1913 3102
255 125 308 153 999
969 123 998 150 S.

1128 122 1148 150 E
1823 122 1883 148 mm

254 181 385 209 ducentes
393 189 440 210 eos
451 180 602 209 secundum
613 178 839 214 cupiditates(45)
854 178 1042 213 peccantium;
1057 178 1117 206 ideo
1126 178 1229 206 dabunt
1243 177 1390 213 quamdam
1402 178 1461 213 ejus
1471 177 1509 205 rei
1520 183 1646 211 poenam;
1665 176 1715 204 sed
1732 180 1822 203 tamen
1832 177 1883 211 (t6,

254 228 289 256 iis
305 228 446 263 proposita
463 231 504 255 est
520 225 762 262 pmnitentia,quia
773 224 830 259 (47)
847 223 916 250 nihil
936 223 964 250 in
981 222 1129 250 Dominum
1147 230 1228 250 suum
1244 223 1374 251 dixerunt
1389 222 1548 250 nefandum.

966 281 1081 310 CAPUT
1105 282 1165 309 XX.

289 332 328 360 De
352 332 435 360 tertio
460 339 527 359 vero
546 336 638 359 monte
659 330 707 366 qui
731 330 826 364 spinas
839 334 866 357 et
891 329 1007 357 tribulos
1029 329 1149 356 habebat
1169 337 1175 355 :
1195 329 1264 356 tales
1285 333 1350 356 sunt
1368 329 1415 363 qui
1439 328 1625 361 crediderunt,
1644 329 1747 357 divites
1761 329 1884 364 quidam,

253 379 365 415 quidam
395 383 485 406 autem
509 378 633 413 plurimis
659 378 785 406 obstricti
820 377 936 412 negotiis
966 377 1022 412 (48)
1041 386 1046 403 :
1066 376 1159 404 tribuli
1184 377 1259 404 enirn
1280 377 1381 404 divitia:
1400 376 1510 410 sunt“;
1531 377 1618 412 spinae
1635 385 1712 411 vero,
1725 378 1774 412 qui
1794 378 1884 405 multis

253 428 364 463 obligati
382 431 447 455 sunt
466 428 592 463 negotiis.
605 425 637 452 Hi
652 433 717 461 ergo
731 425 787 461 (49)
802 425 849 460 qui
866 425 994 460 plurimis
1007 424 1120 459 obligati
1135 429 1200 452 sunt
1212 425 1330 459 negotiis
1344 425 1483 459 variisque
1497 424 1590 457 rebus,
1608 432 1663 451 non
1682 424 1842 459 adjungunt
1851 433 1880 452 se

253 474 340 501 servis
358 473 421 504 Dei,
438 473 486 501 sed
502 474 643 505 aberrant,
656 472 691 499 ab
705 473 747 500 his
760 473 877 507 negotiis
893 472 1012 499 revocati
1029 470 1085 507 (50)
1100 479 1115 498 a
1130 471 1231 506 quibus
1248 471 1429 500 suﬂ‘ocantur.
1445 471 1534 499 Etiam
1548 476 1576 499 et
1591 472 1620 499 hi
1634 472 1681 507 qui
1693 472 1797 500 divites
1810 478 1884 504 sunt,

254 518 305 553 ipsi
325 518 449 545 diﬂiciles
471 526 501 545 se
525 518 558 545 ad
575 517 812 545 conversationem
825 517 883 552 (5i)
897 524 1039 544 servorum
1056 516 1105 544 Dei
1127 517 1257 552 praebent,
1275 521 1428 545 metuentes
1445 524 1479 544 ne
1494 518 1559 553 quid
1574 523 1704 553 poscatur
1717 520 1753 547 ab
1768 520 1822 547 illis
1838 529 1845 546 :
1859 520 1884 548 hi

253 571 318 599 ergo
331 563 439 592 difﬁcile
455 565 482 591 in
500 572 613 600 regnum
633 564 679 592 Dei
697 565 882 593 intrabunt".
902 565 980 593 Sicut
997 565 1070 592 enim
1092 565 1255 593 excalceatis
1271 566 1399 600 pedibus,
1411 565 1518 593 difﬁcile
1531 566 1559 594 in
1577 567 1684 595 tribulis
1698 568 1861 596 ambulatur
1877 577 1884 595 :

253 613 294 640 sic
305 617 332 640 et
348 613 504 647 hujusmodi
523 614 647 642 homines
665 614 773 641 diilicile
784 618 826 641 est
842 614 870 640 in
884 621 997 648 regnum
1010 612 1058 640 Dei
1081 613 1195 640 intrare.
1219 611 1272 640 Sed
1291 618 1318 640 et
1333 614 1374 641 eis
1387 613 1515 641 omnibus
1541 613 1621 641 datur
1637 614 1673 641 ad
1689 614 1884 649 paenitentiam

252 666 404 694 regressus,
421 659 443 687 si
471 663 561 687 tamen
594 661 649 688 cito
677 661 809 689 redierint
836 661 870 689 ad
894 661 986 694 illam;
1006 665 1037 688 ut
1062 661 1127 695 quia
1148 660 1285 696 prioribus
1302 661 1399 688 diebus
1419 665 1597 688 cessaverunt
1608 662 1643 689 ab
1656 669 1752 696 opere,
1769 662 1885 695 repetito

252 708 375 740 tempore
396 706 499 740 aliquid
523 706 586 734 boni
604 706 693 735 facere
717 707 834 742 possint.
859 706 925 734 Acta
944 707 1027 742 igitur
1045 707 1216 742 paenitentia,
1242 707 1265 735 si
1290 706 1404 734 fecerint
1431 714 1515 741 opera
1541 708 1682 741 bonitatis,
1703 708 1801 735 vivent
1819 717 1827 735 :
1845 709 1885 735 sin

252 756 343 780 autem
361 753 389 779 in
406 753 534 781 admissis
552 754 609 781 suis
628 752 840 787 permanserint,
853 752 994 779 tradentur
1010 752 1172 779 mulieribus
1189 752 1244 779 illis
1259 759 1320 786 qua:
1335 752 1376 780 eis
1393 751 1519 779 auferent
1532 753 1625 780 vitam.

963 812 1078 840 CAPUT
1101 811 1173 839 XXI.

287 860 326 888 De
353 865 451 896 quarto
477 867 542 887 vero
569 863 662 886 monte
685 860 802 888 habente
824 859 969 895 plurimam
994 859 1107 886 herbam
1121 858 1189 893 (52),
1207 858 1286 892 cujus
1308 858 1434 893 superior
1455 865 1519 893 pars
1534 857 1629 885 viridis
1645 862 1716 889 erat,
1735 858 1808 893 ipsa:
1825 866 1886 886 vero

252 909 359 936 radices
386 908 481 941 aridze;
511 908 636 943 quaedam
665 908 747 934 etiam
765 914 780 934 a
797 908 863 936 solis
875 907 973 934 ardore
986 906 1043 942 (55)
1056 911 1135 933 tactae
1151 906 1313 933 arescebant
1329 914 1336 933 :
1355 905 1512 940 hujusmodi
1529 909 1594 932 sunt
1610 904 1723 939 quidam
1739 904 1823 932 dubii
1841 906 1882 940 qui

252 956 436 988 crediderunt,
462 961 489 983 et
517 957 628 992 quidam
645 957 691 984 alii
710 957 737 984 in
755 957 836 985 labiis
857 956 1015 987 Dominum,
1034 963 1089 983 non
1113 955 1141 982 in
1163 955 1246 982 corde
1266 953 1395 982 ferentes.
1414 953 1531 989 Ideoque
1547 953 1631 980 arida:
1646 958 1722 985 sunt,
1736 958 1768 980 et
1780 954 1884 980 nullum

251 1001 460 1028 fundamentum
474 1001 531 1036 (54)
544 1002 676 1030 habentes
697 1002 788 1029 herbae
805 1009 901 1029 eorum
918 1011 925 1029 :
943 1001 1036 1028 verbis
1052 1000 1126 1028 enim
1143 1000 1336 1027 tantummodo
1353 999 1463 1032 vivunt,
1476 1006 1560 1035 Opera
1576 1007 1641 1027 vero
1657 1007 1759 1027 eorum
1778 1006 1885 1027 mortua

251 1052 325 1075 sunt.
344 1047 376 1074 lii
392 1055 458 1083 ergo
474 1056 526 1075 nec
548 1049 648 1076 mortui
667 1054 733 1076 sunt
747 1057 797 1076 nec
813 1049 878 1082 vivi,
892 1053 920 1076 et
932 1048 1008 1076 dubii
1025 1047 1152 1076 similiter
1168 1051 1243 1074 sunt.
1261 1046 1314 1082 Ipsi
1332 1047 1404 1074 enim
1422 1047 1508 1079 dubii,
1527 1054 1577 1075 nec
1596 1047 1700 1075 virides
1712 1052 1783 1075 sunt
1800 1056 1886 1082 neque

208 1113 210 1117 .
251 1093 338 1126 aridi;
355 1093 381 1121 id
398 1098 440 1121 est
456 1102 507 1122 nec
522 1094 576 1121 viri
590 1102 640 1121 nec
656 1094 767 1122 mortui.
786 1094 863 1122 Sicut
879 1095 952 1122 enim
968 1094 1059 1122 herbae
1071 1100 1179 1127 eorum,
1195 1093 1252 1121 sole
1265 1094 1491 1126 viso,aruerunt:
1501 1094 1539 1120 ita
1551 1099 1578 1121 et
1593 1093 1679 1126 dubii,
1692 1094 1781 1122 simul
1796 1098 1825 1121 ut
1838 1102 1885 1121 au-

250 1140 362 1168 dierunt
379 1142 608 1176 persecutionem,
623 1142 797 1170 incommoda
810 1143 867 1178 (55)
885 1146 1048 1175 metuentes,
1063 1141 1205 1169 redierunt
1229 1141 1263 1169 ad
1287 1141 1449 1174 simulacra,
1463 1145 1491 1168 et
1503 1149 1599 1169 rursus
1615 1143 1779 1170 servierunt
1797 1143 1852 1175 eis,
1863 1147 1886 1170 et

250 1189 423 1217 erubuerunt
439 1189 549 1216 Domini
567 1191 609 1217 sui
631 1190 702 1218 ferre
720 1199 832 1219 nomen.
869 1190 1033 1226 iiujusmodi
1053 1197 1118 1225 ergo
1142 1190 1278 1222 homines,
1293 1197 1344 1218 nec
1371 1190 1425 1217 vivi
1445 1196 1497 1217 nec
1522 1188 1623 1216 mortui
1639 1193 1722 1222 sunt;
1743 1189 1796 1216 sed
1817 1194 1846 1216 et
1860 1190 1885 1216 hi

250 1241 366 1270 possunt
387 1236 489 1270 vivere,
503 1237 527 1264 si
552 1237 608 1265 cito
634 1239 740 1274 egerint
760 1240 965 1274 minitentiam;
980 1239 1023 1267 sin
1047 1240 1141 1266 minus
1158 1238 1216 1273 jam
1238 1238 1330 1265 traditi
1345 1242 1410 1265 sunt
1429 1237 1591 1265 mulieribus
1608 1237 1661 1264 illis
1676 1244 1740 1272 qua:
1757 1237 1886 1265 auferent

250 1284 335 1311 vitam
352 1292 460 1312 eorum.

956 1334 1070 1362 CAPUT
1090 1333 1174 1362 XXII.

286 1376 325 1404 De
348 1377 443 1412 quinto
471 1386 535 1405 vero
557 1384 650 1408 monte
663 1389 762 1416 aspero
778 1386 805 1409 et
820 1381 920 1409 virides
937 1381 1037 1409 herbas
1049 1381 1166 1408 habente
1183 1389 1190 1407 :
1208 1379 1365 1415 hujusmodi
1383 1383 1447 1406 sunt
1466 1379 1512 1413 qui
1526 1380 1701 1408 crediderunt
1713 1380 1815 1408 ﬁdeles
1831 1381 1887 1416 qui-

259 1423 333 1456 dem,
366 1425 414 1452 sed
430 1424 539 1452 dimi-ile
561 1426 715 1457 credentes,
736 1430 763 1452 et
785 1425 903 1452 audaces
931 1432 963 1452 ac
990 1425 1042 1452 sibi
1070 1425 1223 1460 placentes;
1237 1424 1361 1452 volentes
1378 1423 1463 1450 videri
1478 1423 1534 1456 (56)
1553 1429 1652 1453 cuncta
1668 1425 1742 1452 scire
1764 1425 1888 1461 nihilque

251 1471 364 1498 omnino
390 1472 517 1500 scientes.
534 1471 650 1507 Propter
677 1472 747 1499 hanc
775 1472 857 1507 igitur
880 1472 1034 1506 audaciam,
1049 1480 1149 1500 sensus
1169 1472 1298 1500 discessit
1323 1472 1358 1499 ab
1373 1471 1438 1504 illis,
1455 1475 1483 1498 et
1499 1471 1612 1498 intravit
1627 1471 1654 1498 in
1671 1479 1721 1499 eos
1738 1471 1888 1509 temeraria

250 1518 407 1552 arrogantia
424 1518 492 1554 (57).
511 1518 649 1546 Sublimes
665 1520 756 1543 autem
781 1523 812 1544 se
830 1521 938 1552 gerunt,
955 1521 984 1543 et
1000 1517 1083 1544 veluti
1109 1517 1271 1552 prudentes;
1294 1521 1322 1544 et
1350 1524 1413 1544 cum
1435 1516 1490 1544 sint
1509 1516 1597 1548 stulti.
1613 1516 1730 1551 cupiunt
1759 1517 1889 1544 doctores

250 1563 347 1591 videri.
362 1563 477 1598 Propter
497 1564 568 1592 hanc
585 1563 747 1595 stultitiam,
761 1563 825 1590 dum
849 1570 877 1590 se
897 1563 1083 1598 magnificam,
1101 1564 1180 1590 multi
1195 1571 1291 1591 eorum
1307 1563 1439 1591 exinaniti
1455 1568 1527 1591 sunt.
1542 1562 1670 1597 Magnum
1685 1562 1764 1590 enim
1784 1563 1888 1590 daemo-

252 1610 326 1638 nium
341 1615 383 1638 est
398 1611 511 1638 audacia
526 1616 552 1638 et
562 1611 725 1638 conlidentia
737 1610 839 1639 inanis.
853 1609 891 1637 Ex
907 1610 950 1638 his
968 1610 1052 1645 igitur
1065 1611 1141 1638 multi
1157 1611 1255 1646 abjecti
1271 1615 1346 1639 sunt.
1359 1610 1413 1637 Alii
1428 1614 1519 1638 autem
1534 1611 1628 1646 agnito
1640 1610 1698 1645 (58)
1710 1617 1816 1637 errore
1827 1617 1888 1641 suo.

251 1660 438 1695 penitentiam
463 1665 586 1695 egerunt,
603 1665 630 1687 et
646 1659 829 1687 subdiderunt
852 1667 882 1687 se
899 1659 1064 1687 habentibus
1087 1667 1209 1687 sensum.
1226 1658 1279 1687 Sed
1299 1664 1327 1686 et
1349 1659 1454 1687 ueteris
1470 1659 1568 1686 horum
1584 1656 1720 1683 similibus
1742 1656 1889 1690 proposita

249 1712 292 1734 est
305 1706 480 1741 pcenitentia;
497 1714 584 1741 neque
597 1707 669 1735 enim
684 1706 749 1733 mali
767 1705 944 1740 fuerunt,sed
958 1707 1119 1741 insipientes
1135 1708 1226 1742 potius
1241 1710 1269 1734 et
1285 1706 1372 1734 stulti.
1388 1706 1421 1735 Hi
1436 1714 1510 1741 ergo,
1525 1705 1550 1733 si
1565 1704 1671 1740 egerint
1679 1704 1888 1738 ptenitentiam.

250 1752 341 1781 vivent
356 1751 411 1779 Deo
428 1760 435 1779 :
451 1752 493 1779 sin
509 1752 612 1785 minus,
629 1752 791 1780 habitabth
806 1759 869 1779 eum
893 1752 1054 1780 mulieribus
1072 1752 1135 1786 illis,
1153 1760 1215 1788 quae
1229 1753 1367 1788 nequitias
1381 1759 1446 1780 suas
1459 1752 1626 1780 exercebunt
1640 1751 1668 1778 in
1685 1751 1726 1778 eis
1740 1751 1821 1787 (59).

945 1807 1061 1836 CAPUT
1082 1808 1178 1836 XXIII.

285 1858 324 1886 De
337 1863 414 1886 sexto
426 1866 490 1886 vero
503 1861 595 1885 monte
607 1856 724 1884 habente
735 1856 872 1882 scissuras
895 1854 1015 1889 majores
1035 1859 1063 1882 et
1076 1855 1199 1883 minores
1219 1865 1225 1882 :
1243 1855 1402 1890 hujusmodi
1418 1860 1483 1883 sunt
1496 1855 1542 1891 qui
1561 1855 1748 1883 crediderunt.
1769 1855 1808 1884 Et
1822 1856 1850 1883 hi
1865 1856 1888 1883 in

249 1905 351 1939 quibus
365 1905 494 1932 scissura:
511 1903 630 1930 minores
643 1902 767 1935 erant,hi
782 1906 848 1929 sunt
858 1901 906 1936 qui
921 1901 992 1929 inter
1007 1909 1038 1929 se
1052 1902 1154 1930 habent
1164 1903 1273 1936 lites,et
1284 1909 1395 1939 propter
1408 1903 1535 1938 querelas
1549 1912 1614 1931 suas
1625 1904 1654 1931 in
1671 1904 1725 1931 fide
1737 1905 1887 1940 languent;

251 1950 298 1977 sed
312 1950 390 1977 multi
406 1958 439 1978 cx
457 1950 491 1977 iis
507 1953 622 1985 egerunt
637 1949 827 1983 paenitentiam
846 1957 852 1975 :
873 1948 1000 1983 idemque
1012 1949 1102 1976 cmteri
1124 1949 1224 1977 facient
1237 1949 1305 1985 (60),
1317 1950 1419 1978 auditis
1433 1949 1569 1978 mandatis
1589 1950 1674 1982 meis;
1689 1950 1806 1986 exiguae
1818 1951 1886 1978 enim

250 2001 314 2023 sunt
326 1997 386 2024 lites
404 2004 511 2027 eorum,
531 2003 563 2023 ac
578 1995 656 2024 facile
671 1997 704 2023 ad
724 1996 915 2031 paenitentiam
933 2001 1076 2023 recurrent
1096 1996 1163 2031 (6i).
1176 1997 1211 2024 At
1226 1998 1254 2024 hi
1276 1998 1323 2033 qui
1340 1998 1459 2033 majores
1480 1997 1591 2030 habent,
1607 1997 1679 2024 sicut
1695 1997 1812 2031 lapides
1829 2005 1887 2032 per-

250 2041 354 2069 tinaces
376 2046 468 2076 erunt,
493 2042 662 2069 simultatum
679 2042 735 2078 (62)
751 2045 778 2069 et
800 2041 969 2069 oﬁ‘ensarum
990 2046 1056 2068 sunt
1069 2050 1217 2076 memores,
1232 2043 1403 2071 iracundiam
1430 2043 1502 2070 inter
1523 2051 1553 2070 se
1572 2048 1748 2070 exercentes.
1769 2043 1805 2070 Hi
1827 2052 1888 2078 ergo

250 2088 349 2123 abjccti
379 2092 442 2116 sunt
457 2096 472 2116 a
490 2089 568 2122 turri,
583 2094 610 2116 et
626 2096 641 2116 a
656 2093 794 2116 structura
816 2088 876 2123 ejus
891 2088 1027 2122 reprobati
1044 2097 1051 2115 :
1070 2089 1225 2123 hujusmodi
1238 2097 1305 2124 ergo
1317 2089 1443 2117 homines
1458 2088 1565 2116 difficile
1581 2089 1684 2116 vivent.
1702 2089 1782 2118 Deus
1798 2095 1827 2118 et
1842 2089 1888 2116 Do-

251 2135 343 2162 minus
364 2139 457 2162 nostcr
477 2135 525 2170 qui
547 2136 704 2164 dominatur
717 2135 842 2162 omnium
866 2142 970 2168 rerum,
985 2140 1011 2162 et
1027 2141 1160 2163 creaturae
1174 2144 1232 2164 sua:
1245 2137 1379 2164 universa:
1395 2136 1479 2164 habet
1493 2135 1551 2172 (65)
1571 2139 1752 2170 potestatem,
1769 2136 1887 2163 oIfenses

251 2181 409 2209 meminisse
422 2189 476 2208 non
493 2182 566 2215 vult;
580 2182 627 2209 sed
649 2182 683 2209 ab
698 2182 740 2210 his
756 2182 802 2217 qui
820 2185 934 2216 peccata
951 2190 1000 2209 sua
1017 2183 1193 2217 confitentur,
1208 2183 1287 2211 facile
1303 2184 1434 2218 placatur.
1451 2183 1540 2210 I-Iomo
1554 2189 1619 2209 vero
1638 2189 1703 2209 cum
1723 2182 1764 2210 sit
1782 2183 1887 2217 ιιι)μὶ-

250 2229 313 2261 dus,
339 2229 475 2262 mortalis,
503 2229 628 2257 infirmus
656 2234 682 2258 et
700 2230 819 2265 repletus
838 2231 977 2265 peccatis,
995 2231 1098 2258 homini
1126 2237 1333 2267 perseveranter
1361 2231 1530 2264 irascitur”,
1556 2235 1688 2264 tanquam
1721 2237 1887 2257 conservare

249 2280 313 2301 eum
326 2273 414 2308 possit
426 2277 474 2300 aut
491 2275 603 2308 perdere
612 2275 646 2302 ⁹¹.
660 2275 716 2311 Ego
731 2282 821 2303 autem
837 2283 887 2303 vos
901 2283 1010 2310 moneo,
1023 2276 1136 2305 nuntius
1153 2281 1180 2304 et
1194 2277 1357 2312 praepositus
1371 2275 1547 2311 poenitentiae,
1559 2279 1589 2302 ut
1607 2274 1774 2309 quicunque
1788 2282 1886 2309 propo-

251 2333 305 2396 n“
319 2333 412 2361 Matth.
426 2342 486 2368 nu,
499 2334 544 2362 ‘22.
583 2335 604 2351 ⁸⁰
613 2335 708 2364 Matth.
730 2345 786 2371 xtx,
797 2336 842 2371 23,
853 2338 903 2369 ‘24;
918 2337 1002 2365 Marc.
1047 2345 1074 2370 ι,
1110 2339 1162 2373 25;
1177 2338 1245 2367 Luc.
1258 2347 1339 2372 xvm,
1351 2339 1397 2366 24.
1427 2339 1450 2354 θ’
1461 2335 1546 2364 Eccli.
1561 2342 1659 2367 xxvm,
1674 2334 1701 2361 ’5.
1743 2332 1837 2360 "Jac.
1852 2341 1885 2364 ir,

790 2416 907 2445 VARUS
928 2416 1120 2445 LECTIONES
1139 2417 1183 2445 ET
1204 2417 1322 2445 NOT/E.

286 2461 342 2498 (45)
356 2461 515 2498 ΜεεεΑηει.
528 2461 669 2498 desideria.
686 2461 732 2490 Sic
746 2467 772 2489 et
785 2463 850 2490 edit.
866 2462 955 2490 Oxon.
1125 2462 1182 2498 (55)
1196 2463 1291 2491 Lamb.
1309 2463 1390 2490 simul
1411 2463 1548 2490 audientes
1565 2461 1778 2496 persecutionem
1800 2466 1827 2487 et
1848 2462 1885 2487 iu-

286 2497 343 2532 (46)
356 2496 449 2523 Lamb.
466 2497 597 2532 tormenti.
1089 2496 1236 2525 commoda.

286 2532 342 2567 (Π)
356 2532 411 2568 Sic.
420 2539 486 2568 mss.
497 2531 568 2559 Vict.
579 2537 603 2559 el
618 2532 709 2559 Carm.
722 2540 772 2568 pro
784 2533 856 2568 quia.
867 2532 914 2560 Sic
930 2537 957 2560 et
968 2532 1034 2560 edit.
1125 2533 1183 2568 (56)
1198 2533 1295 2561 Lamb.
1312 2533 1399 2566 deest,
1412 2532 1508 2560 videri.

250 2566 338 2595 Oxon.
357 2567 470 2603 ALqui.
542 2602 545 2603 ν
723 2566 731 2568 “
790 2566 794 2568 ’
1097 2601 1104 2603 Α
1126 2566 1182 2602 (57)
1202 2568 1268 2596 Mss.
1296 2569 1376 2603 Angl.
1402 2569 1479 2603 fatua
1508 2567 1694 2601 prwaumptio.
1723 2566 1788 2594 Felli
1821 2567 1882 2592 edit.

286 2603 342 2638 (48)
357 2602 453 2638 Lamb.
465 2603 510 2637 qui
520 2602 641 2638 plurimis
653 2603 772 2629 obstricti
790 2608 850 2629 sunt
861 2603 982 2638 negotiis.
1089 2601 1180 2630 Oxon.
1199 2601 1536 2638 temeraria‘praésumptio.

285 2636 342 2672 (49)
357 2636 422 2673 Mss.
438 2636 516 2673 Angl.
530 2637 556 2664 Ii
572 2646 641 2665 vero.
659 2638 706 2666 Sic
720 2643 746 2666 et
762 2638 828 2665 Felli
841 2636 907 2665 edit.
919 2637 1008 2665 Oxon.
1127 2638 1184 2673 (58)
1196 2638 1263 2666 Mss.
1280 2636 1487 2673 Anglkcognitb.

287 2671 342 2707 (50)
355 2672 418 2699 Mss.
429 2671 509 2707 Angl.
527 2674 624 2700 vocati.
1124 2671 1182 2707 (59)
1200 2673 1266 2701 Mss.
1279 2671 1359 2706 Anii.
1375 2671 1506 2700 tax—arcent.

286 2708 343 2742 (51)
359 2707 402 2743 Al.
421 2708 624 2743 conversionem.
1122 2707 1179 2743 (ϋο)
1194 2708 1291 2736 Lamb.
1303 2709 1413 2743 ideoque
1425 2713 1521 2736 cetera
1536 2707 1653 2742 faciunt.

287 2743 342 2778 (52)
354 2742 396 2778 Al.
409 2741 538 2778 plurimas
556 2743 661 2776 herbas,
673 2751 796 2778 quarum.
1122 2741 1178 2778 (6|)
1192 2743 1288 2771 Lamb.
1306 2741 1458 2771 recurrunt.

286 2776 344 2813 (55)
358 2776 512 2813 μειᾼιιει.
528 2778 624 2804 calore.
679 2776 684 2778 ’
876 2811 895 2813 Α
1123 2776 1181 2813 (62)
1198 2778 1296 2806 Lamb.
1317 2779 1406 2813 deest,
1431 2777 1615 2806 simultatum.
1636 2778 1683 2806 Al.
1703 2779 1732 2806 in
1760 2778 1880 2806 simqu

288 2810 344 2845 (54)
362 2810 457 2839 Lamb.
473 2810 546 2839 nulla
562 2813 745 2847 fundamenta.
767 2813 812 2841 Sic
832 2817 859 2840 et
876 2811 942 2840 Felli
969 2813 1035 2841 edit.
1087 2810 1216 2844 tunsa.

252 2845 339 2875 Oxon.
563 2845 566 2847 ’
1124 2849 1180 2883 (G5)
1197 2848 1292 2876 Lamb.
1309 2849 1417 2877 habena.
