1913 3102
22 109 75 137 1001
560 109 706 138 PASTOR.
725 125 759 130 —
777 110 842 138 LIB.
863 110 908 138 lll.
929 109 1029 137 SlMlL.
1049 111 1094 138 lx.
1551 114 1621 143 4002

20 170 89 197 situm
110 167 160 196 tale
173 168 231 204 (64)
255 169 372 200 habetis,
386 166 528 202 deponatis
549 168 626 201 illud,
639 173 667 196 et
686 168 720 196 ad
742 169 929 204 paenitentiam
944 168 1092 196 recurratis
1109 177 1115 195 :
1130 172 1157 196 et
1171 168 1302 196 Dominus
1316 170 1468 198 medebitur
1482 172 1621 207 prioribus

19 215 110 243 delictis
120 216 217 244 vestris
226 215 292 251 (65),
308 217 331 243 si
346 216 381 243 ab
398 215 450 243 hoc
464 216 600 244 damonio
617 224 666 245 vos
680 216 902 252 puriﬁcaveritis;
920 216 962 244 sin
978 217 1080 250 minus,
1093 216 1127 243 ad
1141 221 1256 243 mortem
1269 218 1413 246 trademini
1430 219 1478 246 illi.

689 275 804 304 CAPUT
832 275 928 303 XXIV.

47 320 79 349 De
99 325 190 348 monte
214 328 280 349 vero
304 322 420 356 septimo
442 323 469 350 in
484 330 539 358 quo
556 321 657 350 virides
670 326 697 349 et
711 322 812 349 hilares
828 325 907 348 erant
923 321 1025 352 herbae,
1039 325 1066 348 et
1086 324 1161 348 totus
1176 327 1256 347 mons
1281 319 1377 348 fertilis
1398 324 1467 352 erat,
1487 328 1623 356 omneque

20 374 90 402 genus
111 367 246 402 pecudum
270 368 418 402 carpebant
432 367 562 402 pabulum
574 375 608 395 ex
620 366 714 395 herbis
730 366 831 394 montis
846 365 988 401 ejusdem;
1003 369 1031 393 et
1045 371 1148 401 quanto
1163 365 1251 400 magis
1265 365 1354 394 herbae
1366 365 1418 393 illa:
1428 366 1621 401 carpebantur,

19 418 80 441 tanto
101 414 216 442 laetiores
239 415 393 442 revirebant
408 414 484 450 (66):
502 414 661 450 hujusmodi
688 419 752 443 sunt
779 414 825 449 qui
848 414 1033 448 crediderunt,
1050 413 1189 448 simplices
1215 417 1242 440 et
1269 412 1334 439 boni
1359 419 1476 447 semper,
1492 418 1519 440 et
1533 413 1623 440 nullas

20 460 130 488 habentes
151 460 223 488 inter
242 468 271 488 se
287 461 489 494 dissensiones;
505 462 552 489 sed
576 461 699 489 laetantes
716 469 824 496 semper
842 461 875 489 de
896 461 983 489 servis
996 461 1055 493 Dei,
1070 460 1158 488 induti
1173 460 1298 495 spiritum
1315 459 1451 494 virginum
1465 459 1578 493 harum;
1596 464 1624 488 et

20 515 108 542 semper
123 507 149 535 in
173 515 271 536 omnes
289 509 416 537 homines
428 509 483 545 (67)
496 510 529 538 ad
549 509 702 538 faciendam
716 509 933 537 misericordiam
950 509 1078 545 prompti,
1091 513 1118 536 et
1132 509 1165 536 de
1179 508 1320 536 laboribus
1335 508 1394 535 suis
1410 509 1517 536 cunctis
1531 509 1622 537 homi-

20 554 84 581 nibus
98 553 173 582 facile.
189 555 341 583 tribuentes
358 556 418 584 sine
435 556 602 591 improperio
615 561 642 584 et
658 557 862 584 deliberatione.
880 555 945 584 Visa
956 557 1038 592 igitur
1050 556 1182 584 Dominus
1196 556 1368 591 simplicitate
1384 561 1411 584 et
1422 558 1496 584 omni
1508 557 1621 586 infantia

21 606 111 633 eorum,
124 601 202 627 auxit
230 608 278 628 eos
311 601 339 628 in
367 601 509 629 laboribus
532 609 665 629 manuum
693 610 818 635 suarum,
831 607 858 630 et
881 601 956 629 dedit
972 602 1012 630 eis
1026 603 1053 630 in
1067 602 1142 630 omni
1159 609 1240 637 opere
1251 600 1307 636 (68)
1324 602 1448 635 gratiam.
1461 600 1517 636 Ego
1532 607 1623 630 autem

21 648 97 674 hortor
108 655 164 681 vos,
176 648 341 683 praepositus
355 650 522 684 poenitentiae
537 650 662 683 nuntius,
677 651 704 678 in
722 651 817 678 eodem
844 651 984 686 proposito
1005 658 1175 686 permanere,
1194 650 1352 685 quicunque
1372 649 1438 677 estis
1453 650 1622 686 hujusmodi,

18 701 44 720 ne
56 693 199 721 eradicetur
214 701 306 721 semen
325 699 446 722 vestrum
460 695 487 722 in
506 703 603 723 aevum.
619 695 750 723 Dominus
763 695 836 723 enim
850 703 900 723 vos
915 696 1052 730 probavit,
1067 700 1094 723 et
1106 695 1269 729 conscripsit
1281 696 1307 723 in
1324 701 1448 724 nostrum
1461 705 1622 732 numerum;

18 744 37 766 et
47 747 116 768 omne
140 748 235 768 semen
247 740 303 775 (69)
318 745 438 768 vestrum
454 749 516 768 cum
530 741 600 769 Filio
617 741 661 768 Dei
674 741 769 768 ditavit
780 741 851 777 (70);
866 741 900 768 de
918 741 1019 776 Spiritu
1034 741 1106 768 enim
1120 740 1177 775 (7i)
1194 740 1253 776 ejus
1269 742 1335 769 estis
1357 749 1462 770 omnes.

697 796 812 824 CAPUT
833 795 917 824 XXV.

43 844 75 872 De
88 849 182 873 octavo
198 853 266 874 vero
283 851 388 879 monte,
402 853 430 873 ιιι
442 853 497 881 quo
513 846 625 881 plurimi
643 849 722 873 erant
735 845 844 878 fontes,
865 845 892 872 in
906 844 1005 880 quibus
1016 844 1074 880 (72)
1090 839 1280 880 adaquabatur
1294 853 1375 873 omne
1390 853 1476 880 genus
1491 853 1624 875 creatura

16 889 69 917 Dei:
84 890 147 918 tales
160 896 226 919 sunt
247 892 294 927 qui
317 894 490 923 crediderunt
509 895 658 930 apostolis,
679 901 749 929 quas
771 894 846 922 misit
870 893 1003 922 Dominus
1025 895 1053 921 in
1074 898 1161 922 totum
1184 895 1278 921 orbem
1299 895 1460 929 praedicare;
1474 901 1499 923 et
1511 897 1623 932 quidam

16 938 132 973 doctores,
148 940 194 975 qui
208 940 266 976 (75)
279 946 354 970 caste
369 947 396 970 et
413 944 520 972 sincere
540 939 760 980 praedicaverunt
783 950 816 970 ac
833 942 1001 976 docuerunt,
1019 950 1069 970 nec
1091 942 1239 977 quidquam
1261 942 1374 969 omnino
1399 943 1624 978 subscripserunt

16 988 78 1016 mala:
89 989 230 1023 cupiditati
248 998 255 1016 :
279 990 326 1018 sed
351 990 461 1018 assidue
479 991 506 1018 in
521 993 648 1026 aequitate
660 996 686 1020 et
701 993 758 1028 (74)
776 992 889 1020 veritate
905 993 1124 1020 ambulaverunt.
1141 991 1173 1019 Ili
1188 999 1253 1028 ergo
1268 992 1338 1020 inter
1352 993 1463 1029 angelos
1477 1000 1623 1021 conversa-

16 1033 102 1062 tionem
112 1035 226 1064 habent.

694 1088 808 1116 CAPUT
826 1087 923 1117 XXVI.

43 1131 74 1161 De
86 1141 155 1163 nono
167 1138 260 1163 autem
277 1138 371 1162 monte
383 1132 502 1164 deserto,
518 1139 551 1159 ac
568 1138 707 1168 serpentes
724 1133 840 1161 habente
853 1133 910 1168 (75)
925 1141 931 1160 :
948 1132 1104 1167 hnjusmodi
1121 1137 1185 1160 sunt
1199 1132 1244 1167 qui
1260 1132 1450 1167 crediderunt;
1465 1133 1511 1161 sed
1525 1137 1551 1161 et
1561 1134 1620 1170 (76)

16 1185 117 1212 maculas
134 1185 281 1212 habebant.
293 1184 327 1212 Hi
339 1187 404 1212 sunt
418 1182 537 1210 ministri
548 1183 618 1209 male
636 1183 819 1211 ministerium
834 1187 955 1218 agentes,
971 1181 1130 1216 diripientes
1144 1181 1288 1209 viduarum
1306 1181 1378 1208 bona
1392 1185 1419 1208 et
1435 1182 1619 1217 pupillorum;

16 1228 65 1261 sibi,
79 1237 128 1257 non
142 1230 214 1264 aliis,
230 1238 266 1259 ex
277 1230 321 1258 his
332 1238 393 1266 quae
407 1235 580 1266 acceperunt,
596 1230 793 1259 ministrantes.
805 1229 850 1264 Hi,
862 1230 885 1258 si
897 1230 953 1265 (77)
965 1229 1166 1264 permanserint
1176 1229 1204 1256 in
1217 1228 1311 1256 eadem
1327 1229 1484 1264 cupiditate,
1496 1230 1577 1256 morti
1590 1237 1621 1257 se

16 1273 174 1308 tradiderunt,
189 1282 240 1304 nec
252 1275 307 1302 ulla
318 1276 371 1303 erit
383 1275 411 1303 in
422 1275 462 1303 eis
476 1282 538 1310 spes
555 1275 634 1310 vitae;
650 1275 723 1310 quod
739 1275 764 1303 si
779 1275 905 1303 conversi
920 1274 1043 1308 fuerint,
1066 1279 1094 1302 et
1119 1278 1195 1302 caste
1222 1275 1474 1302 consummaverint
1495 1275 1621 1302 ministe-

16 1320 72 1348 rium
85 1328 177 1356 suum,
197 1327 328 1358 poterunt
350 1323 452 1351 vivere.
473 1322 525 1356 Qui
548 1330 621 1351 vero
634 1324 758 1352 scabrosi
779 1322 880 1358 reperti
895 1327 969 1356 sunt,
993 1322 1013 1349 ii
1026 1326 1090 1350 sunt
1103 1322 1149 1357 qui
1165 1329 1263 1350 nomen
1276 1321 1385 1349 Domini
1402 1322 1618 1356 abnegaverunt,

16 1375 54 1395 nec
64 1368 114 1404 (78)
127 1371 160 1398 ad
175 1370 325 1399 Dominum
337 1380 435 1402 rursus
447 1373 600 1406 redierunt,
621 1373 667 1401 sed
690 1377 812 1409 agrestes
825 1377 972 1401 evaserunt
985 1376 1069 1407 atque
1089 1372 1188 1400 deserti
1203 1393 1210 1404 ,
1226 1378 1280 1398 non
1294 1370 1462 1405 applicantes
1479 1377 1508 1397 se
1522 1369 1557 1397 ad
1571 1369 1620 1397 Dei.

17 1422 105 1451 servos;
120 1419 166 1446 sed
184 1420 303 1455 separati
319 1421 354 1449 ab
365 1421 405 1449 eis
418 1442 426 1455 ,
441 1428 492 1457 pro
503 1428 588 1456 parva
611 1421 796 1449 sollicitudine
808 1421 893 1448 vitam
909 1429 986 1449 suam
1003 1420 1166 1448 amiserunt.
1184 1418 1261 1446 Sicut
1274 1418 1346 1445 enim
1359 1417 1423 1444 vitis
1436 1416 1526 1451 aliqua
1542 1415 1607 1443 dere

16 1460 65 1490 licta
77 1464 101 1492 in
113 1472 184 1500 sepe,
195 1467 240 1494 cui
255 1467 330 1495 nulla
343 1467 450 1495 cultura
464 1467 619 1502 contingit,
640 1467 754 1502 disperit
781 1474 814 1494 ac
842 1467 992 1494 suffocatur
1006 1465 1041 1493 ab
1054 1464 1164 1497 herbis,
1186 1467 1213 1490 et
1234 1463 1349 1498 agrestis
1363 1466 1486 1496 tempore
1505 1459 1621 1488 efﬁcitur

17 1510 109 1542 (desinit
123 1514 195 1542 enim
207 1514 284 1542 utilis
294 1522 355 1543 esse
369 1514 480 1542 domino
496 1515 558 1549 suo)
572 1524 579 1542 :
591 1515 632 1542 sic
651 1518 679 1542 et
695 1513 853 1548 huiusmodi
868 1513 994 1540 homines
1012 1512 1045 1540 de
1060 1511 1158 1547 seipsis
1179 1510 1355 1544 desperantes
1373 1506 1441 1542 (79),
1453 1505 1618 1539 exacerbati,

17 1557 111 1589 Domino
122 1570 170 1590 suo
182 1562 295 1592 inutiles
304 1571 366 1592 esse
377 1568 529 1599 coeperunt.
542 1563 590 1591 His
603 1571 668 1598 ergo
681 1563 792 1591 demum
813 1563 894 1590 datur
909 1561 966 1597 (80)
979 1559 1150 1596 poenitentia,
1165 1558 1189 1586 si
1211 1566 1267 1585 non
1281 1563 1314 1583 ex
1339 1552 1498 1590 praeordiis
1516 1552 1619 1578 ἱηνρηιί

16 1605 98 1635 iuerint
108 1608 275 1645 denegasse:
291 1610 363 1646 quod
386 1612 409 1639 si
421 1612 483 1647 quis
498 1619 532 1640 ex
547 1611 705 1647 praecordiis
720 1611 848 1638 inventus
874 1609 956 1637 fuerit
980 1609 1138 1644 denegasse,
1155 1614 1190 1634 an
1206 1605 1262 1641 (81)
1281 1605 1365 1631 vitam
1390 1600 1500 1635 assequi
1520 1599 1618 1647 possit,

17 1652 102 1686 ίὲηοῑο.
124 1654 240 1692 Ideoque
255 1656 328 1688 dice,
345 1661 377 1684 ut
392 1657 419 1685 in
430 1645 477 1685 his
493 1645 600 1691 diebus,
616 1657 640 1685 si
659 1657 722 1692 quis
743 1656 862 1692 negavit,
881 1655 915 1683 ad
931 1654 988 1690 (82)
1006 1653 1194 1690 paenitentiam
1210 1655 1376 1682 revertatur;
1392 1655 1455 1675 nam
1480 1645 1537 1673 fieri
1563 1653 1619 1672 non

16 1702 87 1731 potest
99 1704 126 1727 ut
138 1709 212 1729 nunc
222 1701 369 1730 Dominum
400 1710 481 1730 suum
495 1703 558 1738 quis
583 1703 721 1738 abnegans
738 1701 794 1738 (85)
806 1705 899 1737 postea
926 1699 1037 1734 assequi
1058 1699 1145 1734 possit
1170 1697 1304 1729 salutem;
1327 1694 1375 1722 sed
1399 1693 1453 1720 illis
1476 1695 1619 1727 reputatur

16 1747 132 1780 proposita
144 1749 314 1784 pcenitentia,
332 1749 378 1785 qui
394 1751 458 1778 olim
473 1750 687 1783 abnegaverunt.
702 1749 864 1778 Accelerare
879 1747 952 1776 enim
968 1747 1016 1782 qui
1037 1750 1148 1774 acturus
1172 1749 1215 1772 est
1233 1741 1421 1779 paenitentiam
1437 1739 1526 1771 debet,
1540 1740 1618 1765 ante-

16 1799 81 1826 quam
93 1801 234 1832 peragatur
247 1797 390 1825 aediﬁcatio
403 1798 488 1826 turris
500 1798 598 1833 hujus;
621 1797 665 1825 sin
678 1797 781 1828 minus.
801 1804 817 1824 a
832 1795 993 1824 mulieribus
1007 1794 1061 1821 illis
1074 1793 1197 1821 trahetur
1211 1790 1268 1827 (84)
1288 1789 1323 1817 ad
1341 1785 1533 1838 mortem:_Qui
1553 1792 1618 1838 νεῗνο

16 1840 60 1875 (35)
72 1843 144 1877 curti,
158 1845 248 1873 dolosi
263 1850 337 1879 sunt,
349 1851 376 1873 et
392 1846 463 1874 alius
479 1846 507 1874 in
522 1846 606 1874 alium
624 1845 879 1878 comminiscentes;
894 1844 994 1872 hisunt
1009 1846 1150 1877 serpentes
1165 1841 1193 1868 in
1207 1847 1240 1869 eo
1250 1842 1343 1866 monte
1357 1836 1441 1864 misti.
1454 1835 1531 1862 Sicut
1542 1835 1615 1861 enim

16 1887 161 1918 mortiferum
176 1896 220 1918 est
235 1891 393 1919 hominibus
408 1894 566 1926 serpentum
580 1897 727 1923 venenum,
744 1890 781 1917 ita
797 1893 824 1917 et
838 1889 922 1917 verba
932 1888 1027 1916 talium
1040 1887 1166 1915 inliciunt
1179 1885 1234 1922 (86)
1250 1883 1376 1912 homines
1391 1886 1474 1917 atque
1487 1880 1614 1916 perdunt.

16 1931 76 1961 Curti
89 1942 147 1964 sunt
161 1937 245 1972 igitur
259 1937 315 1974 (87)
327 1945 341 1965 a
353 1936 406 1964 ﬁde
420 1944 481 1970 sua,
496 1940 606 1972 propter
619 1935 673 1963 hoc
685 1943 770 1971 genus
784 1935 847 1962 vitae
860 1942 918 1963 suae
934 1934 961 1961 in
982 1941 1037 1969 quo
1062 1936 1205 1960 morantur
1220 1930 1288 1966 (88).
1302 1930 1394 1966 Aliqui
1416 1936 1482 1956 vero
1505 1935 1614 1959 eorum,

16 1984 103 2014 accepta
114 1983 283 2016 pmnitentia,
300 1984 416 2012 assecuti
433 1988 497 2012 sunt
513 1985 645 2018 salutem;
665 1984 712 2012 sed
727 1988 754 2011 et
767 1984 857 2011 caeteri
880 1982 1036 2019 huiusmodi
1058 1981 1183 2009 homines
1204 1988 1281 2015 atque
1303 1982 1493 2015 assequentur,
1508 1977 1531 2005 si
1552 1985 1616 2012 ege-

16 2021 59 2049 rint
79 2026 260 2059 paenitentiam
279 2037 285 2055 ;
302 2029 344 2055 sin
363 2028 464 2062 minus,
490 2029 641 2057 morientur
666 2037 729 2056 cum
755 2029 918 2057 mulieribus
939 2028 996 2064 (89)
1021 2027 1086 2062 illis,
1101 2033 1217 2062 quarum
1239 2026 1295 2054 vim
1318 2024 1459 2061 possident
1484 2030 1516 2051 ac
1536 2026 1615 2058 pote-

16 2073 103 2099 statum.

532 2124 648 2153 VARle
668 2124 862 2153 LECTIO‘NES
881 2125 926 2153 ET
946 2124 1063 2153 NOTAE.

99 2177 194 2217 Lamb.
206 2182 369 2217 hujusmodi.
860 2182 917 2217 (78)
928 2182 1023 2210 Lamb.
1039 2181 1148 2215 desunt,
1159 2182 1214 2209 ii...
1229 2188 1286 2208 nec.

43 2212 89 2247 (55)
105 2213 165 2243 Mss.
182 2212 261 2252 Angl.
281 2218 434 2245 remediabit
472 2219 544 2244 riora
560 2217 656 2245 delicta
676 2221 771 2245 vestra.
873 2212 914 2245 79'
929 2218 1004 2246 Bodl.
1021 2212 1219 2252 despondentes.
1425 2246 1431 2253 _
1482 2245 1489 2252 _

44 2247 86 2275 llus
110 2255 197 2278 autem
224 2252 252 2278 in
277 2260 328 2278 sua
351 2254 415 2278 edit.
443 2226 531 2278 ὄχθη.
549 2253 665 2278 remedia
685 2254 772 2278 ονουὶ-
860 2212 916 2278 iani
932 2253 971 2278 lta
986 2260 1053 2278 mss.
1067 2252 1146 2278 Anci.
1158 2251 1262 2278 etVict.
1275 2249 1313 2277 lta
1328 2253 1356 2276 et
1366 2246 1433 2275 Felli
1446 2246 1489 2274 ed!

16 2245 86 2288 Fellus'
110 2255 197 2278 autem
224 2245 252 2279 iii
277 2260 328 2280 sua
351 2254 415 2281 edit.
443 2245 531 2281 Oxon.
549 2253 665 2280 remedia
685 2254 772 2289 provi—
860 2245 916 2289 (80)
932 2245 971 2280 lta
986 2260 1053 2280 mss.
1067 2245 1146 2288 'Angl.
1158 2251 1262 2280 etVict.
1275 2249 1313 2277 lta
1328 2253 1356 2276 et
1366 2246 1433 2275 Felli
1446 2245 1512 2274 edit.
1523 2245 1612 2273 Oxon.

16 2280 79 2310 debu.
808 2311 809 2315 η
823 2287 866 2315 Al.
880 2289 1066 2315 demandatur.

28 2289 79 2310 erit.

808 2311 809 2315 η
823 2289 866 2316 Al.
880 2289 1065 2316 demandatur.

101 2319 255 2360 Mss._Angl.
272 2324 460 2360 rarescebant.

859 2324 915 2360 (81)
935 2323 985 2360 Sic
997 2331 1063 2360 mss.
1084 2319 1418 2360 Angl.,r\’ict._et_(‘.a_rm.
1440 2317 1486 2345 Sic
1505 2323 1613 2360 quoque

40 2327 87 2386 2°?)
101 2327 163 2349 διεδ·
175 2327 255 2357 Αιιῐζιι
272 2327 460 2351 νεενεδεεῡαηι-
859 2327 915 2359 (81)
939 2327 985 2351 Sic
997 2331 1063 2350 mss.
1084 2327 1259 2385 Anqlw'wct.
1271 2327 1315 2362 ἐι.
1326 2327 1418 2361 t.a_rm.
1440 2327 1486 2345 me
1505 2327 1611 2352 qunque

44 2352 190 2392 ﬁllLamb-
209 2359 330 2386 omnibus
349 2358 507 2386 heminibus.
822 2358 889 2386 Felli
910 2359 974 2386 edit.
997 2357 1085 2386 Oxon.
1109 2359 1153 2386 Α.
1179 2361 1276 2384 inventi
1302 2358 1399 2390 )uermt
1423 2359 1611 2392 negasseaan,

40 2388 87 2428 (ἓξ)
98 2390 190 2428 [jamb-
208 2398 332 2428 ιθπιρονε-
823 2393 989 2422 intermediis
1003 2393 1114 2422 omissis
1128 2402 1134 2420 :
1150 2400 1210 2427 quae
1236 2388 1307 2428 sane:
1321 2392 1466 2418 contextus
1486 2388 1611 2428 requirit,

105 2425 195 2465 Pamb-
213 2422 305 2465 ϐαίνε-
824 2429 1002 2465 ﬁdenlurque
1018 2429 1053 2456 ob
1064 2422 1352 2465 nonriul'lasrcpetitas
1371 2431 1453 2465 voces
1466 2422 1610 2465 excidisse.

43 2457 194 2506 bamb.
208 2457 294 2506 (lceat.
308 2465 413 2506 ditgvg't.
426 2465 502 2506 Bold.
514 2465 649 2506 habitabit
665 2473 681 2506 τι
689 2472 770 2500 quam
858 2463 913 2506 (82)
927 2457 1024 2506 Lamb.
1039 2464 1182 2491 insatiatus
1195 2457 1290 2497 aliquis
1307 2460 1342 2487 ad
1359 2458 1447 2494 paenit.
1468 2457 1568 2487 Fcllus,
1587 2457 1610 2483 si

18 2490 135 2536 [ﬁctionem
157 2490 270 2536 secutus
285 2490 770 2528 terrain;statim...nisi:
821 2490 881 2536 quis
890 2490 1100 2536 regem;
1132 2490 1145 2536 ς
1193 2533 1198 2536 _
1237 2490 1244 2497 '
1328 2490 1383 2536 ’,ἠ
1462 2528 1468 2534 _
1493 2535 1497 2536 ν
1526 2528 1532 2533 _

16 2524 266 2570 νίςεειιςριιιιξδάςη
345 2524 357 2527 ·

857 2524 1154 2570 ῘίεῖὧΒίΕεεΙεεὶιι
1172 2533 1312 2567 abnegans.
1328 2528 1430 2563 Fellus,
1445 2528 1468 2555 si
1487 2528 1546 2563 quis
1567 2527 1609 2554 ηιμ

98 2563 187 2606 bamb.
200 2569 277 2597 deest
289 2571 369 2598 enim.
821 2563 928 2606 negans.

98 2601 187 2639 bamb.
198 2613 231 2632 ea;
244 2605 348 2639 quibus.
853 2598 914 2639 ’(84)
930 2604 1027 2632 Lamb.
1041 2605 1171 2632 tradetur.

97 2636 158 2677 Qiss.
165 2633 336 2677 Angl.'deest
345 2642 400 2677 qui.
857 2633 913 2677 (85)
928 2640 1023 2677 [.amb.
1040 2640 1067 2677 Iri
1082 2648 1151 2677 vero.

97 2672 190 2713 bamb.
207 2669 304 2704 desunt
315 2669 442 2712 diénitate
457 2681 492 2705 et.
929 2675 1023 2713 bamb.
1035 2676 1177 2713 decipiunt.

97 2707 166 2746 ﬁndi.
179 2707 486 2745 serpentibusvhabimto.
856 2707 913 2746 (87)
928 2710 1023 2746 Lamb.
1036 2707 1114 2738 enini.
1205 2745 1209 2746 ν
1315 2743 1333 2746 _
1362 2743 1380 2746 __
1409 2743 1415 2746 Δ
1592 2739 1608 2746 ν,

41 2714 86 2738 UO)
97 2714 166 2736 ﬁndi.
179 2714 338 2745 serpentibus
357 2714 486 2740 habitata.
868 2714 913 2745 87)
928 2714 1023 2738 Lamb.
1036 2714 1114 2738 enim.
1602 2739 1608 2746 _

99 2742 248 2782 gllss.AAngl.
261 2748 306 2781 qui
316 2751 350 2775 et.
856 2714 913 2782 (88)
927 2745 1023 2773 Lamb.
1039 2746 1065 2772 in
1080 2754 1129 2782 quo
1143 2745 1300 2772 moriuntur.
1315 2743 1392 2772 Bodl.
1406 2743 1434 2770 in
1448 2749 1498 2778 quo
1513 2745 1608 2768 morat:

41 2773 187 2821 Wlhamb.
201 2773 250 2808 sibi
265 2773 332 2809 alios
343 2773 385 2810 ‘ea:
401 2784 555 2821 ministerio
574 2783 642 2821 quod
665 2790 770 2818 accepe-
821 2773 892 2821 sunt.

16 2814 70 2843 runt,
84 2815 226 2843 ministrare
237 2823 372 2853 cogentes:
384 2819 417 2846 si.
581 2814 586 2821 “
725 2814 730 2818 ⁷
858 2816 914 2852 (89)
927 2816 1022 2845 Lamb.
1035 2825 1052 2844 a
1067 2816 1230 2845 mulieribus.

151 2864 284 2895 PATROL.
306 2866 365 2897 Gri.
384 2866 425 2897 ll.
1411 2864 1450 2892 ³2
