1913 3102
275 73 345 105 Ιόθὸ
984 80 1012 105 S.
1043 78 1174 107 HEBMJE
1840 81 1894 108 1904

962 147 1077 175 CAPUT
1103 147 1210 175 XXVII.

309 204 348 232 De
361 205 467 233 decimo
476 212 542 232 vero
557 209 660 240 monte,
681 205 708 233 in
724 213 780 242 quo
794 205 908 235 arbores
921 211 998 234 erant
1018 211 1138 243 tegentes
1152 215 1252 243 pecora
1269 217 1274 234 :
1292 208 1358 236 tales
1373 213 1437 236 sunt
1457 208 1503 243 qui
1526 208 1701 236 crediderunt
1724 207 1836 243 quidam
1849 209 1893 242 epi-

272 252 361 288 scopi,
378 252 405 280 id
423 256 465 279 est
477 251 607 286 praesides
620 250 806 279 Eeelesiarum
822 251 890 288 (90).
903 252 958 279 Alii
971 259 1048 285 vero,
1063 252 1092 279 hi
1105 253 1221 288 lapides,
1235 253 1282 288 qui
1298 262 1352 281 non
1367 255 1439 288 ﬁcto,
1455 255 1502 282 sed
1514 255 1598 282 alacri
1620 254 1678 290 (91)
1691 256 1788 281 animo
1799 261 1893 288 semper

272 302 300 329 in
313 301 411 329 domos
427 307 492 328 suas
507 307 603 328 servos
618 299 666 327 Dei
680 304 841 334 receperunt
854 309 860 327 :
876 303 902 327 et
914 299 1012 327 deinde
1025 300 1072 335 qui
1087 300 1217 335 praesides
1230 306 1293 330 sunt
1312 302 1536 337 ministeriorum,
1551 303 1597 339 qui
1613 307 1641 330 et
1652 303 1752 337 inopes
1767 307 1794 330 et
1808 303 1892 330 viduas

271 355 450 387 protexerunt
464 349 534 386 (92),
545 353 575 377 et
587 353 691 377 castam
705 352 836 383 perpetuo
851 348 1086 376 conversationem
1104 348 1269 377 habuerunt.
1285 349 1355 385 Ergo
1370 350 1396 377 hi
1412 350 1534 378 homines
1550 359 1565 379 a
1582 351 1698 378 Domino
1709 355 1890 386 proteguntur.

272 399 335 428 Hzec
345 399 505 435 quicunque
518 399 623 434 egerint
636 397 704 433 (95),
720 397 847 424 honorati
861 404 926 425 sunt
941 396 1013 432 apud
1027 396 1190 424 Dominum:
1210 402 1237 426 et
1251 398 1322 426 inter
1336 398 1447 426 nuntios
1468 398 1544 426 locus
1563 404 1660 426 eorum
1683 403 1738 432 est,
1761 397 1785 424 si
1808 404 1891 432 perse-

270 448 425 477 veraverint
439 454 527 483 usque
540 446 568 474 in
580 444 844 474 consummationem
861 450 958 478 parere
973 442 1100 470 Domino.

954 511 1069 540 CAPUT
1090 511 1207 539 XXVIII.

304 577 343 606 De
353 578 497 606 undecimo
505 580 607 609 monte,
620 575 648 603 in
655 582 710 610 quo
720 577 797 602 crant
809 572 920 601 arbOres
931 572 991 600 aliis
1003 576 1084 608 atque
1096 572 1157 600 aliis
1170 571 1305 600 fructibus
1316 576 1434 600 oneratae
1445 571 1502 607 (94)
1515 580 1522 598 :
1535 568 1562 595 hi
1574 567 1695 603 suntqui
1712 566 1891 597 crediderunl.

267 630 296 654 et
311 631 421 662 propter
444 633 545 653 nomen
563 623 672 651 Domini
685 626 798 649 mortem
816 621 952 654 obierunt,
968 625 995 648 et
1009 620 1101 647 animo
1116 624 1241 655 prompto
1254 620 1327 654 passi
1342 623 1415 652 sunt,
1434 623 1461 647 et
1488 627 1520 646 ex
1534 623 1591 646 toto
1611 619 1695 646 corde
1715 625 1769 646 suo
1793 618 1892 645 animas

267 681 334 703 suas
345 672 526 701 tradiderunt.
545 671 579 698 Et
593 669 669 698 dixi:
687 668 778 701 Quare
791 675 866 702 ergo,
878 667 998 699 domine,
1015 674 1110 695 omnes
1133 667 1175 695 hae
1198 667 1313 694 arbores
1331 667 1433 694 habent
1457 667 1566 702 quidem
1593 665 1711 699 fructus,
1733 665 1783 693 sed
1803 673 1891 693 eorum

266 721 378 757 quidam
395 718 582 756 pulchriores?
604 716 685 750 Audi,
702 716 811 751 inquit:
833 714 994 749 Quicunque
1013 719 1123 750 propter
1144 722 1242 742 nomen
1267 715 1373 742 Domini
1388 715 1461 750 passi
1480 720 1554 748 sunt,
1567 715 1694 743 honorati
1719 716 1793 751 apud
1809 715 1892 743 Domi—

265 777 332 798 num
348 769 481 796 habentur
494 777 500 794 :
514 772 543 795 et
559 766 681 794 omnium
691 772 785 793 eorum
799 764 885 791 deleta
900 763 955 799 (95)
971 768 1035 791 sunt
1047 763 1155 797 delicta,
1174 764 1237 799 quia
1249 768 1358 798 propter
1372 771 1471 791 nomen
1482 762 1542 790 Filii
1558 762 1606 790 Dei
1619 768 1737 790 mortem
1756 763 1890 791 obierunt.

265 815 357 849 Quare
372 819 464 842 autem
480 812 587 840 fructus
598 817 692 839 earum
708 810 832 845 dispares
855 809 919 842 sint,
935 813 962 836 et
983 809 1118 837 excellant
1141 809 1251 845 quidam
1272 810 1344 837 inter
1363 809 1438 842 illos,
1463 809 1525 836 audi
1538 808 1594 844 (96)
1611 818 1618 836 :
1633 808 1804 844 Quicunque
1825 810 1890 836 enim

263 862 387 898 perducti
399 861 432 888 ad
445 864 606 896 potestates,
623 859 782 895 interrogati
801 866 856 886 non
869 863 1035 894 negavm‘unt
1053 857 1198 886 Dominum
1215 859 1282 894 (97),
1295 859 1341 886 sed
1363 864 1488 894 prompto
1509 857 1602 885 animo
1615 858 1690 892 passi
1707 863 1793 892 sunt;
1810 858 1890 886 hono-

262 908 380 936 ratiores
395 911 459 935 sunt
474 905 545 941 apud
562 905 668 933 Deum:
685 905 731 941 qui
746 905 882 932 excellunt
902 903 986 940 igitur
1007 903 1123 937 fruetus,
1137 911 1232 932 eorum
1250 908 1325 931 sunt.
1344 904 1396 937 Qui
1411 911 1475 931 vero
1493 904 1579 933 timidi
1595 910 1622 933 et
1634 905 1712 932 dubii
1733 904 1858 939 fuerunt,
1870 910 1891 933 et

261 955 482 982 deliberaverunt
493 953 520 980 in
537 953 619 980 corde
634 959 695 984 suo,
709 955 837 978 utrumne
855 949 1005 978 faterentur
1023 957 1057 976 an
1073 954 1212 985 negarent,
1231 955 1257 977 et
1271 949 1327 985 (98)
1340 951 1414 984 passi
1437 955 1515 984 sunt;
1531 951 1630 979 horum
1647 951 1756 981 fructus
1771 954 1890 986 exigui!)-

261 1009 308 1029 res
321 1005 395 1034 sunt,
408 999 537 1036 quoniam
553 999 612 1026 haec
626 997 756 1033 cogitatio
775 996 897 1024 ascendit
912 995 940 1023 in
956 995 1040 1023 corda
1052 1003 1146 1023 eorum
1162 1004 1168 1022 :
1184 995 1255 1022 mala
1276 995 1349 1022 enim
1372 1003 1405 1022 ae
1422 1003 1539 1030 nequam
1557 1002 1600 1024 est
1615 997 1778 1033 hujusmodi
1796 1000 1889 1035 mgna-

245 1049 311 1081 'tio,
322 1047 435 1083 perinde
446 1047 502 1082 (99)
516 1054 548 1074 ac
559 1046 582 1074 si
596 1045 660 1080 quis
680 1051 776 1073 servus
789 1049 868 1079 neget
881 1044 1033 1071 dominum.
1047 1043 1148 1071 Cavete
1172 1043 1265 1079 igitur,
1280 1051 1329 1071 vos
1342 1044 1389 1078 qui
1405 1043 1562 1078 huiusmodi
1577 1045 1764 1081 cogitationes
1780 1047 1889 1079 habetis,

261 1102 296 1123 ne
311 1098 469 1130 permaneat
490 1094 550 1120 haec
571 1100 651 1120 mens
667 1092 694 1119 in
711 1091 790 1119 vobis
815 1090 900 1126 (I00),
917 1095 944 1118 et
965 1089 1021 1117 Deo
1036 1090 1202 1118 moriamini.
1220 1089 1274 1118 Vos
1295 1090 1377 1125 igitur
1397 1091 1555 1126 quicunque
1580 1096 1694 1128 propter
1717 1093 1774 1121 hoc
1800 1102 1889 1122 nomen

261 1145 378 1168 mortem
398 1141 493 1174 obitis,
510 1139 658 1168 Dominum
675 1141 811 1168 honorare
828 1140 866 1175 (1)
881 1139 1002 1173 debetis;
1016 1139 1088 1174 quod
1103 1139 1200 1174 dignos
1214 1147 1262 1167 vos
1286 1139 1367 1166 habet
1389 1139 1532 1173 Dominus,
1543 1145 1574 1167 ut
1594 1149 1695 1169 nomen
1711 1142 1776 1176 ejus
1793 1142 1889 1174 feratis.

259 1192 287 1216 et
298 1188 390 1215 omnia
405 1191 515 1223 peccata
530 1190 620 1214 vestra
639 1187 868 1222 redimanturﬁ).
878 1186 973 1214 Nonne
988 1195 1052 1222 ergo
1067 1187 1214 1222 vospotius
1227 1187 1318 1215 felices
1333 1187 1514 1215 existimatis?
1528 1186 1625 1215 Putate
1635 1188 1675 1223 (5)
1683 1190 1791 1224 potius,
1799 1192 1824 1218 si
1837 1192 1889 1225 quis

259 1245 293 1264 ex
307 1237 386 1264 vobis
398 1236 511 1272 patitur,
529 1243 658 1271 magnum
675 1243 744 1270 opus
758 1235 898 1270 perﬁcere.
911 1234 1000 1262 Vitam
1018 1235 1090 1262 enim
1104 1235 1181 1263 vobis
1200 1235 1284 1262 donat
1298 1235 1440 1269 Dominus,
1452 1244 1503 1263 nec
1527 1236 1688 1272 intelIigitis.
1706 1237 1817 1266 Delicta
1826 1240 1889 1267 enim

260 1290 352 1313 vestra
365 1293 415 1313 vos
430 1285 599 1320 gravabant;
615 1288 643 1311 et
657 1284 709 1311 nisi
722 1284 797 1319 passi
813 1284 911 1312 essetis
926 1284 1008 1319 hujus
1028 1284 1148 1312 nominis
1161 1291 1255 1317 causa,
1270 1289 1381 1320 propter
1394 1289 1505 1320 peccata
1520 1290 1593 1312 certe
1614 1286 1654 1319 (4)
1676 1292 1772 1315 vestra
1796 1290 1889 1315 mortui

260 1333 343 1362 eratis
357 1332 500 1360 DEO.II1BC
517 1333 600 1368 igitur
610 1332 688 1360 vobis
709 1332 781 1366 dico,
793 1333 947 1367 quicunque
964 1332 1119 1360 deliberatis
1141 1333 1175 1360 de
1199 1332 1371 1361 confessione
1389 1338 1438 1360 aut
1449 1333 1483 1360 de
1497 1333 1687 1368 abnegatione.
1701 1335 1890 1364 Conﬁteamini

262 1380 348 1416 igitur
359 1387 408 1407 vos
429 1379 530 1407 habere
545 1379 691 1407 Dominum
716 1378 816 1412 Deum,
839 1386 874 1406 ne
891 1378 961 1406 forte
975 1379 1015 1414 (5)
1029 1381 1170 1413 negantes,
1183 1379 1330 1406 tradamini
1351 1379 1378 1406 in
1400 1378 1520 1406 vincula.
1543 1378 1571 1405 Si
1589 1387 1689 1407 omnes
1709 1381 1787 1408 enim
1805 1386 1891 1417 gentes

258 1433 355 1453 servos
372 1432 437 1452 suos
451 1425 576 1459 puniunt,
591 1426 748 1462 quicunque
761 1427 902 1454 dominum
915 1434 995 1454 suum
1017 1432 1201 1462 negaverunt;
1218 1427 1283 1462 quid
1301 1427 1403 1462 putatis
1414 1435 1464 1455 vos
1485 1427 1632 1456 Dominum
1644 1429 1725 1457 vobis
1745 1430 1890 1463 facturum,

258 1471 306 1507 qui
322 1472 513 1499 universorum
543 1471 623 1500 habet
636 1478 806 1508 potestatem.
827 1472 974 1502 Removete
988 1473 1071 1509 igitur
1087 1474 1121 1502 de
1139 1474 1297 1509 prwwrdiis
1316 1474 1415 1504 vestris
1435 1475 1486 1503 has
1507 1475 1710 1512 disputationes
1731 1479 1788 1514 (6),
1815 1485 1844 1507 ut
1866 1478 1890 1506 in

260 1523 424 1555 perpetuum
441 1519 541 1547 vivatis
556 1519 622 1548 Deo.

959 1568 1075 1597 CAPUT
1098 1569 1194 1597 XXIX.

291 1632 329 1657 De
342 1629 505 1657 duodecimo
523 1638 587 1658 vero
603 1636 694 1660 monte
706 1632 822 1660 candido
834 1631 873 1668 (7)
887 1641 894 1660 :
907 1632 974 1660 tales
986 1638 1052 1661 sunt
1065 1633 1113 1669 qui
1132 1633 1306 1663 crediderunt
1327 1635 1400 1664 sicut
1420 1636 1540 1665 infantes
1559 1635 1673 1669 sinceri,
1688 1636 1797 1673 quibus
1821 1636 1890 1664 nulla

257 1675 364 1703 malitia
382 1676 505 1703 ascendit
517 1676 544 1703 in
558 1685 681 1710 sensum,
698 1685 747 1705 nec
767 1677 905 1705 sciverunt
922 1678 987 1713 quid
1004 1679 1039 1706 sit
1055 1680 1171 1713 malitia,
1183 1681 1229 1708 sed
1251 1689 1358 1717 semper
1370 1683 1396 1710 in
1418 1683 1576 1713 sinceritate
1597 1679 1780 1713 manserant:
1795 1684 1892 1719 Hujus-

255 1721 330 1747 modi
345 1728 411 1756 ergo
421 1720 546 1749 homines
560 1721 599 1757 (8)
614 1722 674 1750 sine
699 1722 753 1750 ulla
776 1723 948 1751 dubitatione
969 1724 1160 1753 inhabitabunt
1185 1734 1298 1762 regnum
1316 1726 1362 1755 Dei
1381 1728 1420 1763 (9)
1443 1737 1450 1755 :
1473 1729 1604 1764 quoniam
1629 1731 1656 1758 in
1682 1730 1762 1758 nullo
1786 1731 1891 1766 negotio

255 1768 386 1797 mandata
406 1769 454 1796 Dei
466 1769 674 1797 maculaverunt
689 1771 756 1806 (10),
769 1771 815 1798 sed
831 1779 893 1798 cum
909 1771 1065 1799 sinceritate
1086 1777 1297 1807 permanserunt
1311 1782 1406 1802 omnes
1428 1775 1486 1803 dies
1509 1777 1573 1803 vita:
1593 1783 1662 1807 suat,
1674 1776 1776 1803 eodem
1798 1784 1891 1804 sensus

253 1823 357 1844 tenore.
366 1815 527 1852 Quicunque
544 1823 608 1850 ergo
622 1817 821 1851 permanserint
832 1816 899 1852 (II),
908 1817 1006 1852 inquit,
1015 1817 1084 1845 sicut
1098 1817 1225 1852 infantes,
1241 1827 1294 1847 neu
1311 1820 1441 1848 habentes
1453 1821 1595 1855 malitiam,
1608 1822 1807 1850 honoratiores
1815 1826 1891 1849 erunt

253 1862 383 1890 omnibus
397 1862 450 1890 illis
464 1870 534 1897 quos
545 1862 603 1897 jam
615 1862 682 1889 dixi.
697 1862 797 1890 Omnes
820 1863 893 1890 enim
915 1863 1034 1891 infantes
1047 1864 1176 1893 honorati
1190 1871 1254 1893 sunt
1268 1867 1340 1902 apud
1358 1867 1515 1902 Dominum,
1531 1873 1557 1896 et
1570 1868 1652 1904 primi
1679 1868 1829 1896 habentur.
1843 1867 1890 1894 Fc-

255 1911 323 1939 lices
337 1918 402 1946 ergo
416 1918 476 1943 vos,
494 1910 651 1945 quicunque
663 1907 834 1936 remnveritis
848 1909 980 1936 malitiam
996 1917 1011 1937 a
1028 1910 1116 1944 vobis,
1137 1916 1164 1938 et
1179 1911 1323 1940 indueritis
1347 1913 1548 1947 innocentiam;
1570 1913 1634 1949 quia
1646 1913 1730 1948 primi
1746 1913 1804 1949 (Ιῖ)
1819 1914 1889 1940 vide—

253 1959 318 1987 bitis
335 1958 431 1986 Deum.
444 1958 594 1993 Postquam
609 1954 695 1983 ﬁnivit
707 1955 830 1984 omnium
850 1958 986 1985 montium
999 1958 1218 1993 explanationem
1237 1961 1307 1996 (15),
1321 1961 1382 1990 dico
1398 1962 1422 1990 ei
1438 1972 1445 1990 :
1465 1962 1590 1994 Domine,
1606 1970 1682 1991 nunc
1701 1971 1810 1998 expone
1825 1963 1887 1990 mihi

252 2004 287 2030 de
299 2003 434 2038 lapidibus
450 2003 493 2031 his
511 2003 559 2038 qui
575 2002 649 2030 allati
664 2009 698 2029 ex
712 2009 808 2037 campo
829 2003 856 2030 in
875 2003 967 2031 locum
983 2005 1191 2039 reprobatorum
1205 2007 1273 2043 (H),
1293 2009 1326 2036 ad
1350 2014 1514 2038 structuram
1532 2010 1616 2037 turris
1632 2010 1713 2038 missi
1734 2015 1801 2038 sunt
1812 2011 1886 2046 (15).

252 2048 319 2074 item
330 2048 364 2075 de
378 2047 516 2082 lapidibus
530 2046 586 2074 illis
600 2046 735 2080 rotundis,
747 2047 794 2082 qui
808 2046 836 2074 in
853 2051 1018 2075 structuram
1031 2050 1115 2078 turris
1135 2051 1233 2086 adjecti
1250 2057 1325 2087 sunt,
1338 2058 1366 2081 et
1380 2054 1414 2082 de
1431 2054 1475 2083 his
1486 2058 1533 2090 qui
1550 2058 1642 2087 adhuc
1653 2060 1770 2087 rotundi
1784 2067 1887 2087 reman-

253 2104 357 2124 SCI'IHII.

252 2100 357 2124 εετυηε·
796 2138 914 2167 varum
934 2139 1127 2171 LECTIONES
1156 2143 1200 2172 ET
1221 2145 1341 2174 NOTAE-

285 2198 341 2242 (90)
357 2197 699 2242 Βοᾶλιεςρξδερῃξδηξάβεμ
722 2200 878 2242 primatibus
897 2200 1035 2242 Εςιιεεὶιζ,
1087 2238 1110 2242 _
1122 2204 1161 2242 (Ω)
1176 2205 1227 2234 Ms.
1245 2205 1315 2235 Vict.
1330 2208 1516 2236 remedientur.
1537 2209 1574 2236 At
1595 2208 1692 2238 Carm.
1713 2212 1882 2239 redimantur.

250 2233 346 2274 Lamb.
364 2240 474 2269 quoque
485 2234 575 2268 habet,
592 2233 737 2263 Ecclesiaz':
750 2240 858 2270 caetera,
874 2240 904 2264 ut
927 2237 956 2264 in
976 2238 1037 2265 vul-
1087 2233 1192 2268 Habent
1207 2233 1319 2304 quoque
1333 2233 1516 2270 {eadem};
1526 2233 1698 2281 πῙέεῘιῖιῖξί.
1714 2233 1882 2281 ’ἶξῇ

250 2273 329 2303 9³118-
358 2303 379 2304 η
445 2303 449 2304 ν
1086 2275 1159 2304 lum:
1180 2285 1262 2304 uuam
1286 2278 1419 2304 ectionem
1432 2278 1555 2304 Clericus
1571 2280 1675 2304 aliinue
1693 2283 1851 2304 «mimum,

249 2273 341 2317 με)ῗὴ
357 2303 409 2317 ΠΜ
441 2303 503 2317 ΑΜ.
531 2304 621 2317 mm!
1086 2275 1159 2317 Ιυῐξὶξ
1176 2273 1262 2317 quam
1274 2273 1419 2317 lectionem
1432 2278 1555 2317 Clericus
1571 2273 1676 2317 aliique
1693 2273 1854 2310 omiserunt.

354 2303 420 2348 Mss.
436 2303 515 2348 fingi.
529 2304 630 2348 litanti.
648 2342 654 2347 .
704 2341 710 2347 .
831 2347 835 2348 γ
878 2342 884 2348 θ
897 2342 902 2348 Ι
1121 2303 1161 2348 (5)
1176 2303 1638 2348 _L'am1;.’ieiiinéiiifséa'ﬁériiiz

284 2314 341 2339 (δι)
356 2314 420 2331 MSS.
436 2314 515 2338 ﬂIIgl.
529 2314 630 2333 ttaenu.

283 2339 340 2374 (92)
353 2339 420 2367 Mss.
430 2339 508 2375 Angl.
525 2340 681 2375 ministerio,
700 2341 788 2376 inopes
811 2347 836 2369 et
859 2342 952 2369 viduas
971 2351 1002 2377 pa

247 2380 380 2402 rexerant.

1133 2314 1161 2346 5)
1176 2314 1272 2339 Lamb.
1287 2314 1435 2341 aestimatis.
1455 2314 1507 2341 Sed
1522 2314 1638 2348 portate:

1120 2314 1159 2379 (4)
1176 2346 1272 2375 Lamb.
1284 2348 1370 2380 deest,
1386 2354 1464 2381 certe.
1479 2349 1570 2378 Fellus
1586 2361 1593 2378 :
1608 2356 1696 2380 uestra
1711 2358 1790 2381 certe.

1120 2381 1160 2416 (5)
1175 2381 1272 2410 Lamb.
1287 2383 1430 2411 Dominum
1439 2393 1449 2416 ,-
1463 2392 1494 2411 ne
1504 2387 1621 2416 quando.

293 2393 446 2437 9'5mLamb.
463 2411 598 2445 gesserint.
611 2411 718 2440 Fellus:
733 2412 843 2446 egerint,
858 2412 1032 2442 honorantur.

352 2444 417 2487 Mss.
433 2445 511 2487 dngl.
529 2446 620 2487 pl‘eu‘ec.

1121 2393 1160 2424 (ἐξ)
1175 2393 1272 2423 ιλμΙΙΙυ.
1287 2393 1449 2416 uammum;
1463 2393 1494 2425 ne
1504 2393 1621 2426 quando.
1752 2425 1758 2431 .
1802 2425 1808 2430 _

1121 2416 1159 2487 ἕξῖ
1173 2416 1672 2487 ista?castrame-
1681 2423 1876 2487 eis?”

282 2451 339 2480 (94)
352 2451 417 2473 mss.
433 2451 511 2479 Angl.
529 2451 620 2487 pietate.
1118 2451 1157 2517 (7)
1173 2451 1238 2480 Mss.
1253 2453 1332 2488 Angl.
1346 2454 1500 2482 candidato.
1513 2455 1579 2492 Leg.
1594 2458 1665 2485 infra
1681 2467 1744 2494 cap.
1760 2459 1803 2487 3L

533 2481 708 2545 gignunt
762 2525 831 2544 nunc
850 2516 914 2544 audi
949 2517 994 2547 Sic
1005 2523 1032 2547 et
1117 2486 1159 2550 (gi
1170 2486 1274 2550 Mam;
1284 2489 1453 2550 hiIhtl’lmIiI'le‘I;
1526 2527 1531 2533 ‘
1707 2531 1713 2535 ‘

711 2537 742 2546 οη
917 2538 924 2545 -
1131 2540 1137 2546 -
1198 2531 1236 2550 ss.
1276 2532 1310 2550 nt:
1324 2544 1330 2550 .
1364 2533 1378 2550 α
1398 2530 1437 2550 ita
1456 2531 1503 2550 unt
1522 2536 1550 2550 m
1564 2536 1644 2550 mann
1664 2529 1723 2550 non,

280 2515 338 2556 (96)
352 2515 448 2556 Lamb.
464 2521 523 2543 sunt
540 2522 564 2543 et
578 2517 742 2546 excellunt...
762 2525 831 2544 nunc
850 2516 924 2545 audi.
949 2517 994 2547 Sic
1005 2523 1032 2547 et
1170 2522 1236 2550 Mss.
1250 2524 1292 2551 An
1312 2524 1330 2551 l.
1345 2515 1503 2553 habitabant
1522 2527 1550 2554 in
1564 2536 1644 2564 regno
1661 2529 1724 2557 Dei.

245 2549 310 2578 Felll
324 2551 389 2578 edit.
401 2551 489 2579 Oxon.
635 2587 640 2593 Ι
1117 2522 1174 2627 (10)
1190 2557 1267 2586 Bodl.
1284 2532 1427 2587 gominum
1439 2562 1650 2590 mandaverunt.

352 2585 447 2627 Lamb.
462 2586 550 2627 deest,
563 2586 715 2615 Dominam.
1131 2592 1174 2627 11)
1190 2593 1256 2621 Mss.
1272 2593 1351 2627 Angl.
1367 2599 1578 2627 permanseritis.
1592 2598 1626 2627 Et
1640 2607 1718 2627 mox.

352 2585 455 2632 Lamb.-
462 2586 715 2632 deest,_9aminam.
1117 2584 1174 2632 (11)
1190 2584 1718 2632 Et'mox,
1731 2601 1875 2628 honoratio—

281 2586 326 2619 (97
352 2586 447 2612 Lamb.
462 2586 550 2619 deest,
563 2586 715 2615 Dominam.
1117 2586 1174 2627 (11)
1190 2593 1256 2621 Mss.
1272 2593 1351 2629 Angl.
1367 2586 1718 2632 permanseriiisivﬁt'mox,
1731 2601 1873 2628 honoratio-

281 2586 338 2688 (98ξ
354 2620 430 2647 Bodl.
442 2621 495 2648 add
521 2626 630 2663 tamen._
740 2658 746 2664 .
881 2659 887 2664 '
1081 2633 1122 2654 res
1136 2629 1221 2655 eritis.
1236 2628 1342 2670 Quibus
1356 2631 1448 2658 statim
1468 2633 1531 2660 add.
1550 2633 1647 2662 Lamb.
1659 2636 1730 2663 sicut
1737 2637 1794 2672 jam
1805 2637 1873 2663 diti.

281 2655 325 2688 (99
347 2654 442 2682 Lamb.
464 2656 550 2688 deest,
574 2657 689 2688 perinde.
719 2658 765 2686 Sic
789 2664 816 2687 et
845 2659 909 2686 edit.
940 2659 1028 2688 Oxon.
1115 2662 1173 2688 (12)
1190 2663 1286 2688 Lamb.
1296 2672 1446 2688 ιηιιωιηηκρ
1461 2667 1561 2688 habui.
1576 2670 1863 2688 .'....,........-..........:....-

280 2654 336 2690 (99)
347 2654 442 2682 Lamb.
464 2656 550 2689 deest,
574 2657 689 2691 perinde.
719 2658 765 2686 Sic
789 2664 816 2687 et
845 2659 909 2686 edit.
940 2659 999 2687 0x0

244 2689 496 2733 Al;_mlss.'utquis‘.
672 2731 679 2733 Ξ
928 2729 933 2733 _
984 2731 989 2733 ἒ

1115 2662 1173 2731 (12)
1190 2654 1448 2706 ιέηῖιῐὶιῖιῖεἷιῖᾱῖὲ
1460 2654 1870 2707 ιῖιῖᾢίίζῖὶἱίιᾎὶέἶιῖἷᾶέιᾯὲἰῖἶ

1130 2698 1173 2731 15)
1187 2698 1282 2726 Lamb.
1297 2699 1465 2729 solutionem.
1482 2701 1527 2730 Sic
1539 2710 1566 2732 et
1580 2704 1684 2733 Fellus.

245 2722 462 2786 adgwggsLamb.
475 2726 582 2761 desunt,
597 2736 626 2754 tn
638 2731 726 2761 vobis;
740 2733 767 2757 et
785 2733 846 2764 post
868 2729 1027 2764 moriamim',
1081 2774 1090 2796 ι
1721 2748 1745 2770 et
1759 2742 1872 2776 rep-vbe-

286 2779 317 2798 L.‘
339 2794 348 2798 _
371 2779 378 2786 .
406 2795 412 2798 _
1093 2776 1167 2798 orum
1191 2777 1246 2796 aco.

282 2793 320 2828 (t)
339 2794 432 2824 Lamb.
447 2804 539 2831 orare;
555 2803 581 2827 et
599 2806 673 2834 mox,
689 2799 794 2827 habeat.
1082 2793 1172 2840 "(1773)
1180 2793 1251 2834 Mss.
1268 2806 1350 2844 Angl.
1365 2807 1465 2836 ierunt.
