1913 3102
581 103 726 132 PASTOR.
745 119 781 126 —
798 103 862 131 LIB.
881 103 925 131 Ill.
945 104 1045 132 SIMIL.
1067 104 1111 133 Ix.

727 159 842 187 CAPUT
862 159 946 188 XXX.

84 208 143 238 Audi
157 217 234 243 nunc,
250 207 346 244 inquit,
359 208 392 236 de
403 207 549 244 lapidibus.
562 207 615 241 Qui
634 208 708 236 allati
727 208 784 244 (ιϐ)
797 208 831 236 de
841 216 939 244 campo
954 209 982 236 in
1004 213 1171 236 structuram
1194 208 1278 237 turris
1290 209 1371 244 pOsiti
1395 214 1460 237 sunt
1476 218 1571 238 eorum
1592 211 1654 239 loco

57 258 94 293 qui
107 256 156 292 (l'l)
167 256 301 291 reprobati
315 259 394 283 erant
410 275 417 287 ,
430 255 537 283 radices
552 259 616 282 sunt
629 254 702 282 illius
715 254 822 281 candidi
838 255 951 282 montis.
964 254 1032 282 Cum
1051 255 1133 291 igitur
1153 255 1180 282 hi
1194 255 1241 290 qui
1253 255 1286 282 dc
1303 255 1349 282 illo
1363 260 1455 284 monte
1469 257 1654 290 crediderunt,

56 305 106 333 facti
120 310 176 333 sunt
188 305 362 337 innocentes;
375 303 459 338 jussit
469 303 602 331 Dominus
612 303 672 337 ejus
693 303 788 335 turris,
804 310 852 330 eos
867 303 913 337 qui
927 303 961 330 de
978 303 1115 331 radicibus
1130 303 1230 330 montis
1244 306 1346 335 essent,
1363 302 1392 330 in
1410 307 1573 330 structuram
1594 303 1654 332 col-

55 350 133 377 locari.
147 349 276 377 intellexit
292 349 347 385 (l8)
361 349 446 382 enim,
462 349 485 376 si
501 349 534 376 ad
548 349 754 376 aediﬁcationem
776 348 873 376 iissent
892 348 960 384 (l9),
976 348 1131 384 splendidos
1153 349 1213 376 illos
1227 357 1434 384 permansuros.
1449 359 1499 379 nec
1519 351 1604 379 ullum
1619 353 1655 380 de

55 397 88 423 bis
102 396 207 431 amplius
228 395 424 431 denigrandum
448 395 516 430 (20).
536 395 613 428 Quod
631 396 654 422 si
674 395 710 422 ita
727 395 783 430 (21)
803 395 837 422 de
859 394 964 423 ceteris
986 395 1125 422 montibus
1149 395 1303 430 adjecisset,
1317 404 1371 424 non
1388 404 1498 425 necesse
1513 398 1655 427 habuisset

54 447 132 468 rursus
144 440 250 467 visitare
263 447 321 467 eam
338 441 435 467 turrim
449 444 531 474 atque
544 447 672 475 purgare.
692 438 726 466 Hi
740 444 832 466 autem
845 446 941 467 omnes
953 439 1074 472 candidi,
1091 439 1206 475 juvenes
1219 441 1276 476 (22)
1291 442 1412 477 suntqui
1428 443 1611 476 crediderunt,
1627 448 1656 472 et

53 491 89 525 qui
100 489 218 517 credituri
232 493 313 522 sunt;
333 497 366 516 ex
377 488 472 516 eodem
484 488 557 515 enim
572 495 671 523 genere
685 492 757 515 sunt.
771 487 847 515 Felix
859 487 912 515 hoc
925 495 1022 523 genus,
1041 488 1107 523 quia
1124 488 1273 517 innocuum
1286 495 1336 518 est.
1351 491 1424 519 Audi
1440 499 1514 519 nunc
1526 496 1554 520 et
1571 492 1605 520 de
1621 493 1656 520 il-

54 540 78 566 lis
88 538 199 566 rotundis
215 537 351 572 lapidibus
368 541 395 564 et
414 535 574 571 splendidis.
587 535 621 563 Hi
634 542 729 563 omnes
742 535 776 563 de
790 535 843 563 hoc
860 535 977 563 candido
993 540 1085 563 monte
1103 540 1177 564 sunt.
1192 535 1281 569 Quare
1292 538 1349 573 (25)
1362 543 1452 566 autem
1466 539 1575 568 rotundi
1591 544 1657 568 sunt

51 585 141 619 reperti,
156 592 235 612 causa
249 588 291 611 est
307 583 371 618 quia
382 583 482 610 divitiae
495 590 552 610 sum
576 582 637 610 illos
651 582 780 617 pusillum
806 589 821 609 a
843 582 957 610 veritate
978 582 1197 610 obscuraverunt
1220 587 1302 619 atque
1324 585 1557 621 obfuscaverunt;
1574 587 1622 615 sed
1637 595 1655 615 a

53 629 96 656 Deo
108 637 237 664 nunquam
253 631 438 661 recesserunt,
454 635 505 656 nec
521 627 607 655 ullum
623 627 735 654 verbum
750 627 852 654 malum
864 627 998 663 processit
1012 628 1046 655 de
1065 635 1112 656 ore
1126 635 1221 655 eorum
1233 638 1240 662 ;
1254 628 1302 656 sed
1319 630 1409 657 omnis
1425 630 1550 665 aquilas,
1568 631 1655 658 virtus

51 681 71 703 et
82 676 170 703 veritas
185 675 252 711 (24).
266 674 368 703 Horum
385 681 450 710 ergo
463 678 582 702 mentem
597 681 660 700 cum
672 673 785 700 vidisset
809 672 953 705 Dominus,
980 677 1007 700 et
1029 680 1110 708 posse
1134 680 1182 701 eos
1204 674 1311 702 veritati
1336 674 1442 709 favere;
1461 675 1545 711 jussit
1568 678 1654 704 bonos

51 731 139 758 quoque
150 730 315 758 permanere,
330 727 356 749 et
371 730 436 757 opes
461 729 557 749 eorum
574 721 732 749 circumcidi
746 730 754 755 ;
769 728 823 748 non
838 720 910 748 enim
928 721 1015 748 voluit
1030 721 1063 748 .in
1086 726 1173 748 totum
1191 721 1251 749 illas
1274 723 1331 750 tolli
1345 723 1412 759 (25),
1425 728 1454 751 ut
1466 729 1577 759 possent
1591 724 1655 752 boni

51 772 134 807 aliquid
146 771 232 799 facere
247 771 304 805 (26)
320 770 353 798 dc
368 777 401 798 eo
415 770 488 805 quod
506 769 546 797 eis
557 770 682 797 relictum
703 773 760 803 est;
779 773 806 796 et
825 769 917 797 vivent
932 769 988 805 (27)
1001 769 1067 803 Deo,
1081 770 1212 805 quoniam
1226 773 1254 798 et
1267 771 1318 806 ipsi
1333 771 1367 800 de
1377 780 1476 808 genere
1491 773 1564 801 bono
1578 778 1654 802 suat.

52 818 104 846 idco
115 827 174 854 ergo
185 819 314 854 pusillum
329 817 485 846 circumcisi
497 821 573 851 sunt,
585 821 612 845 et
625 817 706 853 positi
719 817 746 844 in
758 821 924 845 structuram
943 818 1028 846 turris
1041 818 1134 854 hujus.

719 876 834 905 CAPUT
853 877 951 905 XXXI.

75 937 159 966 Caeteri
173 943 236 964 vero
247 935 295 971 qui
309 934 399 963 adhuc
421 934 532 963 rotundi
554 937 773 969 permanserunt,
788 940 878 969 neque
895 934 951 968 apti
963 934 1063 969 reperti
1084 933 1142 969 (28)
1164 940 1228 962 sunt
1253 936 1280 964 in
1305 944 1366 965 eam
1392 941 1572 973 structuram,
1588 941 1654 975 quia

48 986 151 1012 nondum
166 987 330 1018 acceperunt
351 981 484 1016 sigillum,
503 979 615 1015 repositi
629 984 694 1007 sunt
705 979 733 1006 in
749 978 810 1006 loco
824 985 890 1012 suo;
906 978 984 1006 valde
1003 979 1077 1006 enim
1096 979 1208 1007 rotundi
1226 983 1322 1016 reperti
1339 989 1413 1013 sunt.
1429 984 1540 1020 Oportet
1563 991 1654 1015 autem

47 1031 185 1061 circumcidi
198 1032 252 1059 hoc
266 1029 396 1058 saculum
411 1027 446 1054 ab
464 1024 529 1058 illis,
543 1028 571 1052 et
587 1023 723 1051 vanitates
743 1030 826 1058 opum
849 1030 977 1058 suarum;
991 1028 1019 1051 et
1037 1028 1103 1052 tunc
1119 1026 1282 1053 convenient
1306 1027 1334 1055 in
1354 1036 1439 1065 regno
1459 1029 1517 1058 Dei.
1537 1030 1655 1061 Necesse

47 1081 153 1109 εςιεηίω
165 1088 211 1108 eos
223 1080 326 1107 intrare
340 1077 369 1104 in
379 1082 494 1111 regnum
508 1072 574 1106 Dei;
591 1072 646 1100 hoc
663 1071 737 1099 enim
752 1079 838 1106 genus
860 1071 1010 1099 innocuum
1032 1071 1170 1100 benedixit
1191 1074 1333 1104 Dominus.
1356 1076 1395 1104 Ex
1411 1078 1464 1106 hoc
1476 1086 1541 1114 ergo
1555 1087 1654 1115 genere

46 1137 90 1157 non
103 1127 239 1157 intercidet
251 1126 412 1162 quisquam;
425 1122 526 1150 etenim
542 1121 606 1149 licet
619 1119 683 1155 quis
702 1127 797 1147 eorum
817 1123 936 1147 tentatus
949 1127 964 1147 a
981 1121 1150 1156 nequissimo
1171 1121 1292 1156 diabolo,
1303 1121 1407 1157 aliquid
1426 1123 1580 1159 deliquerit,
1594 1125 1652 1153 cito

46 1177 150 1201 recurret
162 1173 195 1200 ad
209 1171 357 1200 Dominum
372 1169 459 1196 Deum
476 1175 568 1195 suum.
581 1166 685 1194 Felices
702 1173 751 1193 vos
764 1165 821 1200 (29)
831 1164 925 1200 judico
935 1173 987 1201 ego
1007 1168 1121 1195 nuntius
1133 1168 1310 1202 poenitentiae,
1322 1170 1478 1204 quicunque
1493 1169 1654 1200 innocentes

45 1223 100 1250 estis
112 1222 179 1250 sicut
191 1221 311 1248 infantes
321 1239 329 1251 ,
345 1217 475 1253 quoniam
490 1222 556 1250 pars
568 1218 659 1242 vestra
670 1213 741 1241 bona
756 1217 797 1241 est
812 1217 840 1240 et
857 1213 991 1241 honorata
1012 1215 1083 1249 apud
1102 1214 1260 1244 Dominum.
1274 1216 1341 1245 Dico
1357 1222 1447 1246 autem
1463 1220 1592 1249 omnibus
1605 1229 1655 1248 vo-

45 1270 88 1302 bis,
100 1269 251 1304 quicunque
268 1266 388 1302 sigillum
400 1264 453 1291 hoc
467 1262 631 1298 accepistis:
645 1261 846 1296 simplicitatem
864 1260 972 1295 habete,
989 1269 1078 1297 neque
1098 1262 1264 1291 otl‘ensarum
1290 1271 1426 1292 memores
1448 1269 1546 1300 estote,
1566 1274 1655 1302 nequa

44 1317 66 1345 in
78 1317 171 1345 malitia
182 1319 340 1352 permanete
354 1313 410 1348 (50)
421 1322 428 1346 ;
443 1319 532 1347 neque
545 1312 573 1339 in
584 1311 718 1339 memoria
730 1310 896 1338 oﬁensarum
909 1310 1106 1339 amaritudines
1120 1311 1148 1340 in
1160 1312 1377 1348 uniuscujusque
1388 1313 1487 1349 spiritu
1498 1314 1566 1343 ﬁant
1577 1315 1634 1351 (51)
1645 1324 1655 1350 ;

44 1364 82 1391 sed
92 1364 130 1392 his
144 1363 220 1391 malis
235 1360 367 1390 scissuris
380 1359 440 1394 (52)
456 1358 576 1386 remedia
590 1361 748 1394 procurate,
761 1360 845 1391 atque
859 1356 945 1384 tollite
958 1356 1019 1385 illas
1030 1363 1046 1384 a
1070 1357 1149 1385 vobis
1162 1366 1169 1385 :
1188 1362 1218 1386 ut
1241 1358 1371 1387 dominus
1384 1367 1514 1395 pecorum
1539 1362 1657 1396 gaudeat

43 1409 71 1437 de
88 1409 158 1437 vobis
169 1409 238 1445 (55);
261 1407 389 1443 gaudebit
411 1405 557 1438 autem,si
577 1403 668 1433 omnia
691 1403 827 1432 invenerit
852 1410 930 1431 sana.
956 1401 986 1431 Si
1011 1408 1103 1431 autem
1129 1411 1212 1439 pecus
1224 1404 1336 1440 aliquod
1353 1413 1386 1434 ex
1397 1406 1498 1436 talibus
1522 1407 1657 1436 invenerit

43 1457 208 1492 dissipatum;
224 1463 267 1484 vae
284 1455 337 1483 erit
348 1453 517 1490 pastoribus.
527 1451 605 1486 Quod
618 1452 642 1480 si
666 1451 720 1487 ipsi
744 1455 868 1486 pastores
889 1450 1013 1486 dissipati
1030 1450 1142 1484 fuerint,
1153 1452 1219 1487 quid
1237 1453 1441 1488 respondebunt
1455 1455 1537 1484 etiam
1556 1456 1582 1484 ei
1597 1456 1656 1492 (56)

44 1511 83 1538 pro
97 1503 252 1538 pecoribus?
269 1501 399 1537 Nunquid
412 1501 514 1533 dicent,
530 1506 546 1527 a
564 1505 664 1534 pecore
681 1505 711 1526 se
731 1497 868 1526 vexatos?
891 1497 948 1532 (35)
963 1496 1022 1524 Non
1044 1497 1170 1525 credetur
1189 1498 1254 1527 illis.
1271 1499 1439 1529 Incredibilis
1452 1502 1525 1530 enim
1539 1509 1584 1531 res
1601 1508 1654 1535 est,

45 1555 162 1585 pastorem
173 1549 229 1585 pati
241 1555 324 1584 posse
338 1556 352 1576 a
367 1554 467 1583 pecore
479 1555 487 1580 ;
504 1550 532 1573 et
547 1545 634 1581 magis
645 1543 757 1579 punitur
767 1543 824 1580 (56)
838 1547 949 1578 propter
962 1542 1134 1570 mendacium
1150 1551 1242 1572 suum.
1255 1544 1291 1572 Et
1299 1552 1350 1582 ego
1362 1554 1423 1575 sum
1438 1552 1550 1583 pastor;
1563 1553 1591 1577 ει
1605 1557 1655 1577 γε-

43 1596 156 1626 ﬁdissime
172 1600 280 1633 oportet
294 1603 339 1624 me
347 1595 381 1624 de
396 1593 474 1623 vobis
485 1592 619 1621 rationem
634 1591 758 1620 reddere.

59 107 114 134 1005
581 106 726 132 PASTOR.
745 119 781 126 —
798 106 815 131 L

887 106 925 131 Ill.
945 106 1045 132 SIMIL.
1067 106 1111 133 Ix.
1584 106 1653 135 ιοοσ

660 1663 827 1695 Armocuus,
845 1662 956 1689 homilia
969 1661 1013 1690 94.

71 1737 150 1764 Καλόν
163 1738 221 1764 ἔστι
234 1737 343 1774 κρατεῖν
357 1736 406 1772 τὴν
418 1735 556 1770 ἁπλότητα
566 1733 614 1760 καὶ
625 1733 675 1769 τὴν
687 1732 813 1765 ἀκακίαν,

43 1784 80 1810 καὶ
93 1782 155 1812 εἶναι
169 1784 206 1816 ὡς
219 1783 255 1811 τὰ
268 1784 352 1820 νήπια
366 1782 400 1809 τὰ
427 1781 463 1818 μὴ
486 1780 653 1815 γινώσκοντα
666 1779 715 1815 τὴν
731 1788 813 1815 πονη-

43 1830 101 1865 ρίαν,
123 1830 171 1866 τὴν
197 1829 383 1857 ἀπολλύουσαν
404 1827 453 1864 τὴν
475 1826 547 1862 ζωὴν
564 1825 619 1853 τῶν
646 1824 812 1861 ἀνθρώπων

42 1876 80 1902 καὶ
95 1876 128 1912 μὴ
139 1875 209 1903 ιῐναι
228 1874 423 1911 μνησικάκους,
439 1873 508 1909 μήτε
523 1870 695 1908 παρανόμους
710 1870 766 1907 (57)
779 1871 812 1907 τῇ

42 1923 126 1959 κακίᾳ·
143 1922 199 1949 ἀλλ’
211 1920 360 1949 ἀποθέσθαι
373 1920 422 1952 τὰς
433 1919 532 1951 κακίας
546 1918 593 1945 καὶ
607 1918 657 1950 τὰς
669 1917 812 1954 πονηρίας,

42 1961 142 2001 χαίτας
165 1969 279 2005 πικρίας
298 1967 348 1998 τὰς
370 1966 560 2002 παρανόμους,
574 1964 621 1991 καὶ
647 1964 771 1999 γενέσθαι
785 1963 814 1990 ἓν

41 2013 145 2050 πνεῦμα,
159 2015 205 2041 καὶ
225 2014 269 2041 τὰ
278 2013 404 2049 σχήματα
417 2012 473 2048 (58)
487 2011 522 2038 τὰ
536 2011 643 2050 πονηρᾲ
655 2010 813 2046 ἀνατρέψαι.

901 1732 1003 1760 Bonum
1019 1738 1057 1760 est
1073 1733 1166 1761 habere
1182 1734 1377 1770 simplicitatem
1390 1739 1416 1762 et
1434 1735 1656 1770 innocentiam,et

864 1787 919 1806 esse
932 1779 1000 1806 sicut
1015 1780 1141 1814 infantes.
1155 1781 1200 1816 qui
1219 1778 1339 1808 nesciunt
1348 1781 1491 1814 malitiam,
1502 1790 1561 1818 qua:
1574 1784 1656 1811 vitam

864 1824 1000 1852 hominum
1012 1825 1114 1860 perdit;
1129 1834 1208 1862 neque
1219 1835 1273 1854 esse
1283 1827 1444 1862 offensarum
1463 1836 1600 1862 memoret,
1612 1837 1657 1857 ne-

864 1879 912 1906 que
926 1872 955 1898 in
969 1872 1074 1899 malitia
1088 1881 1259 1908 permanere;
1278 1874 1323 1901 sed
1346 1882 1474 1902 removere
1491 1875 1608 1907 malitias
1630 1881 1656 1904 et

865 1917 1044 1952 malignitate:
1055 1939 1063 1953 ,
1086 1923 1111 1946 et
1142 1920 1333 1947 amaritudine:
1346 1925 1542 1955 permanentes;
1555 1927 1580 1949 et
1597 1922 1656 1958 ﬁeri

864 1972 945 1991 unum
960 1964 1102 1999 spiritum;
1116 1971 1141 1994 et
1161 1964 1247 1994 malas
1268 1965 1398 1994 διίεσαν-αι
1420 1966 1510 1995 tollere
1532 1976 1563 1994 ac
1585 1977 1655 1996 ever-

865 2013 928 2037 tere.

620 2049 775 2076 Atv'nocuus
784 2067 791 2079 ,
811 2049 921 2077 homilia
940 2048 1002 2076 122.

70 2088 122 2115 Ἵνα
143 2088 207 2115 ὅταν
236 2086 302 2123 ἔλθῃ
323 2086 338 2112 ὁ
359 2083 453 2121 κύριος
480 2083 535 2111 τῶν
560 2082 722 2120 προϐάτων,
747 2081 818 2117 χαρῇ

913 2080 948 2109 Ut
968 2089 1027 2109 cum
1054 2081 1153 2109 uenerit
1178 2081 1302 2109 dominus
1331 2091 1466 2118 pecorum,
1490 2082 1604 2118 gaudeat
1625 2083 1657 2111 de

588 2149 706 2178 VARIIE
723 2148 916 2179 LECTIONES
933 2149 978 2178 ET
997 2151 1113 2180 ΝΟΤᾸΕ.

69 2214 119 2251 (lli)
133 2214 198 2243 Mss.
215 2213 300 2251 (Angl.
327 2213 420 2251 eiecti:
440 2210 618 2251 Editiochlli
637 2208 724 2251 Oxon:
741 2209 814 2251 hunc

40 2244 118 2277 locum
132 2250 168 2277 ita
179 2244 312 2277 exhibét:
332 2244 371 2275 De
392 2248 433 2284 his
460 2246 593 2284 lapidibus
617 2246 662 2280 qui
682 2244 760 2284 allati
783 2244 815 2284 de

40 2293 119 2319 campo
131 2286 158 2312 in
170 2289 334 2312 structuram
346 2283 426 2310 turris
434 2280 513 2318 positi
524 2285 585 2309 sunt
598 2288 688 2308 eorum
701 2280 756 2307 loco
770 2280 815 2315 qui

40 2321 159 2354 reprobati
177 2324 264 2351 erant,
277 2323 329 2346 etc.

69 2355 120 2390 (l7)
134 2355 230 2383 Lamb.
242 2355 274 2382 de
289 2354 329 2390 his
343 2354 398 2389 qui.

69 2389 378 2427 (l8)Lamb.jntellexi.
414 2423 432 2427 __
474 2422 489 2427 λ
598 2422 630 2427 __
767 2421 783 2427 __

70 2421 121 2460 (19)
136 2426 227 2454 Fellus
240 2425 277 2452 ita
289 2425 315 2451 in
329 2432 378 2452 sua
391 2423 456 2451 edit.
470 2422 558 2450 Oxon.
580 2423 603 2449 si
620 2422 647 2460 in
669 2421 818 2460 illa_(cdi/i-

40 2457 131 2488 ratione
145 2461 221 2488 missi
234 2464 336 2492 essent;
352 2463 518 2494 testaturque
532 2465 599 2485 mss.
618 2457 696 2492 Angl.
713 2457 817 2490 deesse,

41 2504 113 2523 νηςδι.

71 2531 123 2566 (20)
138 2530 234 2559 Lamb.
249 2530 281 2557 de
294 2530 334 2566 his
353 2529 555 2566 nigricaturum.

70 2558 122 2601 (il)
141 2566 238 2594 Lamb.
257 2565 359 2593 omisso
374 2558 422 2598 ila,
436 2568 498 2600 post
520 2558 663 2596 adiecissef
675 2562 737 2590 add.
759 2566 819 2589 tan-

42 2605 99 2627 tum.

70 2636 123 2671 (22)
136 2636 182 2664 Sic
192 2636 288 2664 Lamb.
298 2634 344 2663 Sic
356 2639 383 2663 et
395 2635 460 2663 edit.
472 2633 560 2661 Oxon.
573 2633 614 2659 Al.
628 2633 735 2660 candidi
749 2637 819 2665 sunt,

41 2671 136 2699 omisso
148 2671 264 2699 iuvenes.

72 2679 136 2699 nsso
159 2680 264 2699 uvenes.

72 2679 239 2741 (25)_Lamb.
263 2707 326 2733 audi
345 2710 430 2733 autem
453 2712 542 2740 quare.
571 2702 604 2730 Et
625 2711 686 2736 morr
710 2704 820 2736 omittit,

41 2749 114 2768 causa
129 2746 168 2768 est
185 2742 258 2776 quia.

72 2776 125 2812 (24)
137 2775 202 2812 Mss.
217 2776 296 2812 Angl.
313 2781 336 2803 et
350 2777 432 2803 uirtus
445 2775 574 2803 ueritatis.

83 2811 115 2837 25
138 2811 235 2839 Lamb.
251 2810 303 2839 rion
319 2812 389 2838 enim
403 2812 430 2839 in
445 2816 529 2838 totum
543 2819 633 2838 eorum
649 2810 716 2836 tolli.

72 2813 125 2883 (26)
137 2846 229 2876 Fellus
244 2847 272 2876 in
290 2847 355 2876 edit.
367 2846 455 2874 Oxon.
470 2847 585 2881 operari.
597 2847 641 2874 Al.
656 2846 713 2882 {ace

82 2846 125 2882 26)
137 2846 229 2876 Fellus
244 2847 272 2876 in
290 2847 355 2876 edit.
367 2846 455 2874 Oxon.
470 2847 585 2881 operari.
597 2847 641 2874 Al.
656 2846 755 2882 facere.

849 2204 881 2237 ‘z
902 2210 959 2246 (‘27)
975 2210 1013 2238 Ita
1031 2219 1098 2241 mss.
1121 2211 1228 2246 Lamb.,
1240 2212 1342 2241 Victor.
1366 2217 1393 2240 et
1410 2212 1503 2241 Carm.
1523 2212 1605 2248 Editi,
1617 2215 1658 2242 vi-

865 2253 933 2274 vere.

913 2281 959 2319 es)
977 2281 1073 2319 Lamb.
1089 2283 1174 2319 deest,
1186 2284 1305 2319 reperiri.

913 2317 959 2352 ‘29)
975 2317 1021 2346 Sic
1037 2326 1105 2346 mss.
1121 2318 1202 2352 Vict.,
1214 2317 1311 2347 Carm.
1329 2323 1358 2346 et
1379 2318 1474 2346 Lamb.
1490 2319 1535 2347 Sic
1551 2325 1578 2347 et
1594 2320 1659 2348 Ρι-Ιιὶ

867 2351 1036 2390 edi‘u‘Orpn.
1052 2354 1096 2390 Al.
1115 2362 1174 2390 uero
1188 2351 1252 2390 V'pro
1263 2362 1316 2382 vos.
1333 2353 1397 2390 Leg.
1412 2362 1492 2389 supra
1502 2375 1509 2386 ,
1523 2363 1582 2389 cap.
1596 2356 1640 2383 99.

903 2386 959 2421 (50)
973 2387 1038 2416 Mss.
1053 2388 1133 2424 Angl.
1148 2386 1252 2422 habere,
1268 2398 1348 2424 neque
1362 2386 1522 2424 amaracinum
1533 2386 1658 2418 inaniores

869 2430 934 2459 esse,
947 2431 1027 2459 neque
1042 2424 1070 2450 in
1085 2425 1190 2452 malitia
1208 2430 1292 2452 vestra
1303 2432 1462 2459 permanere.

903 2458 960 2495 (3i)
974 2458 1040 2486 Mss.
1058 2459 1137 2495 Angl.
1156 2460 1225 2495 ﬁeri,
1241 2465 1266 2487 et
1286 2458 1333 2486 nas
1355 2459 1439 2486 malas
1459 2460 1588 2488 scissura;
1598 2468 1659 2491 pcr-

869 2493 1011 2526 medicare,
1024 2498 1049 2521 et
1066 2493 1182 2522 tollere'a
1197 2495 1278 2522 vobis.

906 2528 962 2566 (52)
978 2528 1118 2556 Scisturir.
1140 2529 1187 2566 Gr.
1212 2530 1347 2566 σχήματα.
1369 2529 1399 2557 ln
1421 2538 1476 2558 uno
1501 2530 1562 2558 cod.
1579 2531 1659 2566 Regis

870 2564 1089 2600 memibranaceio,
1101 2564 1247 2600 σχίσματα.
1256 2564 1336 2593 ’ϐο-π.

906 2598 963 2634 (55)
983 2599 1034 2627 Ms.
1050 2598 1143 2627 Carm.
1160 2598 1192 2626 de
1206 2600 1257 2628 his.

907 2634 964 2668 (54)
984 2635 1080 2662 Lamb.
1095 2635 1204 2667 desunt,
1220 2635 1300 2662 etiam
1315 2636 1349 2663 ei.

907 2669 964 2703 (55)
984 2669 1063 2697 Hunc
1074 2669 1163 2697 locum
1175 2670 1267 2697 laudat
1289 2676 1386 2698 auctor
1402 2671 1521 2699 humilia:
1533 2672 1569 2698 De
1586 2671 1658 2698 alca-

874 2704 1033 2741 toriburtad
1047 2705 1151 2741 calcem
1162 2704 1376 2741 opp._Cypriani.

909 2739 965 2776 (ῥρ)
981 2739 1050 2776 Mss.
1069 2740 1161 2767 Carm.
1179 2739 1206 2767 et
1223 2739 1318 2776 Lamb.
1330 2742 1462 2776 partietur.

909 2774 965 2808 (57)
980 2775 1045 2811 Leg.
1062 2776 1244 2811 παραμὸνους.
1262 2775 1309 2805 Sic
1318 2774 1344 2806 et
1359 2785 1423 2806 mox
1437 2777 1518 2806 intra.

908 2810 965 2846 (58)
980 2810 1042 2847 Leg.
1062 2810 1206 2848 σχίσματα.
