1913 3102
216 110 307 149 soo'r'

938 114 967 142 S.
985 112 1118 141 ΗΕΒΜΕ

1779 109 1849 137 1008

221 185 262 209 eo,
271 181 295 203 et
308 175 339 202 de
353 172 489 210 pecoribus
496 171 610 201 (utetur.
624 172 755 201 Gaudebit
771 177 869 206 autem,
884 172 907 199 si
917 171 1006 199 omnia

1064 171 1101 198 tn‘
1115 169 1199 206 αὐτῷ,
1222 170 1269 197 καὶ
1285 170 1332 197 ἐπὶ
1347 170 1404 201 τοῖς
1425 168 1572 206 προϐάτοις
1590 166 1738 202 εὖφρανῦῇ.
1755 167 1849 202 Χωρή-

221 223 348 250 irweuerit
369 230 449 253 sana.
471 225 495 248 et
518 229 569 247 non
592 221 713 256 quaedam
734 227 767 247 ea:
786 219 840 246 illis
864 219 1005 254 dissipata.

222 268 252 297 Si
268 272 355 295 autem
373 267 464 302 aliqua
484 274 517 294 ea:
538 267 636 294 talibus
658 267 786 294 invenerit
807 266 950 300 dissipata.
968 273 1007 293 vae

221 315 270 341 erit
288 312 450 348 pastoribus.
475 311 551 344 Quod
572 311 595 337 si
616 316 733 346 pastores
754 310 805 345 ipsi
825 309 947 344 dissipati
965 309 1008 336 in-

221 360 290 387 venti
311 359 426 393 fuerint,
446 357 510 393 quid
526 358 612 384 dicent
628 358 735 384 domino
759 356 864 392 gregis?
881 363 915 382 an
933 363 949 382 a
961 363 1006 389 pe-

222 413 281 433 core
307 413 335 432 se
356 404 488 432 vexatos?
513 403 575 431 Non
600 404 720 430 credetur
735 403 800 429 illis.
836 401 1005 428 Incredibilis

221 452 291 478 enim
307 459 348 478 res
363 455 413 483 est,
433 455 566 485 pastorem
586 450 642 485 pati
660 457 734 484 posse
750 448 851 484 aliquid
871 456 887 474 a
902 455 1003 482 pecore.

222 497 309 533 Magis
341 505 401 525 vero
423 497 565 531 punientur
597 501 703 531 propter
727 495 892 523 mendacium
915 501 1004 521 suum.

222 546 338 574 Scientes
362 554 439 581 ergo,
469 545 537 580 quod
567 545 642 572 valde
665 548 767 580 oportet
792 543 823 570 de
842 543 876 570 iis
899 542 1005 569 reddere

1060 225 1135 244 σεται
1148 215 1178 242 δὲ
1192 215 1240 243 ἐὰν
1259 215 1347 242 πάντα
1368 215 1432 250 ὑγιῆ
1450 215 1559 250 εὑρεθῇ,
1576 214 1623 240 καί
1639 212 1677 248 μὴ
1692 212 1849 239 διαπεπτω-

1059 262 1125 289 κὸτα
1145 261 1206 288 τινὰ
1221 261 1250 294 ἐξ
1265 261 1364 288 αὐτῶν.
1387 260 1449 287 Ἐὰν
1463 260 1492 287 δὲ
1512 258 1609 295 εὑρεθῇ
1629 267 1692 285 τινα
1711 257 1740 291 ἐξ
1760 257 1850 284 αὐτῶν

1057 306 1280 339 διαπεπτωκότα,
1306 307 1367 333 οὐαὶ
1393 307 1449 338 τοῖς
1471 306 1597 342 ποιμέσιν
1618 305 1705 331 ἔσται.
1735 302 1801 330 Ἔὰν
1822 303 1850 330 δι

1057 353 1106 380 καὶ
1135 352 1212 379 αὐτοὶ
1237 353 1262 378 οἱ
1295 351 1424 387 ποιμένες
1458 350 1590 387 εὐρεθῶσι
1616 349 1848 379 διαπεπτωκότες.

1056 399 1084 426 τί
1109 397 1202 434 ἐροῦσι
1222 398 1261 433 τῷ
1280 397 1397 433 δεσπότῃ
1419 396 1466 423 τοῦ
1491 396 1635 431 ποιμνίους
1654 395 1696 422 ὅτι
1717 394 1774 421 ἀπὸ
1796 394 1850 420 τῶν

1055 442 1197 479 προϐάτων
1219 442 1364 475 διέπεσαν;
1391 443 1430 469 Οὺ
1453 441 1689 477 πιστευθήσονται.
1719 440 1849 466 ’Λπιστον

1056 489 1112 525 γὰρ
1130 489 1248 524 πρᾶγμά
1270 489 1338 521 ἐστι,
1362 488 1479 524 ποιμένα
1499 488 1569 523 ὑπὲρ
1589 486 1736 522 προὸάτων
1756 485 1850 511 παθεῖν

1053 543 1091 560 τι.
1110 534 1219 561 Μᾶλλον
1236 534 1265 560 δὲ
1285 534 1498 569 κολασθήσονται
1520 533 1564 559 διὰ
1580 532 1611 559 τὸ
1632 531 1732 567 ψεῦδος
1752 530 1848 557 αὐτῶν.

1055 579 1163 612 Ειδάτες
1198 577 1244 606 οὖν
1275 580 1316 606 ὅτι
1335 580 1395 606 λίαν
1417 579 1451 606 δι’
1469 579 1568 611 αὐτοὺς
1597 577 1746 605 ἀποδοῦναι
1774 576 1850 610 λόγον

1055 626 1106 658 δεῖ,
1121 635 1147 652 κ.
1159 634 1185 653 τ.
1197 626 1212 652 λ

915 679 1028 709 CAPUT
1047 681 1157 710 XXXII.

255 730 396 759 Consulite
414 736 481 765 ergo
499 727 578 756 vobis
595 724 664 759 (59),
677 723 742 752 dum
765 724 854 752 adhuc
874 725 959 753 turris
979 725 1141 754 aedificatur.
1164 726 1294 754 Dominus
1308 726 1412 755 habitat
1433 726 1461 754 in
1475 726 1542 754 viris
1561 727 1723 754 amantibus
1737 733 1845 761 pacem,

220 777 319 805 etenim
333 783 397 804 vera
411 775 469 811 (AO)
483 782 534 810 pax
549 774 633 802 chara
645 777 707 806 est;
724 780 740 799 a
758 773 936 801 contentiosis
949 773 1006 809 (41)
1024 782 1089 802 vero
1105 780 1132 802 et
1151 775 1265 810 perditis
1284 775 1399 808 malitia,
1420 775 1501 810 longe
1517 775 1605 802 abest.
1626 774 1744 802 Reddite
1767 775 1849 810 igitur

220 824 245 851 ei
261 823 385 858 spiritum
404 821 551 856 integrum,
572 819 642 846 sicut
659 818 814 854 accepistis.
836 817 866 846 Si
886 819 960 846 enim
983 819 1091 848 dederis
1113 820 1209 848 fulloni
1227 822 1418 849 vestimentum
1438 821 1584 857 integrum,
1608 820 1691 855 idque
1711 821 1847 856 integrum

222 871 262 899 vis
277 871 368 899 denuo
391 869 528 903 recipere;
554 866 628 898 fullo,
644 872 734 894 autem
759 866 877 894 scissum
898 867 946 894 tibi
964 868 1031 896 illud
1051 868 1163 903 reddat;
1181 869 1295 905 recipies
1317 870 1401 897 illud?
1421 869 1517 897 Nonne
1534 869 1628 897 statim
1650 869 1847 902 excandeSCes,

220 922 248 946 ct
260 924 323 945 eum
339 914 463 943 convicio
477 913 663 949 prosequeris,
678 912 793 940 dicens:
816 911 1016 940 Vestimentum
1034 921 1125 942 meum
1144 914 1202 950 (42)
1224 914 1359 950 integrum
1376 914 1424 942 tibi
1437 914 1515 949 dedi;
1534 923 1619 950 quare
1641 915 1750 943 scidisti
1771 916 1846 948 illud,

220 970 248 993 et
270 964 366 993 inutile
391 962 502 990 fecisti?
516 960 593 988 Nunc
615 965 724 997 propter
748 961 897 989 scissuram
920 969 1002 997 quam
1028 962 1055 989 in
1077 970 1112 991 eo
1128 962 1229 996 fecisti,
1253 963 1316 991 usui
1332 963 1389 998 (4'5)
1407 970 1467 991 esse
1484 971 1539 991 non
1558 969 1661 999 potest.
1682 965 1782 994 Nonne
1796 966 1851 993 haec

221 1011 314 1040 omnia
328 1011 410 1038 verba
429 1009 505 1037 dices
528 1007 634 1041 fulloni,
651 1012 678 1035 et
699 1008 732 1035 de
751 1007 872 1035 scissura
893 1015 976 1043 quam
996 1008 1024 1035 in
1044 1009 1206 1037 vestimento
1224 1014 1271 1037 tuo
1291 1009 1403 1038 fecerit?
1423 1009 1451 1037 Si
1476 1008 1558 1046 igitur
1572 1015 1601 1038 tu
1618 1011 1696 1040 doles
1713 1011 1749 1040 de
1765 1013 1848 1040 vesti-

222 1065 316 1088 mento
334 1064 391 1091 tuo,
408 1062 435 1085 et
449 1056 572 1092 quereris
590 1055 645 1091 (ii)
660 1054 732 1090 quod
747 1061 800 1082 non
816 1054 883 1082 illud
905 1055 1041 1090 integrum
1058 1057 1192 1092 recipias;
1210 1057 1275 1092 quid
1292 1061 1373 1093 putas
1390 1058 1447 1094 (45)
1468 1058 1610 1086 dominum
1631 1060 1681 1087 tibi
1700 1059 1849 1094 facturum,

221 1107 269 1143 qui
283 1106 409 1142 spiritum
432 1104 568 1140 integrum
588 1102 637 1129 tibi
650 1101 734 1135 dedit,
756 1107 784 1129 et
803 1106 832 1129 tu
854 1109 917 1130 eum
941 1107 1029 1131 totum
1048 1104 1173 1132 inutilem
1196 1105 1340 1134 reddidisti
1352 1105 1420 1142 (46),
1443 1106 1480 1133 ita
1500 1110 1531 1134 ut
1547 1107 1623 1135 nullo
1643 1108 1709 1135 usui
1721 1107 1780 1142 (47)
1795 1116 1852 1136 esse

220 1154 309 1190 possit
319 1153 430 1181 domino
451 1151 521 1179 suo?
541 1149 648 1178 Inutilis
670 1149 743 1177 enim
757 1149 839 1184 cmpit
855 1157 916 1177 esse
942 1158 1008 1178 usus
1023 1151 1093 1186 ejus,
1111 1160 1172 1180 cum
1194 1153 1231 1180 sit
1250 1158 1396 1189 corruptus
1419 1161 1435 1181 a
1448 1159 1485 1182 te.
1501 1154 1596 1182 Nonne
1617 1155 1704 1191 igitur
1719 1155 1852 1184 Dominus

222 1201 257 1228 de
274 1199 373 1234 spiritu
388 1205 439 1226 suo
458 1200 568 1232 propter
584 1196 637 1223 hoc
660 1194 760 1223 factum
781 1199 857 1223 tuum
880 1196 950 1223 idem
968 1196 1068 1225 faciet?
1090 1198 1183 1232 Plane,
1207 1199 1317 1234 inquam
1338 1209 1345 1228 :
1364 1200 1491 1228 omnibus
1507 1200 1551 1233 iis,
1571 1207 1758 1236 quoscunque
1778 1201 1850 1229 inve-

222 1246 294 1274 nerit
313 1245 341 1272 in
352 1243 484 1272 memoria
499 1242 668 1270 offensarum
683 1249 854 1277 permanere,
874 1241 947 1270 idem
969 1242 1050 1271 faciet
1060 1244 1127 1279 (48).
1149 1245 1338 1279 Clementiam,
1358 1246 1456 1282 inquit,
1476 1246 1536 1281 ejus
1551 1246 1635 1273 nolite
1654 1246 1783 1280 calcare;
1806 1246 1851 1274 sed

221 1291 314 1326 potius
334 1288 511 1317 honoriﬁcate
523 1287 579 1322 (49)
602 1295 666 1315 eum
683 1287 756 1323 quod
778 1291 834 1315 tam
854 1288 960 1324 patiens
982 1294 1025 1317 est
1043 1289 1077 1317 ad
1096 1291 1193 1318 delicta
1214 1295 1313 1325 vestra,
1334 1295 1362 1319 et
1378 1299 1433 1319 non
1448 1295 1490 1318 est
1508 1291 1579 1319 sicut
1591 1298 1650 1319 vos.
1663 1291 1747 1327 Agite
1764 1292 1851 1327 pani-

220 593 361 626 rationem,
373 596 426 620 etc.

224 1339 356 1372 tentiam;
372 1336 437 1365 utile
454 1335 511 1372 (50)
527 1335 600 1363 enim
615 1335 643 1362 id
657 1339 698 1363 est
713 1335 802 1363 vobis.

857 1395 1010 1425 Anriocuus
1017 1417 1026 1430 ,
1046 1398 1156 1426 homilia
1171 1398 1216 1426 94.

263 1446 297 1474 Ut
310 1446 438 1473 Dominus
453 1444 527 1479 pacis
541 1444 640 1472 habitet
656 1444 684 1471 in
697 1443 829 1477 omnibus,
850 1451 900 1479 quo
917 1449 942 1472 et
953 1445 1010 1479 spi-
1026 1451 1048 1480 [ι

226 1493 292 1520 ritus
311 1493 410 1527 integer
420 1491 479 1526 fiat,
496 1491 564 1517 sicut
583 1490 660 1517 illum
681 1490 780 1525 accepit
795 1489 882 1518 homo.
899 1489 930 1518 Si
941 1491 1010 1518 enim

227 1539 324 1574 aliquis
336 1538 437 1564 dederit
460 1537 555 1572 {ullom’
576 1537 757 1564 vestimentum
783 1543 876 1563 novum
899 1541 924 1564 et
945 1537 1012 1564 inte-

229 1592 317 1620 grum,
333 1588 411 1619 atque
427 1582 495 1609 illud
515 1582 576 1610 velit
590 1582 677 1608 denuo
699 1582 828 1617 recipere;
843 1581 910 1617 fullo
924 1587 1012 1609 autem

227 1631 338 1658 scissum
368 1631 549 1657 vestimentum
583 1628 696 1661 reddat;
730 1636 765 1655 an
792 1629 900 1664 recipiet
926 1628 1014 1655 illud?

228 1677 324 1705 Nonne
346 1675 439 1703 statim
462 1675 644 1708 excandescet,
666 1679 691 1701 et
709 1683 768 1702 eum
787 1676 903 1702 convicio
923 1683 1012 1710 perse-

228 1727 323 1760 quetur
351 1722 462 1748 dicens:
490 1719 677 1747 Vestimentum
703 1719 835 1755 integrum
862 1719 911 1746 tibi
935 1719 1010 1752 dedi;

228 1776 310 1804 quare
324 1766 427 1794 scidisti
444 1765 524 1798 illud,
543 1768 569 1792 et
588 1764 683 1792 inutile
698 1765 807 1799 fecisti?
823 1763 853 1792 Si
875 1765 958 1800 igitur
974 1766 1014 1792 ita

229 1814 300 1841 dolet
322 1813 420 1848 aliquis
441 1812 473 1839 de
491 1812 661 1843 vestimento,
683 1815 708 1837 et
733 1810 852 1846 queritur
872 1811 941 1846 quod
962 1819 1014 1838 non

228 1860 298 1887 illud
321 1860 452 1895 integrum
479 1858 622 1893 receperit;
644 1857 707 1894 quid
729 1862 851 1893 putamus
872 1857 1014 1884 Dominum

229 1906 304 1933 nobis
324 1906 476 1941 facturum,
499 1904 545 1940 qui
565 1904 690 1938 spiritum
709 1903 839 1937 integrum
856 1903 1014 1937 accepimus,

229 1959 256 1979 et
270 1951 346 1978 illum
362 1950 483 1978 molestia
500 1949 647 1984 effecimus,
663 1953 688 1975 et
704 1948 824 1975 inutilem
839 1947 1014 1980 reddidimus,

230 2004 282 2023 non
297 1996 406 2022 viventes
429 2002 488 2021 cum
507 1994 659 2026 honestate;
680 1994 719 2020 ita
738 1998 767 2020 ut
786 1992 858 2019 nullo
880 1992 941 2019 usui
961 2000 1016 2020 esse

230 2043 314 2078 possit
332 2042 440 2068 domino
456 2041 526 2068 suo?
547 2049 609 2068 nam
623 2048 687 2068 usus
706 2039 816 2076 spiritus
834 2048 851 2066 a
866 2039 939 2066 nobis
954 2047 1014 2066 cor-

232 2092 324 2123 ruptus
337 2092 388 2116 est.

1099 1447 1192 1478 Ὅπως
1210 1448 1224 1473 ὁ
1237 1447 1339 1484 Κύριος
1353 1447 1402 1483 τῆς
1417 1447 1529 1483 εἰρήνης
1548 1446 1700 1481 κατοικήσῃ
1716 1445 1749 1473 ὲν
1759 1445 1853 1476 πᾶσιν,

1062 1491 1105 1519 ῐνα
1120 1492 1166 1519 καὶ
1179 1492 1210 1519 τὸ
1224 1493 1332 1528 πνεῦμα
1346 1493 1421 1527 ὑγιὲς
1434 1492 1555 1528 γένηται,
1565 1491 1660 1526 ὥσπερ
1676 1491 1745 1518 αὐτὸ
1758 1491 1853 1518 ἐλαϐεν

1061 1537 1076 1563 ὁ
1096 1536 1246 1574 ἄνθρωπος.
1282 1537 1345 1566 Ἐὰν
1371 1538 1425 1574 γάρ
1450 1546 1494 1570 τις
1517 1538 1614 1572 κναφεῖ
1640 1537 1717 1574 δώσῃ
1746 1537 1854 1573 ἱμάτιον

1063 1583 1155 1610 καινὸν
1170 1584 1217 1611 καὶ
1237 1584 1324 1619 ὑγιὲς,
1341 1585 1388 1612 καὶ
1407 1584 1486 1611 τοῦτο
1506 1583 1577 1610 θέλει
1598 1583 1779 1618 κομίσασθαι,
1796 1583 1812 1610 δ
1826 1583 1854 1610 δὲ

1062 1629 1181 1663 κναφεὺς
1198 1629 1293 1664 σχίσας
1312 1629 1342 1656 τὸ
1367 1630 1473 1665 ἱμάτιον
1492 1629 1643 1661 ἀποδώσει,
1663 1627 1720 1664 ἄρα
1739 1629 1855 1664 λήψεται

1063 1674 1144 1707 αὐτός
1167 1675 1227 1710 οὐχὶ
1249 1675 1419 1711 μαχήσεται,
1442 1675 1489 1702 καὶ
1516 1674 1637 1710 ὑδρίσει,
1662 1674 1751 1708 λέγων
1768 1674 1853 1709 αὐτῷ·

1069 1718 1187 1754 Ἰμάτιόν
1209 1727 1250 1746 σοι
1272 1720 1347 1755 ὑγιὲς
1365 1720 1463 1752 ἔδωκα,
1484 1719 1530 1746 δίὰ
1547 1720 1573 1746 τί
1584 1719 1650 1746 αὐτὸ
1661 1719 1789 1754 ἔσχισας,
1807 1720 1855 1746 καὶ

1064 1764 1218 1800 πεποίηκας
1238 1764 1392 1800 ἄχρηστον;
1419 1765 1451 1791 El.
1476 1763 1522 1792 οὖν
1549 1764 1635 1796 οὓτως
1656 1764 1722 1800 περὶ
1745 1764 1855 1800 ἱματίου

1063 1809 1187 1837 λυπεῖταί
1202 1818 1254 1843 τις,
1275 1811 1322 1837 καὶ
1344 1811 1469 1846 μάχεται,
1485 1811 1528 1837 ὅτι
1545 1811 1596 1838 οὐκ
1610 1810 1765 1846 ἀπείληφεν
1780 1810 1855 1845 ὑγιὲς

1063 1854 1095 1881 τὸ
1118 1855 1235 1890 ἱμάτιον,
1261 1854 1288 1882 τι
1311 1855 1444 1891 δοκοῦμεν
1469 1855 1566 1882 παθεῖν
1586 1855 1639 1882 ὑπὸ
1660 1855 1710 1882 τοῦ
1738 1856 1852 1891 Κυρίου,

1064 1901 1095 1927 τὸ
1115 1900 1223 1937 πνεῦμα
1247 1900 1372 1933 λαὸόντες
1393 1901 1477 1936 ὑγιὲς,
1498 1902 1545 1928 καὶ
1571 1900 1650 1927 τοῦτο
1669 1900 1853 1936 λυπήσαντες,

1065 1946 1112 1973 καὶ
1131 1944 1340 1981 ἀχρειώσαντες,
1356 1946 1393 1982 μὴ
1407 1947 1435 1973 ἐν
1451 1946 1595 1982 σεμνότητι
1608 1946 1852 1981 πολιτευσάμενοι;

1065 1992 1112 2018 καὶ
1131 1993 1170 2024 εἰς
1192 1992 1318 2028 οὐδεμίαν
1344 1992 1441 2028 χρῆσιν
1469 1991 1578 2019 δύναται
1602 1990 1672 2019 εἶναι
1697 1991 1739 2027 τῷ
1761 1992 1853 2027 Κυρίῳ

1065 2038 1180 2072 ian-tot");
1209 2039 1227 2074 ἡ
1250 2039 1305 2074 γὰρ
1333 2039 1431 2074 χρῆσις
1453 2038 1501 2065 τοῦ
1528 2037 1682 2074 πνεύματος
1709 2038 1758 2073 ὑφ’
1777 2039 1852 2074 ἡμῶν

1067 2082 1237 2119 κατεφθάρη.

921 2142 1036 2172 CAPUT
1056 2143 1174 2171 XXXIII.

267 2193 330 2221 Haec
346 2193 438 2220 omnia
456 2199 518 2227 quin
539 2198 621 2225 supra
641 2190 742 2226 scripta
760 2195 836 2225 sunt,
861 2199 913 2226 ego
932 2196 1026 2227 pastor
1046 2191 1159 2219 nuntius
1179 2189 1345 2226 paenitenth
1369 2189 1487 2222 ostendi,
1513 2193 1541 2217 et
1563 2189 1672 2218 locutus
1687 2198 1752 2218 sum
1770 2191 1850 2218 senis

232 2241 291 2269 Dei.
317 2241 345 2267 Si
369 2247 433 2274 ergo
456 2238 641 2271 credideritis,
663 2244 690 2267 et
708 2240 848 2267 audieritis
870 2240 953 2268 verba
978 2248 1054 2274 mea,
1074 2245 1101 2268 et
1121 2239 1325 2268 ambulaveritis
1348 2238 1376 2266 in
1401 2238 1478 2274 ipsis,
1503 2242 1530 2266 et
1555 2239 1733 2267 correxeritis
1759 2239 1851 2267 itinera

232 2292 339 2320 vestra;
364 2286 455 2313 vivere
478 2284 611 2320 poteritis.
638 2284 686 2312 Sin
710 2289 801 2313 autem
826 2286 1031 2321 permanserilis
1052 2285 1109 2321 (51)
1135 2285 1162 2312 in
1183 2284 1286 2312 malitia
1305 2288 1333 2311 et
1352 2283 1482 2310 memoria
1508 2282 1694 2316 oﬁensarnm,
1712 2285 1804 2313 nullus
1818 2292 1850 2312 ex

233 2332 389 2370 huiusmodi
406 2330 597 2367 peccatoribus
614 2329 686 2357 vivet
703 2330 760 2366 (52)
774 2329 840 2358 Deo.
860 2330 923 2358 Haec
943 2330 1037 2358 omnia
1056 2339 1072 2358 a
1087 2338 1132 2358 me
1154 2330 1280 2362 dicenda,
1301 2329 1374 2357 dicta
1397 2333 1461 2356 sunt
1478 2328 1557 2357 vobis
1575 2330 1643 2365 (53).
1665 2330 1713 2357 Ait
1729 2330 1796 2357 mihi
1810 2330 1851 2357 ille

772 2391 891 2419 VARUE
911 2388 1104 2420 LECTIONES
1124 2392 1168 2420 ET
1188 2391 1304 2420 ΝΟΤᾸΕ.

269 2438 325 2472 (39)
345 2437 440 2465 Lamb.
460 2437 610 2464 Remediate
625 2446 685 2473 ergo
698 2446 752 2466 vos.
1108 2438 1162 2473 (47)
1182 2437 1277 2465 Lamb.
1291 2439 1319 2465 in
1331 2437 1405 2465 nullo
1420 2445 1478 2465 usti.

274 2475 325 2509 (40)
345 2473 440 2500 Lamb.
458 2477 482 2500 et
502 2473 642 2500 enimvero.
659 2473 749 2506 Forte,
764 2473 788 2501 ei
801 2474 870 2500 enim
885 2482 956 2502 vera.
972 2473 1018 2502 Sic
1104 2473 1161 2509 (48)
1181 2473 1276 2500 Lamb.
1298 2473 1440 2509 Dominum
1460 2473 1583 2507 spiritum
1602 2481 1675 2506 etus,
1686 2478 1794 2505 propter
1812 2473 1848 2504 fa-

233 2513 261 2538 et
276 2516 342 2536 mss.
361 2509 478 2544 Carm.”
1069 2508 1235 2537 ctum'tuum
1255 2509 1302 2534 hoc
1323 2516 1339 2534 a
1358 2508 1427 2544 facie
1448 2509 1536 2543 plane,
1561 2512 1682 2544 inquam,
1705 2517 1793 2536 omnes
1810 2516 1847 2535 eos

270 2544 325 2580 (41)
347 2544 440 2580 Lamb.
460 2543 594 2580 litigiosis.
1069 2551 1234 2580 quoscunque
1248 2543 1375 2580 inuenerit
1391 2543 1420 2569 in
1430 2544 1557 2570 memoria
1575 2543 1739 2578 o/Tensarum
1753 2552 1847 2579 perma-

270 2577 327 2614 (42)
347 2578 442 2614 Lamb.
462 2577 547 2612 deest,
566 2587 664 2606 meum.
1069 2577 1139 2612 itere,
1153 2577 1254 2614 afﬁciet.
1268 2577 1348 2605 Nullo
1361 2585 1443 2605 sensu
1458 2587 1465 2605 :
1486 2585 1574 2614 eoque
1592 2577 1710 2607 nomine
1728 2577 1798 2607 hanc
1815 2579 1845 2606 le-

271 2613 327 2649 (45)
346 2613 442 2649 Lamb.
458 2614 486 2640 in
501 2622 587 2641 usum.
1068 2615 1185 2642 ctionem
1204 2621 1220 2640 a
1234 2613 1309 2649 lj‘ello
1324 2613 1455 2640 omissam
1470 2613 1547 2648 puto.

269 2645 326 2683 (44)
342 2648 395 2687 _Ms.
405 2648 496 2675 Carm.
514 2649 610 2687 Iuliani
618 2650 630 2677 ?
645 2649 714 2687 Ergo
728 2654 752 2687 et
764 2650 796 2677 de
807 2650 922 2677 scissura
936 2657 1015 2687 quam
1180 2645 1275 2687 Lanib.
1291 2649 1427 2687 honorate.

235 2685 263 2710 in
285 2684 520 2721 vestimentohtuo
532 2685 633 2721 fecerit,
656 2683 771 2713 si'doles
799 2691 827 2712 tu
845 2690 869 2712 et
886 2683 1013 2721 quereris,
1182 2684 1277 2721 Lamb.
1290 2684 1470 2721 paenitentiam
1484 2683 1588 2712 utilem.

236 2719 304 2754 quod
319 2727 369 2754 non
383 2718 520 2754 reddidisti
534 2727 542 2744 :
554 2720 616 2752 quid
633 2726 721 2754 putas.
892 2718 897 2721 ’
1105 2718 1162 2754 (51)
1181 2719 1277 2746 Lamb.
1295 2719 1403 2751 desunt,
1416 2718 1463 2745 Sin
1478 2724 1566 2746 autem
1580 2722 1793 2754 permanseritis.

284 2754 328 2787 45)
350 2753 444 2780 Lamb.
460 2753 532 2781 doles
544 2758 568 2781 et
583 2753 709 2789 quereris.
1104 2755 1161 2790 (52)
1180 2754 1274 2781 Lamb.
1290 2761 1322 2780 ea:
1338 2753 1488 2788 hujusmodi
1503 2755 1576 2781 vivit.

406 2796 438 2815 εκ
451 2787 546 2816 Lamb.
564 2789 654 2818 Fellus
676 2792 703 2820 in
723 2799 773 2820 sua
786 2791 850 2820 edit.
866 2790 954 2818 Oxon.
971 2789 1004 2817 Δὶ
1106 2791 1162 2826 (55)
1183 2788 1277 2818 Lamb.
1293 2797 1334 2817 me
1348 2789 1455 2818 docente
1473 2790 1544 2817 vobis
1557 2791 1574 2816 d

240 2832 265 2849 se

284 2787 386 2857 ξὲἱζῦιο
406 2796 438 2815 ex
451 2787 546 2816 Lamb.
564 2787 654 2818 Fellus
676 2792 703 2820 in
723 2799 773 2820 sua
786 2791 850 2820 edit.
866 2790 954 2818 Oxon.
971 2789 1004 2817 Δὶ
1106 2787 1162 2826 (55)
1183 2788 1277 2818 Lamb.
1293 2797 1334 2817 me
1348 2787 1455 2818 docente
1473 2790 1544 2817 vobis
1557 2791 1642 2819 dicta.
