1913 3102
62 192 122 220 1009
609 187 754 216 PASTOR.
775 201 809 208 --

913 186 957 214 Ill.
976 185 1078 214 SIMIL.
1095 186 1131 214 Χ.
1597 185 1668 216 1010

60 245 271 283 pastor:0mnia
286 253 302 273 a
318 252 361 273 me
383 244 581 281 interrogasti?
603 243 636 272 Et
654 244 731 272 dixi:
747 243 797 276 lta,
819 243 939 271 domino.
966 242 1057 276 Quare
1080 251 1146 279 ergo
1167 251 1221 270 non
1240 242 1415 277 interrogasti
1440 249 1493 275 me,
1514 242 1613 278 inquit,
1632 243 1666 271 de

60 297 136 324 forma
159 295 281 331 lapidum
305 294 335 321 in
354 297 491 321 structura
513 292 715 327 repositorum;
739 295 770 318 ut
791 291 840 318 tibi
868 290 1032 326 explicarem
1058 290 1128 326 (54)
1153 290 1275 318 formas?
1304 289 1337 318 Et
1347 290 1403 318 dixi
1427 298 1433 315 :
1455 289 1563 318 Oblitus
1586 299 1664 324 sum,

59 341 166 370 domine.
184 340 255 368 Audi
272 348 345 368 nunc
359 347 435 374 ergo,
459 338 559 373 inquit,
574 342 601 365 et
613 337 647 365 de
665 337 728 364 illis.
750 336 782 364 Hi
802 340 866 364 sunt
885 336 932 372 qui
955 344 1028 364 nunc
1049 337 1176 364 mandata
1197 336 1254 364 hare
1268 337 1324 372 (55)
1338 336 1492 369 audierunt,
1509 341 1535 364 et
1548 345 1582 365 ex
1600 339 1666 366 totis

59 388 202 424 praecordiis
213 391 328 422 egerunt
341 385 528 422 paenitentiam
542 393 549 410 :
564 392 683 420 cumque
696 384 809 412 vidisset
819 383 952 412 Dominus
967 384 1066 412 bonam
1082 389 1162 420 atque
1176 392 1273 420 puram
1285 384 1341 420 (56)
1353 385 1539 420 paenitentiam
1556 394 1663 420 eorum,

58 439 80 460 ct
91 441 164 468 posse
174 440 222 461 eos
238 433 265 460 in
279 440 310 460 ea
323 438 500 467 permanere;
513 430 596 465 jussit
614 429 705 465 priora
725 433 836 465 peccata
859 436 955 457 eorum
973 428 1069 457 deleri.
1087 428 1135 457 Hae
1160 429 1234 458 enim
1254 429 1348 459 forma:
1370 431 1552 467 peccata,(57)
1568 439 1664 460 eorum

57 487 140 516 erant;
158 485 185 509 et
196 484 338 516 extequata
353 483 428 512 sunt,
441 485 476 506 ne
487 483 658 514 apparerent.

700 540 937 572 SIMILITUDO
959 541 1001 571 Χ.

601 603 646 634 De
658 603 844 642 pauitantia
858 607 887 633 et
901 603 1105 642 elecmotyna.

779 663 895 692 CAPUT
915 663 936 692 Ι.

84 712 223 748 Postquam
250 713 463 748 perscripseram
492 712 593 740 librum
623 712 707 744 hunc.
732 712 805 739 venit
828 711 941 740 nuntius
967 711 1012 739 ille
1041 711 1088 746 qui
1111 719 1155 740 me
1180 713 1330 741 tradiderat
1359 713 1398 742 illi
1423 715 1479 751 (58)
1503 716 1614 751 pastori,
1637 715 1665 744 in

54 757 153 786 domum
176 759 202 787 in
222 767 277 795 qua
298 759 354 795 (59)
378 767 465 792 eram,
486 763 514 786 et
534 759 658 787 consedit
680 766 763 793 Supra
786 758 904 791 let-tum;
931 762 960 785 et
982 757 1070 785 astitit
1095 758 1122 785 in
1141 758 1252 787 dextera
1276 760 1335 795 ejus
1361 760 1406 789 ille
1427 766 1530 797 pastor.
1562 762 1666 790 Deinde

53 804 148 831 vocavit
162 812 216 838 me,
231 809 260 832 et
274 805 332 833 haec
350 805 417 832 mihi
431 805 500 833 dixit
514 814 520 832 :
533 804 645 832 Tradidi
662 810 697 837 te.
715 804 814 840 inquit,
834 808 863 832 et
878 804 990 831 domum
1008 808 1084 831 tuam
1096 804 1160 831 huic
1173 805 1287 839 pastori,
1304 810 1334 833 ut
1348 805 1382 834 ab
1396 814 1429 834 eo
1444 807 1549 843 protegi
1564 808 1664 843 possis.

55 851 95 884 lia,
111 852 230 888 inquam,
249 853 368 882 domine.
394 854 422 881 Si
445 854 488 882 vis
506 862 571 889 ergo
593 853 708 889 protegi,
733 852 831 888 inquit,
853 852 889 880 ab
905 852 979 880 omni
1000 852 1143 880 vexatione
1164 858 1191 880 et
1209 853 1244 881 ab
1263 854 1337 881 omni
1362 855 1481 889 saevitia;
1505 863 1677 884 successum.

52 902 132 925 autem
147 899 251 927 habere
272 899 299 926 in
315 900 391 927 omni
406 907 489 934 opere
503 899 576 926 bono
590 903 671 934 atque
683 898 782 932 verbo,
795 901 823 926 et
837 905 946 926 omnem
959 897 1086 925 virtutem
1101 898 1253 934 aequitatis;
1271 899 1300 926 in
1317 900 1454 930 mandatis
1473 901 1507 930 iis
1523 902 1666 938 ingredere

53 952 106 978 qua:
124 945 197 973 dedit
210 945 268 981 (60)
281 946 348 980 tibi,
364 950 391 974 et
409 946 509 981 poteris
528 945 663 974 dominari
684 945 759 973 omni
780 945 919 980 nequitiae.
944 943 1115 972 Custodienti
1138 945 1211 973 enim
1235 945 1284 974 tibi
1307 947 1436 976 mandata
1457 948 1513 981 illa,
1543 948 1665 984 subjecta

51 989 96 1016 erit
118 991 206 1018 omnis
229 991 365 1026 cupiditas
389 995 417 1019 et
440 991 558 1019 dulcedo
584 990 666 1026 hujus
693 989 802 1023 saeculi;
843 996 988 1017 successus
1010 996 1075 1016 vero
1095 989 1123 1016 in
1145 989 1220 1017 omni
1244 989 1317 1018 bono
1341 992 1450 1027 negotio
1471 996 1497 1020 te
1520 997 1675 1027 sequetur,

51 1036 222 1066 Maturitatem
252 1039 334 1074 hujus
357 1043 385 1067 et
407 1040 571 1068 modestiam
594 1039 704 1074 suscipe
730 1038 758 1065 in
782 1042 809 1065 te
832 1037 908 1072 (6i);
932 1042 959 1065 et
981 1037 1026 1065 dic
1047 1037 1195 1071 omnibus,
1215 1037 1242 1065 in
1269 1045 1369 1074 magno
1390 1039 1495 1067 honore
1517 1047 1578 1068 esse
1600 1047 1674 1068 eum.

50 1087 74 1110 et
85 1083 210 1119 dignitate
234 1085 306 1120 apud
325 1085 426 1119 Deum,
451 1091 477 1114 et
500 1093 606 1122 magnae
632 1084 774 1121 potestatis
795 1091 858 1111 eum
881 1083 1025 1119 praesidem
1046 1091 1121 1118 esse,
1146 1088 1174 1113 et
1195 1089 1333 1121 potentem
1353 1085 1381 1113 in
1400 1085 1488 1114 ollicio
1510 1094 1571 1114 suo.
1594 1086 1664 1115 Huic

51 1131 95 1158 soli
112 1139 157 1165 per
171 1135 260 1159 totum
276 1133 371 1160 orbem
390 1135 557 1169 poenitentia:
572 1138 693 1169 potestas
713 1132 815 1160 tributa
828 1135 881 1160 est.
904 1131 1004 1160 Potens
1021 1139 1055 1161 ne
1067 1132 1117 1160 tibi
1131 1133 1239 1162 videtur
1256 1134 1334 1162 esse?
1349 1133 1402 1162 Sed
1415 1141 1464 1162 vos
1477 1133 1663 1162 maturitatem

52 1179 123 1214 hujus
136 1184 162 1208 et
176 1181 341 1209 modestiam
357 1182 414 1219 (62)
427 1191 509 1219 quam
529 1184 556 1211 in
572 1191 621 1211 vos
635 1183 728 1216 habet,
743 1182 892 1217 despicitis.

769 1239 884 1268 CAPUT
903 1239 936 1268 ll.

80 1288 142 1318 Dico
153 1290 178 1317 ei
193 1299 200 1317 :
217 1289 359 1327 Interroga
379 1291 480 1325 ipsum.
495 1288 615 1322 domine,
628 1296 661 1316 ex
676 1296 731 1323 quo
749 1288 777 1316 in
792 1289 874 1316 domo
889 1296 949 1315 mea
963 1292 1015 1322 est,
1030 1295 1100 1316 anne
1113 1287 1171 1323 (65)
1184 1287 1286 1324 aliquid
1299 1293 1375 1316 extra
1395 1289 1518 1317 ordinem
1539 1289 1662 1325 fecerim,

51 1339 91 1362 aut
108 1335 133 1362 in
151 1336 244 1371 aliquo
257 1344 319 1364 eum
333 1336 501 1364 oﬁ‘enderim.
522 1334 555 1361 Et
569 1341 630 1370 ego,
650 1334 749 1369 inquit,
765 1334 834 1367 scio,
850 1334 916 1361 nihil
932 1338 1009 1361 extra
1028 1334 1151 1362 ordinem
1172 1333 1270 1362 fecisse
1287 1339 1312 1362 te
1325 1342 1414 1370 neque
1430 1343 1491 1364 esse
1507 1336 1662 1372 iacturum;

50 1385 73 1408 et
91 1381 146 1409 ideo
165 1383 224 1411 haec
241 1383 339 1418 loquor
357 1387 458 1414 tecum,
472 1386 503 1409 ut
513 1387 689 1416 perseveres;
712 1380 782 1408 bene
800 1380 874 1408 enim
893 1379 939 1407 hic
952 1380 986 1407 de
1005 1384 1030 1408 te
1049 1380 1121 1415 apud
1137 1387 1182 1408 me
1197 1380 1372 1408 existimavit.
1387 1380 1429 1410 Tu
1444 1388 1536 1410 autem
1557 1384 1665 1412 caeteris

51 1427 101 1455 lucc
113 1429 192 1457 verba
210 1429 305 1462 dices;
323 1433 353 1456 ut
375 1432 403 1456 et
425 1428 465 1456 illi
480 1427 527 1463 qui
546 1431 661 1463 egerunt
677 1430 725 1454 aut
748 1426 837 1454 acturi
860 1431 925 1454 sunt
945 1426 1150 1461 paenitentiam,
1172 1426 1266 1454 eadem
1287 1434 1349 1462 qua:
1371 1431 1401 1455 tu
1424 1429 1560 1463 sentiant;
1576 1434 1604 1458 et
1619 1430 1665 1459 hic

50 1474 111 1508 apud
126 1482 166 1502 me
183 1475 217 1502 de
232 1475 267 1503 iis
279 1474 335 1510 (6i)
357 1474 571 1508 interpretetur;
592 1477 618 1500 et
635 1480 686 1508 ego
707 1473 778 1507 apud
790 1471 948 1499 Dominum.
968 1470 1002 1499 Et
1018 1479 1079 1507 ego,
1093 1471 1216 1507 inquam,
1230 1472 1348 1505 domine,
1364 1475 1441 1503 omni
1456 1475 1559 1503 homini
1574 1474 1664 1504 indico

51 1521 172 1555 magnalia
187 1520 254 1553 Dei,
276 1527 357 1556 spero
379 1523 470 1547 autem
492 1525 540 1546 eos
559 1524 655 1545 omnes
674 1517 722 1552 qui
743 1521 836 1544 amant
854 1523 906 1550 ea,
938 1521 966 1544 et
985 1521 1048 1545 ante
1068 1522 1261 1552 peccaverunt,
1283 1519 1325 1548 his
1343 1521 1444 1549 auditis
1467 1526 1578 1551 acturos
1602 1530 1665 1552 esse

50 1569 225 1602 paenitentiam
245 1569 312 1604 (65),
327 1568 410 1596 vitam
432 1570 632 1602 recuperantes.
662 1565 796 1593 Permane
817 1573 903 1601 ergo,
934 1565 1033 1601 inquit,
1058 1566 1087 1594 in
1101 1566 1155 1594 hoc
1176 1567 1338 1598 ministerio.
1359 1571 1387 1595 et
1405 1574 1566 1596 consumma
1585 1569 1662 1598 illud.

51 1614 199 1650 Quicunque
218 1619 312 1642 autem
331 1613 459 1641 mandata
481 1612 564 1648 hujus
586 1616 784 1647 exsequuntur,
800 1611 941 1639 habebunt
956 1612 1051 1645 vitam,
1068 1616 1096 1640 et
1111 1612 1155 1640 hic
1166 1612 1222 1647 (66)
1239 1617 1266 1641 et
1282 1614 1353 1649 apud
1366 1615 1513 1644 Dominum
1532 1619 1662 1653 magnum

51 1664 180 1692 honorem.
201 1664 365 1699 Quicunque
380 1670 444 1691 vero
463 1662 544 1698 hujus
564 1661 692 1688 mandata
712 1668 765 1688 non
788 1664 906 1694 servant,
929 1659 1037 1696 fugiunt
1054 1669 1071 1688 a
1092 1660 1148 1689 vita
1168 1669 1217 1689 sua
1240 1666 1267 1690 et
1287 1663 1468 1692 adversantur
1488 1663 1526 1691 illi
1546 1673 1554 1691 :
1575 1668 1602 1691 et
1615 1665 1663 1699 qui

50 1710 166 1739 mandata
186 1711 249 1746 ejus
271 1718 325 1738 non
345 1712 497 1744 sequuntur
512 1707 583 1742 (67),
602 1705 684 1733 morti
709 1713 739 1732 se
760 1704 872 1732 tradunt
893 1704 966 1740 (68);
988 1709 1015 1733 et
1032 1706 1222 1742 unusquisque
1244 1714 1339 1735 eorum
1360 1715 1423 1736 reus
1444 1709 1497 1736 erit
1518 1708 1660 1743 sanguinis

50 1759 96 1786 sui.
119 1759 178 1787 Tibi
201 1763 294 1787 autem
315 1759 396 1792 dico,
419 1760 450 1784 ut
471 1763 563 1784 serves
583 1754 710 1782 mandata
733 1753 789 1780 haec
805 1753 878 1788 (69),
899 1758 927 1782 et
953 1754 1102 1782 remedium
1129 1758 1304 1790 peccatorum
1330 1759 1441 1783 tuorum
1466 1755 1589 1782 omnium
1605 1754 1662 1790 (70)

50 1805 161 1834 habebis.

759 1836 874 1864 CAPUT
890 1835 935 1864 lll.

78 1885 134 1915 Misi
147 1891 240 1914 autem
259 1885 308 1913 tibi
321 1885 370 1912 has
382 1883 502 1919 virgines
517 1883 586 1918 (7i),
604 1887 634 1910 ut
649 1882 772 1910 habitent
791 1887 897 1916 tecum;
920 1882 976 1909 vidi
988 1881 1059 1909 enim
1083 1888 1130 1909 eas
1149 1881 1227 1909 valde
1242 1882 1364 1912 all'ahiles
1379 1883 1428 1912 tibi
1448 1892 1520 1913 esse.
1544 1885 1662 1914 Habebis

50 1935 121 1968 igitur
133 1935 187 1970 (72)
205 1939 237 1962 tu
249 1941 296 1961 eas
311 1931 473 1967 adjutrices,
487 1938 542 1965 quo
564 1930 651 1964 magis
666 1929 755 1964 possis
775 1929 859 1964 hujus
879 1928 1006 1957 mandata
1028 1935 1154 1960 servare;
1179 1935 1233 1956 non
1253 1934 1340 1964 potest
1361 1930 1433 1958 enim
1455 1932 1528 1964 lieri,
1552 1937 1583 1960 ut
1603 1932 1663 1960 sine

49 1980 87 2009 his
100 1981 249 2017 virginibus
264 1980 322 2007 haec
337 1976 467 2005 mandata
484 1979 637 2003 serventur.
662 1973 745 2002 Vides
756 1974 814 2009 (75)
826 1979 918 2001 autem
935 1980 982 2000 eas
999 1972 1115 2000 libenter
1135 1979 1195 2000 esse
1215 1977 1323 2008 tecum;
1342 1975 1389 2002 sed
1403 1979 1431 2003 et
1444 1983 1494 2011 ego
1507 1977 1662 2012 praecipiam

49 2029 93 2062 eis,
109 2034 137 2058 ut
154 2030 268 2058 omnino
288 2036 303 2055 a
321 2027 403 2055 domo
424 2029 470 2052 tua
492 2031 548 2052 non
560 2023 711 2051 discedant.
733 2022 774 2050 Tu
797 2026 903 2050 tantum
926 2022 1089 2050 communda
1101 2021 1157 2056 (74)
1170 2021 1281 2049 domum
1299 2026 1372 2049 tuam
1390 2029 1396 2048 :
1425 2022 1451 2049 in
1469 2024 1570 2051 munda
1589 2025 1662 2051 enim

49 2076 122 2104 domo
143 2077 260 2104 libenter
281 2073 461 2102 habitabunt:
482 2072 590 2100 mundae
611 2075 676 2100 sunt
699 2070 784 2105 enim,
810 2077 892 2106 atque
911 2075 993 2099 castae
1013 2075 1040 2098 et
1058 2070 1211 2104 industriae,
1231 2074 1258 2097 et
1279 2077 1375 2100 Omnes
1393 2071 1524 2100 habentes
1548 2072 1663 2107 gratiam

48 2127 111 2161 apud
129 2127 287 2154 Dominum.
305 2124 387 2160 Igitur
410 2122 432 2150 si
454 2121 581 2149 habueris
596 2121 652 2154 (75)
667 2121 778 2148 domum
800 2125 874 2148 tuam
894 2128 1007 2156 puram,
1028 2125 1117 2147 tecum
1139 2119 1350 2155 permanebunt.
1373 2118 1402 2146 Si
1422 2123 1511 2146 autem
1533 2119 1662 2154 pusillum

49 2172 141 2207 aliquid
164 2171 365 2208 inquinationis
389 2170 528 2200 acciderit.
550 2169 676 2205 protinus
703 2177 719 2196 a
750 2168 833 2196 domo
850 2173 896 2196 tua
922 2168 1065 2201 recedent;
1103 2166 1147 2194 hae
1173 2166 1247 2194 enim
1273 2166 1394 2202 virgines
1420 2166 1524 2194 nullam
1551 2166 1663 2194 omnino

49 2219 154 2255 diligunt
176 2219 406 2255 inquinationem.
433 2218 500 2245 Dico
514 2218 538 2245 ei
555 2226 562 2245 :
578 2216 663 2252 Spero
681 2224 740 2249 me,
755 2216 883 2250 domine,
900 2216 1063 2251 placiturum
1083 2215 1138 2249 eis,
1159 2216 1197 2243 ita
1215 2219 1246 2242 ut
1261 2215 1290 2242 in
1307 2214 1390 2242 domo
1408 2220 1468 2241 mea
1487 2213 1600 2240 libenter
1619 2212 1662 2239 in-

49 2265 162 2294 habitent
179 2273 295 2300 semper.
317 2264 351 2292 Et
371 2265 443 2294 sicut
462 2266 486 2294 is
501 2265 546 2293 cui
566 2273 610 2293 me
628 2264 774 2296 tradidisti,
791 2264 859 2291 nihil
877 2263 911 2292 de
927 2264 1130 2300 me'queritur;
1153 2263 1190 2291 ita
1212 2271 1301 2299 neque
1325 2263 1377 2290 illa:
1392 2265 1549 2298 querentur.
1572 2260 1616 2288 Ait
1626 2260 1658 2288 ad

585 2320 705 2349 VABIA‘J
725 2319 917 2349 LECTlONES
934 2321 979 2348 ET
997 2321 1113 2349 NOTIE.

80 2366 134 2405 (5:5)
152 2367 219 2405 Mss.
234 2367 301 2396 Vict.
317 2373 344 2405 et
353 2369 446 2397 Carm.
460 2369 530 2405 quod
543 2369 711 2404 explevimus.
725 2367 821 2396 Lamb.

49 2402 110 2437 quod
128 2403 313 2437 explicuimus.
327 2403 437 2435 formas.

80 2411 109 2428 oa
128 2411 158 2429 ex
177 2411 333 2435 ncutmus.)

80 2438 133 2471 (55)
152 2411 249 2465 famb.
265 2447 333 2466 mea.

79 2473 132 2507 (56)
151 2473 247 2500 Lamb.
262 2475 324 2501 add.
337 2483 401 2502 esse.

152 2508 249 2546 Lamb.
263 2511 373 2544 peccati.
391 2510 425 2537 Et
435 2518 509 2544 mox,
528 2515 682 2546 equuatw.

80 2541 134 2576 (58)
154 2544 250 2572 Lamb.
263 2541 335 2573 huic.

80 2579 134 2616 (59)
153 2579 343 2616 Lambidomo
357 2582 385 2608 in
399 2589 488 2616 quam.

79 2614 134 2648 (60)
153 2614 218 2642 Mss.
237 2614 319 2648 Vict.,
334 2614 427 2644 Carm.
445 2621 472 2644 ct
486 2616 582 2644 Lamb.
594 2616 667 2643 dedi.

79 2649 133 2684 (6i)
151 2649 247 2679 Lamb.
264 2651 334 2679 vim.

91 2684 133 2721 6‘2)
152 2684 195 2721 ᾼΙ.
209 2686 365 2714 modestiam
377 2686 456 2721 hujus
470 2691 495 2714 et
507 2687 700 2714 uerecundiam.

92 2719 136 2757 65)
155 2720 252 2757 Lamb.
269 2729 313 2749 an.
331 2722 364 2750 Et
377 2719 452 2756 mox,
469 2727 515 2750 aut
529 2723 558 2749 in
570 2731 632 2757 quo.

91 2755 134 2788 δι)
154 2756 249 2784 Lamb.
267 2757 299 2784 de
312 2757 355 2784 his
368 2758 439 2784 bene.

81 2788 134 2826 (65)
153 2791 249 2819 Lamb.
261 2793 306 2828 qui
326 2797 381 2819 tam
395 2797 455 2820 ante
469 2797 651 2827 peccaverunt,
667 2796 691 2819 et
706 2792 762 2820 lucc
777 2800 828 2819 au-

51 2824 130 2864 diunt,
144 2827 252 2864 libenter
264 2824 350 2864 acturi
364 2833 424 2855 sunt
439 2824 529 2864 posuit.

84 2861 136 2896 (66)
156 2862 249 2890 Lamb.
264 2863 293 2890 id
305 2870 354 2891 est.

84 2897 137 2932 (67)
157 2898 250 2927 Lamb.
265 2898 357 2935 fugant
379 2908 396 2927 a
412 2907 438 2928 se
453 2899 542 2934 vitam,
557 2904 581 2928 ct
596 2899 720 2928 adversus
738 2898 825 2932 illum,

877 2377 923 2396 nec
938 2370 1064 2397 mandata
1077 2368 1135 2404 ejus
1148 2374 1304 2404 sequuntur.

913 2405 969 2440 (68)
989 2400 1137 2446 Fcllihedit.
1158 2400 1247 2432 O'xon.
1266 2403 1380 2430 tradent.
1405 2401 1451 2429 Sic
1470 2400 1542 2429 lorte
1561 2403 1611 2437 leg.
1628 2403 1662 2429 ob

929 2447 1005 2470 nens.
1022 2444 1082 2467 erit.

927 2447 1060 2504 agili-1::
1063 2447 1157 2506 I'Vict"
1170 2475 1260 2502 Carm.
1271 2478 1298 2501 ct
1308 2473 1403 2500 Lamb.
1419 2472 1516 2499 servias
1529 2472 1661 2499 mundatis

879 2509 930 2536 Itis.
951 2511 996 2537 Sic
1013 2515 1040 2538 et
1054 2509 1119 2537 Felli
1134 2511 1197 2538 edit.
1212 2509 1300 2537 Oxon.

914 2545 970 2580 (70)
991 2545 1087 2572 Lamb.
1113 2545 1227 2576 desunt.
1259 2549 1363 2570 tuorum
1387 2543 1521 2580 omnium.
1553 2541 1662 2580 Qmittit

878 2577 987 2643 garoqge
1002 2586 1119 2613 tuorum,
1134 2580 1181 2608 sed
1199 2580 1296 2607 retinet
1321 2579 1448 2610 omnium,
1463 2577 1552 2605 Fellus
1569 2577 1597 2604 in
1611 2585 1661 2604 sua

912 2621 942 2643 ιι.
979 2624 1041 2643 xon.

912 2624 942 2643 ιι.
954 2624 1041 2643 UXOll.

915 2624 942 2643 ιι.
954 2624 1041 2643 uxon.

915 2651 971 2687 (7|)
992 2651 1088 2687 Lamb.
1108 2650 1202 2687 turbas?
1219 2649 1358 2687 uirginum.

914 2681 972 2719 (72)
992 2686 1087 2713 Lamb.
1104 2686 1179 2713 deest
1193 2681 1285 2719 igitur.
1306 2683 1396 2711 Fellus
1421 2687 1510 2711 autem
1526 2683 1584 2710 sic:
1604 2681 1661 2709 Ha~

878 2721 947 2749 bebis
963 2729 1024 2754 ergo
1042 2728 1086 2747 eas
1102 2720 1258 2754 adiutrices.

914 2757 971 2791 (73)
990 2752 1055 2784 Mss.
1069 2752 1152 2787 VictI,
1161 2755 1264 2791 _(‘.arm.
1281 2759 1311 2791 et
1322 2753 1520 2791 Lamb._)_’ideo.
1537 2752 1600 2782 Haec
1620 2753 1662 2782 lor

877 2788 1033 2854 cunnilingis
1046 2791 1149 2854 pll)acuit
1160 2789 1286 2852 ngricio
1306 2790 1332 2817 in
1346 2789 1411 2818 edit.
1423 2788 1523 2819 liamb.

913 2835 919 2854 i
1013 2835 1056 2854 am
1079 2847 1086 2854 .
1102 2834 1180 2854 emun
1200 2834 1226 2852 ιι.

1013 2834 1086 2854 amt).
1102 2834 1226 2854 emunaa.

913 2827 959 2861 (74
991 2827 1086 2854 Lamb.
1102 2827 1226 2854 emunda.

914 2827 971 2898 (75)
991 2862 1086 2890 Lamb.
1105 2861 1255 2889 habuerint.
