1913 3102
229 199 296 227 1011
795 193 966 223 APPENDIX
987 193 1032 221 AD
1052 193 1081 221 S.
1103 191 1260 220 HERMAM.
1786 184 1853 211 |0i2

225 261 365 292 pastorem
387 255 463 283 illum
478 264 483 282 :
497 254 583 282 Video
603 263 712 283 servum
727 254 772 282 Dei
792 254 862 282 velle
877 254 969 281 videre
981 253 1038 288 (76)
1052 257 1080 280 et
1099 251 1239 280 custodire
1259 251 1316 278 haec
1337 249 1480 281 mandata;
1503 252 1530 276 et
1544 247 1667 283 virgines
1687 245 1738 273 bas
1751 245 1852 271 munda

228 301 395 330 habitatione
414 302 610 330 collocaturum
626 303 694 338 (77).
718 302 780 330 Haec
804 310 868 330 eum
890 301 1021 334 dixisset,
1043 301 1143 327 iterum
1164 298 1267 334 pastori
1292 297 1331 325 illi
1354 305 1398 324 me
1417 296 1536 330 tradidit,
1557 301 1585 324 et
1606 295 1716 324 vocavit
1731 294 1851 326 virgines

227 354 255 376 et
268 350 338 377 dixit
350 350 391 378 eis
403 349 460 385 (78)
473 358 480 376 :
494 350 631 384 Quoniam
646 351 724 378 video
742 358 790 378 vos
810 351 925 378 libenter
943 351 969 376 in
986 349 1069 376 domu
1082 349 1165 383 hUjus
1188 348 1325 380 habitare,
1345 345 1507 373 commendo
1523 351 1586 372 eum
1603 341 1682 370 vobis
1698 345 1726 368 et
1739 340 1851 367 domum

226 397 305 432 ejus;
323 401 353 425 ut
367 404 384 424 ι
397 396 479 425 domo
494 397 554 432 ejus
573 405 628 425 non
642 395 776 425 recedatis
792 397 915 424 omnino.
931 395 987 423 illae
1000 401 1066 422 vero
1079 393 1196 421 libenter
1208 393 1266 420 haec
1284 393 1367 420 verba
1382 392 1538 419 audierunt.

949 453 1064 483 CAPUT
1085 452 1130 480 iV.

261 504 305 533 Ait
333 503 429 532 deinde
449 503 517 531 mihi
532 511 540 529 :
558 502 679 530 Viriliter
705 502 732 529 in
746 501 899 530 ministerio
919 501 973 530 hoc
993 507 1157 530 conversare
1170 507 1177 525 :
1191 498 1266 526 omni
1289 498 1393 533 homini
1411 496 1501 524 indica
1517 495 1574 531 (79)
1587 491 1727 528 magnalia
1740 490 1806 521 Dei;
1825 494 1852 516 et

226 553 343 581 habebis
357 553 473 588 gratiam
494 552 521 580 in
539 551 593 580 hoc
612 549 778 578 ministerio.
796 549 960 584 Quicunque
974 555 1039 583 ergo
1056 548 1083 574 in
1099 547 1143 574 his
1160 544 1297 574 mandatis
1314 544 1506 575 ambulaverit,
1523 543 1597 570 vivet
1620 546 1649 569 et
1671 540 1739 568 felix
1755 540 1809 567 erit
1825 539 1852 565 in

228 599 282 627 vita
296 606 367 627 sua:
385 598 543 634 quicunque
557 605 623 625 vero
640 597 806 633 neglexerit,
823 605 879 625 non
895 596 970 624 vivet
988 601 1016 624 et
1037 595 1090 623 erit
1105 594 1197 623 infelix
1213 594 1240 621 in
1251 593 1306 621 vita
1323 600 1384 621 sua.
1402 591 1451 619 Dic
1469 590 1607 622 omnibus,
1624 593 1655 616 ut
1672 595 1729 616 non
1745 592 1853 614 cessent

227 633 402 681 (quicunque
419 649 492 674 recte
515 644 607 673 facere
627 645 752 680 possunt)
772 644 843 672 bona
865 651 949 679 opera
971 650 1120 671 exemere:
1141 642 1208 670 utile
1228 645 1270 670 est
1286 640 1349 668 illis.
1373 639 1440 667 Dico
1462 643 1563 670 autem,
1578 643 1691 665 omnem
1712 633 1852 661 hominem

226 692 261 720 de
281 693 461 722 incommodis
484 693 552 728 eripi
577 697 713 729 oportere.
739 692 765 720 is
787 692 861 720 enim
881 692 929 727 qui
954 696 1014 727 eget
1033 691 1104 726 (80),
1126 695 1155 720 et
1176 691 1204 718 in
1226 689 1382 725 quotidiana
1404 688 1460 714 vita
1483 687 1585 723 patitur
1614 681 1808 713 incommoda:
1826 681 1852 708 in

226 748 327 776 magno
345 745 482 770 tormento
503 746 545 770 est
566 749 600 770 ac
624 741 786 769 necessitate
802 741 871 777 (81).
903 740 1034 776 Quisquis
1054 740 1137 776 igitur
1156 737 1345 774 hujuscemodi
1374 736 1493 764 animam
1515 733 1595 768 eripit
1615 732 1649 759 de
1669 729 1852 759 necessitate;

226 794 357 821 magnum
378 788 508 824 gaudium
522 787 573 816 sibi
588 788 716 823 acquirit.
739 787 808 816 Nam
830 788 854 816 is
872 788 920 824 qui
934 787 1090 823 hujnsmodi
1109 790 1222 815 vexatur
1246 784 1420 813 incommodo
1432 803 1440 815 ,
1461 783 1521 817 pari
1540 784 1678 810 tormento
1698 778 1852 824 cruciatur.

226 841 309 870 atque
323 842 354 863 se
368 821 477 872 torquet
497 836 520 864 is
532 835 588 873 (82)
606 821 655 871 qui
676 836 702 864 in
716 836 834 864 vinculis
850 821 903 864 est.
920 821 997 863 Multi
1016 835 1089 863 enim
1106 838 1216 869 propter
1237 831 1396 867 huiusmodi
1418 828 1600 860 calamitates,
1616 832 1681 853 cum
1699 830 1749 850 eas
1768 821 1853 849 susti<

227 869 293 910 nere
305 882 361 918 (83)
375 869 430 910 non
448 869 583 918 possunt,-
594 869 710 912 mortem
726 884 778 912 sibi
795 884 972 913 consciscunt
983 883 1052 919 (84).
1074 882 1127 916 Qui
1142 881 1218 909 novit
1237 880 1321 916 igitur
1342 878 1526 907 calamitatem
1541 871 1702 910 huiusmodi
1722 869 1852 899 hominis.

226 935 255 961 ει
273 939 328 961 “0"
345 932 426 967 ετίρίι
442 940 520 966 eum;
542 940 671 967 magnum
693 937 837 968 peccatum
857 932 988 965 admittit,
1009 936 1036 959 et
1055 931 1086 958 ﬁt
1103 938 1167 958 reus
1187 928 1329 964 sanguinis
1351 927 1421 962 ejus.
1444 925 1537 953 Facite
1558 923 1643 959 igitur
1663 928 1751 956 opera
1772 919 1851 947 born.

227 966 395 1013 quicunque,
404 977 547 1013 accepistis
563 986 579 1005 a
591 966 728 1012 homine;
751 985 787 1006 ne
801 978 866 1005 dum
882 976 1032 1005 moramini
1043 975 1100 1012 (85)
1119 975 1220 1006 facere,
1236 975 1443 1001 consummetur
1464 973 1602 998 structura
1623 966 1729 998 turris;
1744 968 1853 999 propter

227 1031 277 1053 vos
288 1024 361 1053 enim
379 1025 567 1053 intermissum
579 1029 621 1054 est
635 1033 704 1060 opus
719 1011 908 1054 mdiiicationis
921 1025 991 1060 ejus.
1008 1024 1068 1052 Nisi
1086 1024 1169 1059 igitur
1184 1020 1382 1050 iestinaveritis
1400 1019 1491 1046 facere
1508 1021 1592 1048 recte,
1610 1011 1852 1043 consummabitur

227 1071 329 1104 turris,
348 1075 376 1100 et
390 1071 584 1100 excludemini.
606 1073 759 1108 Postquam
779 1080 844 1101 vero
864 1073 973 1103 locutus
993 1076 1036 1100 est
1055 1079 1181 1103 mecum,
1200 1069 1319 1098 surrexit
1341 1068 1375 1096 de
1391 1068 1480 1099 lecto;
1504 1070 1531 1093 et
1551 1063 1727 1099 apprehenso
1747 1065 1854 1095 pastore

226 1117 426 1151 et'virginibus,
445 1117 511 1144 abiit
527 1116 594 1153 (86).
620 1105 694 1147 Dixti
706 1123 800 1148 autem
821 1119 889 1146 mihi
905 1118 981 1147 remi!

1104 1125 1134 1145 se
1149 1121 1287 1153 pastorem
1302 1114 1358 1151 (87)
1374 1114 1450 1143 illum
1461 1134 1470 1147 ,
1483 1111 1643 1147 etvirgines
1662 1109 1727 1139 illas
1748 1106 1805 1143 (38)
1827 1105 1853 1132 in

227 1163 341 1193 domum
360 1172 449 1193 meam
463 1164 531 1200 (89).

772 1235 889 1264 VARIAE
908 1234 1100 1264 LECTIONES
1119 1234 1163 1262 ET
1183 1231 1303 1261 NOTAE.

264 1296 322 1335 (Z9)
339 1297 432 1335 Feilus
446 1298 548 1335 aliique
562 1298 711 1335 conjiciunt
726 1299 883 1334 legendum,
895 1298 987 1325 vivere.
1102 1297 1159 1335 (ἓξ)
1180 1295 1275 1335 μίξει).
1293 1294 1439 1335 adducunt.

263 1321 322 1368 ὶέιῆ
340 1321 435 1361 una;
446 1321 711 1362 ὶὶὶῒᾶιίιὶιῖὦ⁸.””’“’”
727 1321 883 1334 ’”¹³“”““”’“
1102 1321 1160 1368 res)
1179 1321 1513 1368 Eodl::tarrlatit_._iiamb.
1528 1321 1688 1368 tardaﬁini:

278 1358 322 1402 ᾖ)
454 1358 656 1397 έίἷθῑ
667 1368 767 1396 Fellns.
1103 1358 1160 1403 (86)
1179 1365 1246 1394 Mss.
1260 1364 1340 1400 Angl.
1363 1363 1441 1396 abiit,
1465 1362 1553 1388 dicens
1577 1358 1642 1386 mihi
1671 1360 1853 1383 nmmum"!

279 1404 322 1437 79)
341 1403 437 1431 Lamb.
454 1405 561 1432 omnino
577 1404 677 1432 indica.
1068 1407 1210 1437 pastorem:

279 1435 324 1475 80)
345 1438 439 1475 Lamb-
457 1439 493 1466 Ει
504 1439 545 1466 Ῑιίὸ
565 1440 634 1466 enim
645 1441 708 1475 quia
722 1443 789 1474 eget.
1069 1435 1074 1437 ’
1105 1437 1161 1475 (87)
1182 1435 1232 1475 his.
1246 1435 1340 1475 Carm;
1352 1439 1538 1475 remorsurum
1550 1435 1697 1465 pastorem.

267 1468 325 1510 (8i)
346 1474 442 1510 Lami).
459 1475 508 1501 hac
523 1483 619 1502 access.
651 1468 656 1475 ”
737 1468 748 1474 ”
1182 1470 1285 1510 bamb;
1299 1470 1385 1502 deest,
1400 1468 1473 1510 illus.
1595 1508 1604 1510 ξ
1616 1500 1624 1510 1
1637 1499 1666 1510 ω
1699 1499 1776 1510 “ﬂ
1814 1494 1840 1510 εἰ

267 1497 325 1545 eis
345 1497 442 1545 rgat:
459 1497 619 1545 Qiialw'"

1106 1497 1162 1542 (89)
1182 1497 1442 1545 Carm-post
1467 1510 1566 1534 meant,
1593 1499 1668 1527 addit
1691 1499 1787 1525 Amen.
1814 1497 1855 1523 Sic

267 1537 325 1579 (83)
344 1544 440 1572 Lamb.
458 1537 578 1579 sufferre.
1071 1537 1180 1577 quoque
1195 1541 1285 1568 Fellus
1300 1540 1327 1567 in
1341 1539 1406 1567 edit.
1419 1537 1508 1566 Oxon.

249 1611 1851 1636 Μ

413 1697 896 1777 APPENDIX
958 1696 1084 1772 AD
1146 1693 1225 1772 S.
1290 1690 1697 1771 HERMAM

859 1905 1068 1934 SANCTARUM
1099 1903 1266 1932 VIRGINUM

442 1991 772 2045 PUDENTIANJE
803 1991 894 2040 (SEU
935 1987 1257 2067 POTENTiAN/E
1288 1987 1352 2036 ET
1396 1986 1643 2037 PRAXEDIS

929 2093 1138 2161 ACTA

494 2216 769 2263 AUCTORE
805 2216 852 2261 S.
889 2212 1156 2260 PASTORE
1194 2210 1588 2259 PRESBYTERO

562 2383 861 2440 NOTITIA
902 2383 973 2439 IN
1020 2381 1078 2438 S.
1124 2377 1522 2436 PASTOREM.

652 2491 721 2522 (Actu
740 2494 876 2516 sanctorum
897 2489 1019 2520 Bonam,
1043 2489 1102 2514 Julii
1114 2491 1170 2512 tom.
1184 2487 1226 2517 γι,
1238 2487 1279 2511 die
1289 2485 1330 2516 27,
1343 2492 1367 2516 p.
1380 2483 1449 2514 299.)

272 2565 299 2592 Ι.
315 2564 445 2593 Sanctum
456 2566 529 2594 hunc
543 2568 652 2596 exhibet
662 2568 742 2596 hodie
760 2568 839 2596 nobis
855 2568 1014 2604 Martyrolo-
1027 2559 1053 2589 Δ
1066 2571 1177 2592 manum
1189 2560 1433 2598 Martyrologium?
1446 2559 1489 2586 An
1501 2556 1678 2585 Bellnianum
1695 2555 1762 2583 anui
1774 2553 1851 2582 M98?

236 2608 308 2642 gium
324 2608 476 2638 Romanum
492 2611 536 2639 bis
559 2612 646 2639 verbis
662 2620 669 2638 :
688 2621 698 2637 ι
716 2611 780 2640 Item
796 2611 903 2644 Romae,
926 2602 1014 2638 sancti
1067 2609 1124 2637 Hoc
1143 2613 1266 2641 certum,
1290 2615 1344 2634 non
1361 2606 1405 2641 agi
1426 2606 1479 2633 hoc
1494 2605 1557 2632 loco
1571 2603 1605 2630 de
1628 2602 1759 2630 Romano
1775 2606 1850 2636 pan-‘0

236 2653 357 2683 Pastoris
377 2657 537 2692 presbyteri,
549 2657 628 2692 cujus
648 2657 757 2684 nomine
769 2657 864 2686 titulus
878 2660 969 2684 exstat
986 2656 1013 2683 in
1066 2665 1114 2684 seu
1127 2655 1221 2688 veteri,
1239 2654 1312 2690 quod
1327 2652 1496 2688 Bosweydus
1508 2650 1615 2679 edidit:
1634 2649 1711 2677 istud
1724 2648 1795 2677 enim
1807 2653 1849 2673 nec

239 2699 365 2728 Viminali
375 2702 445 2736 apud
457 2702 585 2730 Sanctam
595 2702 802 2730 Pudentianam.
816 2712 825 2728 ι
840 2702 973 2730 Baronius
987 2701 1014 2729 in
1066 2703 1155 2730 visum
1171 2709 1186 2729 a
1202 2701 1318 2728 Baronio
1332 2699 1393 2732 fuit,
1409 2705 1496 2733 neque
1508 2698 1541 2725 de
1557 2696 1587 2724 S.
1602 2696 1721 2724 Pastore
1737 2692 1850 2722 meminit

236 2745 458 2775 adnotationibus
471 2749 505 2776 ad
517 2754 620 2776 textum
635 2748 819 2784 Martyrologii
832 2750 942 2776 citatum
956 2748 1014 2775 haec
1066 2749 1184 2783 uspiam.
1200 2747 1258 2775 imo
1284 2754 1336 2774 nec
1356 2746 1504 2774 admodum
1521 2748 1599 2771 vetus
1614 2751 1678 2770 esse
1702 2742 1849 2770 Romanum

237 2790 330 2818 subdit
342 2792 411 2820 inter
424 2794 477 2821 alia
490 2803 496 2820 :
519 2794 593 2822 «Non
608 2798 712 2822 tantum
728 2795 755 2822 in
779 2795 862 2822 veteri
889 2794 1013 2821 Romano
1066 2794 1143 2828 illud,
1155 2793 1228 2828 quod
1246 2793 1274 2820 in
1290 2792 1481 2821 observatione
1494 2790 1651 2818 Baroniana
1667 2790 1778 2822 t-italur,
1791 2786 1849 2814 inde

238 2834 439 2883 M“ll‘li'l‘ologio,
455 2839 502 2866 sed
516 2844 544 2866 et
559 2839 586 2866 in
598 2839 717 2874 antiquis
730 2840 921 2874 manuscriptis
936 2840 969 2867 de
981 2848 1014 2867 eo
1066 2841 1130 2867 licet
1154 2840 1288 2874 conjicere
1299 2860 1306 2872 ,
1322 2838 1394 2874 quod
1419 2837 1593 2865 annuntiatio
1618 2835 1649 2863 S.
1665 2835 1786 2863 Pastoris
1802 2833 1847 2860 ho-

240 2880 328 2914 agitur
342 2880 390 2910 hac
405 2883 457 2921 die,
471 2894 480 2922 ρ
496 2885 530 2912 At
541 2884 675 2923 quodnam
688 2885 731 2921 hic
744 2886 946 2923 appellandus
959 2885 1014 2913 Ro-
1069 2885 1161 2913 diei-na
1175 2906 1181 2919 ,
1197 2885 1233 2913 ibi
1243 2906 1250 2920 ,
1265 2889 1295 2914 ut
1312 2885 1453 2918 asseritur,
1479 2889 1624 2919 expressa,
1645 2888 1768 2912 veterum
1781 2886 1846 2909 mar
