1913 3102
29 185 86 213 1015

28 241 191 277 tyrologorum
210 237 277 265 nulli
293 236 451 265 innotuerit.
471 237 564 264 Altum
580 240 653 264 certe
670 236 703 264 ad
717 236 790 263 hunc
804 238 827 267 Α

28 288 86 314 diem
108 285 134 313 in
149 283 349 318 exemplaribus
359 282 586 318 Hieronymianis,
599 283 679 310 etiam
693 282 792 316 saepius

28 332 115 363 auctis,
137 331 169 358 de
187 329 303 358 Pastore
328 329 486 361 silentium;
507 333 597 356 tacent
611 328 645 356 ad
665 327 792 356 eumdem

29 379 97 410 Beda,
108 377 214 410 Florus,
226 375 445 409 Wandelbertus,
459 374 598 409 Rabanus,
607 374 676 408 Ado,
689 373 791 401 Usuar-

29 427 78 459 dus,
92 425 244 452 Notlterus:
264 428 295 452 ut
315 423 384 451 adeo
398 431 454 451 non
465 424 588 450 videatur
606 423 658 450 hac
675 421 719 449 die
731 425 793 448 ante

30 472 140 500 saeuiunt
155 479 172 498 ι
187 470 216 497 S.
227 469 349 498 Pastoris
360 476 460 497 nomen
472 468 664 496 ecclesiasticis
677 466 794 501 coepisse

31 519 102 546 Fastis
117 517 217 545 ascribi
230 525 238 550 ;
253 516 276 544 si
291 520 383 543 tamen
397 515 477 542 etiam
489 519 546 542 tum
557 513 688 549 coeperit:
706 519 795 548 neque

31 565 89 592 enim
106 562 170 591 satis
187 565 329 597 perspecta
352 559 432 588 nobis
453 564 495 587 est
515 563 580 587 aetas
606 559 663 586 sive
692 557 794 585 codicis

31 609 236 644 \'aticani,qucm
252 607 280 635 in
296 607 425 635 auctariis
442 607 519 634 Bedze
527 614 559 633 ac
567 605 637 632 Flori
652 605 794 632 cilavimus

32 655 100 682 hodie
109 658 168 681 ante
184 658 289 681 tomum
302 653 452 681 secundum
470 651 569 684 Martii,
588 652 645 679 sive
663 651 794 686 appendi-

31 709 81 728 cum
94 699 205 728 Usuardi
221 707 235 726 a
250 699 327 726 nobis
337 698 412 731 editi,
426 699 453 725 in
468 699 568 733 quibus
578 698 630 725 hoc
644 697 688 725 die
704 697 732 724 S.
745 696 795 724 Pa-

31 748 98 773 storis
109 745 258 781 presbyteri
268 749 296 772 et
304 743 472 772 confessoris
483 744 613 770 memoria
626 743 794 774 celebratur;

31 792 163 820 Florarium
183 799 249 819 vero
271 795 429 819 sanctorum
450 797 516 822 ms.,
530 790 604 825 quod
629 796 693 817 eum
716 787 797 816 hodie

31 838 63 865 sic
78 838 228 871 annuntiat,
243 846 252 863 ι
267 837 374 868 Romze,
388 835 511 864 Pastoris
528 834 675 870 presbyteri
688 838 715 862 et
732 841 797 861 con-

31 884 137 917 fessoris,
156 893 165 909 1
183 883 274 911 medio
288 882 396 910 circiter
417 881 516 909 saeculo
532 889 566 908 xv
590 884 732 908 exaratum
745 883 795 907 est.

59 929 83 956 2.
100 929 150 957 Sed
167 936 257 963 neque
271 928 383 963 antiqua
397 927 442 955 il‘la
456 926 642 961 manuscripta
652 926 779 953 novimus
789 945 796 958 ,

32 975 54 1001 in
67 975 158 1010 quibus
173 975 208 1002 de
224 973 252 1001 S.
266 973 377 1002 Pastore
391 973 494 1008 agihac
505 973 548 1000 die
562 972 678 1006 dicitur;
694 972 745 999 nisi
756 971 798 998 vel

31 1022 137 1049 auctaria
155 1022 213 1056 jam
229 1021 339 1048 laudata
357 1020 558 1056 intelligantur;
575 1019 617 1047 vel
634 1027 718 1046 unum
733 1018 799 1046 illud

32 1068 250 1100 manuscriptum,
272 1066 306 1094 de
329 1073 385 1101 quo
407 1066 436 1093 in
455 1065 551 1093 iisdem
573 1065 800 1094 adnotationibus

32 1114 150 1142 Baronius
165 1113 265 1141 asserit
278 1122 284 1140 :
304 1123 313 1138 ι
329 1112 466 1140 Habemus
482 1113 510 1140 in
529 1115 623 1140 nostra
635 1111 799 1139 bibliotheca

32 1169 68 1188 res
80 1165 163 1196 gestas
174 1160 263 1187 sancti
275 1159 407 1193 Pastoris,
423 1166 469 1186 seu
487 1159 579 1193 potius
593 1157 760 1193 panegyrim,
773 1157 800 1183 in

32 1208 68 1235 die
79 1208 158 1235 natali
171 1207 232 1243 ejus
246 1207 347 1235 alicubi
363 1207 390 1234 in
405 1206 520 1234 ecclesia
541 1205 594 1241 legi
614 1205 733 1233 solitam.
753 1204 801 1233 Est

32 1253 81 1287 ejus
91 1253 250 1281 exordium:
268 1251 425 1279 Sanctorum
447 1251 567 1286 vestigia,
589 1254 640 1278 etc.
659 1249 716 1277 Hoc
729 1250 800 1278 enim

33 1298 101 1325 nobis
116 1298 209 1326 Romae
224 1305 240 1326 e
250 1297 414 1325 bibliotheca
427 1295 608 1324 Vallicellensi
626 1295 743 1323 describi
758 1303 802 1322 ro-

33 1345 154 1379 gavimus,
173 1344 246 1379 quod
261 1351 276 1371 a
303 1347 380 1371 tanto
394 1343 454 1370 viro
478 1342 619 1370 laudatum
634 1345 728 1369 esset:
755 1341 802 1368 sed

33 1391 91 1418 adeo
108 1391 204 1418 misere
227 1390 394 1424 descriptum
418 1389 593 1424 accepimus.
616 1391 647 1415 ut
671 1387 803 1415 mutando

33 1443 218 1472 nonnunquam
234 1435 326 1471 aliqua
339 1438 387 1462 aut
399 1434 524 1462 addendo
534 1433 666 1468 compleri
678 1441 726 1468 per
737 1439 804 1460 con-

32 1481 152 1514 jecturam
177 1483 319 1510 sententia:
334 1481 458 1509 debeant.
475 1479 545 1507 Tum
561 1487 626 1508 vero
641 1480 737 1515 stylus,
754 1479 804 1506 fal-

35 1528 78 1556 lor.
85 1529 105 1556 si
113 1529 220 1565 longam
234 1529 306 1564 sapit
316 1527 515 1563 antiquitatem.
524 1526 585 1562 Ipsa
592 1535 658 1554 vero
668 1527 749 1561 hujus
757 1533 804 1559 pa-

35 1575 155 1610 negyricos
163 1575 299 1603 orationis
316 1574 430 1602 materia
441 1573 582 1601 historiam
598 1573 686 1600 sancti
699 1572 805 1600 modice
818 1583 839 1612 ρ

36 1626 62 1646 ac
72 1627 128 1647 raro
143 1621 268 1656 attingit;
286 1627 373 1654 neque
388 1619 430 1647 vel
443 1620 482 1647 sic
496 1623 587 1647 tamen
600 1619 666 1646 satis
680 1617 804 1646 feliciter.

36 1663 191 1699 Dispescitur
220 1666 255 1693 ad
285 1673 364 1692 usum
386 1665 600 1693 ecclesiasticum
626 1664 653 1691 in
677 1664 806 1692 lectiones

37 1718 138 1744 novem;
152 1719 271 1747 quarum
288 1711 348 1738 duae
373 1711 475 1746 priores
490 1710 634 1746 prologum
647 1710 805 1742 continent;

36 1757 109 1789 omni,
121 1762 151 1785 ut
166 1758 221 1785 dici
244 1757 323 1790 solet,
340 1761 368 1785 et
391 1756 457 1784 nulli
476 1756 684 1784 convenientem
699 1764 706 1782 :
728 1755 806 1782 tertia

37 1803 150 1831 hortatur
164 1804 198 1832 ad
217 1804 349 1831 imitanda
367 1802 399 1830 B.
413 1802 536 1830 Pastoris
562 1801 696 1836 exempla,
714 1801 807 1828 docet-

36 1857 90 1883 que,
105 1850 175 1878 hunc
191 1850 277 1878 fuisse
291 1850 376 1877 nobili
388 1849 481 1876 Roma:
494 1848 622 1884 prosapia
642 1848 806 1879 oriundum;

37 1896 123 1923 deinde
137 1896 254 1931 apostoli
274 1895 352 1923 Pauli
369 1895 545 1930 discipulum,
559 1901 612 1921 una
634 1901 696 1921 cum
715 1892 808 1920 Timo—

38 1941 107 1975 theo;
123 1947 178 1969 tum
192 1942 227 1969 ab
238 1941 332 1969 eodem
345 1940 476 1975 Apostolo
490 1943 679 1968 consecratum
694 1939 808 1973 presby-

37 1992 133 2021 terum;
145 1988 232 2015 multa
245 1995 354 2022 passum
370 1986 421 2014 sub
428 1986 564 2013 Antonino
575 1985 808 2020 imp.,eruditum,

37 2033 180 2061 animarum
208 2037 347 2068 pastorem
367 2032 511 2065 sedulum;
545 2031 618 2067 quod
640 2035 808 2066 postremum

39 2080 208 2114 ampliﬁcatur
222 2079 429 2107 enumeratione
442 2078 574 2106 virtutum
592 2077 625 2105 ad
641 2077 698 2104 veri
717 2081 810 2112 pasto-

38 2126 72 2154 ris
85 2126 201 2155 ofﬁcium
224 2125 429 2162 pertinentium,
445 2132 507 2160 quas
536 2123 618 2151 simul
642 2131 738 2151 omnes
759 2123 811 2150 Pa-

39 2173 97 2199 stori
111 2178 203 2202 nostro
218 2172 384 2205 tribuuntur,
398 2179 433 2199 ne
448 2171 530 2198 unius
548 2170 656 2205 quidem
671 2169 735 2198 facti
755 2169 811 2196 sin-

39 2219 130 2252 gularis
145 2224 192 2247 aut
204 2219 329 2246 historici.
349 2218 420 2245 tacta
437 2216 591 2249 mentione,
614 2222 702 2250 uSque
716 2214 749 2242 ad
770 2215 810 2242 le-

813 914 835 941 B

484 179 534 207 SS.
555 176 785 207 PUDENTIANAE
804 176 849 204 ET
865 173 1038 204 PRAXEDlS
1056 173 1157 201 ACTA.

1553 170 1624 199 1οη

840 230 957 269 εει-ἰρείιί
968 232 1065 261 Totum
1079 238 1144 266 ergo
1154 234 1260 266 tempus
1270 228 1334 257 dum
1347 227 1374 256 in
1385 227 1437 256 hoc
1448 228 1547 256 saeculo
1556 229 1626 257 vixit

843 281 939 309 beatus
967 278 1073 311 Pastor,
1088 278 1144 305 Deo
1166 283 1196 304 se
1219 275 1335 308 dicavit,
1355 279 1382 302 et
1407 274 1575 302 incessanter
1596 275 1625 303 in

844 327 915 355 illius
939 325 1072 361 obsequio
1094 329 1290 360 perseverans,
1304 321 1419 349 cunctis.
1434 319 1528 348 Romae
1545 320 1625 348 Chri-

843 373 939 401 stianis
958 371 1099 407 speculum
1111 378 1141 398 se
1153 369 1284 405 praebuit,
1299 367 1367 395 illud
1384 366 1538 402 adimplens
1552 367 1626 402 quod

843 420 976 448 Dominus
988 419 1042 446 ait:
1058 418 1103 446 Sic
1115 417 1200 444 luceat
1212 416 1259 443 tua:
1270 420 1357 443 vestra
1368 422 1458 442 coram
1465 414 1626 448 hominibus,

844 471 873 493 ut
888 466 993 493 uideant
1015 473 1094 500 opera
1113 467 1199 491 oestro
1212 466 1279 489 bona
1290 482 1298 495 ,
1321 465 1346 489 et
1359 461 1507 497 gloriﬁcent
1521 460 1628 487 Patrem

844 518 968 545 oestrum,
980 512 1025 547 qui
1038 512 1067 538 in
1077 510 1148 538 cretis
1162 515 1200 538 est
1211 510 1220 545 (
1228 509 1325 537 Matth.
1338 516 1365 541 v,
1374 507 1430 542 i6).
1449 507 1533 543 Igitur
1550 515 1628 543 egro-

845 559 905 593 gius
930 558 1033 586 Christi
1056 557 1155 585 Pastor
1177 555 1306 591 migravit
1319 555 1353 582 ad
1379 554 1485 590 gaudia-
1504 554 1630 589 polorum

845 605 961 640 septimo
975 604 1109 632 Kalendas
1120 602 1239 638 Augusti
1253 622 1262 635 ,
1277 605 1437 629 sanctorum
1452 600 1575 629 omnium
1588 606 1632 627 re-

847 652 1035 680 muneratione
1058 650 1134 677 illum
1155 649 1193 676 ita
1211 651 1347 676 vocante:
1365 646 1454 682 Euge,
1470 653 1542 673 sane
1568 645 1632 672 bone

846 704 870 726 et
891 697 992 733 ﬁdelis;
1005 697 1078 732 {quia
1098 703 1179 730 super
1210 702 1298 729 postea
1320 693 1396 728 fuisti
1416 691 1523 727 ﬁdelis,
1550 698 1634 726 supra

847 744 931 772 multa
946 748 970 770 te
988 742 1166 770 constituam:
1182 741 1254 768 intra
1276 740 1305 766 in
1319 738 1447 775 gaudium
1461 737 1570 764 Domini
1594 736 1633 763 tui

848 789 956 825 (Matth.
963 796 1028 822 xxv,
1035 788 1068 815 2i
1074 788 1093 822 ).
1100 786 1184 822 Cujus
1191 785 1435 821 corpusconditum
1442 788 1484 812 est
1491 783 1517 810 in
1534 789 1633 817 supra-

848 836 920 864 dicto
935 835 1014 863 titulo
1032 841 1095 862 cum
1109 832 1279 861 aromatibus
1292 840 1299 858 :
1313 831 1361 859 ubi
1376 837 1464 866 usque
1479 829 1508 856 in
1522 828 1633 868 hodier-

848 890 914 910 num
931 881 1003 909 diem
1023 880 1094 908 Deus
1110 878 1266 914 impertitur
1281 877 1367 904 multa
1385 883 1436 911 pro
1451 874 1509 903 suis
1529 872 1634 902 meritis

850 937 882 956 ac
895 928 1019 963 precibus
1033 926 1178 959 beneﬁcia;
1193 927 1322 959 regnante
1332 921 1448 950 Domino
1461 924 1555 948 nostro
1568 918 1635 946 Jesu

848 975 968 1008 Christo,
983 974 1028 1002 cui
1051 973 1111 1001 laus
1121 993 1129 1007 ,
1143 977 1170 1000 et
1194 973 1295 1004 honor,
1310 974 1338 997 et
1353 968 1440 997 virtus
1451 988 1458 1000 ,
1474 971 1501 995 et
1515 969 1635 1004 potestas

849 1029 912 1049 cum
934 1020 1015 1048 Patre
1035 1023 1188 1054 sanctoque
1210 1017 1334 1044 Flamine
1348 1023 1395 1051 per
1416 1013 1522 1042 inﬁnita
1535 1012 1634 1040 saecula

850 1067 1023 1096 saeculorum.
1038 1066 1136 1094 Amen.
1152 1073 1162 1091 ι

885 1116 912 1143 4.
927 1114 1007 1149 Quod
1022 1114 1067 1142 hic
1081 1113 1182 1141 dicitur
1198 1111 1228 1140 S.
1244 1111 1347 1139 Paulus
1363 1108 1503 1145 apostolus
1519 1106 1631 1134 titulum

850 1162 972 1190 Pastoris
992 1167 1186 1191 consecrasse,
1212 1158 1254 1190 id,
1280 1157 1397 1192 ipsomet
1417 1154 1529 1183 Pastore
1549 1156 1635 1186 teste,

851 1208 950 1235 falsum
963 1210 1024 1240 est;
1038 1207 1090 1234 hoc
1104 1205 1176 1233 enim
1191 1204 1220 1232 S.
1232 1203 1282 1231 Pio
1293 1210 1385 1238 papae,
1405 1208 1462 1228 non
1473 1199 1556 1227 Paulo
1570 1205 1636 1233 apo-

852 1253 932 1285 stolo,
954 1251 1102 1280 ascribitur
1122 1251 1150 1278 in
1170 1249 1245 1277 Actis
1263 1247 1313 1275 SS.
1330 1246 1505 1276 Pudentianae
1522 1249 1550 1273 et
1567 1243 1636 1271 Pra-

852 1299 938 1328 xedis.
958 1298 1104 1326 Conditum
1122 1303 1189 1324 vero
1202 1295 1289 1323 fuisse
1305 1293 1334 1321 S.
1349 1292 1490 1320 Pastorem
1511 1290 1538 1320 in
1552 1289 1638 1318 eccle-

853 1348 894 1376 sia
919 1346 990 1374 tituli
1016 1345 1070 1378 sui,
1085 1352 1118 1372 ex
1141 1344 1194 1371 hac
1218 1342 1335 1370 forsitan
1363 1339 1499 1370 historia,
1519 1336 1638 1365 afﬁrmat

853 1394 935 1422 etiam
954 1392 1092 1427 Aringhus
1115 1391 1144 1418 in
1164 1389 1249 1417 Roma
1273 1387 1444 1414 subterranea
1459 1389 1526 1412 tom.
1540 1382 1573 1415 ll,
1588 1382 1636 1410 lib.

855 1448 892 1474 Iv,
906 1447 968 1475 cap.
989 1438 1039 1472 45,
1055 1444 1132 1465 num.
1148 1436 1181 1468 i;
1201 1435 1241 1463 uti
1258 1439 1286 1462 et
1307 1432 1406 1460 Piazza
1426 1431 1454 1458 in
1478 1428 1639 1458 Sanctuart'o

854 1485 973 1513 Romano
998 1484 1032 1512 ad
1055 1483 1129 1510 hunc
1152 1481 1225 1509 diem
1247 1487 1312 1507 xxv:
1338 1478 1413 1505 Julii.
1434 1475 1546 1504 Videtur
1571 1479 1638 1508 ergo

855 1531 928 1559 aliud
949 1537 1010 1559 esse
1037 1528 1125 1557 sancti
1150 1525 1292 1561 cujusdam
1315 1522 1455 1555 Pastoris,
1479 1526 1507 1549 et
1529 1520 1639 1556 quidem

856 1577 996 1613 martyris,
1012 1567 1123 1610 corpus,
1139 1572 1211 1609 quod
1229 1579 1292 1599 cum
1313 1570 1374 1598 aliis
1388 1575 1483 1596 recens
1498 1567 1639 1595 inventum

857 1631 919 1652 cum
932 1612 1111 1656 inscriptione
1125 1618 1255 1650 nominis,
1273 1616 1360 1644 Roma
1376 1614 1529 1642 Bononiam
1543 1612 1577 1640 ad
1589 1618 1639 1638 nos

857 1669 1018 1698 translatum
1034 1667 1085 1696 fuit
1105 1673 1177 1693 anno
1202 1663 1287 1695 1614,
1306 1662 1350 1689 die
1364 1669 1399 1688 xx
1413 1659 1528 1695 Aprilis.
1546 1656 1639 1686 Nostri

858 1719 949 1743 autem
972 1713 1094 1741 Pastoris
1117 1710 1211 1739 nescio.
1235 1707 1301 1744 quid
1325 1706 1500 1741 reliquiarum
1527 1710 1588 1731 esse
1611 1702 1639 1729 in

859 1758 1046 1791 monasterio,
1072 1764 1120 1785 seu
1140 1754 1275 1787 ecclesia,
1294 1752 1324 1780 S.
1351 1750 1473 1779 Silvestri
1489 1749 1522 1777 de
1545 1747 1639 1782 Capite

859 1807 964 1838 Romae,
980 1804 1078 1833 asserit
1089 1802 1263 1831 Giacchettus
1277 1800 1304 1828 in
1314 1798 1433 1826 Historia
1444 1796 1536 1823 Italica
1549 1795 1638 1822 eccle-

860 1852 907 1878 siae
922 1858 956 1878 ac
970 1847 1129 1876 monasterii
1149 1845 1270 1881 ejusdem
1289 1851 1349 1878 cap.
1371 1843 1404 1870 i5
1423 1842 1456 1868 ad
1480 1841 1551 1868 diem
1575 1847 1638 1866 xxvr

860 1896 934 1925 Julii.
961 1895 1046 1922 Porro
1061 1893 1094 1920 ad
1112 1892 1248 1927 publicam
1267 1890 1296 1917 S.
1311 1888 1431 1916 Pastoris
1450 1886 1534 1914 nostri
1558 1892 1640 1912 vene-

860 1943 1004 1973 rationem,
1017 1948 1071 1968 non
1083 1939 1145 1966 item
1154 1938 1187 1968 ad
1200 1936 1359 1964 hodiernam
1370 1934 1430 1968 ejus
1443 1932 1639 1962 celebritatem,

861 1988 1035 2018 asserendam
1047 1987 1111 2014 facit
1124 1985 1205 2013 etiam
1219 1983 1338 2019 sigillum
1357 1981 1422 2008 illud
1439 1986 1599 2014 expressum
1612 1978 1640 2004 in

860 2032 1061 2067 Commentario
1077 2032 1110 2059 ad
1124 2031 1190 2058 Acta
1206 2029 1256 2057 SS.
1273 2028 1450 2056 Pudentianae
1461 2030 1488 2057 et
1498 2023 1640 2056 Praxcdis,

861 2090 922 2110 cum
943 2079 1073 2116 subjectis
1090 2079 1165 2105 hisce
1177 2076 1320 2105 versiculis
1334 2083 1341 2101 :

896 2127 1003 2159 Sancte,
1017 2132 1117 2161 precor,
1131 2123 1240 2161 Pastor,
1256 2129 1302 2161 pro
1315 2120 1388 2161 nolit;
1400 2122 1455 2147 esto
1471 2121 1588 2153 rogator.

899 2161 950 2189 Hic
972 2156 1072 2188 curiatis
1090 2160 1150 2191 υἱιω
1165 2157 1262 2185 Pastor
1276 2157 1322 2182 dat
1338 2156 1462 2189 dogmata
1484 2160 1578 2180 sacrm.

863 2208 902 2236 Ea
913 2205 1116 2243 Papebrochius
1124 2208 1217 2233 noster
1232 2202 1333 2230 ibidem
1348 2200 1489 2228 referenda
1496 2198 1602 2227 censuit
1610 2197 1644 2225 ad

39 2265 146 2293 ctionem
160 2273 263 2292 nonam
278 2274 285 2291 :
299 2264 332 2291 de
346 2264 446 2298 quibus
462 2262 576 2298 proinde
594 2244 812 2289 haec-monuisse
827 2258 850 2285 D
865 2254 994 2283 smeulum
1008 2260 1058 2280 xu.
1073 2251 1175 2279 Eodem
1189 2249 1255 2277 facit
1282 2246 1425 2282 inscriptio
1447 2244 1643 2275 vetustissima,

40 2310 158 2343 Sufﬁciat,
177 2318 239 2338 cum
253 2309 285 2336 ad
300 2308 367 2336 Acta
383 2307 542 2335 illustranda
564 2306 638 2336 nihil,
657 2305 808 2333 conferant.

39 2355 106 2384 Nona
121 2362 213 2384 autem
229 2356 310 2384 lectio
324 2354 364 2382 sic
381 2354 482 2381 habet:

69 2414 94 2440 5.
113 2423 122 2439 ι
141 2413 226 2444 igitur
243 2412 319 2438 decet
342 2410 410 2438 tanti
427 2408 591 2437 confessoris
617 2415 649 2435 ac
662 2407 814 2437 sacerdotis

40 2459 164 2489 Altissimi
179 2458 339 2494 praeclarum
354 2456 453 2482 festum
476 2461 538 2481 cum
560 2459 667 2483 summa
686 2459 812 2479 reveren-

41 2504 73 2530 tia
91 2504 238 2535 celebrare,
253 2501 350 2529 fratres
373 2499 544 2532 cliarissimi;
564 2506 612 2533 per
634 2505 715 2533 quem
742 2495 814 2524 Deus

43 2551 119 2578 multa
134 2550 198 2578 fecit
219 2548 361 2580 miracula,
377 2551 407 2574 ut
425 2553 474 2582 pro
491 2546 569 2573 nobis
588 2545 705 2572 exsistat
726 2544 812 2570 inter-

43 2603 124 2624 cessor
140 2597 202 2631 pius
216 2604 223 2622 :
235 2602 315 2630 quem
331 2593 374 2628 pia
385 2592 493 2620 devotio
506 2591 591 2619 Paulo
609 2590 734 2626 apostolo
746 2589 815 2617 adeo

44 2642 148 2670 charum
161 2646 189 2670 et
209 2640 321 2668 unicum
348 2638 502 2673 conjunxit.
528 2637 602 2672 quod
626 2637 655 2664 in
669 2636 749 2669 vico,
769 2635 815 2670 qui

43 2687 135 2716 dicitur
150 2688 303 2716 Latericius
315 2707 323 2719 ,
341 2685 485 2714 ecclesiam
511 2682 555 2712 sui
578 2682 698 2710 nominis
721 2689 817 2709 consc-

45 2735 132 2762 cravit.
147 2734 196 2762 ille
214 2734 256 2762 vir
281 2732 456 2760 beatissimus
471 2730 558 2758 multa
573 2736 687 2763 corpora
708 2732 817 2755 sancto-

46 2788 101 2807 rum
114 2780 238 2809 clanculo
249 2780 339 2815 rapuit
353 2783 380 2807 et
400 2778 534 2814 sepelivit,
553 2777 639 2804 frctus
660 2775 776 2804 consilio
791 2778 817 2801 ct

46 2826 173 2860 adiutorio
188 2825 238 2853 SS.
250 2826 387 2861 virginum
402 2824 578 2852 Pudentianze
590 2822 692 2858 pariter
703 2825 731 2848 et
749 2820 816 2847 Pra-

47 2872 135 2900 xcdis:
161 2880 277 2907 quarum
301 2878 416 2906 corpora
433 2864 568 2904 virginum
590 2867 747 2896 honoriﬁca:
761 2871 816 2894 tra~

48 2917 108 2946 didit
135 2919 298 2953 sepulturae,
318 2922 344 2946 ct
367 2924 461 2946 carum
488 2915 576 2945 Vitam
602 2913 727 2943 dcccntcr
754 2920 816 2941 con-

864 2309 946 2338 quam
961 2299 1070 2328 exhibet
1083 2297 1220 2333 Aringhus
1235 2296 1296 2323 loco
1306 2295 1399 2326 citato,
1413 2300 1489 2326 num.
1505 2291 1532 2324 5,
1547 2291 1574 2318 in
1590 2298 1645 2326 qua

864 2336 894 2375 fit
908 2346 1009 2375 mentio
1022 2345 1114 2374 sacelli
1126 2343 1213 2372 sancti
1224 2342 1307 2377 hujus
1317 2340 1403 2368 nostri
1416 2338 1549 2366 Pastoris.
1562 2336 1645 2369 Quid,

864 2395 936 2430 quod
944 2398 970 2421 et
977 2393 1035 2420 Ado
1058 2391 1133 2419 illum
1143 2391 1195 2418 hoc
1205 2389 1315 2417 nomine
1322 2388 1428 2414 beatum
1441 2383 1566 2419 agnovit?
1575 2382 1647 2430 Sane

864 2426 898 2468 de
925 2444 1018 2468 nostro
1038 2438 1094 2473 agit
1112 2438 1140 2464 in
1158 2436 1246 2471 elogio
1275 2434 1326 2461 SS.
1342 2430 1474 2459 Praxedis
1501 2432 1528 2456 et
1542 2426 1645 2455 sororis

865 2487 924 2523 ejus
935 2487 978 2514 die
991 2493 1037 2512 xxx
1048 2483 1123 2516 Julii,
1138 2483 1177 2510 sic
1187 2486 1284 2508 notans
1297 2488 1304 2506 ε
1320 2488 1330 2504 ι
1346 2478 1375 2505 lu
1387 2476 1465 2504 titulo
1476 2482 1551 2508 vero,
1564 2481 1646 2509 quem

865 2520 943 2570 pater
961 2539 1057 2562 earum
1076 2530 1185 2557 Pudens
1206 2526 1316 2555 nomine
1331 2532 1413 2552 nam
1424 2522 1558 2549 Pssroms
1572 2520 1647 2548 dedi-

866 2565 947 2612 cavit,
964 2588 973 2604 ι
992 2583 1044 2605 etc.
1068 2575 1192 2605 Natalem
1206 2573 1278 2600 illius
1297 2575 1388 2598 tamen
1414 2569 1465 2597 sub
1487 2575 1521 2595 eo
1535 2565 1648 2594 nomine

867 2633 955 2661 neque
978 2624 1032 2651 hoc
1055 2623 1126 2654 loco,
1141 2626 1230 2654 neque
1253 2625 1317 2644 xxvi
1338 2615 1462 2651 ejusdem
1487 2612 1600 2644 mensis,
1617 2615 1648 2638 ut

866 2672 920 2706 jam
934 2669 1062 2701 diximus,
1078 2673 1166 2703 neque
1182 2665 1236 2693 alio
1251 2663 1306 2691 ullo
1316 2662 1359 2690 die
1373 2663 1581 2689 commemorat.

903 2726 930 2754 5.
950 2725 979 2753 Id
1001 2731 1065 2752 vero
1090 2723 1190 2750 mirum
1218 2719 1321 2748 nemini
1347 2716 1434 2745 videri
1458 2715 1558 2748 debet;
1586 2721 1651 2742 cum

868 2779 962 2800 eorum
989 2768 1111 2804 opinioni
1124 2765 1270 2795 adhazserit
1292 2763 1368 2796 Ado,
1391 2762 1438 2797 qui
1461 2761 1489 2788 S.
1505 2760 1649 2787 Pastorem

868 2826 930 2845 cum
955 2816 983 2844 S.
1003 2815 1101 2843 licrma
1126 2814 1173 2841 illo
1197 2810 1386 2843 cor-fuderint,
1403 2808 1483 2842 cujus
1507 2805 1654 2841 apostolus

870 2864 969 2891 Paulus
996 2862 1030 2890 ad
1059 2862 1197 2889 Romanos
1228 2858 1351 2887 serihcns
1377 2854 1521 2886 meminit,
1547 2851 1649 2886 quique

870 2913 964 2938 auctor
980 2915 1039 2936 esse
1055 2906 1183 2948 creditur'
1197 2904 1274 2937 libri,
1291 2903 1337 2937 qui
1365 2901 1464 2928 Pastor
1479 2898 1654 2929 inscribitur.
