1913 3102
263 167 334 195 1015

847 169 1015 198 APPENDIX
1036 170 1081 197 AD
1101 170 1129 198 ὃ.
1149 170 1304 200 unum

1819 171 1883 199 loto

257 228 454 256 Cottt‘uslonem
469 230 541 256 hanc
555 234 648 264 aperte
665 229 755 265 prodit
767 229 794 257 in
808 230 899 258 libello
918 230 954 258 De
969 230 1044 265 ferti-
1057 233 1080 261 Δ
1093 239 1147 266 que
1164 232 1278 266 proinde
1288 233 1432 267 utriusque
1443 231 1645 262 confusionem,
1659 230 1695 258 ab
1708 230 1806 257 Adone
1821 238 1883 265 pro-

257 277 382 305 vitatibur
422 277 600 312 apostolorum
615 297 623 309 ,
649 284 731 311 quem
763 276 955 312 Martyrologio
980 278 1041 312 ejus

255 325 398 358 praeﬁxum
427 325 522 358 habes,
542 333 604 361 pag.
622 325 677 359 36;
693 326 740 353 ubi
767 325 800 353 ad
816 326 887 354 diem
914 334 940 353 IX
966 326 1039 360 Maii,

256 377 339 405 quem
361 370 390 398 S.
405 370 512 399 Hermae
526 372 643 399 natalem
657 372 763 405 statuit,
779 382 788 398 ι
805 371 923 406 Titulus,
940 373 1040 407 inquit,

255 416 367 444 nomine
383 416 480 452 ipsius,
489 417 566 452 juxta
585 419 658 453 quod
674 418 862 453 baptisterium
875 427 908 446 ex
927 418 1042 448 faculta-

256 462 330 490 tibus
342 468 445 492 sanctte
456 463 586 492 Praxedis
596 469 638 492 est
649 469 831 498 exstructum,
848 469 876 494 et
890 465 970 493 beato
981 466 1039 498 Pio,

255 509 391 543 discipulo
408 509 596 544 apostolorum
610 530 618 542 ,
634 516 763 545 operante
780 511 871 539 studio
894 519 1040 540 consecra-

255 559 324 588 tum,
338 555 528 583 venerabiliter
540 556 564 583 ei
577 561 695 584 statutus
708 562 758 584 est.
770 565 780 582 ι
797 556 898 585 Eadem
920 558 977 585 haec
998 563 1040 586 est

254 602 368 629 ecclesia
383 601 442 629 sive
459 602 564 634 titulus,
579 610 659 637 quem
676 603 758 638 paulo
773 608 836 631 ante
848 602 924 631 Beati
944 603 1042 632 Pasto-

255 649 293 675 ris
306 648 497 683 nuncupabat:
512 647 622 676 beatum
632 656 698 685 ergo
704 649 843 678 Pastorem
856 657 919 678 eum
935 650 964 678 S.
974 650 1041 679 Her-

255 700 300 720 ma
309 693 434 720 eumdem
446 693 520 724 facit.
533 695 715 729 eumdemque
727 696 796 723 adeo
808 695 880 723 diem
896 697 1040 731 utriusque

255 739 373 766 natalem
389 748 396 773 ;
414 747 571 775 quanquam
594 741 621 767 in
641 741 726 768 natali
747 741 836 769 solum
859 749 959 770 nomen
973 741 1041 770 Her-

253 792 306 812 mae
323 785 425 813 diserte
439 786 592 821 exprimat,
609 794 664 813 non
681 785 812 815 Pastoris.
829 787 933 816 Adonis
947 796 1041 816 exem-

253 831 300 866 plo
312 831 421 859 eosdem
441 837 552 860 sanctos
566 833 593 860 in
605 832 754 860 Annalibus
770 834 805 862 ad
819 842 922 862 annum
936 834 1038 863 Christi

253 876 307 904 159
323 876 446 904 confudit
462 876 614 909 Baronius:
634 886 688 906 non
713 879 779 907 item
803 879 874 907 diem
897 880 1040 916 utriusque

252 921 370 949 natalem
389 921 416 949 in
439 922 632 964 Martyrologio
657 929 706 952 aut
719 925 793 952 notis
809 926 844 953 ad
867 926 934 955 illud
950 936 957 954 :
975 935 1038 954 cum

252 971 344 994 tamen
360 968 473 996 alterum
494 977 527 998 ex
539 970 625 998 altero
638 972 771 1005 consequi
784 971 903 1006 debeat;
920 978 949 1000 ut
966 973 1038 1000 idem

252 1012 288 1040 sit
303 1012 361 1040 dies
377 1013 479 1048 obitus,
501 1015 524 1042 si
551 1019 662 1045 sanctus
693 1021 736 1045 est
761 1017 854 1051 idem;
877 1022 924 1045 aut
949 1019 1038 1047 sancti

251 1058 364 1092 diversi,
377 1060 400 1087 si
414 1060 516 1088 diversi
531 1062 644 1090 natales.

286 1104 314 1132 6.
346 1104 480 1134 Nimirum
503 1106 532 1134 S.
557 1106 681 1136 Pastoris
705 1116 805 1136 nomen
833 1116 969 1144 nusquam
996 1109 1038 1136 vir

251 1151 388 1180 maximus
412 1153 602 1188 consignatum
630 1154 732 1189 legerat
755 1155 799 1182 die
825 1163 854 1182 nt
881 1154 963 1188 Maii;
989 1155 1038 1182 sed

251 1204 407 1226 constanter
420 1198 542 1233 Hermae;
555 1200 636 1228 sicuti
651 1207 702 1228 nec
716 1201 761 1228 die
774 1209 838 1228 xxvr
851 1200 916 1229 Julii
931 1201 1036 1237 uspiam

251 1246 321 1280 apud
339 1247 538 1282 martyrologos
553 1251 712 1275 occurrerat
732 1255 831 1276 nomen
849 1249 955 1278 Hermae
967 1271 974 1284 ,
990 1251 1037 1278 sed

250 1290 374 1320 Pastoris
385 1292 590 1326 tantummodo;
599 1301 652 1321 non
660 1302 744 1322 ausus
751 1299 792 1322 est
798 1302 862 1330 ergo
869 1296 897 1323 in
906 1297 1037 1325 modern.

249 1335 444 1372 Hartyrologio
462 1339 652 1366 concinnando
673 1347 688 1367 a
704 1339 826 1374 priorum
839 1341 1035 1375 exemplarium

251 1389 389 1410 consensu
403 1391 435 1411 ac
446 1383 508 1417 flde,
520 1392 569 1418 per
580 1392 660 1412 usum
672 1385 762 1420 ipsum
770 1386 899 1414 Ecclesiae
908 1387 1037 1416 Romana:

251 1427 325 1455 haud
339 1429 421 1456 dubie
435 1429 578 1464 antiquum
595 1429 702 1458 ﬁrmata
713 1451 722 1463 ,
739 1435 884 1459 recedere:
903 1437 983 1468 atque
999 1434 1036 1462 ita

251 1473 281 1501 S.
300 1473 409 1503 Hermae
435 1476 555 1504 natalem
577 1484 592 1504 ει
610 1477 694 1504 natali
710 1476 739 1504 S.
761 1476 885 1507 Pastoris
906 1479 1036 1508 discrevit

239 1528 304 1547 .non
319 1520 346 1548 in
358 1521 417 1557 ipso
430 1521 622 1558 Martyrologio
635 1523 736 1557 solum,
749 1524 797 1552 sed
811 1524 895 1552 etiam
908 1525 936 1552 in
949 1526 1035 1554 adno-

1093 279 1191 306 fectam
1205 287 1212 312 ;
1226 286 1308 313 quam
1324 278 1347 306 is
1362 277 1475 306 fcrsitan
1500 286 1534 306 ex
1548 277 1686 312 ambiguis
1696 276 1811 304 Eusebii
1826 285 1883 304 ver-

1091 325 1135 352 bis
1152 325 1309 360 arripuerit,
1324 325 1370 359 qui
1384 325 1418 352 de
1431 324 1461 352 S.
1475 324 1574 352 Henna
1589 324 1706 358 loquens
1727 321 1805 349 Hist.
1820 322 1882 350 τίει.

1091 371 1140 398 lib.
1155 379 1196 403 ιιι,
1212 378 1272 406 cap.
1288 371 1315 404 3,
1337 368 1375 399 Οὔ
1396 379 1478 406 φασιν
1494 370 1642 405 ὑπάρχειν,
1660 368 1765 404 inquit,
1783 368 1815 395 τὸ
1837 369 1881 395 τοῖι

1091 415 1223 451 Ποιμὲνος
1236 415 1336 451 βιϐλίαν
1345 435 1352 448 ,
1367 415 1442 450 cujus
1462 415 1537 442 aiunt
1550 423 1605 442 esse
1623 414 1722 442 librum
1736 413 1881 445 Pastoris;

1092 461 1166 489 unde
1179 469 1297 497 pronum
1311 467 1354 490 est
1367 462 1505 497 colligere,
1520 461 1643 489 Pastoris
1666 467 1725 488 non
1749 459 1815 487 libri
1833 468 1883 487 no-

1091 514 1165 539 men,
1183 507 1230 534 sed
1246 507 1367 535 auctoris
1379 514 1439 535 esse
1453 516 1460 535 :
1475 507 1516 535 sic
1529 507 1588 534 Ado
1603 506 1683 534 facile
1707 505 1841 534 Hennam
1857 511 1883 532 et

1091 551 1229 581 Pastorem
1240 561 1289 589 pro
1300 554 1394 582 eodem
1405 553 1547 589 acceperit.
1557 555 1591 581 At
1600 554 1672 581 enim
1683 553 1881 589 amphiboliam

1092 599 1163 627 hanc
1175 600 1268 627 tollere
1278 600 1411 628 debuerat
1423 606 1479 628 tum
1493 601 1580 636 ipsius
1591 601 1654 628 libri
1665 600 1761 628 adhuc
1771 605 1882 627 exstan-

1092 647 1129 674 tis
1143 647 1295 682 inscriptio,
1316 653 1374 676 tum
1399 648 1429 676 ὃ.
1446 647 1625 683 Hieronymi,
1641 647 1739 676 eodem
1766 654 1882 682 prorsus

1092 692 1174 720 modo
1193 692 1268 720 illum
1281 693 1473 727 inscribentis,
1487 693 1672 721 testimonium
1687 692 1735 719 lib.
1753 691 1795 719 De
1813 692 1881 718 scri-

1090 738 1210 772 ptoribus
1232 739 1335 774 etclam,
1362 747 1422 775 cap.
1447 739 1505 767 10:
1533 749 1542 766 ι
1555 738 1731 767 Hermam....
1752 742 1882 765 asserunt

1090 790 1231 814 auctorem
1246 794 1307 814 esse
1329 786 1403 819 libri,
1420 787 1467 822 qui
1484 786 1636 821 appellatur
1651 784 1776 817 Pastor;
1794 794 1805 810 ι
1823 791 1881 818 quae

1089 833 1207 868 proinde
1230 833 1348 868 genuina
1370 833 1476 861 censeri
1499 837 1589 868 potest
1613 831 1764 860 Eusebiani
1792 836 1881 858 textus

1091 879 1290 914 interpretatio,
1304 887 1386 914 quam
1401 884 1475 907 recte
1487 883 1598 907 secutus
1611 883 1653 907 est
1663 877 1806 909 Valesius,
1820 884 1879 904 cum

1089 925 1207 952 adducta
1230 923 1340 952 Eusebii
1366 925 1449 953 verba
1471 925 1511 952 ic
1535 924 1636 952 vertit:
1663 933 1673 950 ι
1700 923 1791 959 Cujus
1823 931 1880 951 esse

1087 971 1174 999 fertur
1187 972 1210 1000 is
1230 972 1307 1004 liber,
1326 972 1374 1008 qui
1392 972 1492 999 Pastor
1513 972 1662 1007 inscriptus
1678 976 1731 999 est.
1750 981 1761 998 ι
1782 970 1879 998 Pastor

1087 1018 1171 1054 igitur
1185 1019 1337 1054 appellatur
1359 1026 1415 1046 non
1433 1018 1547 1047 Hermas
1559 1040 1566 1052 ,
1591 1018 1640 1046 sed
1657 1018 1770 1045 Henna
1801 1018 1878 1050 liber,

1087 1065 1160 1099 quod
1177 1064 1266 1100 angeli
1279 1065 1330 1092 sub
1350 1064 1444 1092 habitu
1465 1064 1606 1099 pastoritio
1628 1063 1790 1099 apparentis
1805 1070 1880 1090 rere-

1087 1110 1207 1138 lationes
1234 1110 1382 1138 contineat.
1407 1108 1478 1143 Quid
1509 1108 1592 1144 igitur
1624 1108 1655 1136 S.
1680 1107 1794 1135 Pastori
1818 1115 1879 1134 cum

1087 1156 1117 1183 S.
1133 1156 1233 1184 Herma
1257 1156 1424 1184 commune?
1445 1155 1485 1183 Ne
1509 1162 1608 1183 nomen
1630 1154 1766 1190 quidem:
1793 1161 1879 1188 quan-

1085 1210 1169 1237 quam
1183 1207 1211 1230 et
1237 1202 1290 1230 hoc
1310 1202 1435 1237 pluribus
1449 1201 1522 1229 idem
1544 1208 1605 1228 esse
1629 1200 1806 1235 possit;qui
1830 1199 1878 1227 ha:

1086 1248 1145 1274 sola
1162 1247 1269 1274 ratione
1284 1246 1397 1274 minimc
1414 1245 1547 1274 confundi
1568 1249 1706 1281 possunt:
1723 1249 1758 1272 ut
1774 1243 1877 1272 nemini

1085 1294 1218 1321 hactenus
1235 1294 1263 1320 in
1293 1297 1411 1320 mentem
1427 1293 1503 1320 venit
1521 1292 1553 1319 B.
1577 1291 1719 1319 Pastorem
1749 1295 1876 1319 nostrum

1086 1339 1290 1374 presbyterum,
1308 1338 1434 1367 eumdem
1461 1346 1523 1366 cum
1541 1338 1589 1365 illo
1612 1342 1754 1371 statuere,
1772 1337 1808 1364 de
1824 1344 1876 1372 quo

1087 1386 1117 1412 tit
1133 1385 1235 1413 mentio
1257 1385 1285 1412 in
1306 1384 1380 1412 Actis
1399 1383 1450 1412 SS.
1474 1383 1563 1417 Marii,
1581 1383 1697 1411 Martha:
1711 1387 1742 1410 et
1759 1383 1878 1410 liliorum

1086 1431 1119 1458 ad
1132 1431 1204 1458 diem
1217 1438 1263 1457 xtx
1275 1429 1411 1462 Januarii,
1423 1437 1484 1464 pag.
1497 1428 1566 1462 216;
1580 1427 1690 1456 tametsi
1701 1432 1728 1455 et
1742 1427 1841 1454 Roma:
1857 1427 1878 1453 Ls

1086 1476 1189 1509 fuerit,
1217 1480 1245 1503 et
1275 1476 1371 1503 beatus
1397 1474 1494 1502 Pastor
1519 1474 1661 1509 presbyter
1679 1478 1877 1508 nuncupetur.

1085 1527 1195 1549 centum
1212 1528 1303 1549 tamen
1321 1521 1430 1549 circiter
1443 1521 1522 1548 annis
1539 1519 1754 1554 nostrojunior.

251 1567 401 1596 lotionibus
415 1568 448 1596 ad
459 1573 606 1604 utrumque
620 1569 738 1597 natalem
749 1570 878 1605 adjectis;
895 1571 922 1598 in
934 1572 1033 1606 quibus
1047 1579 1071 1610 ο
1121 1568 1148 1595 8ι
1165 1567 1313 1604 Ριορειιῶι
1324 1575 1358 1595 eo
1374 1567 1486 1602 insuper
1499 1566 1572 1594 idem
1587 1565 1771 1593 dOCliSSimus
1783 1568 1878 1592 θυσιοτ

249 1620 339 1648 neque
354 1613 388 1642 de
403 1613 516 1643 Pastore
528 1615 653 1644 meminit
669 1615 714 1644 die
731 1624 758 1644 ix
771 1616 845 1648 Maii,
861 1625 948 1652 neque
970 1627 1033 1646 nu

248 1659 313 1687 Julii
326 1660 359 1689 de
372 1659 482 1689 Herma.
507 1662 563 1690 Cur
587 1662 670 1698 igitur
683 1662 781 1690 eodem
804 1669 965 1698 argumento
979 1673 1034 1693 non

247 1711 290 1735 est
307 1715 374 1736 usus
389 1708 416 1736 in
432 1710 600 1738 Annalibus?
621 1709 740 1737 Maxime
750 1717 814 1737 cum
829 1711 862 1738 ad
873 1711 940 1738 illud
951 1712 1034 1740 etiam

247 1754 322 1782 aliud
331 1756 482 1790 accederet,
493 1756 706 1792 haudquaquam
717 1757 840 1792 profecto
850 1759 946 1793 levius,
960 1760 1034 1795 quod

247 1809 263 1829 a
288 1802 316 1830 S.
332 1802 456 1831 Pastoris
477 1809 556 1832 aetate
580 1805 749 1840 desumitur,
765 1807 812 1842 qui
837 1807 932 1835 saltem
955 1808 1033 1842 juxta

247 1849 498 1877 eminentissimum
529 1852 676 1880 Annalium
708 1855 900 1887 conditorem,
929 1862 1033 1882 annum

246 1894 350 1922 Christi
372 1895 424 1923 164
444 1897 559 1924 vivendo
576 1903 786 1934 praetergressus
809 1903 860 1927 est.
877 1899 945 1933 Quis
967 1908 1033 1928 vero

247 1941 307 1969 sine
321 1942 439 1970 evidenti
461 1943 695 1972 demonstratione
717 1946 826 1979 credat,
841 1945 871 1973 S.
885 1945 1012 1973 Hermam
1022 1967 1030 1979 ,

246 1988 294 2022 qui
306 1988 363 2023 jam
382 1989 475 2024 utique
488 1995 602 2018 maturat
620 1991 660 2018 vir
679 1992 765 2019 tetatis
779 1991 864 2020 fuisse
877 1992 1031 2020 censendus

247 2038 300 2066 est,
315 2043 378 2062 cum
401 2043 463 2063 eum
481 2035 628 2071 Apostolus
651 2045 699 2072 per
715 2037 863 2072 Epistolam
882 2039 914 2066 ad
928 2038 1031 2066 Roma-

246 2086 298 2107 nos
312 2080 420 2114 iuberet
432 2082 554 2114 salutari,
572 2082 661 2109 solido
682 2087 744 2116 post
764 2082 841 2110 Pauli
861 2083 966 2111 obitum
981 2091 1032 2111 ste-

246 2126 309 2153 eulo
326 2125 513 2161 superfuisse?
528 2127 589 2155 llaec
605 2133 678 2155 certe
692 2136 746 2156 una
761 2129 794 2156 de
806 2129 897 2157 causis
919 2137 972 2161 est,
994 2130 1030 2157 ob

245 2179 315 2206 quas
340 2171 469 2206 Hermen,
483 2173 511 2201 S.
532 2173 573 2200 Pii
600 2182 676 2209 papa:
697 2174 718 2204 l.
738 2180 768 2202 ut
786 2180 828 2202 est
852 2176 878 2202 in
900 2175 1030 2211 Catalogo

245 2216 408 2245 Pontiﬁcum
435 2219 626 2252 Bucheriano,
651 2220 762 2248 fratrem
790 2230 822 2250 ac
852 2221 880 2248 S.
907 2221 1029 2249 Pastoris

1083 1614 1239 1649 Annalium,
1258 1613 1292 1641 ad
1304 1621 1407 1641 annum
1423 1612 1525 1640 Christi
1540 1611 1602 1645 159,
1616 1616 1646 1639 ιιι
1661 1611 1791 1638 eumdem
1811 1617 1879 1645 quo-

1083 1669 1137 1696 quc
1154 1668 1217 1688 cum
1237 1665 1332 1688 sancto
1345 1659 1443 1687 Herma
1466 1658 1624 1686 et.Pastorc
1640 1656 1800 1684 Hermetem
1819 1663 1878 1684 esse

1084 1709 1221 1742 crederet,
1234 1707 1263 1735 S.
1278 1707 1318 1734 Pii
1330 1707 1468 1742 pontificis
1482 1706 1599 1734 Romani
1616 1705 1731 1732 fratrem
1745 1713 1753 1731 :
1768 1703 1879 1732 tametsi

1083 1756 1116 1782 de
1134 1755 1180 1782 illo
1201 1762 1230 1782 se
1247 1754 1364 1781 fateatur
1380 1753 1527 1788 ambigere.
1546 1751 1692 1787 Opinionis
1709 1751 1795 1786 hujus
1814 1750 1877 1777 fun-

1083 1803 1241 1830 damentum
1269 1801 1368 1836 duplex
1394 1800 1500 1836 putavit
1524 1807 1603 1832 esse;
1632 1799 1775 1832 alterum,
1802 1798 1878 1833 quod

1083 1856 1164 1877 voces
1180 1848 1294 1876 Hermas
1305 1852 1333 1875 et
1345 1846 1458 1875 Hermes
1473 1854 1566 1881 parum
1585 1846 1654 1873 adeo
1670 1845 1782 1873 differre
1801 1845 1876 1872 vide-

1082 1899 1197 1927 rentur,
1227 1899 1258 1922 ut
1284 1901 1482 1928 nonnunquam
1508 1893 1597 1920 eidem
1626 1893 1687 1919 viro
1717 1892 1876 1927 legerentur

1082 1942 1241 1973 attributae;
1259 1940 1375 1968 alterum
1392 1947 1456 1967 vero
1468 1959 1476 1970 ,
1493 1939 1565 1973 quod
1594 1938 1666 1973 apud
1691 1938 1874 1965 Anastasium

1082 1987 1323 2016 llihliothecarium
1336 1987 1387 2015 sub
1404 1986 1434 2014 S.
1452 1986 1501 2013 Pio
1519 1993 1588 2020 papa
1604 1985 1614 2011 l
1630 1985 1664 2012 de
1682 1984 1816 2012 Hcrmete
1833 1992 1873 2011 re-

1082 2034 1186 2062 feratur
1202 2043 1207 2060 :
1229 2044 1239 2060 ι
1259 2033 1372 2061 Hermes
1389 2033 1490 2060 librum
1504 2032 1624 2067 scripsit,
1638 2032 1665 2059 in
1683 2039 1742 2067 quo
1759 2031 1872 2059 manda-

1082 2085 1140 2106 tum
1156 2080 1323 2112 continetur,
1341 2079 1414 2114 quod
1433 2078 1457 2106 ei
1472 2078 1600 2113 przecepit
1612 2076 1729 2112 angelus
1746 2076 1870 2106 Domini,

1081 2134 1143 2153 cum
1158 2126 1263 2153 veniret
1279 2125 1313 2153 ad
1326 2133 1390 2153 eum
1407 2126 1435 2152 in
1451 2125 1546 2152 habitu
1557 2124 1687 2158 pastoris,
1698 2127 1726 2150 et
1744 2124 1872 2158 putet-pit

1080 2174 1116 2205 ei,
1130 2177 1160 2200 ut
1177 2176 1303 2200 sanctum
1315 2171 1420 2199 Pascha
1432 2171 1476 2198 die
1489 2169 1631 2197 Dominico
1646 2169 1846 2196 celebraretur.
1858 2177 1866 2193 ι

1082 2218 1240 2246 Similitudo
1253 2217 1386 2250 nominis,
1397 2221 1425 2244 et
1441 2215 1575 2252 apparitio
1587 2214 1762 2250 angeli,.sub
1775 2214 1868 2241 habitu

245 2262 620 2298 atqualem,distinguendum
632 2266 737 2300 putavit
749 2267 824 2294 card.
837 2267 1027 2300 Bellarminus,
1045 2263 1067 2292 Ι)
1082 2265 1224 2300 pastoritio
1239 2264 1337 2291 librum
1359 2263 1499 2294 dictantis,
1521 2262 1647 2290 eumdem
1665 2260 1790 2288 Baronio
1811 2261 1867 2287 visa

245 2316 365 2345 eumque
389 2311 476 2338 secuti
495 2311 623 2348 deinceps
639 2312 748 2346 eruditi,
765 2321 780 2340 a
794 2312 823 2340 S.
842 2313 941 2342 Herma
956 2313 1030 2348 Apo-

244 2355 310 2384 stoli
332 2356 484 2392 discipulo,
506 2363 533 2386 et
550 2359 649 2393 libelli,
672 2360 718 2396 qui
743 2359 840 2387 Pastor
862 2360 1029 2395 appellatur,

244 2408 368 2432 auctore.
383 2403 506 2440 Denique
522 2413 577 2433 non
603 2406 708 2434 videtur
731 2406 781 2441 ipsi
798 2406 904 2434 Hermas
929 2414 1028 2434 nomen

243 2448 368 2477 Pastoris
384 2450 470 2479 fuisse
488 2452 646 2487 proprium,
668 2452 715 2480 sed
735 2453 804 2480 libro
819 2453 888 2488 ejus.
905 2458 934 2480 ut
947 2455 1029 2481 modo

243 2496 366 2525 dicemus
380 2506 387 2525 :
405 2497 449 2526 fac
463 2503 565 2532 tamen,
580 2507 613 2527 ex
625 2500 696 2527 libro
710 2505 920 2535 cognomentum
932 2500 1029 2528 Pasto-

243 2542 282 2570 ris
299 2543 449 2571 adhaesisse
474 2544 620 2579 scriptori;
636 2552 672 2572 an
698 2545 772 2572 credi
798 2545 905 2572 tandem
931 2545 1029 2580 poterit

243 2589 315 2616 idem
329 2589 427 2617 deinde
443 2595 538 2618 auctor
553 2595 696 2627 tantopere
707 2590 830 2619 Pastoris
846 2595 1028 2627 cognomento

243 2635 395 2664 delectatus
414 2636 510 2670 fuisse,
528 2642 557 2665 ut
579 2637 718 2673 preprium
736 2637 852 2670 Hermae,
869 2637 943 2672 quod
955 2642 1028 2665 esset

243 2681 278 2709 ab
302 2681 433 2717 Apostolo
459 2688 659 2716 consecratum,
675 2683 827 2718 abjiceret?
847 2683 944 2710 Valere
970 2683 1027 2711 haec

243 2727 315 2755 ratio
328 2728 418 2762 debet,
433 2730 504 2764 apud
527 2729 676 2757 Baroniurr.
689 2730 810 2764 quidem,
825 2731 869 2764 qui
883 2731 1026 2765 epistolam

243 2774 351 2807 prohat,
368 2775 532 2811 cxhibctque
557 2777 590 2804 ad
607 2785 709 2804 annum
733 2777 804 2809 162,
828 2777 886 2805 solo
906 2777 1027 2805 Pastoris

243 2820 354 2848 nomine
370 2821 541 2857 inscriptam.

278 2865 305 2891 7.
326 2865 414 2893 Alium
439 2875 504 2901 ergo
527 2868 555 2895 S.
575 2869 732 2902 Pastorem,
748 2871 830 2897 alium
847 2870 876 2898 S.
897 2870 1025 2898 Hermum

243 2910 329 2941 fuisse
340 2918 493 2950 censemus,
507 2918 534 2944 ct
548 2915 620 2944 hunc
633 2916 680 2944 illo
693 2916 827 2946 seniorem
840 2927 847 2952 ς
863 2917 1026 2947 tollendam-

1083 2320 1147 2342 sunt
1163 2315 1324 2350 scriptorem
1350 2321 1465 2349 arguere
1481 2312 1609 2340 Hermum
1635 2317 1662 2340 et
1690 2311 1846 2340 Hermetem
1859 2331 1865 2342 .

1082 2367 1164 2396 atque
1189 2361 1257 2388 adeo
1281 2364 1309 2388 et
1323 2359 1475 2392 Pastorem,
1497 2367 1578 2394 quem
1600 2366 1663 2386 cum
1680 2357 1782 2385 Her-ma
1803 2365 1867 2385 eon—

1082 2409 1180 2436 fundit.
1195 2408 1311 2436 Tantum
1322 2407 1350 2435 in
1362 2415 1396 2435 eo
1407 2407 1495 2439 haesit,
1507 2406 1580 2441 quod
1593 2406 1619 2432 in
1635 2404 1743 2433 Henna:
1756 2404 1866 2432 Pastore

1082 2464 1136 2484 non
1152 2460 1249 2491 agatur
1269 2456 1303 2482 de
1325 2453 1431 2481 Pascha
1446 2453 1490 2481 die
1515 2452 1658 2479 Dominica
1681 2451 1863 2479 celebrando;

1080 2509 1149 2535 tum,
1165 2502 1239 2538 quod
1259 2502 1378 2536 scriptus
1398 2501 1422 2528 is
1449 2500 1531 2528 fuerit
1543 2499 1647 2527 dudum
1667 2503 1733 2526 ante
1746 2502 1863 2532 tempora

1079 2548 1120 2576 Pii
1136 2556 1222 2583 papae.
1240 2547 1333 2582 Itaque
1349 2553 1382 2573 eo
1405 2545 1514 2574 tandem
1530 2545 1683 2578 delabitur;
1700 2554 1710 2569 ‹
1733 2547 1764 2571 ιιι
1775 2543 1862 2571 dicere

1079 2602 1192 2623 necesse
1203 2594 1238 2622 sit
1253 2594 1292 2629 (si
1307 2593 1424 2621 Velimus
1439 2599 1524 2620 unum
1542 2591 1725 2625 eumdemque
1740 2597 1802 2617 esse
1815 2596 1863 2615 an-

1079 2641 1192 2677 ctorem)
1211 2641 1334 2668 diversos
1349 2640 1399 2667 hos
1413 2639 1483 2666 inter
1495 2646 1524 2666 se
1540 2637 1625 2666 fuisse
1636 2636 1859 2666 commentarios,

1078 2687 1194 2715 diversis
1208 2686 1375 2721 temporibus
1391 2684 1519 2719 scriptos.
1533 2693 1543 2709 ι
1560 2683 1613 2710 Sed
1624 2683 1756 2717 quoniam
1772 2682 1800 2709 S.
1812 2681 1861 2708 Pa-

1078 2739 1136 2761 stor
1159 2739 1252 2761 noster
1272 2737 1384 2760 eatenus
1399 2735 1506 2759 tantum
1524 2737 1586 2758 cum
1603 2729 1732 2757 Hermcte
1745 2729 1859 2757 confuno

1077 2782 1160 2814 ditur,
1175 2784 1310 2816 quatenus
1322 2779 1378 2814 ipse
1393 2777 1506 2805 Hermes
1524 2785 1586 2804 curn
1603 2776 1633 2804 S.
1649 2775 1751 2804 Herma
1765 2785 1772 2803 :
1794 2774 1858 2802 nihil

1078 2835 1148 2862 opus
1171 2831 1213 2853 est
1240 2826 1402 2860 diremptam
1417 2824 1475 2859 jam
1498 2824 1545 2852 diu
1571 2823 1788 2850 controversiam
1815 2822 1857 2849 hic

1079 2873 1166 2900 denuo
1179 2873 1321 2900 suscitare.
1338 2871 1468 2898 Eumdem
1484 2878 1538 2897 non
1557 2876 1618 2896 esse
1642 2869 1672 2896 S.
1689 2869 1813 2897 llermam
1830 2873 1858 2895 et

1079 2918 1329 2956 hunc_llermclcm,
1346 2917 1479 2953 ostendit,
1497 2919 1526 2944 ut
1548 2916 1654 2950 monui,
1680 2915 1855 2945 Bellarminus
