1913 3102
32 182 93 210 1017

498 180 548 208 SS.
568 178 801 208 PUDENTIANE
821 178 865 206 ET
885 177 1057 208 PBAXEDIS
1080 177 1183 206 ACTA.

1578 175 1648 205 1018

31 242 122 276 alitque
135 244 199 276 post
213 239 379 276 illum,quos
393 241 464 268 inter
477 240 585 268 consuli
599 243 716 275 possunt
729 239 812 267 Tille-
826 241 849 271 Α
864 238 1012 268 Praxedem
1023 261 1030 273 ,
1052 243 1194 271 externos,
1215 241 1246 265 ut
1262 235 1407 272 ponimus,
1434 235 1577 269 homines,
1603 236 1648 263 in-

30 286 141 314 montius
156 291 226 313 tom.
239 284 262 312 ll
278 285 396 313 Monum.
416 285 520 318 eccles.,
535 292 599 320 pag.
610 283 809 318 52l;Nicolaus

31 338 53 362 te
67 334 169 370 NourIy
192 334 221 362 in
243 334 380 370 Apparatu
399 334 434 361 ad
449 333 640 361 Bibliothecam
661 330 806 358 maximam

29 387 132 409 veterum
146 380 274 415 Patrum,
291 381 399 409 dissert.
412 381 438 414 1,
451 384 502 408 art.
514 380 548 413 2;
561 379 722 406 Ambrosius
739 375 807 403 Gar-

29 427 119 455 debosc
142 427 170 454 in
196 427 321 455 historia:
344 427 536 455 ecclesiasticae
562 424 678 461 Synopsi
701 427 767 451 tom.
784 423 805 456 l,

28 474 89 504 part.
104 478 131 503 v,
149 469 198 497 lib.
214 477 256 503 ιιι,
273 469 384 497 dissert.
402 469 428 502 1,
444 472 540 504 quast.
556 469 582 496 ‘l.

57 526 80 554 9.
96 525 173 559 Quod
192 526 228 554 ad
244 526 312 554 Acta
337 526 456 562 pertinet
473 525 503 553 S.
522 525 654 560 Pastoris,
671 525 738 553 nihil
757 525 806 554 ad-

28 574 128 601 modum
144 574 215 601 certi
232 578 367 609 superest.
382 574 564 601 Continentur
581 581 612 601 ea
628 573 764 608 praecipue
779 573 807 601 in

27 620 92 647 Actis
117 619 167 647 SS.
192 619 370 647 Pudentianae
385 623 412 647 et
425 618 555 646 Praxedis
567 639 575 650 ,
597 618 680 646 infra.
700 618 807 654 Scripta

28 671 82 694 sunt
93 665 179 701 ipsius
195 664 321 693 Pastoris
333 664 445 692 nomine
458 664 603 700 (Pastoris,
616 664 739 698 inquam,
752 670 808 690 non

26 712 121 739 flet-ma:
134 711 272 745 Pastoris,
286 715 317 739 ut
331 711 412 738 habet
429 709 563 738 Baronius
576 717 622 737 an.
641 709 704 742 159,
720 717 748 736 ιι.
761 708 805 742 8);

26 765 104 793 neque
122 765 190 785 sane
215 756 336 785 recentia
352 760 438 790 sunt;
452 756 562 792 quando
577 760 604 783 et
624 756 652 783 in
667 755 808 783 codicibus

25 811 83 831 mss.
98 803 288 839 perantiquis,
316 803 405 838 iisque
428 803 498 830 bene
525 802 636 836 multis,
661 801 806 837 leguntur;

25 851 72 878 imo
89 851 145 886 jam
170 850 244 878 lecta
261 854 325 878 sunt
338 851 403 878 olim
432 850 532 878 saculo
553 857 626 878 nono
641 849 675 877 ab
702 849 806 881 Adone,

24 903 49 925 ut
62 899 87 925 in
104 898 164 933 ejus
189 897 385 933 Martyrologio
396 896 489 924 videre
503 900 545 924 est
559 896 603 923 die
615 903 661 923 xu
680 894 753 929 Maii,
769 903 805 923 xx

23 943 98 976 Junii,
114 952 161 972 ut
179 943 246 972 Julii
258 944 286 971 in
299 943 395 979 elogiis
410 943 438 970 S.
463 942 649 974 Pudentianae,
668 941 696 969 S.
709 941 804 968 Novati

22 996 46 1018 et
64 990 91 1018 S.
109 990 256 1018 Praxedis.
282 990 417 1018 Caeterum
436 989 543 1017 sincera
559 996 674 1023 prorsus
695 996 727 1015 ea
749 995 804 1014 non

23 1045 85 1071 esse,
101 1037 148 1065 sed
164 1037 211 1065 hic
226 1037 283 1064 illic
306 1036 480 1071 interpolata,
503 1036 576 1063 ultro
591 1043 642 1063 nos
662 1035 713 1070 ipsi
732 1034 804 1062 haud

23 1085 127 1111 obscure
140 1083 169 1110 in
184 1083 394 1111 Commentario
410 1083 523 1118 praevio,
537 1087 564 1110 et
582 1081 718 1109 adnotatis
739 1088 804 1108 con-

23 1130 78 1158 fessi
93 1138 209 1165 sumus;
227 1135 256 1158 at
271 1130 344 1158 omni
356 1130 471 1157 omnino
483 1129 536 1157 ﬁde
557 1129 667 1164 indigna
683 1127 803 1163 reputari

22 1178 128 1211 debere,
159 1177 286 1205 nondum
319 1177 400 1204 nobis
447 1176 584 1211 persuasit
613 1174 804 1202 Tillemontius

23 1227 81 1251 tom.
95 1221 125 1256 ll,
139 1227 207 1250 nota
224 1223 241 1250 5
259 1223 286 1250 in
305 1222 333 1250 S.
347 1222 426 1249 Pium
441 1229 540 1257 papam
555 1231 562 1249 :
576 1227 607 1249 ut
624 1221 696 1250 enim
710 1222 803 1250 minu-

22 1269 66 1298 tias
79 1274 248 1304 praeteream,
261 1277 330 1305 quas
342 1269 377 1296 ibi
393 1269 523 1304 congerit,
535 1273 565 1296 ut
578 1276 660 1296 voces
671 1267 802 1297 Actorum

23 1317 118 1351 aliquas
131 1321 158 1344 et
169 1317 287 1352 phrases
299 1319 403 1351 carpat,
418 1319 547 1350 tanquam
564 1315 664 1343 saeculo
683 1316 803 1344 secundo

22 1370 67 1388 non
89 1363 226 1396 usitatas,
254 1362 297 1390 vel
314 1362 450 1396 tempori,
477 1370 532 1397 quo
557 1362 658 1397 scripta
676 1361 802 1390 feruntur

21 1408 78 1436 Acta
89 1429 96 1441 ,
122 1417 300 1445 nequaquam
316 1409 536 1438 accommodatas
549 1410 628 1444 (nam
649 1410 715 1445 quid
731 1410 802 1444 illae,

23 1456 119 1483 tametsi
132 1455 302 1483 adulterinas
314 1463 410 1483 omnes
425 1463 486 1483 esse
502 1455 703 1483 demonstraret
719 1455 802 1483 Tille-

23 1501 141 1535 montius,
149 1501 224 1537 quod
240 1509 294 1529 non
308 1501 385 1534 facit,
398 1500 529 1529 Actorum
542 1501 702 1529 substantiae
715 1509 801 1536 usque

23 1547 81 1574 adeo
94 1547 368 1582 incommodarent)?
385 1551 415 1574 ut
437 1547 510 1579 illas,
523 1547 648 1582 inquam,
666 1549 800 1580 omittam,

23 1599 169 1628 argumenta
185 1594 247 1629 ejus
268 1594 421 1629 praecipua,
449 1597 476 1620 et
502 1593 530 1621 in
558 1597 643 1620 totam
668 1593 799 1621 Actorum
814 1601 836 1630 α

23 1638 118 1667 illorum
136 1639 270 1667 fabricam
288 1639 422 1674 ﬁdemque
436 1639 549 1672 directa,
571 1639 598 1666 id
616 1647 800 1674 nequaquam,

23 1684 86 1718 quod
107 1685 210 1720 jactat,
239 1685 376 1712 evincunt.
392 1684 469 1717 Quod
491 1687 520 1711 ut
538 1683 687 1718 perspicias
703 1705 710 1717 ,
734 1684 801 1717 Acta

23 1728 72 1762 ipsa
85 1730 196 1758 consule
216 1739 224 1758 :
249 1729 371 1757 invenies
384 1749 391 1762 ,
416 1736 448 1756 ea
466 1727 523 1756 fere
544 1728 679 1756 contineri
695 1728 801 1756 duabus

23 1775 272 1811 epistolis,quarum
287 1775 361 1810 prior
372 1779 413 1803 est
424 1774 547 1802 Pastoris
563 1774 596 1801 ad
613 1773 798 1808 Tim0thenm,

23 1821 96 1848 altera
108 1821 247 1849 Timothei
260 1821 294 1849 ad
301 1821 451 1848 Pastorem.
464 1820 615 1854 Utramque
630 1820 799 1855 suppositam

24 1868 169 1895 auctoribus
185 1868 336 1902 inscriptiS,
352 1867 408 1894 imo
422 1856 486 1894 vero
504 1867 622 1901 ineptam
640 1874 711 1899 esse,
730 1874 798 1895 con-

24 1914 100 1941 tundit
113 1915 301 1942 adversarius.

52 1959 91 1987 10.
108 1960 231 1988 Priorem
257 1960 309 1988 hoc
332 1960 467 1995 imprimis
481 1959 535 1987 telo
560 1958 682 1987 subverti
708 1963 796 1994 putat,

23 2006 85 2039 quod
99 2014 113 2033 a
126 2014 209 2041 scopo
224 2006 418 2041 propositoque
427 2004 550 2032 Pastoris
566 2008 623 2031 toto
638 2005 707 2032 cmlo
721 2004 798 2031 ablu-

23 2050 76 2078 dat:
97 2050 273 2079 Christianus
287 2051 378 2083 enim,
403 2050 510 2085 inquit,
534 2050 646 2085 quidam
671 2050 797 2083 obierat,

23 2094 131 2125 Novatus
159 2097 271 2125 nomine
285 2119 292 2130 ,
311 2097 357 2132 qui
384 2097 528 2124 facultates
552 2104 616 2125 suas
638 2097 720 2132 paulo
735 2101 798 2124 ante

24 2144 186 2172 commiserat
201 2143 308 2171 Pastori
332 2148 425 2170 nostro
435 2164 442 2176 ,
455 2147 482 2170 et
504 2142 603 2177 virgini
619 2141 734 2169 Praxedi
744 2163 752 2174 ,
768 2150 797 2171 se

24 2195 121 2217 mortuo
133 2190 344 2225 dispensandas.
362 2189 464 2216 Scribit
478 2188 505 2216 id
523 2188 682 2221 Timotheo,
700 2188 798 2216 Novati

23 2235 131 2263 defuncti
154 2244 295 2272 germano,
311 2235 423 2270 Pastor;
441 2244 558 2271 eumque
573 2236 709 2270 consulit,
729 2236 795 2271 quid

22 2283 50 2310 de
70 2284 147 2313 bonis
175 2285 279 2312 relictis
303 2284 458 2312 faciendum
484 2288 603 2311 censeat.
632 2283 700 2310 Esto
720 2290 795 2311 sane.
812 2288 834 2316 1)

23 2327 84 2362 Quid
99 2335 154 2358 tum
170 2335 265 2366 postea
277 2331 289 2357 ?
300 2329 355 2358 Hoc
367 2334 470 2365 autem,
484 2330 583 2365 inquit,
594 2330 677 2358 verbo
691 2333 796 2357 tantum

22 2384 69 2403 uno
86 2377 204 2412 postulat
228 2376 342 2412 Pastor,
371 2377 453 2412 idque
475 2376 504 2404 in
532 2376 639 2404 duobus
669 2375 797 2404 extremis

22 2423 132 2457 cpistola:
145 2424 212 2452 satis
224 2424 312 2459 longa:
322 2423 482 2456 versiculis;
508 2423 612 2458 reliqua
627 2430 693 2450 vera
703 2422 795 2449 omnia

22 2474 67 2494 non
95 2477 125 2496 eo
148 2470 239 2497 solum
266 2470 398 2503 tendunt,
420 2473 452 2496 ut
474 2470 600 2496 morbum
624 2476 656 2496 ac
679 2473 796 2496 mortem

23 2515 144 2548 explicent
159 2515 257 2544 Novati
271 2517 280 2550 (
290 2517 316 2544 id
334 2516 408 2551 quod
426 2515 526 2543 rationi
540 2522 694 2543 consonum
707 2515 795 2542 videri

22 2562 149 2595 poterat);
171 2561 220 2589 sed
242 2561 325 2588 etiam
351 2569 395 2594 eo,
419 2565 450 2588 ut
468 2561 496 2588 in
513 2561 633 2588 medium
658 2560 798 2595 proferant

22 2605 140 2640 quidquid
156 2612 218 2642 post
233 2607 340 2634 obitum
356 2606 407 2634 SS.
426 2606 604 2634 Pudentianaa
624 2610 651 2633 et
664 2605 796 2633 Pudentis

22 2648 144 2680 Praxedes
163 2661 178 2681 a
200 2653 312 2681 biennio
329 2657 461 2688 gesserat.
475 2651 546 2686 Quid
563 2653 620 2680 haec
643 2652 678 2679 ad
700 2651 795 2678 Timo-

23 2696 197 2734 tlitum;quid
218 2699 252 2726 ad
274 2700 380 2727 litteras
403 2699 570 2734 attinebant,
592 2699 691 2735 quibus
711 2698 796 2725 frater

23 2741 50 2769 de
62 2743 148 2773 fratris
161 2745 234 2773 obitu
251 2746 393 2774 docendus
406 2746 484 2773 erat?
497 2744 536 2773 lta
551 2746 607 2773 ille.
619 2745 794 2780 Respondeo,

23 2789 150 2822 aptissima
164 2791 230 2818 mihi
242 2791 328 2819 videri
350 2791 383 2818 ad
405 2799 462 2818 rem
484 2795 644 2827 praesentem
665 2797 795 2825 quazcun-

860 287 988 315 consulto
1004 294 1036 315 ac
1060 286 1200 322 praeterito
1223 285 1307 312 fratre
1334 283 1486 312 Timotheo.
1510 282 1564 311 Res
1586 290 1648 311 esse

856 337 967 369 poterat
981 333 1102 361 obnoxia
1113 331 1332 364 difﬁcultatibus,
1344 330 1398 358 nisi
1417 337 1478 357 cum
1495 329 1567 357 bona
1590 329 1647 358 fra-

859 379 910 407 tris
929 379 1016 415 gratia
1031 383 1190 407 cerneretur
1211 377 1376 405 hatreditas:
1401 375 1485 411 hujus
1503 375 1586 411 igitur
1603 383 1648 404 as—

860 434 943 454 sensu
958 425 1113 453 haeredibus
1126 431 1196 460 opus
1211 428 1281 451 erat.
1301 423 1375 450 Cedo
1390 430 1466 457 ergo,
1489 429 1544 457 quo
1567 429 1648 457 pacto

859 471 884 498 is
896 478 929 499 ex
946 470 1091 499 Timotheo
1102 491 1110 502 ,
1124 470 1171 505 qui
1196 469 1337 504 presbyter
1351 472 1411 496 erat
1425 472 1453 496 et
1476 468 1516 495 vir
1531 468 1649 496 sanctis-

860 519 965 551 simus,
982 517 1094 545 extundi
1121 515 1221 544 fortius
1234 519 1361 550 poterat,
1379 522 1462 550 quam
1488 514 1511 542 si
1537 515 1606 543 tales
1622 515 1648 543 ei

859 563 1007 597 natalibus,
1024 563 1092 595 vita,
1110 562 1272 594 virtutibus,
1301 561 1439 595 rebusque
1453 560 1536 595 gestis
1551 560 1651 596 depin-

859 613 985 644 gerentur
1000 609 1132 643 heredes,
1148 612 1178 635 ut
1196 615 1309 643 prorsus
1326 606 1497 642 intelligeret,
1516 606 1650 641 quidquid

859 656 893 683 iis
910 655 1033 683 relictum
1044 660 1127 687 esset,
1144 655 1170 682 id
1183 655 1220 682 ita
1236 654 1401 682 collocatum
1412 653 1497 681 videri
1512 657 1647 688 oportere,

858 702 937 736 quasi
961 701 989 729 in
1015 701 1102 736 ipsius
1120 701 1183 734 Dei,
1207 705 1235 728 ut
1255 700 1295 728 ita
1320 701 1438 736 loquar,
1456 700 1498 727 vel
1520 699 1649 727 Ecclesia:

859 756 958 776 manus
975 748 1169 783 consignatum
1190 747 1285 775 esset?
1301 746 1359 775 Hoc
1379 754 1444 782 ergo
1461 746 1516 782 agit
1540 745 1647 778 Pastor,

860 799 923 820 cum
942 791 972 819 S.
989 791 1120 820 Praxedis
1133 796 1208 828 gesta
1223 791 1251 819 S.
1269 791 1414 819 Timotheo
1428 791 1566 826 explicat,
1585 794 1648 817 tan—

859 844 943 875 toque
960 839 986 867 id
1004 839 1061 875 agit
1083 839 1118 867 ad
1142 847 1200 867 rem
1228 846 1306 866 suam
1321 838 1503 874 opportunius
1516 858 1523 868 .
1546 843 1649 873 quanto

859 886 1011 921 copiosius.
1038 885 1076 913 De
1099 893 1129 913 se
1154 885 1229 913 enim
1259 884 1351 912 dicere
1379 884 1448 911 nihil
1474 884 1580 916 debuit,
1600 883 1648 918 qui

821 931 842 958 B
859 932 1004 960 Timotheo
1020 932 1122 960 dudum
1139 936 1212 960 esset
1231 932 1391 959 notissimus
1404 940 1412 964 ;
1427 938 1584 966 quanquam
1600 937 1648 957 ne—

857 987 910 1014 que
926 979 959 1007 de
973 986 1012 1012 se,
1031 979 1121 1014 quoad
1135 978 1238 1006 ferebat
1251 978 1395 1011 modestia,
1411 977 1506 1004 tacuit.

892 1026 935 1052 11.
961 1024 1074 1053 Leviora
1102 1028 1166 1052 sunt
1188 1032 1249 1059 qua:
1274 1024 1386 1059 subjicit
1411 1022 1601 1050 Tillemontius
1618 1025 1645 1048 et

856 1072 883 1100 in
896 1071 1019 1100 eamdem
1035 1072 1173 1106 intorquet
1185 1070 1328 1105 epistolam
1342 1079 1349 1097 :
1362 1068 1455 1105 Neque
1470 1068 1533 1102 hoc,
1546 1066 1645 1103 inquit,

855 1118 944 1151 video,
963 1126 1013 1146 cur
1027 1117 1126 1145 Pastor
1142 1117 1288 1144 Timotheo
1302 1121 1394 1144 narret
1406 1123 1452 1143 res
1464 1120 1527 1143 ante
1541 1121 1644 1142 annum

855 1165 1007 1200 praeteritas
1029 1172 1084 1191 non
1112 1164 1203 1192 solum
1225 1163 1258 1191 de
1275 1162 1304 1190 S.
1330 1162 1451 1190 Pudente
1473 1166 1501 1189 et
1530 1165 1646 1195 utraque

855 1212 916 1248 ejus
933 1212 986 1239 ﬁlia
1005 1211 1052 1247 (de
1069 1219 1124 1246 qua
1144 1218 1173 1237 re
1186 1210 1244 1245 jam
1267 1210 1347 1242 satis,
1363 1209 1473 1244 opinor,
1491 1207 1644 1241 diximus);

855 1259 902 1288 sed
918 1259 1000 1286 etiam
1018 1259 1052 1286 de
1080 1258 1163 1285 fratre
1182 1257 1242 1292 ejus
1259 1255 1384 1283 Novato:
1407 1263 1471 1282 nam
1496 1255 1519 1282 si
1545 1255 1588 1282 vel
1615 1254 1644 1281 in

855 1305 986 1334 extremis
1004 1304 1110 1340 imperii
1130 1304 1230 1331 ﬁnibus
1244 1304 1345 1337 egisset
1361 1301 1531 1333 Timotheus,
1547 1308 1581 1328 an
1598 1308 1646 1335 per

855 1359 959 1380 annum
979 1355 1068 1379 totum
1080 1350 1148 1378 nihil
1159 1350 1192 1377 de
1210 1349 1313 1377 familia
1325 1347 1500 1376 rescivisset?
1516 1346 1644 1381 Respon-

853 1398 916 1431 deo,
929 1398 955 1425 id
975 1404 1069 1424 rarum
1091 1405 1145 1424 non
1162 1404 1234 1429 esse,
1258 1400 1288 1422 ut
1308 1394 1424 1424 fratres.
1439 1393 1521 1420 etiam
1546 1399 1643 1427 parum

854 1444 926 1472 inter
941 1451 970 1471 se
984 1442 1152 1470 habitatione
1169 1441 1311 1471 distantes,
1321 1438 1478 1473 afrequcnti
1492 1437 1643 1464 litterarum

853 1489 1020 1516 commercio
1028 1489 1109 1516 alieni
1119 1485 1428 1515 sint.Concedamushis
1441 1489 1530 1511 tamen
1540 1481 1645 1518 aliquid

854 1535 1028 1562 Tillemontio
1042 1544 1049 1562 :
1069 1534 1179 1562 sciverit
1195 1533 1237 1560 vel
1249 1540 1282 1560 ex
1297 1531 1408 1565 Novati,
1423 1530 1463 1558 vel
1480 1538 1514 1557 ex
1527 1530 1656 1557 aliorum.

854 1582 950 1610 litteris
957 1581 1117 1608 Timotheus
1125 1579 1252 1615 pleraque
1262 1577 1365 1610 omnia,
1374 1575 1523 1611 quwfrater
1531 1575 1642 1610 egisset.

854 1630 952 1657 Annon
992 1636 1063 1663 saepe
1078 1627 1173 1655 eadem
1194 1625 1315 1653 nuntiari
1338 1628 1453 1659 possunt
1470 1630 1486 1650 a
1506 1622 1645 1650 diversis?

853 1676 952 1705 Annon
993 1675 1039 1703 hic
1061 1674 1216 1710 justissima
1237 1672 1343 1700 Pastori
1368 1678 1450 1698 causa
1467 1673 1527 1697 erat
1547 1676 1644 1696 eorum

853 1723 949 1752 saltem
975 1721 1122 1750 refricandi
1139 1719 1314 1751 memoriam,
1333 1725 1395 1752 quae
1419 1716 1553 1743 Novatum
1572 1715 1644 1742 inter

852 1774 880 1797 et
895 1769 1044 1796 Praxedem
1070 1769 1301 1797 intercesserant,
1319 1764 1391 1791 unde
1407 1763 1525 1790 disceret
1548 1761 1642 1788 Timo-

852 1816 953 1848 theus,
972 1814 1133 1842 muniﬁcum
1158 1813 1252 1840 fratris
1280 1811 1308 1838 in
1333 1810 1406 1837 illam
1436 1809 1557 1836 animum
1585 1815 1641 1835 non

851 1862 960 1890 aliunde
977 1860 1126 1892 exstitisse,
1141 1867 1222 1894 quam
1241 1866 1273 1885 ex
1290 1855 1472 1884 sanctissimis
1482 1854 1581 1882 ofﬁciis
1597 1853 1640 1880 di-

836 1909 977 1943 'vinisque
999 1906 1176 1935 rationibus?
1193 1905 1270 1938 Quod
1294 1903 1369 1931 addit
1386 1901 1569 1932 adversarius,
1586 1900 1639 1927 mi-

850 1963 912 1983 rum
926 1954 1024 1987 videri,
1047 1953 1150 1980 nullam
1170 1952 1233 1978 huic
1259 1950 1380 1985 epistola:
1396 1949 1523 1984 praemitti
1541 1946 1638 1975 urbani

850 2009 882 2029 ac
899 2000 1019 2028 liberalis
1041 1998 1124 2026 ofﬁcii
1145 1997 1374 2033 signiﬁcationem
1388 2017 1395 2030 ,
1413 1995 1518 2022 nullum
1543 1993 1639 2028 prolo-

850 2055 925 2084 gum,
946 2047 994 2074 sed
1009 2046 1043 2073 ab
1061 2045 1128 2080 ipsis
1141 2044 1234 2072 statim
1251 2043 1334 2070 rebus
1358 2042 1442 2070 ordiri
1460 2047 1637 2072 sermonem;

850 2095 877 2123 id
900 2101 966 2122 vero
992 2100 1027 2120 ne
1052 2091 1218 2120 refutatione
1235 2089 1345 2125 quidem
1373 2089 1486 2122 dignum
1514 2090 1637 2122 apparet.

848 2141 986 2169 Nimirum
999 2147 1032 2168 ea
1044 2138 1168 2174 queritur
1189 2137 1301 2170 abesse,
1317 2127 1379 2171 qua:
1393 2139 1508 2170 parerga
1524 2139 1638 2168 prorsus

849 2189 970 2217 fuissent
982 2196 990 2221 ;
1007 2194 1039 2214 ea
1057 2192 1122 2214 vero
1135 2184 1276 2212 abundare
1289 2181 1437 2214 contendit,
1449 2187 1510 2214 quae
1521 2179 1555 2206 ad
1567 2186 1637 2210 rem,

850 2243 932 2271 quam
960 2234 1057 2269 agebat
1086 2233 1193 2264 Pastor,
1218 2230 1300 2258 unice
1316 2228 1430 2256 faciunt.
1458 2226 1570 2254 Urbana
1596 2229 1638 2252 est

849 2282 908 2310 haec
923 2286 950 2308 et
964 2280 1104 2308 sufﬁciens
1124 2279 1151 2306 in
1169 2277 1283 2313 cpistola
1299 2275 1374 2311 gravi
1392 2273 1532 2310 praefatio:
1561 2281 1570 2299 ι
1586 2271 1639 2299 Pa-

851 2333 908 2356 stor
918 2327 1059 2362 presbyter
1067 2325 1211 2352 Timotheo
1224 2323 1381 2359 presbytero
1391 2321 1517 2348 salutem.
1529 2329 1538 2345 ι
1549 2319 1637 2354 Atque

850 2374 908 2402 haec
935 2376 1018 2406 sunt,
1048 2371 1148 2407 quibus
1164 2369 1287 2397 Pastoris
1309 2367 1454 2403 epistolam
1486 2365 1636 2393 univcrsim

850 2421 956 2456 impetit
970 2425 1069 2448 acutus
1081 2419 1127 2446 hie
1144 2424 1251 2446 censor.

883 2466 927 2494 12.
941 2466 1060 2493 Alteram
1073 2463 1226 2499 epistolam,
1239 2468 1300 2496 quae
1309 2459 1443 2486 Timothei
1455 2463 1506 2490 est,
1521 2457 1564 2484 his
1575 2461 1636 2484 tan~

848 2517 907 2541 tum
919 2506 1010 2540 verbis
1032 2509 1187 2546 aggreditur
1206 2518 1214 2535 :
1235 2517 1244 2534 ι
1265 2507 1384 2540 Litterae,
1407 2505 1506 2540 quibus
1524 2503 1634 2531 Pastori

847 2558 990 2594 respondit
1000 2556 1170 2588 Timotheus,
1178 2554 1246 2581 nihil
1256 2553 1337 2580 etiam
1345 2559 1439 2579 eorum
1451 2551 1561 2583 habent,
1572 2557 1635 2585 quas

849 2605 912 2640 quis
926 2603 966 2630 illi
978 2603 1091 2633 diceret,
1108 2608 1123 2629 a
1139 2607 1194 2635 quo
1211 2599 1263 2626 sibi
1279 2599 1312 2625 de
1330 2598 1422 2625 fratris
1437 2597 1513 2624 obitu
1528 2604 1632 2623 renun-

847 2651 944 2677 tiatum
956 2652 1039 2675 esset.
1054 2656 1064 2673 ι
1076 2644 1201 2681 Requirit
1212 2644 1265 2677 hic,
1277 2643 1384 2678 opinor,
1397 2643 1516 2670 lamenta
1528 2641 1631 2674 fratris,

848 2700 896 2723 aut
907 2693 1009 2729 aliquid
1021 2697 1094 2720 certe
1103 2691 1247 2727 ejusmodi.
1258 2690 1309 2718 Sed
1320 2697 1423 2724 quaero,
1432 2689 1504 2716 unde
1514 2692 1631 2720 constet,

846 2742 904 2770 hac
913 2749 928 2768 a
936 2740 1078 2768 Timotheo
1090 2739 1117 2766 in
1129 2738 1223 2766 eadem
1233 2737 1348 2772 epistola
1356 2744 1411 2763 non
1421 2735 1507 2763 fuisse
1519 2734 1630 2768 scripta,

847 2789 957 2816 tametsi
973 2786 1156 2823 prtetermissa
1170 2785 1214 2812 hic
1233 2785 1286 2812 sint
1303 2791 1319 2811 ιι
1344 2783 1466 2815 Pastore,
1489 2789 1521 2809 ac
1539 2781 1632 2808 studio

24 2840 68 2867 (ille
77 2836 107 2864 de
120 2837 147 2864 S.
157 2837 277 2866 Praxede
285 2838 431 2866 Timotheo
441 2843 535 2865 narrat
547 2837 659 2870 Pastor;
674 2837 791 2872 ineptam
843 2835 935 2871 potius
950 2834 1079 2866 rescissa,
1089 2831 1163 2867 quod
1176 2831 1210 2859 ad
1225 2831 1369 2859 historiam
1389 2829 1440 2857 SS.
1453 2829 1631 2856 Pudentianze

24 2883 88 2912 vero,
104 2888 163 2915 quae
183 2882 217 2910 iis
238 2883 385 2918 obiicitur,
407 2881 575 2910 Tillemontii
595 2882 699 2910 crisim.
722 2879 791 2914 Quid
842 2887 871 2909 et
894 2880 1024 2908 Praxedis
1046 2879 1115 2907 nihil
1137 2877 1286 2914 quidquam
1309 2876 1484 2905 conferrent?
1508 2874 1537 2903 ld
1556 2874 1630 2910 quod

24 2925 107 2954 enim?
126 2927 249 2959 [heredes
275 2929 396 2958 Novatus
421 2927 564 2958 Pastorem
598 2929 744 2964 scripserat
765 2932 791 2956 et

845 2927 926 2957 etiam
950 2927 977 2956 in
993 2926 1078 2962 priori
1100 2925 1213 2962 epistola
1240 2923 1298 2952 ﬁeri
1317 2931 1350 2952 ex
1370 2922 1503 2951 industria
1528 2922 1626 2958 potuit.
