1913 3102
272 161 342 190 4019

843 165 1013 194 APPENDIX
1032 166 1078 193 AD
1103 166 1133 194 S.
1151 165 1305 193 HERMAM.

1833 163 1897 191 ιω,

270 208 372 236 Suadet
387 208 413 235 id
426 209 491 236 mihi
506 209 548 236 vel
569 209 696 243 maxime,
710 210 784 245 quod
805 216 903 238 neutra
921 212 981 239 haec
994 211 1053 247 epi-
1067 215 1091 243 Α
1105 212 1161 240 sint
1181 211 1317 245 'rnsultus,
1343 216 1373 239 ut
1389 211 1455 240 Acta
1472 211 1529 246 jam
1553 211 1625 238 dicta
1647 217 1703 237 non
1722 209 1805 236 modo
1819 210 1890 237 inter-

268 254 338 281 stola
353 255 468 282 seorsim
485 255 585 290 scripta
605 256 749 291 reperitur,
767 257 814 284 sed
836 257 982 293 conjuncta
996 262 1058 285 tan-

268 301 411 328 tummodo
430 308 492 328 cum
511 302 586 329 Actis
606 307 782 336 sanctarum,
795 311 864 338 quas
885 303 956 337 dixi,
973 303 1057 339 virgi-

268 354 351 377 num;
366 346 403 373 ita
419 351 449 374 ut
463 355 559 374 eorum
572 352 676 382 partem
692 348 771 383 longe
782 349 930 376 maximam
944 348 1055 382 faciam,

267 398 295 420 et
318 392 434 428 paucula
459 392 493 420 iis
514 393 549 420 ab
573 393 632 428 ipso
656 393 767 422 Pastore
797 394 831 421 ad
866 395 1056 430 complendam

270 440 400 467 Actorum
415 440 602 467 narrationem
624 440 800 474 adjiciantur.
825 440 954 469 Historiei
968 442 1057 470 enim-

270 491 337 510 vero
354 483 496 518 5criptoris
509 488 562 518 est,
579 492 633 512 non
650 485 755 521 integra
769 486 858 514 ubivis
876 486 1058 515 instrumenta

269 528 404 563 proferre,
417 529 464 556 sed
479 530 592 557 resectis
608 531 740 566 parergis,
756 538 803 558 eos
828 535 933 558 tantum
949 539 984 560 ex
1004 532 1058 560 illis

269 579 370 607 textus,
384 575 429 609 qui
447 575 475 602 in
491 583 548 602 rem
569 582 646 604 suam
662 577 728 608 sint,
744 576 858 605 ﬁdeliter
870 577 1008 606 exhibere.
1024 578 1060 605 At

269 621 358 654 enim,
382 621 490 656 inquis,
512 622 534 650 si
560 623 675 658 epistola
691 623 817 650 mutilata
840 628 898 657 est,
920 623 1016 658 utquid
1032 624 1056 652 ei

269 668 415 702 praetigitur
430 668 513 696 totius
524 669 645 703 epistola:
663 669 815 703 inscriptio,
840 667 989 695 Timotheus
1001 677 1059 704 pre-

269 717 374 748 sbyter,
388 719 441 742 etc.
453 714 465 740 ’ἶ
479 714 640 750 Rcspondeo
652 735 660 748 ,
679 719 708 742 ut
726 715 818 742 lectori
834 719 948 748 constet,
956 722 989 742 ex
1004 723 1059 750 quo

269 766 448 788 monumento
463 761 584 789 narratio
597 761 756 795 deprompta
774 761 819 788 sit.
833 761 866 788 Et
880 761 917 788 ita
933 761 960 788 in
975 761 1059 789 variis

269 806 409 834 codicibus
438 807 540 834 nostris
569 807 771 840 membraneis,
800 807 828 834 in
861 807 962 842 quibus
992 806 1060 835 Acta

271 852 301 879 S.
319 851 468 885 Praxedis,
500 861 555 880 non
580 853 645 884 item
673 852 869 885 Pudentianm,
892 853 1058 885 traduntur,

1110 258 1199 292 polata
1224 257 1349 285 ostendat
1370 265 1450 291 esse,
1483 257 1558 292 quod
1587 257 1660 283 ultro
1683 255 1906 288 admiseranms,‘

1108 303 1155 331 sed
1173 312 1183 328 t
1201 303 1274 330 omni
1289 303 1371 330 etiam
1387 303 1498 330 omnino
1512 302 1563 330 lide
1574 302 1697 337 indigna.
1713 310 1723 326 ι

1145 349 1189 375 15.
1201 348 1309 381 Nescio,
1325 356 1360 375 an
1375 349 1500 383 puriores
1516 347 1571 374 sint
1585 345 1687 378 fontes,
1704 345 1778 372 unde
1792 351 1889 377 catum,

1108 403 1170 430 qua:
1180 395 1214 422 de
1230 395 1259 422 S.
1275 394 1388 422 Pastore
1398 402 1485 429 pauca
1500 393 1553 421 dici
1575 397 1704 428 possunt,
1723 392 1888 419 hauriuntur.

1109 440 1232 468 Fratrem
1255 439 1342 469 fuisse
1361 439 1390 467 S.
1405 438 1445 466 Pii
1462 447 1549 474 papae,
1570 439 1651 466 docet
1669 437 1835 464 Anastasius
1855 437 1890 464 lti-

1108 486 1315 520 bliothecarius,
1331 485 1405 513 Actis
1418 486 1475 521 jam
1489 485 1596 518 citatis,
1616 492 1651 512 ex
1671 484 1777 519 quibus
1793 489 1891 510 contra~

1109 532 1181 560 rium
1203 532 1294 567 potius
1318 532 1425 559 videtur
1449 539 1530 566 posse
1551 531 1659 566 colligi,
1674 530 1833 558 recentior:
1854 538 1890 556 se-

1109 582 1232 613 quuntur
1257 577 1301 605 hic
1332 577 1408 604 illum
1438 577 1542 604 interea
1568 575 1759 611 Martyrologii
1795 575 1891 602 codices

1109 631 1182 652 unus
1196 628 1223 651 et
1239 623 1317 657 alter,
1334 623 1403 650 inter
1422 622 1541 650 Usuardi
1560 622 1648 650 nostri
1666 621 1795 650 auctaria
1813 621 1890 648 relati.

1110 668 1222 701 Vereor,
1239 676 1273 696 ne
1294 668 1330 696 sit
1351 668 1529 695 hallucinatio
1553 667 1712 700 Anastasii,
1734 667 1800 694 inde
1826 672 1890 698 nata,

1110 715 1182 750 quod
1204 714 1346 742 Pastorem
1369 713 1523 742 confuderit
1535 722 1598 742 cum
1624 713 1775 746 Hermcte,
1802 714 1846 748 qui
1870 714 1890 739 in

1110 761 1298 789 vetustissimo
1313 760 1475 788 Pontificum
1489 761 1610 796 catalogo
1622 760 1663 787 Pii
1680 760 1770 787 frater
1785 761 1892 794 appella-

1100 802 1165 836 ‘tur.
1178 807 1216 835 De
1229 811 1308 835 aetate
1328 807 1415 835 sancti
1435 807 1522 834 nostri
1535 807 1601 834 nihil
1616 806 1788 833 invenimus.
1806 805 1832 832 lu
1843 807 1891 840 epi-

1112 853 1182 881 stola
1210 853 1328 881 secunda
1354 852 1395 879 Pii
1421 851 1528 888 pame
1551 852 1583 879 ad
1608 851 1718 879 Iustum
1745 852 1892 887 episcopum

268 898 407 932 posterior
431 902 536 925 tantum
552 903 579 925 et
599 898 691 925 minor
714 906 777 933 pars
802 898 913 925 affertur
938 898 1060 933 epistolae
1075 896 1097 925 Β
1112 899 1293 927 Viennensem
1321 898 1439 934 legitur:
1467 907 1476 924 ε
1505 897 1649 933 Presbyter
1671 897 1775 924 Pastor
1798 898 1892 924 titulum

269 942 392 971 Pastoris
403 951 464 970 cum
478 944 584 971 caeteris
602 950 663 977 quae
687 948 840 978 sequuntur
854 944 881 970 in
894 942 969 971 Actis
982 943 1061 971 nobis

271 989 353 1017 editis
366 997 380 1016 a
398 997 473 1016 num.
487 989 521 1017 5:
537 997 599 1016 cum
614 994 704 1016 tamen
719 989 763 1017 isti
780 989 886 1016 lacinia:
905 990 990 1017 totius
1005 991 1063 1025 cpi-

271 1034 347 1060 stolte
363 1033 543 1068 praimittatur
558 1034 720 1069 inscriptio;
742 1034 770 1061 id
781 1034 853 1069 quod
869 1034 953 1061 etiam
968 1035 1062 1062 obser-

271 1087 337 1107 vare
351 1080 414 1107 licet
429 1081 501 1115 apud
518 1080 607 1108 Euiin.
621 1080 770 1108 Baronium
786 1081 820 1108 ad
840 1089 941 1108 annum
958 1082 1061 1109 Christi

273 1126 341 1159 l62;
358 1134 525 1162 quanquam,
548 1133 578 1154 ut
597 1127 654 1164 ipse
675 1135 736 1154 eam
754 1127 843 1161 dedit,
867 1127 953 1155 videri
976 1129 1063 1163 possit

271 1172 387 1208 cpistola
403 1172 529 1200 absoluta
543 1178 569 1200 et
583 1173 688 1208 integra
701 1183 708 1207 ;
721 1181 784 1201 cum
798 1173 826 1200 in
837 1173 967 1202 omnibus
987 1174 1062 1202 codi-

271 1217 350 1245 cibus
366 1218 470 1246 nostris
483 1226 550 1246 mss.
567 1224 707 1254 appareat,
724 1223 829 1254 partem
850 1224 956 1247 tantum
971 1227 1032 1248 esse
1046 1227 1062 1247 a

271 1264 435 1298 praecedenti
451 1269 525 1292 textu
539 1265 674 1298 avulsam,
688 1270 715 1293 et
726 1265 760 1292 ad
775 1266 853 1293 illum
869 1266 1039 1294 referendam
1053 1275 1060 1293 :

272 1310 319 1336 alii
335 1310 375 1337 sic
386 1310 554 1338 ordiuntur:
571 1319 581 1336 ε
602 1310 683 1346 Virgo
704 1311 808 1338 Christi
830 1311 966 1340 Praxedes
982 1311 1061 1339 habi-

273 1356 339 1384 tavit
354 1355 380 1382 in
394 1356 483 1383 eodem
507 1356 596 1390 titulo,
607 1357 781 1384 vehementer
790 1357 911 1392 allligens
923 1365 962 1391 se,
981 1367 990 1383 ι
1005 1362 1058 1385 etc.

272 1401 325 1428 Alii
339 1402 378 1428 sic
394 1410 400 1428 :
414 1400 497 1437 Virgo
517 1402 682 1430 venerabilis
712 1401 849 1430 Praxedes
873 1403 1007 1430 habitavit
1034 1403 1062 1430 in

273 1447 353 1474 titulo
375 1448 529 1482 supradicto
554 1447 652 1475 afﬂicta
679 1453 789 1483 propter
821 1449 966 1476 transitum
1001 1456 1063 1483 gcr~

274 1500 360 1520 mana:
381 1500 460 1524 suae,-
478 1498 530 1521 etc.
557 1492 610 1521 Sed
633 1494 698 1529 quid
724 1502 775 1529 ego
804 1494 848 1521 hic
864 1494 965 1529 plura?
984 1493 1062 1521 Patet

273 1539 339 1567 hinc
367 1539 450 1572 satis,
468 1544 497 1567 ut
511 1539 640 1572 arbitror,
664 1547 748 1575 quam
768 1540 870 1568 debiles
892 1538 1059 1567 Tillemontii

1113 945 1245 978 condidit,
1258 949 1285 972 ct
1300 944 1380 980 digne
1392 945 1419 971 iu
1435 943 1551 970 Domino
1562 943 1642 970 obiit.
1659 953 1668 969 ›
1687 942 1830 970 Dicendus
1839 951 1893 977 ergo

1113 996 1184 1019 esset
1199 991 1301 1018 obiisse
1314 991 1365 1018 sub
1378 990 1407 1017 S.
1421 989 1461 1016 Pii
1477 990 1648 1025 pontilicatu,
1669 988 1799 1023 adeoque
1811 996 1894 1015 versus

1113 1037 1233 1065 medium
1246 1037 1338 1065 steculi
1354 1036 1485 1070 secundi;
1503 1036 1526 1063 si
1547 1035 1612 1063 stari
1631 1039 1725 1070 posset
1748 1035 1831 1069 hujus
1846 1036 1893 1068 epi-

1113 1083 1190 1110 stola:
1203 1083 1366 1110 auctoritate
1379 1091 1385 1116 ;
1400 1082 1472 1118 quod
1489 1082 1570 1115 addo,
1583 1082 1647 1116 quia
1662 1081 1843 1115 quantumvis
1854 1079 1895 1106 Ba-

1112 1130 1208 1157 tonius
1223 1129 1357 1157 sinceram
1374 1129 1448 1156 illam
1467 1135 1527 1156 esse
1539 1127 1642 1163 judicet
1658 1127 1684 1154 in
1700 1127 1854 1153 Annalibus
1868 1126 1893 1152 ad

1113 1183 1217 1202 annum
1235 1175 1303 1208 l66,
1318 1175 1344 1202 id
1370 1180 1462 1202 tamen
1483 1173 1529 1201 alii
1554 1173 1667 1208 quidam
1693 1180 1751 1199 non
1780 1172 1892 1207 probant,

1115 1225 1183 1249 teste
1195 1220 1305 1248 Labbeo
1319 1224 1414 1247 nostro
1431 1224 1499 1247 tom.
1513 1218 1524 1245 ῐ
1553 1217 1739 1245 σοηείιίοηιιη
1764 1218 1818 1245 col.
1833 1217 1892 1249 576;

1114 1266 1306 1294 Tillemontius
1328 1266 1529 1300 supposititiam
1551 1272 1611 1292 esse
1636 1264 1732 1291 multis
1755 1263 1893 1290 rationibus

1115 1317 1229 1339 conatur
1245 1311 1388 1339 ostendere
1410 1310 1529 1337 Monum.
1545 1310 1608 1337 εδει.
1634 1313 1701 1336 tom.
1714 1308 1749 1340 ll,
1764 1313 1828 1336 nota
1845 1309 1858 1335 i
1873 1308 1893 1334 in

1114 1360 1143 1387 S.
1165 1359 1262 1392 Pium;
1277 1362 1304 1385 et
1322 1363 1352 1385 ut
1366 1358 1435 1385 alios
1450 1358 1542 1392 plures
1558 1356 1695 1389 omittam,
1712 1356 1789 1383 inter
1806 1356 1894 1382 adulto»

1113 1406 1189 1434 riuas
1206 1404 1369 1432 Pontiﬁcum
1387 1403 1573 1430 Romanorum
1589 1402 1723 1437 epistolas
1739 1410 1803 1428 eam
1819 1402 1895 1428 retuEEt

1113 1459 1200 1486 nuper
1217 1451 1313 1478 Petrus
1340 1450 1473 1477 Coustant
1494 1450 1520 1476 in
1541 1449 1691 1484 appendice
1716 1448 1752 1475 ad
1779 1448 1891 1475 tomuml

1113 1497 1297 1532 Epistolarum
1326 1495 1513 1523 Romanorum
1541 1494 1708 1522 Pontificum
1733 1494 1790 1522 col.
1822 1494 1852 1521 l8
1876 1500 1895 1521 ct

1113 1540 1248 1576 sequenti.

857 1658 1103 1690 SANCTARUM
1131 1658 1332 1689 VIRGINUM

527 1733 1055 1802 PUDENTIANXE
1101 1735 1202 1798 ΕΤ
1254 1731 1651 1798 PRAXEDIS

998 1861 1189 1921 ACTA

478 1973 757 2020 AUCTOBE
798 1973 845 2018 S.
885 1967 1154 2018 PASTORE
1201 1969 1481 2017 OCULATO
1519 1967 1707 2015 TESTE

860 2066 930 2098 (Acta
939 2066 988 2090 ss.
1000 2063 1074 2097 Bou.,
1090 2064 1147 2090 uau
1160 2066 1178 2090 t.
1191 2064 1233 2094 ιν,
1252 2071 1276 2096 ρ.
1290 2063 1358 2095 299.)

314 2118 340 2147 Ι.
360 2118 456 2148 PaSIor
477 2121 617 2156 presbyter
647 2122 791 2150 Timotheo
813 2121 971 2156 presbytero
985 2121 1067 2156 jsalu-
1081 2124 1102 2153 C
1119 2125 1172 2149 tem
1186 2121 1254 2157 (90).
1270 2121 1390 2154 Pudens,
1404 2120 1488 2148 frater
1499 2123 1592 2146 uester
1602 2120 1631 2144 et
1643 2115 1754 2142 amicus
1764 2114 1831 2149 (9]),
1843 2119 1895 2146 apo-

315 2177 371 2212 (90)
396 2177 431 2215 In,
447 2178 509 2207 aliis
520 2169 649 2215 ‘antiquis
665 2187 732 2207 mss.
749 2186 775 2206 et
789 2180 860 2214 apud
875 2179 1063 2206 Mombritium

280 2213 332 2240 hoc
349 2214 492 2241 exordium
511 2213 681 2242 collocatur:
700 2223 710 2241 ‹
728 2215 825 2242 Omnia
841 2222 901 2249 quae
919 2222 934 2241 a
959 2214 1062 2241 sanctis

280 2252 355 2282 gesta
371 2255 434 2276 sunt
450 2250 491 2276 vel
516 2255 658 2284 geruntur,
674 2250 697 2277 si
714 2250 775 2284 quis
797 2249 914 2277 voluerit
939 2250 1063 2277 studiose

280 2283 453 2320 conquirere.
467 2289 494 2312 et
510 2283 561 2312 sibi
576 2290 602 2313 et
618 2283 743 2320 plurimis
754 2285 940 2320 tedilicationis
953 2285 1064 2312 exhibet

280 2317 415 2352 fructum;
439 2324 466 2347 et
481 2320 562 2354 quasi
576 2317 658 2348 arlior
672 2319 813 2348 fructifera
830 2327 885 2347 non
907 2320 967 2347 sine
982 2327 1066 2347 causa

280 2353 413 2390 probatur
429 2353 564 2390 occupare
581 2361 680 2383 terram
700 2356 764 2383 dum
779 2355 857 2387 vivit,
877 2363 939 2382 cum
962 2359 989 2381 et
1009 2356 1068 2390 ipse

281 2389 339 2416 suis
350 2390 437 2426 pomis
449 2389 574 2424 ornatur,
586 2395 613 2417 et
624 2391 714 2419 omnis
723 2391 770 2426 qui
779 2398 810 2417 ex
826 2398 860 2418 eo
875 2389 994 2417 fructum
1007 2398 1067 2426 per-

280 2424 384 2458 ceperit
405 2426 556 2461 saginatur.
578 2424 742 2458 Scribimus,
758 2430 789 2452 ut
811 2426 838 2452 in
858 2426 942 2459 gestis
960 2425 1067 2461 iuveni-

282 2467 354 2492 mus,
363 2460 436 2496 quid
450 2461 563 2496 egerint.
577 2461 642 2496 quid
659 2461 740 2489 locuti
762 2462 826 2493 sint,
844 2461 909 2495 quid
923 2460 997 2496 passi
1013 2460 1069 2496 sint

282 2494 387 2522 sancti;
411 2494 552 2524 Ostendite
575 2494 624 2524 vos
645 2504 706 2524 esse
720 2494 885 2527 catholicos,
902 2494 949 2530 qui
964 2495 1066 2522 Christi

282 2530 411 2558 victorias
429 2539 537 2565 semper
553 2531 667 2559 libenter
681 2532 792 2562 auditis,
811 2537 837 2558 et
853 2532 992 2565 interrogo
1008 2538 1068 2563 vos,

282 2573 352 2602 quas
373 2570 464 2593 tamen
489 2566 535 2602 [an
555 2575 636 2602 quare
651 2567 789 2602 tandemﬂ
813 2567 883 2593 inter
901 2565 1070 2602 apocryphas

283 2600 387 2636 litteras
404 2602 461 2628 haec
474 2600 597 2629 vocando
613 2603 740 2631 censetis,
755 2600 802 2636 per
829 2609 898 2636 quas
921 2600 1070 2636 (laudatur)

285 2635 404 2668 Pudens,
429 2636 513 2664 frater
525 2642 618 2664 uoster
629 2643 655 2664 et
669 2635 776 2664 amicus
789 2635 987 2671 apostolorum,
1004 2637 1070 2670 quia

284 2671 372 2698 cultor
386 2677 413 2699 et
422 2677 565 2707 susceptor
579 2678 736 2700 sanctorum
750 2672 954 2707 peregrinorum
964 2679 1071 2698 summa

285 2707 435 2742 ambitione
451 2708 510 2735 fuit.
528 2707 580 2740 Qui
593 2713 750 2742 contempto
764 2708 867 2734 mundo
881 2711 908 2734 et
928 2711 1072 2742 parentum

285 2740 424 2777 facilitate,
440 2742 550 2770 Christo
570 2751 677 2777 semper
689 2740 810 2777 paratus,
830 2743 856 2769 in
876 2742 1004 2768 omnibus
1019 2741 1072 2767 Do—

286 2776 353 2812 mini
379 2778 530 2812 pr:eceptis,
549 2787 557 2803 ι
580 2776 644 2809 (διαί,
662 2776 793 2810 utsupra.
807 2777 864 2804 Hoc
883 2781 974 2804 autem
990 2784 1072 2803 exor-

286 2811 361 2837 dium
374 2812 459 2848 videri
472 2817 564 2846 posset
574 2819 652 2840 mtatc
669 2813 770 2840 Gelasii
783 2820 859 2848 papa:
869 2811 1072 2848 concinnatum,

288 2846 400 2882 quando
416 2847 517 2874 multus
531 2847 624 2874 Romae
639 2856 731 2875 sermo
748 2846 960 2882 de'apocryphis
974 2847 1073 2882 discer-

290 2881 387 2907 nendis
397 2902 404 2913 ,
416 2890 498 2917 causa
512 2887 584 2909 certe
592 2883 751 2917 suppetebat
763 2883 796 2910 Ile
806 2883 847 2910 his
857 2881 1073 2917 aetistlubitandi

291 2920 400 2948 propter
427 2916 556 2944 insertam
587 2917 751 2945 mentionem
780 2918 967 2959 apostolorum
994 2922 1021 2946 et
1043 2916 1071 2944 Β.

1119 2178 1206 2210 Pauli,
1213 2184 1239 2205 et
1247 2179 1312 2205 hinc
1320 2178 1482 2205 existentem
1490 2173 1762 2212 parachrqnismum.
1773 2169 1895 2212 Aringhus

1117 2204 1207 2241 abigi
1217 2204 1406 2240 subterraneae
1417 2213 1465 2239 lib.
1480 2204 1517 2243 tv,
1535 2217 1596 2244 cap.
1619 2208 1668 2245 2],
1684 2208 1741 2234 alia
1757 2213 1823 2233 mss.
1835 2204 1896 2245 *ἵξιρ-

1116 2257 1184 2277 cana
1211 2249 1320 2283 allegat,
1338 2248 1389 2276 sub
1411 2246 1532 2274 numeris
1554 2243 1577 2271 4⁷
1589 2248 1617 2271 et
1632 2243 1664 2283 79.
1682 2248 1803 2283 quorum
1827 2243 1897 2283 'i'nuro

1120 2274 1402 2319 igi'ﬁir‘aé'ilu'ohipo
1414 2283 1594 2319 imperatOLe;
1611 2282 1639 2305 ει
1653 2274 1785 2318 “Mi!”
1792 2284 1815 2319 εξ

1120 2310 1291 2354 temporibus
1308 2320 1349 2346 vir
1361 2310 1536 2345 fuitin-urbe
1549 2314 1647 2354 Roma.
1663 2312 1778 2354 ηξξῐηὶξιε
1794 2310 1895 2354 Ρυιβίξξνξς

1120 2348 1218 2389 genere
1227 2354 1337 2386 nobilis,
1347 2353 1428 2388 cujus
1437 2356 1514 2387 pater
1523 2350 1672 2389 vocabatur
1683 2348 1818 2389 Punicus,
1826 2349 1897 2389 mater

1120 2382 1212 2417 autem
1233 2382 1358 2417 Priscilla
1369 2382 1518 2423 {quorum
1533 2385 1642 2423 quidem
1654 2382 1782 2423 arbitrio
1797 2382 1897 2423 duxerat

1122 2425 1278 2459 conjugcm,
1309 2418 1418 2451 nomine
1444 2418 1622 2459 Sabinellaut,
1654 2418 1810 2459 illustribus

1120 2449 1423 2490 deiixlnﬁiiihtiiihgfdé
1445 2465 1499 2494 qua
1513 2449 1722 2494 duassuseepit
1749 2453 1828 2494 tilia-5,
1849 2449 1895 2494 pul-

1121 2496 1203 2522 chras
1226 2495 1328 2530 specie,
1350 2487 1398 2522 sed
1413 2487 1538 2530 moribus
1551 2487 1744 2528 pulchrioi-es._
1759 2497 1768 2513 )
1855 2492 1897 2530 alu-

1123 2520 1600 2565 tcni—éeniiinistvlisimplicitaiem
1616 2532 1671 2565 non
1685 2524 1808 2565 sapiunt,
1827 2520 1897 2565 male

1122 2573 1176 2599 que
1189 2559 1354 2592 tribuuntur:
1364 2559 1487 2599 Pastori.
1503 2559 1740 2599 Miu_uAs_alterat_us
1753 2563 1841 2599 Ie‘xgtus
1854 2559 1895 2599 est:

1123 2592 1255 2637 alteratus
1270 2605 1372 2637 tamen,
1386 2600 1412 2626 in
1430 2596 1614 2637 codieeliSS,
1630 2594 1756 2637 ejusdem

1123 2636 1310 2666 bibliothecae.
1326 2627 1406 2671 cujus
1420 2633 1588 2671 ccgraphum
1603 2627 1687 2671 nobis
1706 2637 1756 2669 sua
1769 2634 1848 2671 manu
1861 2627 1897 2671 de-

1124 2671 1231 2704 scripsit
1245 2671 1277 2698 li.
1300 2663 1331 2698 P.
1345 2663 1468 2697 Joannes
1482 2663 1851 2705 Franciscusnhnniushoc
1860 2668 1897 2705 εξ-

1125 2694 1493 2733 ‘Sanctiss—i‘mo—ac
1512 2700 1664 2740 venerabili
1690 2694 1896 2740 presbytero

1126 2742 1237 2768 motheo
1249 2741 1326 2768 fratri
1342 2741 1438 2767 Pastor
1448 2738 1599 2774 presbyter.
1624 2735 1738 2762 Noverit
1759 2734 1896 2774 fraternitas

1125 2782 1182 2807 tua,
1195 2777 1325 2811 quoniam
1350 2776 1459 2802 Pudens
1475 2774 1557 2800 frater
1568 2775 1664 2798 noster
1678 2776 1706 2811 et
1718 2776 1834 2811 amicus,
1844 2774 1896 2811 apo-

1126 2808 1258 2839 stolorum
1271 2811 1370 2844 cultor,
1385 2815 1412 2838 et
1426 2813 1569 2846 susceptor
1586 2808 1832 2846 peregrinorumpt
1846 2809 1897 2846 ciiii-

1126 2851 1244 2881 tetnptor
1257 2840 1405 2880 mundi,'in
1424 2840 1553 2872 omnibus
1569 2840 1715 2877 praeceptis
1727 2840 1831 2867 Domini
1845 2843 1897 2863 cru‘

1127 2882 1198 2909 ditus
1211 2882 1270 2909 fuit.
1287 2892 1296 2908 ι

1164 2908 1218 2953 (9i)
1240 2908 1276 2947 ita
1293 2917 1403 2946 omnino
1419 2912 1608 2951 coniungenda
1627 2912 1684 2940 hac
1700 2916 1774 2947 ῐδυιοι
1792 2919 1799 2934 ‘
1817 2908 1898 2936 nam
