  <div class='ocr_page' id='page_1' title='image "/cluster/home/n/w/nwhite01/storage/ocr_20150623/2/njp.32101077772349/680.png"; bbox 0 0 1913 3102; ppageno 0'>
   <div class='ocr_carea' id='block_1_1' title="bbox 17 187 57 214">
    <p class='ocr_par' dir='ltr' id='par_1_1' title="bbox 17 187 57 214">
     <span class='ocr_line' id='line_1_1' title="bbox 17 187 57 214; baseline -0.025 0"><span class='ocrx_word' id='word_1_1' title='bbox 17 187 57 214; x_wconf 67' lang='grc'><strong>021</strong></span> 
     </span>
    </p>
   </div>
   <div class='ocr_carea' id='block_1_2' title="bbox 16 244 807 280">
    <p class='ocr_par' dir='ltr' id='par_1_2' title="bbox 16 244 807 280">
     <span class='ocr_line' id='line_1_2' title="bbox 16 244 807 280; baseline 0.004 -9"><span class='ocrx_word' id='word_1_2' title='bbox 16 246 120 272; x_wconf 81' lang='lat' dir='ltr'><strong>lolorn-m</strong></span> <span class='ocrx_word' id='word_1_3' title='bbox 129 244 242 280; x_wconf 96' lang='lat' dir='ltr'><strong>(cultor)</strong></span> <span class='ocrx_word' id='word_1_4' title='bbox 259 248 286 272; x_wconf 89' lang='lat' dir='ltr'><strong>et</strong></span> <span class='ocrx_word' id='word_1_5' title='bbox 299 249 442 279; x_wconf 75' lang='lat' dir='ltr'><strong>susceptor</strong></span> <span class='ocrx_word' id='word_1_6' title='bbox 449 245 652 279; x_wconf 76' lang='lat' dir='ltr'><strong>peregrinorum</strong></span> <span class='ocrx_word' id='word_1_7' title='bbox 663 253 771 273; x_wconf 88' lang='lat' dir='ltr'><strong>summo</strong></span> <span class='ocrx_word' id='word_1_8' title='bbox 784 246 807 274; x_wconf 86' lang='lat' dir='ltr'><strong>A</strong></span> 
     </span>
    </p>
   </div>
   <div class='ocr_carea' id='block_1_3' title="bbox 16 291 773 326">
    <p class='ocr_par' dir='ltr' id='par_1_3' title="bbox 16 291 773 326">
     <span class='ocr_line' id='line_1_3' title="bbox 16 291 773 326; baseline 0.003 -9"><span class='ocrx_word' id='word_1_9' title='bbox 16 291 81 318; x_wconf 83' lang='lat' dir='ltr'><strong>tudio</strong></span> <span class='ocrx_word' id='word_1_10' title='bbox 93 291 151 318; x_wconf 91' lang='lat' dir='ltr'><strong>fuit.</strong></span> <span class='ocrx_word' id='word_1_11' title='bbox 163 291 218 324; x_wconf 83' lang='lat' dir='ltr'><strong>Qui</strong></span> <span class='ocrx_word' id='word_1_12' title='bbox 232 295 294 326; x_wconf 90' lang='lat' dir='ltr'><strong>post</strong></span> <span class='ocrx_word' id='word_1_13' title='bbox 308 295 423 318; x_wconf 88' lang='lat' dir='ltr'><strong>mortem</strong></span> <span class='ocrx_word' id='word_1_14' title='bbox 432 291 559 326; x_wconf 77' lang='lat' dir='ltr'><strong>conjugis</strong></span> <span class='ocrx_word' id='word_1_15' title='bbox 568 299 622 319; x_wconf 71' lang='lat' dir='ltr'><strong>suae</strong></span> <span class='ocrx_word' id='word_1_16' title='bbox 636 291 773 319; x_wconf 72' lang='lat' dir='ltr'><strong>Savinillae</strong></span> 
     </span>
    </p>
   </div>
   <div class='ocr_carea' id='block_1_4' title="bbox 17 337 771 372">
    <p class='ocr_par' dir='ltr' id='par_1_4' title="bbox 17 337 771 372">
     <span class='ocr_line' id='line_1_4' title="bbox 17 337 771 372; baseline 0.001 -9"><span class='ocrx_word' id='word_1_17' title='bbox 17 341 174 371; x_wconf 82' lang='lat' dir='ltr'><strong>tparentum,</strong></span> <span class='ocrx_word' id='word_1_18' title='bbox 183 338 210 364; x_wconf 89' lang='lat' dir='ltr'><strong>id</strong></span> <span class='ocrx_word' id='word_1_19' title='bbox 222 342 263 365; x_wconf 90' lang='lat' dir='ltr'><strong>est</strong></span> <span class='ocrx_word' id='word_1_20' title='bbox 272 338 358 372; x_wconf 81' lang='lat' dir='ltr'><strong>patris</strong></span> <span class='ocrx_word' id='word_1_21' title='bbox 370 337 464 364; x_wconf 90' lang='lat' dir='ltr'><strong>Punici</strong></span> <span class='ocrx_word' id='word_1_22' title='bbox 486 341 513 364; x_wconf 89' lang='lat' dir='ltr'><strong>et</strong></span> <span class='ocrx_word' id='word_1_23' title='bbox 524 338 619 364; x_wconf 89' lang='lat' dir='ltr'><strong>matris</strong></span> <span class='ocrx_word' id='word_1_24' title='bbox 631 337 771 370; x_wconf 84' lang='lat' dir='ltr'><strong>Priscillae,</strong></span> 
     </span>
    </p>
   </div>
   <div class='ocr_carea' id='block_1_5' title="bbox 15 382 772 420">
    <p class='ocr_par' dir='ltr' id='par_1_5' title="bbox 15 382 772 420">
     <span class='ocr_line' id='line_1_5' title="bbox 15 382 772 420; baseline 0.003 -12"><span class='ocrx_word' id='word_1_25' title='bbox 15 383 106 418; x_wconf 61' lang='lat' dir='ltr'><strong>[uicum</strong></span> <span class='ocrx_word' id='word_1_26' title='bbox 119 383 198 410; x_wconf 77' lang='lat' dir='ltr'><strong>uxori</strong></span> <span class='ocrx_word' id='word_1_27' title='bbox 207 383 364 418; x_wconf 79' lang='lat' dir='ltr'><strong>junxerant,</strong></span> <span class='ocrx_word' id='word_1_28' title='bbox 376 383 470 410; x_wconf 90' lang='lat' dir='ltr'><strong>mundi</strong></span> <span class='ocrx_word' id='word_1_29' title='bbox 481 382 608 420; x_wconf 85' lang='lat' dir='ltr'><strong>facultate</strong></span> <span class='ocrx_word' id='word_1_30' title='bbox 618 387 772 418; x_wconf 85' lang='lat' dir='ltr'><strong>contempta</strong></span> 
     </span>
    </p>
   </div>
   <div class='ocr_carea' id='block_1_6' title="bbox 15 428 772 464">
    <p class='ocr_par' dir='ltr' id='par_1_6' title="bbox 15 428 772 464">
     <span class='ocr_line' id='line_1_6' title="bbox 15 428 772 464; baseline 0 -9"><span class='ocrx_word' id='word_1_31' title='bbox 15 428 151 457; x_wconf 88' lang='lat' dir='ltr'><strong>nomnibus</strong></span> <span class='ocrx_word' id='word_1_32' title='bbox 169 428 279 456; x_wconf 84' lang='lat' dir='ltr'><strong>Domini</strong></span> <span class='ocrx_word' id='word_1_33' title='bbox 290 429 431 464; x_wconf 69' lang='lat' dir='ltr'><strong>praaceptis</strong></span> <span class='ocrx_word' id='word_1_34' title='bbox 447 429 567 456; x_wconf 87' lang='lat' dir='ltr'><strong>eruditus</strong></span> <span class='ocrx_word' id='word_1_35' title='bbox 579 433 629 457; x_wconf 91' lang='lat' dir='ltr'><strong>est.</strong></span> <span class='ocrx_word' id='word_1_36' title='bbox 643 429 772 456; x_wconf 86' lang='lat' dir='ltr'><strong>Defuncta</strong></span> 
     </span>
    </p>
   </div>
   <div class='ocr_carea' id='block_1_7' title="bbox 15 473 773 510">
    <p class='ocr_par' dir='ltr' id='par_1_7' title="bbox 15 473 773 510">
     <span class='ocr_line' id='line_1_7' title="bbox 15 473 773 510; baseline 0 -10"><span class='ocrx_word' id='word_1_37' title='bbox 15 480 80 501; x_wconf 57' lang='lat' dir='ltr'><strong>intem</strong></span> <span class='ocrx_word' id='word_1_38' title='bbox 99 482 169 501; x_wconf 79' lang='lat' dir='ltr'><strong>uxor</strong></span> <span class='ocrx_word' id='word_1_39' title='bbox 183 474 334 510; x_wconf 87' lang='lat' dir='ltr'><strong>reliquerat</strong></span> <span class='ocrx_word' id='word_1_40' title='bbox 357 474 382 502; x_wconf 94' lang='lat' dir='ltr'><strong>ei</strong></span> <span class='ocrx_word' id='word_1_41' title='bbox 404 474 471 502; x_wconf 83' lang='lat' dir='ltr'><strong>duas</strong></span> <span class='ocrx_word' id='word_1_42' title='bbox 487 473 726 507; x_wconf 79' lang='lat' dir='ltr'><strong>lilias,Praxedem</strong></span> <span class='ocrx_word' id='word_1_43' title='bbox 747 478 773 501; x_wconf 78' lang='lat' dir='ltr'><strong>et</strong></span> 
     </span>
    </p>
   </div>
   <div class='ocr_carea' id='block_1_8' title="bbox 15 520 773 556">
    <p class='ocr_par' dir='ltr' id='par_1_8' title="bbox 15 520 773 556">
     <span class='ocr_line' id='line_1_8' title="bbox 15 520 773 556; baseline -0.001 -9"><span class='ocrx_word' id='word_1_44' title='bbox 15 521 188 554; x_wconf 78' lang='lat' dir='ltr'><strong>’otentianam,</strong></span> <span class='ocrx_word' id='word_1_45' title='bbox 211 528 281 556; x_wconf 88' lang='lat' dir='ltr'><strong>quas</strong></span> <span class='ocrx_word' id='word_1_46' title='bbox 306 520 376 548; x_wconf 90' lang='lat' dir='ltr'><strong>idem</strong></span> <span class='ocrx_word' id='word_1_47' title='bbox 391 520 499 548; x_wconf 89' lang='lat' dir='ltr'><strong>Pudens</strong></span> <span class='ocrx_word' id='word_1_48' title='bbox 515 521 542 547; x_wconf 96' lang='lat' dir='ltr'><strong>in</strong></span> <span class='ocrx_word' id='word_1_49' title='bbox 563 521 636 548; x_wconf 92' lang='lat' dir='ltr'><strong>omni</strong></span> <span class='ocrx_word' id='word_1_50' title='bbox 650 520 773 547; x_wconf 88' lang='lat' dir='ltr'><strong>castitate</strong></span> 
     </span>
    </p>
   </div>
   <div class='ocr_carea' id='block_1_9' title="bbox 15 566 773 601">
    <p class='ocr_par' dir='ltr' id='par_1_9' title="bbox 15 566 773 601">
     <span class='ocr_line' id='line_1_9' title="bbox 15 566 773 601; baseline 0 -8"><span class='ocrx_word' id='word_1_51' title='bbox 15 566 111 599; x_wconf 72' lang='lat' dir='ltr'><strong>nutrivit,</strong></span> <span class='ocrx_word' id='word_1_52' title='bbox 124 571 151 594; x_wconf 86' lang='lat' dir='ltr'><strong>et</strong></span> <span class='ocrx_word' id='word_1_53' title='bbox 167 567 255 594; x_wconf 90' lang='lat' dir='ltr'><strong>nimio</strong></span> <span class='ocrx_word' id='word_1_54' title='bbox 266 567 482 595; x_wconf 81' lang='lat' dir='ltr'><strong>Christianitatis</strong></span> <span class='ocrx_word' id='word_1_55' title='bbox 494 574 600 601; x_wconf 87' lang='lat' dir='ltr'><strong>amore,</strong></span> <span class='ocrx_word' id='word_1_56' title='bbox 614 574 724 594; x_wconf 91' lang='lat' dir='ltr'><strong>omnem</strong></span> <span class='ocrx_word' id='word_1_57' title='bbox 739 566 773 593; x_wconf 89' lang='lat' dir='ltr'><strong>le-</strong></span> 
     </span>
    </p>
   </div>
   <div class='ocr_carea' id='block_1_10' title="bbox 15 611 773 648">
    <p class='ocr_par' dir='ltr' id='par_1_10' title="bbox 15 611 773 648">
     <span class='ocr_line' id='line_1_10' title="bbox 15 611 773 648; baseline 0 -10"><span class='ocrx_word' id='word_1_58' title='bbox 15 619 53 638; x_wconf 83' lang='lat' dir='ltr'><strong>:em</strong></span> <span class='ocrx_word' id='word_1_59' title='bbox 65 611 183 638; x_wconf 84' lang='lat' dir='ltr'><strong>divinam</strong></span> <span class='ocrx_word' id='word_1_60' title='bbox 196 612 315 640; x_wconf 87' lang='lat' dir='ltr'><strong>edocuit.</strong></span> <span class='ocrx_word' id='word_1_61' title='bbox 333 611 383 640; x_wconf 84' lang='lat' dir='ltr'><strong>Hic</strong></span> <span class='ocrx_word' id='word_1_62' title='bbox 406 613 498 648; x_wconf 81' lang='lat' dir='ltr'><strong>itaque</strong></span> <span class='ocrx_word' id='word_1_63' title='bbox 512 621 528 639; x_wconf 89' lang='lat' dir='ltr'><strong>a</strong></span> <span class='ocrx_word' id='word_1_64' title='bbox 542 612 572 640; x_wconf 88' lang='grc' dir='ltr'><strong>Β,</strong></span> <span class='ocrx_word' id='word_1_65' title='bbox 589 611 638 639; x_wconf 86' lang='lat' dir='ltr'><strong>Pio</strong></span> <span class='ocrx_word' id='word_1_66' title='bbox 651 611 709 647; x_wconf 69' lang='grc'><strong>(92)</strong></span> <span class='ocrx_word' id='word_1_67' title='bbox 725 611 773 639; x_wconf 86' lang='lat' dir='ltr'><strong>du-</strong></span> 
     </span>
    </p>
   </div>
   <div class='ocr_carea' id='block_1_11' title="bbox 19 657 772 693">
    <p class='ocr_par' dir='ltr' id='par_1_11' title="bbox 19 657 772 693">
     <span class='ocr_line' id='line_1_11' title="bbox 19 657 772 693; baseline 0.001 -10"><span class='ocrx_word' id='word_1_68' title='bbox 19 662 63 688; x_wconf 86' lang='lat' dir='ltr'><strong>tus,</strong></span> <span class='ocrx_word' id='word_1_69' title='bbox 85 657 129 692; x_wconf 86' lang='lat' dir='ltr'><strong>qui</strong></span> <span class='ocrx_word' id='word_1_70' title='bbox 144 662 173 686; x_wconf 89' lang='lat' dir='ltr'><strong>et</strong></span> <span class='ocrx_word' id='word_1_71' title='bbox 194 662 222 685; x_wconf 86' lang='lat' dir='ltr'><strong>te</strong></span> <span class='ocrx_word' id='word_1_72' title='bbox 237 659 340 692; x_wconf 87' lang='lat' dir='ltr'><strong>docuit,</strong></span> <span class='ocrx_word' id='word_1_73' title='bbox 363 658 475 686; x_wconf 92' lang='lat' dir='ltr'><strong>domum</strong></span> <span class='ocrx_word' id='word_1_74' title='bbox 490 666 568 686; x_wconf 91' lang='lat' dir='ltr'><strong>suam</strong></span> <span class='ocrx_word' id='word_1_75' title='bbox 582 663 642 693; x_wconf 89' lang='lat' dir='ltr'><strong>post</strong></span> <span class='ocrx_word' id='word_1_76' title='bbox 656 661 772 685; x_wconf 88' lang='lat' dir='ltr'><strong>mortem</strong></span> 
     </span>
    </p>
   </div>
   <div class='ocr_carea' id='block_1_12' title="bbox 15 703 771 739">
    <p class='ocr_par' dir='ltr' id='par_1_12' title="bbox 15 703 771 739">
     <span class='ocr_line' id='line_1_12' title="bbox 15 703 771 739; baseline 0.004 -10"><span class='ocrx_word' id='word_1_77' title='bbox 15 703 83 730; x_wconf 74' lang='lat' dir='ltr'><strong>uaris</strong></span> <span class='ocrx_word' id='word_1_78' title='bbox 103 711 160 731; x_wconf 69' lang='lat' dir='ltr'><strong>sua:</strong></span> <span class='ocrx_word' id='word_1_79' title='bbox 174 705 319 732; x_wconf 84' lang='lat' dir='ltr'><strong>ecclesiam</strong></span> <span class='ocrx_word' id='word_1_80' title='bbox 342 704 444 732; x_wconf 86' lang='lat' dir='ltr'><strong>Christi</strong></span> <span class='ocrx_word' id='word_1_81' title='bbox 467 705 622 732; x_wconf 84' lang='lat' dir='ltr'><strong>consecrari</strong></span> <span class='ocrx_word' id='word_1_82' title='bbox 648 705 771 739; x_wconf 87' lang='lat' dir='ltr'><strong>cupiens,</strong></span> 
     </span>
    </p>
   </div>
   <div class='ocr_carea' id='block_1_13' title="bbox 15 751 773 790">
    <p class='ocr_par' dir='ltr' id='par_1_13' title="bbox 15 751 773 790">
     <span class='ocr_line' id='line_1_13' title="bbox 15 751 773 790; baseline 0.005 -15"><span class='ocrx_word' id='word_1_83' title='bbox 15 757 42 775; x_wconf 73' lang='lat' dir='ltr'><strong>er</strong></span> <span class='ocrx_word' id='word_1_84' title='bbox 53 757 98 777; x_wconf 91' lang='lat' dir='ltr'><strong>nos</strong></span> <span class='ocrx_word' id='word_1_85' title='bbox 110 755 269 785; x_wconf 80' lang='lat' dir='ltr'><strong>peccatores</strong></span> <span class='ocrx_word' id='word_1_86' title='bbox 283 751 317 778; x_wconf 87' lang='lat' dir='ltr'><strong>ad</strong></span> <span class='ocrx_word' id='word_1_87' title='bbox 330 751 455 790; x_wconf 78' lang='lat' dir='ltr'><strong>eﬁ&#39;ectum</strong></span> <span class='ocrx_word' id='word_1_88' title='bbox 471 751 611 786; x_wconf 77' lang='lat' dir='ltr'><strong>perduxit;</strong></span> <span class='ocrx_word' id='word_1_89' title='bbox 625 752 671 779; x_wconf 94' lang='lat' dir='ltr'><strong>ubi</strong></span> <span class='ocrx_word' id='word_1_90' title='bbox 686 756 714 779; x_wconf 91' lang='lat' dir='ltr'><strong>et</strong></span> <span class='ocrx_word' id='word_1_91' title='bbox 740 752 773 779; x_wconf 91' lang='lat' dir='ltr'><strong>ti-</strong></span> 
     </span>
    </p>
   </div>
   <div class='ocr_carea' id='block_1_14' title="bbox 15 794 773 832">
    <p class='ocr_par' dir='ltr' id='par_1_14' title="bbox 15 794 773 832">
     <span class='ocr_line' id='line_1_14' title="bbox 15 794 773 832; baseline 0.007 -12"><span class='ocrx_word' id='word_1_92' title='bbox 15 794 77 822; x_wconf 88' lang='lat' dir='ltr'><strong>ulum</strong></span> <span class='ocrx_word' id='word_1_93' title='bbox 89 796 195 823; x_wconf 89' lang='lat' dir='ltr'><strong>nomini</strong></span> <span class='ocrx_word' id='word_1_94' title='bbox 207 801 302 824; x_wconf 88' lang='lat' dir='ltr'><strong>nostro</strong></span> <span class='ocrx_word' id='word_1_95' title='bbox 317 797 458 825; x_wconf 85' lang='lat' dir='ltr'><strong>constituit</strong></span> <span class='ocrx_word' id='word_1_96' title='bbox 472 797 500 824; x_wconf 91' lang='lat' dir='ltr'><strong>in</strong></span> <span class='ocrx_word' id='word_1_97' title='bbox 515 798 583 825; x_wconf 84' lang='lat' dir='ltr'><strong>urbe</strong></span> <span class='ocrx_word' id='word_1_98' title='bbox 600 796 735 832; x_wconf 80' lang='lat' dir='ltr'><strong>Romana,</strong></span> <span class='ocrx_word' id='word_1_99' title='bbox 746 798 773 825; x_wconf 93' lang='lat' dir='ltr'><strong>in</strong></span> 
     </span>
    </p>
   </div>
   <div class='ocr_carea' id='block_1_15' title="bbox 15 842 772 879">
    <p class='ocr_par' dir='ltr' id='par_1_15' title="bbox 15 842 772 879">
     <span class='ocr_line' id='line_1_15' title="bbox 15 842 772 879; baseline 0.005 -10"><span class='ocrx_word' id='word_1_100' title='bbox 15 850 52 869; x_wconf 72' lang='lat' dir='ltr'><strong>nco</strong></span> <span class='ocrx_word' id='word_1_101' title='bbox 70 842 171 870; x_wconf 81' lang='lat' dir='ltr'><strong>scilicet</strong></span> <span class='ocrx_word' id='word_1_102' title='bbox 186 843 235 878; x_wconf 90' lang='lat' dir='ltr'><strong>qui</strong></span> <span class='ocrx_word' id='word_1_103' title='bbox 252 844 404 879; x_wconf 80' lang='lat' dir='ltr'><strong>appellatur</strong></span> <span class='ocrx_word' id='word_1_104' title='bbox 420 844 503 872; x_wconf 88' lang='lat' dir='ltr'><strong>Vicus</strong></span> <span class='ocrx_word' id='word_1_105' title='bbox 527 844 650 872; x_wconf 89' lang='lat' dir='ltr'><strong>Patricii.</strong></span> <span class='ocrx_word' id='word_1_106' title='bbox 668 845 705 872; x_wconf 86' lang='lat' dir='ltr'><strong>De</strong></span> <span class='ocrx_word' id='word_1_107' title='bbox 721 846 772 873; x_wconf 91' lang='lat' dir='ltr'><strong>hoc</strong></span> 
     </span>
    </p>
   </div>
   <div class='ocr_carea' id='block_1_16' title="bbox 17 888 774 927">
    <p class='ocr_par' dir='ltr' id='par_1_16' title="bbox 17 888 774 927">
     <span class='ocr_line' id='line_1_16' title="bbox 17 888 774 927; baseline 0.007 -13"><span class='ocrx_word' id='word_1_108' title='bbox 17 897 54 923; x_wconf 79' lang='lat' dir='ltr'><strong>rgo</strong></span> <span class='ocrx_word' id='word_1_109' title='bbox 67 888 186 917; x_wconf 89' lang='lat' dir='ltr'><strong>Pndente</strong></span> <span class='ocrx_word' id='word_1_110' title='bbox 196 895 292 918; x_wconf 91' lang='lat' dir='ltr'><strong>notum</strong></span> <span class='ocrx_word' id='word_1_111' title='bbox 308 891 355 918; x_wconf 84' lang='lat' dir='ltr'><strong>tibi</strong></span> <span class='ocrx_word' id='word_1_112' title='bbox 371 891 441 919; x_wconf 84' lang='lat' dir='ltr'><strong>facio</strong></span> <span class='ocrx_word' id='word_1_113' title='bbox 455 891 520 927; x_wconf 85' lang='lat' dir='ltr'><strong>quia</strong></span> <span class='ocrx_word' id='word_1_114' title='bbox 534 892 660 926; x_wconf 80' lang='lat' dir='ltr'><strong>migravit</strong></span> <span class='ocrx_word' id='word_1_115' title='bbox 672 892 705 919; x_wconf 88' lang='lat' dir='ltr'><strong>ad</strong></span> <span class='ocrx_word' id='word_1_116' title='bbox 714 899 774 919; x_wconf 94' lang='lat' dir='ltr'><strong>om-</strong></span> 
     </span>
    </p>
   </div>
   <div class='ocr_carea' id='block_1_17' title="bbox 15 934 773 972">
    <p class='ocr_par' dir='ltr' id='par_1_17' title="bbox 15 934 773 972">
     <span class='ocr_line' id='line_1_17' title="bbox 15 934 773 972; baseline 0.008 -12"><span class='ocrx_word' id='word_1_117' title='bbox 15 935 64 961; x_wconf 81' lang='lat' dir='ltr'><strong>ium</strong></span> <span class='ocrx_word' id='word_1_118' title='bbox 74 934 232 968; x_wconf 88' lang='lat' dir='ltr'><strong>Dominum,</strong></span> <span class='ocrx_word' id='word_1_119' title='bbox 241 940 268 963; x_wconf 89' lang='lat' dir='ltr'><strong>et</strong></span> <span class='ocrx_word' id='word_1_120' title='bbox 281 937 391 971; x_wconf 88' lang='lat' dir='ltr'><strong>reliquit</strong></span> <span class='ocrx_word' id='word_1_121' title='bbox 406 937 547 972; x_wconf 53' lang='lat' dir='ltr'><strong>praedictas</strong></span> <span class='ocrx_word' id='word_1_122' title='bbox 555 937 637 971; x_wconf 89' lang='lat' dir='ltr'><strong>ﬁlias,</strong></span> <span class='ocrx_word' id='word_1_123' title='bbox 649 939 773 967; x_wconf 84' lang='lat' dir='ltr'><strong>castitate</strong></span> 
     </span>
    </p>
   </div>
   <div class='ocr_carea' id='block_1_18' title="bbox 15 981 559 1018">
    <p class='ocr_par' dir='ltr' id='par_1_18' title="bbox 15 981 559 1018">
     <span class='ocr_line' id='line_1_18' title="bbox 15 981 559 1018; baseline 0.009 -12"><span class='ocrx_word' id='word_1_124' title='bbox 15 981 80 1014; x_wconf 84' lang='lat' dir='ltr'><strong>ultas,</strong></span> <span class='ocrx_word' id='word_1_125' title='bbox 95 984 226 1017; x_wconf 87' lang='lat' dir='ltr'><strong>omnique</strong></span> <span class='ocrx_word' id='word_1_126' title='bbox 242 983 301 1018; x_wconf 81' lang='lat' dir='ltr'><strong>lege</strong></span> <span class='ocrx_word' id='word_1_127' title='bbox 320 983 413 1010; x_wconf 86' lang='lat' dir='ltr'><strong>divina</strong></span> <span class='ocrx_word' id='word_1_128' title='bbox 428 984 559 1011; x_wconf 87' lang='lat' dir='ltr'><strong>eruditas.</strong></span> 
     </span>
    </p>
   </div>
   <div class='ocr_carea' id='block_1_19' title="bbox 29 1025 774 1062">
    <p class='ocr_par' dir='ltr' id='par_1_19' title="bbox 29 1025 774 1062">
     <span class='ocr_line' id='line_1_19' title="bbox 29 1025 774 1062; baseline 0.005 -10"><span class='ocrx_word' id='word_1_129' title='bbox 29 1025 52 1052; x_wconf 70' lang='grc'><strong>2.</strong></span> <span class='ocrx_word' id='word_1_130' title='bbox 67 1025 152 1054; x_wconf 88' lang='lat' dir='ltr'><strong>Porro</strong></span> <span class='ocrx_word' id='word_1_131' title='bbox 171 1026 240 1062; x_wconf 64' lang='lat' dir='ltr'><strong>ipsa:</strong></span> <span class='ocrx_word' id='word_1_132' title='bbox 256 1027 342 1055; x_wconf 66' lang='lat' dir='ltr'><strong>beatae</strong></span> <span class='ocrx_word' id='word_1_133' title='bbox 360 1027 490 1062; x_wconf 75' lang='lat' dir='ltr'><strong>virgines,</strong></span> <span class='ocrx_word' id='word_1_134' title='bbox 512 1036 608 1056; x_wconf 89' lang='lat' dir='ltr'><strong>onmes</strong></span> <span class='ocrx_word' id='word_1_135' title='bbox 627 1028 774 1056; x_wconf 88' lang='lat' dir='ltr'><strong>facultates</strong></span> 
     </span>
    </p>
   </div>
   <div class='ocr_carea' id='block_1_20' title="bbox 15 1072 774 1109">
    <p class='ocr_par' dir='ltr' id='par_1_20' title="bbox 15 1072 774 1109">
     <span class='ocr_line' id='line_1_20' title="bbox 15 1072 774 1109; baseline 0.007 -11"><span class='ocrx_word' id='word_1_136' title='bbox 15 1080 54 1099; x_wconf 79' lang='lat' dir='ltr'><strong>uas</strong></span> <span class='ocrx_word' id='word_1_137' title='bbox 61 1072 218 1107; x_wconf 88' lang='lat' dir='ltr'><strong>vendentes,</strong></span> <span class='ocrx_word' id='word_1_138' title='bbox 227 1079 407 1109; x_wconf 80' lang='lat' dir='ltr'><strong>erogaverunt</strong></span> <span class='ocrx_word' id='word_1_139' title='bbox 413 1074 588 1109; x_wconf 84' lang='lat' dir='ltr'><strong>pauperibus;</strong></span> <span class='ocrx_word' id='word_1_140' title='bbox 598 1082 630 1102; x_wconf 85' lang='lat' dir='ltr'><strong>ac</strong></span> <span class='ocrx_word' id='word_1_141' title='bbox 641 1075 700 1103; x_wconf 91' lang='lat' dir='ltr'><strong>sine</strong></span> <span class='ocrx_word' id='word_1_142' title='bbox 710 1076 774 1103; x_wconf 88' lang='lat' dir='ltr'><strong>dolo</strong></span> 
     </span>
    </p>
   </div>
   <div class='ocr_carea' id='block_1_21' title="bbox 15 1116 774 1156">
    <p class='ocr_par' dir='ltr' id='par_1_21' title="bbox 15 1116 774 1156">
     <span class='ocr_line' id='line_1_21' title="bbox 15 1116 774 1156; baseline 0.007 -13"><span class='ocrx_word' id='word_1_143' title='bbox 15 1125 24 1142; x_wconf 84' lang='lat' dir='ltr'><strong>n</strong></span> <span class='ocrx_word' id='word_1_144' title='bbox 40 1116 133 1145; x_wconf 83' lang='lat' dir='ltr'><strong>Christi</strong></span> <span class='ocrx_word' id='word_1_145' title='bbox 144 1126 240 1146; x_wconf 83' lang='lat' dir='ltr'><strong>arnore</strong></span> <span class='ocrx_word' id='word_1_146' title='bbox 254 1123 444 1154; x_wconf 89' lang='lat' dir='ltr'><strong>permanentes</strong></span> <span class='ocrx_word' id='word_1_147' title='bbox 467 1120 589 1155; x_wconf 63' lang='lat' dir='ltr'><strong>integrae,</strong></span> <span class='ocrx_word' id='word_1_148' title='bbox 613 1120 640 1147; x_wconf 92' lang='lat' dir='ltr'><strong>in</strong></span> <span class='ocrx_word' id='word_1_149' title='bbox 658 1121 774 1156; x_wconf 84' lang='lat' dir='ltr'><strong>virgini-</strong></span> 
     </span>
    </p>
   </div>
   <div class='ocr_carea' id='block_1_22' title="bbox 15 1163 774 1201">
    <p class='ocr_par' dir='ltr' id='par_1_22' title="bbox 15 1163 774 1201">
     <span class='ocr_line' id='line_1_22' title="bbox 15 1163 774 1201; baseline 0.005 -12"><span class='ocrx_word' id='word_1_150' title='bbox 15 1163 54 1190; x_wconf 82' lang='lat' dir='ltr'><strong>nis</strong></span> <span class='ocrx_word' id='word_1_151' title='bbox 66 1163 128 1191; x_wconf 85' lang='lat' dir='ltr'><strong>ﬁore</strong></span> <span class='ocrx_word' id='word_1_152' title='bbox 139 1164 216 1191; x_wconf 92' lang='lat' dir='ltr'><strong>omni</strong></span> <span class='ocrx_word' id='word_1_153' title='bbox 229 1165 311 1192; x_wconf 89' lang='lat' dir='ltr'><strong>modo</strong></span> <span class='ocrx_word' id='word_1_154' title='bbox 323 1165 485 1200; x_wconf 81' lang='lat' dir='ltr'><strong>gloriantur,</strong></span> <span class='ocrx_word' id='word_1_155' title='bbox 498 1166 524 1192; x_wconf 94' lang='lat' dir='ltr'><strong>in</strong></span> <span class='ocrx_word' id='word_1_156' title='bbox 538 1166 648 1200; x_wconf 78' lang='lat' dir='ltr'><strong>vigiliis,</strong></span> <span class='ocrx_word' id='word_1_157' title='bbox 660 1166 774 1201; x_wconf 89' lang='lat' dir='ltr'><strong>jejuniis</strong></span> 
     </span>
    </p>
   </div>
   <div class='ocr_carea' id='block_1_23' title="bbox 17 1209 772 1246">
    <p class='ocr_par' dir='ltr' id='par_1_23' title="bbox 17 1209 772 1246">
     <span class='ocr_line' id='line_1_23' title="bbox 17 1209 772 1246; baseline 0.005 -11"><span class='ocrx_word' id='word_1_158' title='bbox 17 1209 155 1237; x_wconf 80' lang='lat' dir='ltr'><strong>rationibus</strong></span> <span class='ocrx_word' id='word_1_159' title='bbox 164 1210 269 1245; x_wconf 82' lang='lat' dir='ltr'><strong>jugiter</strong></span> <span class='ocrx_word' id='word_1_160' title='bbox 281 1210 469 1245; x_wconf 84' lang='lat' dir='ltr'><strong>perdurantes.</strong></span> <span class='ocrx_word' id='word_1_161' title='bbox 478 1210 507 1238; x_wconf 93' lang='lat' dir='ltr'><strong>ln</strong></span> <span class='ocrx_word' id='word_1_162' title='bbox 515 1211 608 1239; x_wconf 87' lang='lat' dir='ltr'><strong>eodem</strong></span> <span class='ocrx_word' id='word_1_163' title='bbox 621 1219 686 1239; x_wconf 89' lang='lat' dir='ltr'><strong>vero</strong></span> <span class='ocrx_word' id='word_1_164' title='bbox 699 1212 772 1246; x_wconf 85' lang='lat' dir='ltr'><strong>loco,</strong></span> 
     </span>
    </p>
   </div>
   <div class='ocr_carea' id='block_1_24' title="bbox 15 1253 773 1291">
    <p class='ocr_par' dir='ltr' id='par_1_24' title="bbox 15 1253 773 1291">
     <span class='ocr_line' id='line_1_24' title="bbox 15 1253 773 1291; baseline 0.007 -11"><span class='ocrx_word' id='word_1_165' title='bbox 15 1253 40 1279; x_wconf 46' lang='lat' dir='ltr'><strong>ibi</strong></span> <span class='ocrx_word' id='word_1_166' title='bbox 55 1254 159 1282; x_wconf 89' lang='lat' dir='ltr'><strong>titulum</strong></span> <span class='ocrx_word' id='word_1_167' title='bbox 172 1263 235 1283; x_wconf 89' lang='lat' dir='ltr'><strong>meo</strong></span> <span class='ocrx_word' id='word_1_168' title='bbox 249 1256 353 1283; x_wconf 91' lang='lat' dir='ltr'><strong>nomini</strong></span> <span class='ocrx_word' id='word_1_169' title='bbox 366 1261 442 1291; x_wconf 90' lang='lat' dir='ltr'><strong>pater</strong></span> <span class='ocrx_word' id='word_1_170' title='bbox 453 1264 546 1284; x_wconf 89' lang='lat' dir='ltr'><strong>earum</strong></span> <span class='ocrx_word' id='word_1_171' title='bbox 557 1257 635 1285; x_wconf 80' lang='lat' dir='ltr'><strong>bonae</strong></span> <span class='ocrx_word' id='word_1_172' title='bbox 645 1258 773 1286; x_wconf 87' lang='lat' dir='ltr'><strong>recorda-</strong></span> 
     </span>
    </p>
   </div>
   <div class='ocr_carea' id='block_1_25' title="bbox 15 1299 774 1335">
    <p class='ocr_par' dir='ltr' id='par_1_25' title="bbox 15 1299 774 1335">
     <span class='ocr_line' id='line_1_25' title="bbox 15 1299 774 1335; baseline 0.008 -9"><span class='ocrx_word' id='word_1_173' title='bbox 15 1299 70 1326; x_wconf 89' lang='lat' dir='ltr'><strong>ionis</strong></span> <span class='ocrx_word' id='word_1_174' title='bbox 81 1299 188 1329; x_wconf 88' lang='lat' dir='ltr'><strong>Pudens</strong></span> <span class='ocrx_word' id='word_1_175' title='bbox 203 1302 348 1335; x_wconf 84' lang='lat' dir='ltr'><strong>dedicavit,</strong></span> <span class='ocrx_word' id='word_1_176' title='bbox 365 1303 416 1330; x_wconf 91' lang='lat' dir='ltr'><strong>hoc</strong></span> <span class='ocrx_word' id='word_1_177' title='bbox 429 1303 574 1331; x_wconf 90' lang='lat' dir='ltr'><strong>consilium</strong></span> <span class='ocrx_word' id='word_1_178' title='bbox 598 1304 668 1331; x_wconf 91' lang='lat' dir='ltr'><strong>inter</strong></span> <span class='ocrx_word' id='word_1_179' title='bbox 681 1312 725 1332; x_wconf 87' lang='lat' dir='ltr'><strong>me</strong></span> <span class='ocrx_word' id='word_1_180' title='bbox 745 1310 774 1333; x_wconf 86' lang='lat' dir='ltr'><strong>et</strong></span> 
     </span>
    </p>
   </div>
   <div class='ocr_carea' id='block_1_26' title="bbox 15 1345 772 1384">
    <p class='ocr_par' dir='ltr' id='par_1_26' title="bbox 15 1345 772 1384">
     <span class='ocr_line' id='line_1_26' title="bbox 15 1345 772 1384; baseline 0.011 -14"><span class='ocrx_word' id='word_1_181' title='bbox 15 1345 100 1373; x_wconf 73' lang='lat' dir='ltr'><strong>nmulas</strong></span> <span class='ocrx_word' id='word_1_182' title='bbox 112 1345 215 1374; x_wconf 81' lang='lat' dir='ltr'><strong>Christi</strong></span> <span class='ocrx_word' id='word_1_183' title='bbox 229 1346 378 1375; x_wconf 81' lang='lat' dir='ltr'><strong>Praxedem</strong></span> <span class='ocrx_word' id='word_1_184' title='bbox 394 1353 421 1376; x_wconf 92' lang='lat' dir='ltr'><strong>et</strong></span> <span class='ocrx_word' id='word_1_185' title='bbox 434 1347 623 1377; x_wconf 87' lang='lat' dir='ltr'><strong>Potentianam</strong></span> <span class='ocrx_word' id='word_1_186' title='bbox 635 1351 772 1384; x_wconf 88' lang='lat' dir='ltr'><strong>convenit,</strong></span> 
     </span>
    </p>
   </div>
   <div class='ocr_carea' id='block_1_27' title="bbox 18 1390 771 1430">
    <p class='ocr_par' dir='ltr' id='par_1_27' title="bbox 18 1390 771 1430">
     <span class='ocr_line' id='line_1_27' title="bbox 18 1390 771 1430; baseline 0.009 -13"><span class='ocrx_word' id='word_1_187' title='bbox 18 1394 26 1416; x_wconf 90' lang='lat' dir='ltr'><strong>t</strong></span> <span class='ocrx_word' id='word_1_188' title='bbox 44 1390 68 1418; x_wconf 90' lang='lat' dir='ltr'><strong>in</strong></span> <span class='ocrx_word' id='word_1_189' title='bbox 90 1391 134 1419; x_wconf 93' lang='lat' dir='ltr'><strong>die</strong></span> <span class='ocrx_word' id='word_1_190' title='bbox 148 1398 247 1421; x_wconf 88' lang='lat' dir='ltr'><strong>sancto</strong></span> <span class='ocrx_word' id='word_1_191' title='bbox 260 1393 373 1422; x_wconf 63' lang='lat' dir='ltr'><strong>Pascha:</strong></span> <span class='ocrx_word' id='word_1_192' title='bbox 395 1394 474 1430; x_wconf 89' lang='lat' dir='ltr'><strong>(quia</strong></span> <span class='ocrx_word' id='word_1_193' title='bbox 489 1395 653 1423; x_wconf 85' lang='lat' dir='ltr'><strong>desiderium</strong></span> <span class='ocrx_word' id='word_1_194' title='bbox 675 1404 771 1424; x_wconf 89' lang='lat' dir='ltr'><strong>earum</strong></span> 
     </span>
    </p>
   </div>
   <div class='ocr_carea' id='block_1_28' title="bbox 15 1436 770 1476">
    <p class='ocr_par' dir='ltr' id='par_1_28' title="bbox 15 1436 770 1476">
     <span class='ocr_line' id='line_1_28' title="bbox 15 1436 770 1476; baseline 0.011 -14"><span class='ocrx_word' id='word_1_195' title='bbox 15 1436 73 1464; x_wconf 49' lang='lat' dir='ltr'><strong>timio</strong></span> <span class='ocrx_word' id='word_1_196' title='bbox 83 1437 142 1466; x_wconf 86' lang='lat' dir='ltr'><strong>ﬁdei</strong></span> <span class='ocrx_word' id='word_1_197' title='bbox 153 1447 249 1467; x_wconf 82' lang='lat' dir='ltr'><strong>amore</strong></span> <span class='ocrx_word' id='word_1_198' title='bbox 262 1440 420 1476; x_wconf 83' lang='lat' dir='ltr'><strong>urgebatur)</strong></span> <span class='ocrx_word' id='word_1_199' title='bbox 434 1446 544 1476; x_wconf 89' lang='lat' dir='ltr'><strong>propter</strong></span> <span class='ocrx_word' id='word_1_200' title='bbox 553 1441 685 1470; x_wconf 81' lang='lat' dir='ltr'><strong>familiam</strong></span> <span class='ocrx_word' id='word_1_201' title='bbox 695 1451 770 1470; x_wconf 93' lang='lat' dir='ltr'><strong>com-</strong></span> 
     </span>
    </p>
   </div>
   <div class='ocr_carea' id='block_1_29' title="bbox 15 1485 769 1519">
    <p class='ocr_par' dir='ltr' id='par_1_29' title="bbox 15 1485 769 1519">
     <span class='ocr_line' id='line_1_29' title="bbox 15 1485 769 1519; baseline 0.011 -11"><span class='ocrx_word' id='word_1_202' title='bbox 15 1488 109 1516; x_wconf 68' lang='lat' dir='ltr'><strong>munem,</strong></span> <span class='ocrx_word' id='word_1_203' title='bbox 124 1491 186 1519; x_wconf 67' lang='lat' dir='ltr'><strong>qua:</strong></span> <span class='ocrx_word' id='word_1_204' title='bbox 202 1485 310 1518; x_wconf 78' lang='lat' dir='ltr'><strong>gentilis</strong></span> <span class='ocrx_word' id='word_1_205' title='bbox 324 1489 393 1519; x_wconf 88' lang='lat' dir='ltr'><strong>crat,</strong></span> <span class='ocrx_word' id='word_1_206' title='bbox 410 1486 436 1513; x_wconf 92' lang='lat' dir='ltr'><strong>in</strong></span> <span class='ocrx_word' id='word_1_207' title='bbox 457 1487 551 1514; x_wconf 87' lang='lat' dir='ltr'><strong>eodem</strong></span> <span class='ocrx_word' id='word_1_208' title='bbox 570 1488 649 1515; x_wconf 88' lang='lat' dir='ltr'><strong>titulo</strong></span> <span class='ocrx_word' id='word_1_209' title='bbox 668 1488 769 1516; x_wconf 90' lang='lat' dir='ltr'><strong>fontem</strong></span> 
     </span>
    </p>
   </div>
   <div class='ocr_carea' id='block_1_30' title="bbox 15 1529 769 1569">
    <p class='ocr_par' dir='ltr' id='par_1_30' title="bbox 15 1529 769 1569">
     <span class='ocr_line' id='line_1_30' title="bbox 15 1529 769 1569; baseline 0.011 -15"><span class='ocrx_word' id='word_1_210' title='bbox 15 1529 113 1562; x_wconf 78' lang='lat' dir='ltr'><strong>aptismi</strong></span> <span class='ocrx_word' id='word_1_211' title='bbox 127 1535 291 1559; x_wconf 86' lang='lat' dir='ltr'><strong>construere</strong></span> <span class='ocrx_word' id='word_1_212' title='bbox 301 1532 511 1560; x_wconf 85' lang='lat' dir='ltr'><strong>studuissemus.</strong></span> <span class='ocrx_word' id='word_1_213' title='bbox 527 1533 615 1568; x_wconf 86' lang='lat' dir='ltr'><strong>Super</strong></span> <span class='ocrx_word' id='word_1_214' title='bbox 637 1542 692 1569; x_wconf 92' lang='lat' dir='ltr'><strong>quo</strong></span> <span class='ocrx_word' id='word_1_215' title='bbox 702 1542 769 1562; x_wconf 86' lang='lat' dir='ltr'><strong>con-</strong></span> 
     </span>
    </p>
   </div>
   <div class='ocr_carea' id='block_1_31' title="bbox 15 1573 804 1614">
    <p class='ocr_par' dir='ltr' id='par_1_31' title="bbox 15 1573 804 1614">
     <span class='ocr_line' id='line_1_31' title="bbox 15 1573 804 1614; baseline 0.015 -15"><span class='ocrx_word' id='word_1_216' title='bbox 15 1573 53 1600; x_wconf 88' lang='lat' dir='ltr'><strong>ilio</strong></span> <span class='ocrx_word' id='word_1_217' title='bbox 68 1582 128 1602; x_wconf 89' lang='lat' dir='ltr'><strong>cum</strong></span> <span class='ocrx_word' id='word_1_218' title='bbox 151 1577 386 1606; x_wconf 81' lang='lat' dir='ltr'><strong>consuluissemus</strong></span> <span class='ocrx_word' id='word_1_219' title='bbox 401 1577 491 1612; x_wconf 86' lang='lat' dir='ltr'><strong>Pium,</strong></span> <span class='ocrx_word' id='word_1_220' title='bbox 520 1579 594 1607; x_wconf 84' lang='lat' dir='ltr'><strong>sedis</strong></span> <span class='ocrx_word' id='word_1_221' title='bbox 615 1581 770 1614; x_wconf 65' lang='lat' dir='ltr'><strong>apostolicae</strong></span> <span class='ocrx_word' id='word_1_222' title='bbox 784 1582 804 1611; x_wconf 92' lang='lat' dir='ltr'><strong>C</strong></span> 
     </span>
    </p>
   </div>
   <div class='ocr_carea' id='block_1_32' title="bbox 15 1621 770 1659">
    <p class='ocr_par' dir='ltr' id='par_1_32' title="bbox 15 1621 770 1659">
     <span class='ocr_line' id='line_1_32' title="bbox 15 1621 770 1659; baseline 0.011 -14"><span class='ocrx_word' id='word_1_223' title='bbox 15 1623 110 1646; x_wconf 82' lang='lat' dir='ltr'><strong>auctum</strong></span> <span class='ocrx_word' id='word_1_224' title='bbox 129 1621 301 1656; x_wconf 89' lang='lat' dir='ltr'><strong>episcopum,</strong></span> <span class='ocrx_word' id='word_1_225' title='bbox 318 1626 393 1649; x_wconf 91' lang='lat' dir='ltr'><strong>tanto</strong></span> <span class='ocrx_word' id='word_1_226' title='bbox 415 1623 552 1651; x_wconf 85' lang='lat' dir='ltr'><strong>desiderio</strong></span> <span class='ocrx_word' id='word_1_227' title='bbox 566 1625 668 1659; x_wconf 87' lang='lat' dir='ltr'><strong>placuit</strong></span> <span class='ocrx_word' id='word_1_228' title='bbox 689 1626 725 1658; x_wconf 84' lang='lat' dir='ltr'><strong>ei,</strong></span> <span class='ocrx_word' id='word_1_229' title='bbox 741 1631 770 1653; x_wconf 92' lang='lat' dir='ltr'><strong>ut</strong></span> 
     </span>
    </p>
   </div>
   <div class='ocr_carea' id='block_1_33' title="bbox 16 1666 771 1706">
    <p class='ocr_par' dir='ltr' id='par_1_33' title="bbox 16 1666 771 1706">
     <span class='ocr_line' id='line_1_33' title="bbox 16 1666 771 1706; baseline 0.009 -15"><span class='ocrx_word' id='word_1_230' title='bbox 16 1672 96 1692; x_wconf 87' lang='lat' dir='ltr'><strong>ummo</strong></span> <span class='ocrx_word' id='word_1_231' title='bbox 117 1666 210 1694; x_wconf 86' lang='lat' dir='ltr'><strong>studio</strong></span> <span class='ocrx_word' id='word_1_232' title='bbox 234 1667 391 1695; x_wconf 86' lang='lat' dir='ltr'><strong>hortaretur</strong></span> <span class='ocrx_word' id='word_1_233' title='bbox 404 1668 463 1696; x_wconf 89' lang='lat' dir='ltr'><strong>ﬁeri</strong></span> <span class='ocrx_word' id='word_1_234' title='bbox 484 1669 674 1704; x_wconf 87' lang='lat' dir='ltr'><strong>baptisterium</strong></span> <span class='ocrx_word' id='word_1_235' title='bbox 690 1677 771 1706; x_wconf 85' lang='lat' dir='ltr'><strong>prout</strong></span> 
     </span>
    </p>
   </div>
   <div class='ocr_carea' id='block_1_34' title="bbox 15 1712 770 1750">
    <p class='ocr_par' dir='ltr' id='par_1_34' title="bbox 15 1712 770 1750">
     <span class='ocr_line' id='line_1_34' title="bbox 15 1712 770 1750; baseline 0.012 -15"><span class='ocrx_word' id='word_1_236' title='bbox 15 1716 218 1741; x_wconf 84' lang='lat' dir='ltr'><strong>onveneramus:</strong></span> <span class='ocrx_word' id='word_1_237' title='bbox 242 1712 300 1747; x_wconf 87' lang='lat' dir='ltr'><strong>ipse</strong></span> <span class='ocrx_word' id='word_1_238' title='bbox 321 1713 404 1740; x_wconf 89' lang='lat' dir='ltr'><strong>etiam</strong></span> <span class='ocrx_word' id='word_1_239' title='bbox 431 1721 514 1741; x_wconf 91' lang='lat' dir='ltr'><strong>manu</strong></span> <span class='ocrx_word' id='word_1_240' title='bbox 536 1715 646 1749; x_wconf 89' lang='lat' dir='ltr'><strong>propria</strong></span> <span class='ocrx_word' id='word_1_241' title='bbox 661 1715 770 1750; x_wconf 75' lang='lat' dir='ltr'><strong>(fontem</strong></span> 
     </span>
    </p>
   </div>
   <div class='ocr_carea' id='block_1_35' title="bbox 15 1756 771 1796">
    <p class='ocr_par' dir='ltr' id='par_1_35' title="bbox 15 1756 771 1796">
     <span class='ocr_line' id='line_1_35' title="bbox 15 1756 771 1796; baseline 0.009 -14"><span class='ocrx_word' id='word_1_242' title='bbox 15 1756 136 1791; x_wconf 82' lang='lat' dir='ltr'><strong>:esignavit</strong></span> <span class='ocrx_word' id='word_1_243' title='bbox 148 1763 176 1785; x_wconf 90' lang='lat' dir='ltr'><strong>et</strong></span> <span class='ocrx_word' id='word_1_244' title='bbox 188 1759 353 1786; x_wconf 82' lang='lat' dir='ltr'><strong>construxit.</strong></span> <span class='ocrx_word' id='word_1_245' title='bbox 377 1758 412 1786; x_wconf 88' lang='lat' dir='ltr'><strong>Et</strong></span> <span class='ocrx_word' id='word_1_246' title='bbox 427 1767 489 1787; x_wconf 88' lang='lat' dir='ltr'><strong>cum</strong></span> <span class='ocrx_word' id='word_1_247' title='bbox 501 1759 549 1787; x_wconf 89' lang='lat' dir='ltr'><strong>Dei</strong></span> <span class='ocrx_word' id='word_1_248' title='bbox 565 1760 700 1796; x_wconf 73' lang='lat' dir='ltr'><strong>adiutorio</strong></span> <span class='ocrx_word' id='word_1_249' title='bbox 711 1769 771 1789; x_wconf 88' lang='lat' dir='ltr'><strong>om-</strong></span> 
     </span>
    </p>
   </div>
   <div class='ocr_carea' id='block_1_36' title="bbox 15 1804 770 1839">
    <p class='ocr_par' dir='ltr' id='par_1_36' title="bbox 15 1804 770 1839">
     <span class='ocr_line' id='line_1_36' title="bbox 15 1804 770 1839; baseline 0.007 -9"><span class='ocrx_word' id='word_1_250' title='bbox 15 1804 70 1832; x_wconf 61' lang='lat' dir='ltr'><strong>iibus</strong></span> <span class='ocrx_word' id='word_1_251' title='bbox 83 1804 220 1839; x_wconf 85' lang='lat' dir='ltr'><strong>perfectis,</strong></span> <span class='ocrx_word' id='word_1_252' title='bbox 238 1810 459 1833; x_wconf 86' lang='lat' dir='ltr'><strong>convocaverunt</strong></span> <span class='ocrx_word' id='word_1_253' title='bbox 483 1806 592 1834; x_wconf 73' lang='lat' dir='ltr'><strong>famulm</strong></span> <span class='ocrx_word' id='word_1_254' title='bbox 607 1807 710 1836; x_wconf 87' lang='lat' dir='ltr'><strong>Christi</strong></span> <span class='ocrx_word' id='word_1_255' title='bbox 727 1809 770 1835; x_wconf 90' lang='lat' dir='ltr'><strong>fa-</strong></span> 
     </span>
    </p>
   </div>
   <div class='ocr_carea' id='block_1_37' title="bbox 15 1850 769 1887">
    <p class='ocr_par' dir='ltr' id='par_1_37' title="bbox 15 1850 769 1887">
     <span class='ocr_line' id='line_1_37' title="bbox 15 1850 769 1887; baseline 0.009 -13"><span class='ocrx_word' id='word_1_256' title='bbox 15 1850 90 1877; x_wconf 62' lang='lat' dir='ltr'><strong>miliam</strong></span> <span class='ocrx_word' id='word_1_257' title='bbox 102 1858 193 1884; x_wconf 86' lang='lat' dir='ltr'><strong>suam,</strong></span> <span class='ocrx_word' id='word_1_258' title='bbox 208 1855 264 1878; x_wconf 87' lang='lat' dir='ltr'><strong>tam</strong></span> <span class='ocrx_word' id='word_1_259' title='bbox 279 1851 313 1878; x_wconf 88' lang='lat' dir='ltr'><strong>de</strong></span> <span class='ocrx_word' id='word_1_260' title='bbox 328 1852 393 1879; x_wconf 84' lang='lat' dir='ltr'><strong>urbe</strong></span> <span class='ocrx_word' id='word_1_261' title='bbox 407 1859 489 1887; x_wconf 89' lang='lat' dir='ltr'><strong>quam</strong></span> <span class='ocrx_word' id='word_1_262' title='bbox 499 1852 532 1880; x_wconf 91' lang='lat' dir='ltr'><strong>de</strong></span> <span class='ocrx_word' id='word_1_263' title='bbox 540 1854 769 1887; x_wconf 87' lang='lat' dir='ltr'><strong>possessionibus,</strong></span> 
     </span>
    </p>
   </div>
   <div class='ocr_carea' id='block_1_38' title="bbox 16 1897 771 1934">
    <p class='ocr_par' dir='ltr' id='par_1_38' title="bbox 16 1897 771 1934">
     <span class='ocr_line' id='line_1_38' title="bbox 16 1897 771 1934; baseline 0.005 -10"><span class='ocrx_word' id='word_1_264' title='bbox 16 1897 163 1926; x_wconf 81' lang='lat' dir='ltr'><strong>tfacientes</strong></span> <span class='ocrx_word' id='word_1_265' title='bbox 190 1898 390 1926; x_wconf 84' lang='lat' dir='ltr'><strong>discussionem</strong></span> <span class='ocrx_word' id='word_1_266' title='bbox 409 1906 590 1934; x_wconf 86' lang='lat' dir='ltr'><strong>quoscunque</strong></span> <span class='ocrx_word' id='word_1_267' title='bbox 610 1900 771 1928; x_wconf 87' lang='lat' dir='ltr'><strong>invenerunt</strong></span> 
     </span>
    </p>
   </div>
   <div class='ocr_carea' id='block_1_39' title="bbox 15 1942 771 1981">
    <p class='ocr_par' dir='ltr' id='par_1_39' title="bbox 15 1942 771 1981">
     <span class='ocr_line' id='line_1_39' title="bbox 15 1942 771 1981; baseline 0.009 -14"><span class='ocrx_word' id='word_1_268' title='bbox 15 1942 168 1978; x_wconf 73' lang='lat' dir='ltr'><strong>ihristianos,</strong></span> <span class='ocrx_word' id='word_1_269' title='bbox 187 1944 359 1972; x_wconf 85' lang='lat' dir='ltr'><strong>donaverunt</strong></span> <span class='ocrx_word' id='word_1_270' title='bbox 378 1945 556 1980; x_wconf 80' lang='lat' dir='ltr'><strong>ingenuitati;</strong></span> <span class='ocrx_word' id='word_1_271' title='bbox 573 1953 643 1979; x_wconf 78' lang='lat' dir='ltr'><strong>quos</strong></span> <span class='ocrx_word' id='word_1_272' title='bbox 657 1947 771 1981; x_wconf 78' lang='lat' dir='ltr'><strong>gentiles</strong></span> 
     </span>
    </p>
   </div>
   <div class='ocr_carea' id='block_1_40' title="bbox 17 1989 772 2026">
    <p class='ocr_par' dir='ltr' id='par_1_40' title="bbox 17 1989 772 2026">
     <span class='ocr_line' id='line_1_40' title="bbox 17 1989 772 2026; baseline 0.005 -10"><span class='ocrx_word' id='word_1_273' title='bbox 17 1989 173 2023; x_wconf 85' lang='lat' dir='ltr'><strong>pplicuerunt</strong></span> <span class='ocrx_word' id='word_1_274' title='bbox 197 1990 231 2017; x_wconf 90' lang='lat' dir='ltr'><strong>ad</strong></span> <span class='ocrx_word' id='word_1_275' title='bbox 259 1990 445 2022; x_wconf 78' lang='lat' dir='ltr'><strong>credulitatem</strong></span> <span class='ocrx_word' id='word_1_276' title='bbox 473 1991 540 2026; x_wconf 82' lang='lat' dir='ltr'><strong>legis</strong></span> <span class='ocrx_word' id='word_1_277' title='bbox 567 1996 669 2019; x_wconf 66' lang='lat' dir='ltr'><strong>sanctae</strong></span> <span class='ocrx_word' id='word_1_278' title='bbox 691 1993 772 2020; x_wconf 85' lang='lat' dir='ltr'><strong>Chri-</strong></span> 
     </span>
    </p>
   </div>
   <div class='ocr_carea' id='block_1_41' title="bbox 16 2035 772 2073">
    <p class='ocr_par' dir='ltr' id='par_1_41' title="bbox 16 2035 772 2073">
     <span class='ocr_line' id='line_1_41' title="bbox 16 2035 772 2073; baseline 0.008 -13"><span class='ocrx_word' id='word_1_279' title='bbox 16 2035 30 2060; x_wconf 86' lang='lat' dir='ltr'><strong>ti</strong></span> <span class='ocrx_word' id='word_1_280' title='bbox 43 2036 161 2071; x_wconf 79' lang='lat' dir='ltr'><strong>(95).Ubi</strong></span> <span class='ocrx_word' id='word_1_281' title='bbox 176 2041 250 2069; x_wconf 92' lang='lat' dir='ltr'><strong>tunc,</strong></span> <span class='ocrx_word' id='word_1_282' title='bbox 266 2036 334 2064; x_wconf 91' lang='lat' dir='ltr'><strong>inito</strong></span> <span class='ocrx_word' id='word_1_283' title='bbox 347 2037 461 2064; x_wconf 90' lang='lat' dir='ltr'><strong>consilio</strong></span> <span class='ocrx_word' id='word_1_284' title='bbox 477 2044 537 2064; x_wconf 91' lang='lat' dir='ltr'><strong>cum</strong></span> <span class='ocrx_word' id='word_1_285' title='bbox 555 2037 635 2064; x_wconf 89' lang='lat' dir='ltr'><strong>beato</strong></span> <span class='ocrx_word' id='word_1_286' title='bbox 650 2037 701 2065; x_wconf 85' lang='lat' dir='ltr'><strong>Pio</strong></span> <span class='ocrx_word' id='word_1_287' title='bbox 715 2040 772 2073; x_wconf 91' lang='lat' dir='ltr'><strong>epi-</strong></span> 
     </span>
    </p>
   </div>
   <div class='ocr_carea' id='block_1_42' title="bbox 16 2082 772 2119">
    <p class='ocr_par' dir='ltr' id='par_1_42' title="bbox 16 2082 772 2119">
     <span class='ocr_line' id='line_1_42' title="bbox 16 2082 772 2119; baseline 0.004 -12"><span class='ocrx_word' id='word_1_288' title='bbox 16 2088 82 2116; x_wconf 84' lang='lat' dir='ltr'><strong>copo,</strong></span> <span class='ocrx_word' id='word_1_289' title='bbox 95 2082 121 2110; x_wconf 89' lang='lat' dir='ltr'><strong>in</strong></span> <span class='ocrx_word' id='word_1_290' title='bbox 135 2082 233 2110; x_wconf 86' lang='lat' dir='ltr'><strong>eodem</strong></span> <span class='ocrx_word' id='word_1_291' title='bbox 255 2082 335 2110; x_wconf 91' lang='lat' dir='ltr'><strong>titulo</strong></span> <span class='ocrx_word' id='word_1_292' title='bbox 351 2083 500 2110; x_wconf 75' lang='lat' dir='ltr'><strong>secundum</strong></span> <span class='ocrx_word' id='word_1_293' title='bbox 518 2090 644 2111; x_wconf 90' lang='lat' dir='ltr'><strong>normam</strong></span> <span class='ocrx_word' id='word_1_294' title='bbox 652 2084 772 2119; x_wconf 87' lang='lat' dir='ltr'><strong>antiqui-</strong></span> 
     </span>
    </p>
   </div>
   <div class='ocr_carea' id='block_1_43' title="bbox 15 2149 773 2185">
    <p class='ocr_par' dir='ltr' id='par_1_43' title="bbox 15 2149 773 2185">
     <span class='ocr_line' id='line_1_43' title="bbox 15 2149 773 2185; baseline 0.005 -11"><span class='ocrx_word' id='word_1_295' title='bbox 15 2154 81 2175; x_wconf 74' lang='lat' dir='ltr'><strong>mster</strong></span> <span class='ocrx_word' id='word_1_296' title='bbox 91 2154 115 2176; x_wconf 88' lang='lat' dir='ltr'><strong>et</strong></span> <span class='ocrx_word' id='word_1_297' title='bbox 130 2149 248 2182; x_wconf 90' lang='lat' dir='ltr'><strong>amicus,</strong></span> <span class='ocrx_word' id='word_1_298' title='bbox 259 2159 268 2175; x_wconf 72' lang='grc' dir='ltr'>ι</span> <span class='ocrx_word' id='word_1_299' title='bbox 280 2157 373 2177; x_wconf 89' lang='lat' dir='ltr'><strong>vocem</strong></span> <span class='ocrx_word' id='word_1_300' title='bbox 387 2155 478 2177; x_wconf 79' lang='lat' dir='ltr'><strong>autem</strong></span> <span class='ocrx_word' id='word_1_301' title='bbox 490 2159 498 2175; x_wconf 78' lang='grc' dir='ltr'>ι</span> <span class='ocrx_word' id='word_1_302' title='bbox 511 2150 696 2185; x_wconf 85' lang='lat' dir='ltr'><strong>apostolorum</strong></span> <span class='ocrx_word' id='word_1_303' title='bbox 712 2161 721 2177; x_wconf 71' lang='grc' dir='ltr'>ι</span> <span class='ocrx_word' id='word_1_304' title='bbox 732 2151 773 2178; x_wconf 89' lang='lat' dir='ltr'><strong>vel</strong></span> 
     </span>
    </p>
   </div>
   <div class='ocr_carea' id='block_1_44' title="bbox 19 2185 773 2220">
    <p class='ocr_par' dir='ltr' id='par_1_44' title="bbox 19 2185 773 2220">
     <span class='ocr_line' id='line_1_44' title="bbox 19 2185 773 2220; baseline 0.003 -10"><span class='ocrx_word' id='word_1_305' title='bbox 19 2185 207 2220; x_wconf 74' lang='lat' dir='ltr'><strong>xpungendam,</strong></span> <span class='ocrx_word' id='word_1_306' title='bbox 222 2185 265 2212; x_wconf 85' lang='lat' dir='ltr'><strong>vel</strong></span> <span class='ocrx_word' id='word_1_307' title='bbox 287 2193 320 2212; x_wconf 82' lang='lat' dir='ltr'><strong>ex</strong></span> <span class='ocrx_word' id='word_1_308' title='bbox 341 2185 443 2220; x_wconf 77' lang='lat' dir='ltr'><strong>Aringo</strong></span> <span class='ocrx_word' id='word_1_309' title='bbox 465 2189 492 2212; x_wconf 86' lang='lat' dir='ltr'><strong>et</strong></span> <span class='ocrx_word' id='word_1_310' title='bbox 506 2193 556 2212; x_wconf 86' lang='lat' dir='ltr'><strong>ms.</strong></span> <span class='ocrx_word' id='word_1_311' title='bbox 576 2185 707 2213; x_wconf 84' lang='lat' dir='ltr'><strong>Vaticano</strong></span> <span class='ocrx_word' id='word_1_312' title='bbox 723 2186 773 2213; x_wconf 90' lang='lat' dir='ltr'><strong>ad-</strong></span> 
     </span>
    </p>
   </div>
   <div class='ocr_carea' id='block_1_45' title="bbox 15 2218 771 2254">
    <p class='ocr_par' dir='ltr' id='par_1_45' title="bbox 15 2218 771 2254">
     <span class='ocr_line' id='line_1_45' title="bbox 15 2218 771 2254; baseline 0.007 -11"><span class='ocrx_word' id='word_1_313' title='bbox 15 2218 104 2246; x_wconf 71' lang='lat' dir='ltr'><strong>lendam</strong></span> <span class='ocrx_word' id='word_1_314' title='bbox 118 2221 142 2247; x_wconf 86' lang='lat' dir='ltr'><strong>ei</strong></span> <span class='ocrx_word' id='word_1_315' title='bbox 155 2227 250 2247; x_wconf 88' lang='lat' dir='ltr'><strong>vocem</strong></span> <span class='ocrx_word' id='word_1_316' title='bbox 271 2229 280 2245; x_wconf 77' lang='grc' dir='ltr'>ί</span> <span class='ocrx_word' id='word_1_317' title='bbox 300 2218 436 2253; x_wconf 69' lang='grc' dir='ltr'><strong>οιιΙιοι-,ἰ</strong></span> <span class='ocrx_word' id='word_1_318' title='bbox 463 2220 687 2254; x_wconf 89' lang='lat' dir='ltr'><strong>interpunctione</strong></span> <span class='ocrx_word' id='word_1_319' title='bbox 707 2229 771 2248; x_wconf 87' lang='lat' dir='ltr'><strong>cor-</strong></span> 
     </span>
    </p>
   </div>
   <div class='ocr_carea' id='block_1_46' title="bbox 15 2258 117 2280">
    <p class='ocr_par' dir='ltr' id='par_1_46' title="bbox 15 2258 117 2280">
     <span class='ocr_line' id='line_1_46' title="bbox 15 2258 117 2280; baseline 0.01 -1"><span class='ocrx_word' id='word_1_320' title='bbox 15 2258 73 2280; x_wconf 80' lang='lat' dir='ltr'><strong>ecta.</strong></span> <span class='ocrx_word' id='word_1_321' title='bbox 110 2268 117 2276; x_wconf 69' lang='grc' dir='ltr'><em>α</em></span> 
     </span>
    </p>
   </div>
   <div class='ocr_carea' id='block_1_47' title="bbox 32 2288 772 2323">
    <p class='ocr_par' dir='ltr' id='par_1_47' title="bbox 32 2288 772 2323">
     <span class='ocr_line' id='line_1_47' title="bbox 32 2288 772 2323; baseline 0 -6"><span class='ocrx_word' id='word_1_322' title='bbox 32 2288 81 2323; x_wconf 76' lang='lat'><strong>(92)</strong></span> <span class='ocrx_word' id='word_1_323' title='bbox 101 2289 178 2316; x_wconf 83' lang='lat' dir='ltr'><strong>Pauli</strong></span> <span class='ocrx_word' id='word_1_324' title='bbox 199 2297 298 2318; x_wconf 92' lang='lat' dir='ltr'><strong>nomen</strong></span> <span class='ocrx_word' id='word_1_325' title='bbox 310 2291 338 2318; x_wconf 82' lang='lat' dir='ltr'><strong>in</strong></span> <span class='ocrx_word' id='word_1_326' title='bbox 353 2290 398 2318; x_wconf 78' lang='lat' dir='ltr'><strong>Pii</strong></span> <span class='ocrx_word' id='word_1_327' title='bbox 413 2295 626 2322; x_wconf 83' lang='lat' dir='ltr'><strong>commutamus.</strong></span> <span class='ocrx_word' id='word_1_328' title='bbox 639 2291 675 2318; x_wconf 87' lang='lat' dir='ltr'><strong>ob</strong></span> <span class='ocrx_word' id='word_1_329' title='bbox 686 2291 772 2317; x_wconf 87' lang='lat' dir='ltr'><strong>ratio-</strong></span> 
     </span>
    </p>
   </div>
   <div class='ocr_carea' id='block_1_48' title="bbox 15 2325 772 2360">
    <p class='ocr_par' dir='ltr' id='par_1_48' title="bbox 15 2325 772 2360">
     <span class='ocr_line' id='line_1_48' title="bbox 15 2325 772 2360; baseline 0.004 -11"><span class='ocrx_word' id='word_1_330' title='bbox 15 2331 44 2350; x_wconf 75' lang='lat' dir='ltr'><strong>ies</strong></span> <span class='ocrx_word' id='word_1_331' title='bbox 58 2325 110 2358; x_wconf 86' lang='lat' dir='ltr'><strong>jam</strong></span> <span class='ocrx_word' id='word_1_332' title='bbox 131 2325 236 2351; x_wconf 87' lang='lat' dir='ltr'><strong>dictas:</strong></span> <span class='ocrx_word' id='word_1_333' title='bbox 255 2333 306 2353; x_wconf 92' lang='lat' dir='ltr'><strong>nec</strong></span> <span class='ocrx_word' id='word_1_334' title='bbox 320 2326 393 2352; x_wconf 87' lang='lat' dir='ltr'><strong>enim</strong></span> <span class='ocrx_word' id='word_1_335' title='bbox 415 2325 492 2357; x_wconf 81' lang='lat' dir='ltr'><strong>Pauli</strong></span> <span class='ocrx_word' id='word_1_336' title='bbox 509 2326 620 2353; x_wconf 85' lang='lat' dir='ltr'><strong>nomine</strong></span> <span class='ocrx_word' id='word_1_337' title='bbox 638 2331 704 2360; x_wconf 87' lang='lat' dir='ltr'><strong>puto</strong></span> <span class='ocrx_word' id='word_1_338' title='bbox 728 2326 772 2352; x_wconf 88' lang='lat' dir='ltr'><strong>hic</strong></span> 
     </span>
    </p>
   </div>
   <div class='ocr_carea' id='block_1_49' title="bbox 15 2360 772 2394">
    <p class='ocr_par' dir='ltr' id='par_1_49' title="bbox 15 2360 772 2394">
     <span class='ocr_line' id='line_1_49' title="bbox 15 2360 772 2394; baseline 0.004 -10"><span class='ocrx_word' id='word_1_339' title='bbox 15 2366 70 2394; x_wconf 65' lang='lat' dir='ltr'><strong>psse</strong></span> <span class='ocrx_word' id='word_1_340' title='bbox 81 2360 192 2394; x_wconf 73' lang='lat' dir='ltr'><strong>intelligi</strong></span> <span class='ocrx_word' id='word_1_341' title='bbox 206 2360 265 2394; x_wconf 87' lang='lat' dir='ltr'><strong>ejus</strong></span> <span class='ocrx_word' id='word_1_342' title='bbox 279 2360 419 2394; x_wconf 81' lang='lat' dir='ltr'><strong>epistolas,</strong></span> <span class='ocrx_word' id='word_1_343' title='bbox 430 2368 547 2394; x_wconf 90' lang='lat' dir='ltr'><strong>quarum</strong></span> <span class='ocrx_word' id='word_1_344' title='bbox 563 2361 642 2388; x_wconf 90' lang='lat' dir='ltr'><strong>lcctio</strong></span> <span class='ocrx_word' id='word_1_345' title='bbox 658 2361 772 2388; x_wconf 82' lang='lat' dir='ltr'><strong>Pudenti</strong></span> 
     </span>
    </p>
   </div>
   <div class='ocr_carea' id='block_1_50' title="bbox 15 2393 772 2430">
    <p class='ocr_par' dir='ltr' id='par_1_50' title="bbox 15 2393 772 2430">
     <span class='ocr_line' id='line_1_50' title="bbox 15 2393 772 2430; baseline 0.005 -11"><span class='ocrx_word' id='word_1_346' title='bbox 15 2398 27 2430; x_wconf 32' lang='lat' dir='ltr'><strong>rt</strong></span> <span class='ocrx_word' id='word_1_347' title='bbox 45 2393 182 2422; x_wconf 81' lang='lat' dir='ltr'><strong>Timotheo</strong></span> <span class='ocrx_word' id='word_1_348' title='bbox 193 2393 244 2429; x_wconf 86' lang='lat' dir='ltr'><strong>pro</strong></span> <span class='ocrx_word' id='word_1_349' title='bbox 258 2393 416 2430; x_wconf 77' lang='lat' dir='ltr'><strong>magisterio</strong></span> <span class='ocrx_word' id='word_1_350' title='bbox 427 2393 511 2422; x_wconf 81' lang='lat' dir='ltr'><strong>fuerit</strong></span> <span class='ocrx_word' id='word_1_351' title='bbox 524 2404 530 2421; x_wconf 91' lang='lat'><strong>:</strong></span> <span class='ocrx_word' id='word_1_352' title='bbox 550 2401 577 2422; x_wconf 91' lang='lat' dir='ltr'><strong>ct</strong></span> <span class='ocrx_word' id='word_1_353' title='bbox 592 2395 668 2428; x_wconf 82' lang='lat' dir='ltr'><strong>Pius.</strong></span> <span class='ocrx_word' id='word_1_354' title='bbox 689 2396 772 2423; x_wconf 89' lang='lat' dir='ltr'><strong>etiam</strong></span> 
     </span>
    </p>
   </div>
   <div class='ocr_carea' id='block_1_51' title="bbox 15 2428 770 2465">
    <p class='ocr_par' dir='ltr' id='par_1_51' title="bbox 15 2428 770 2465">
     <span class='ocr_line' id='line_1_51' title="bbox 15 2428 770 2465; baseline 0.005 -11"><span class='ocrx_word' id='word_1_355' title='bbox 15 2428 41 2454; x_wconf 82' lang='lat' dir='ltr'><strong>liu</strong></span> <span class='ocrx_word' id='word_1_356' title='bbox 61 2428 203 2464; x_wconf 79' lang='lat' dir='ltr'><strong>antequam</strong></span> <span class='ocrx_word' id='word_1_357' title='bbox 230 2428 370 2458; x_wconf 55' lang='lat' dir='ltr'><strong>anno—Mli</strong></span> <span class='ocrx_word' id='word_1_358' title='bbox 394 2431 538 2465; x_wconf 88' lang='lat' dir='ltr'><strong>episcopus</strong></span> <span class='ocrx_word' id='word_1_359' title='bbox 555 2436 770 2463; x_wconf 88' lang='lat' dir='ltr'><strong>consecraretur,</strong></span> 
     </span>
    </p>
   </div>
   <div class='ocr_carea' id='block_1_52' title="bbox 15 2465 774 2501">
    <p class='ocr_par' dir='ltr' id='par_1_52' title="bbox 15 2465 774 2501">
     <span class='ocr_line' id='line_1_52' title="bbox 15 2465 774 2501; baseline 0.005 -12"><span class='ocrx_word' id='word_1_360' title='bbox 15 2465 95 2501; x_wconf 74' lang='lat' dir='ltr'><strong>&gt;ot_uit_</strong></span> <span class='ocrx_word' id='word_1_361' title='bbox 109 2465 366 2501; x_wconf 14' lang='lat' dir='ltr'><strong>adiltucrpresbyter</strong></span> <span class='ocrx_word' id='word_1_362' title='bbox 391 2472 542 2500; x_wconf 87' lang='lat' dir='ltr'><strong>utrumque</strong></span> <span class='ocrx_word' id='word_1_363' title='bbox 567 2466 729 2501; x_wconf 81' lang='lat' dir='ltr'><strong>instituisse,</strong></span> <span class='ocrx_word' id='word_1_364' title='bbox 746 2470 774 2493; x_wconf 88' lang='lat' dir='ltr'><strong>et</strong></span> 
     </span>
    </p>
   </div>
   <div class='ocr_carea' id='block_1_53' title="bbox 15 2499 773 2535">
    <p class='ocr_par' dir='ltr' id='par_1_53' title="bbox 15 2499 773 2535">
     <span class='ocr_line' id='line_1_53' title="bbox 15 2499 773 2535; baseline 0.007 -12"><span class='ocrx_word' id='word_1_365' title='bbox 15 2499 74 2526; x_wconf 77' lang='lat' dir='ltr'><strong>otius</strong></span> <span class='ocrx_word' id='word_1_366' title='bbox 86 2499 194 2527; x_wconf 64' lang='lat' dir='ltr'><strong>familia:</strong></span> <span class='ocrx_word' id='word_1_367' title='bbox 207 2499 293 2528; x_wconf 81' lang='lat' dir='ltr'><strong>fuisse</strong></span> <span class='ocrx_word' id='word_1_368' title='bbox 308 2499 384 2535; x_wconf 83' lang='lat' dir='ltr'><strong>pater</strong></span> <span class='ocrx_word' id='word_1_369' title='bbox 400 2500 562 2535; x_wconf 89' lang='lat' dir='ltr'><strong>spiritualis.</strong></span> <span class='ocrx_word' id='word_1_370' title='bbox 585 2500 643 2528; x_wconf 90' lang='lat' dir='ltr'><strong>Nisi</strong></span> <span class='ocrx_word' id='word_1_371' title='bbox 657 2501 773 2528; x_wconf 89' lang='lat' dir='ltr'><strong>velimus</strong></span> 
     </span>
    </p>
   </div>
   <div class='ocr_carea' id='block_1_54' title="bbox 15 2534 773 2571">
    <p class='ocr_par' dir='ltr' id='par_1_54' title="bbox 15 2534 773 2571">
     <span class='ocr_line' id='line_1_54' title="bbox 15 2534 773 2571; baseline 0.007 -13"><span class='ocrx_word' id='word_1_372' title='bbox 15 2534 106 2571; x_wconf 65' lang='lat' dir='ltr'><strong>tpittari,</strong></span> <span class='ocrx_word' id='word_1_373' title='bbox 117 2535 234 2569; x_wconf 88' lang='lat' dir='ltr'><strong>aliquem</strong></span> <span class='ocrx_word' id='word_1_374' title='bbox 245 2534 339 2563; x_wconf 77' lang='lat' dir='ltr'><strong>revera</strong></span> <span class='ocrx_word' id='word_1_375' title='bbox 351 2534 476 2568; x_wconf 83' lang='lat' dir='ltr'><strong>Paulum,</strong></span> <span class='ocrx_word' id='word_1_376' title='bbox 486 2543 539 2562; x_wconf 84' lang='lat' dir='ltr'><strong>non</strong></span> <span class='ocrx_word' id='word_1_377' title='bbox 548 2537 712 2571; x_wconf 89' lang='lat' dir='ltr'><strong>apostolum,</strong></span> <span class='ocrx_word' id='word_1_378' title='bbox 726 2537 773 2563; x_wconf 83' lang='lat' dir='ltr'><strong>sed</strong></span> 
     </span>
    </p>
   </div>
   <div class='ocr_carea' id='block_1_55' title="bbox 15 2569 770 2606">
    <p class='ocr_par' dir='ltr' id='par_1_55' title="bbox 15 2569 770 2606">
     <span class='ocr_line' id='line_1_55' title="bbox 15 2569 770 2606; baseline 0.004 -12"><span class='ocrx_word' id='word_1_379' title='bbox 15 2569 188 2606; x_wconf 21' lang='lat' dir='ltr'><strong>tresbryterum,</strong></span> <span class='ocrx_word' id='word_1_380' title='bbox 205 2578 261 2598; x_wconf 90' lang='lat' dir='ltr'><strong>uno</strong></span> <span class='ocrx_word' id='word_1_381' title='bbox 276 2576 338 2605; x_wconf 92' lang='lat' dir='ltr'><strong>post</strong></span> <span class='ocrx_word' id='word_1_382' title='bbox 353 2572 429 2600; x_wconf 88' lang='lat' dir='ltr'><strong>illum</strong></span> <span class='ocrx_word' id='word_1_383' title='bbox 456 2571 556 2598; x_wconf 75' lang='lat' dir='ltr'><strong>sacculo</strong></span> <span class='ocrx_word' id='word_1_384' title='bbox 565 2569 704 2605; x_wconf 70' lang='lat' dir='ltr'><strong>floruisse,</strong></span> <span class='ocrx_word' id='word_1_385' title='bbox 723 2572 770 2606; x_wconf 93' lang='lat' dir='ltr'><strong>qui</strong></span> 
     </span>
    </p>
   </div>
   <div class='ocr_carea' id='block_1_56' title="bbox 16 2605 772 2641">
    <p class='ocr_par' dir='ltr' id='par_1_56' title="bbox 16 2605 772 2641">
     <span class='ocr_line' id='line_1_56' title="bbox 16 2605 772 2641; baseline 0.007 -13"><span class='ocrx_word' id='word_1_386' title='bbox 16 2605 121 2641; x_wconf 83' lang='lat' dir='ltr'><strong>amiliam</strong></span> <span class='ocrx_word' id='word_1_387' title='bbox 149 2606 326 2633; x_wconf 82' lang='lat' dir='ltr'><strong>catechizarit</strong></span> <span class='ocrx_word' id='word_1_388' title='bbox 351 2612 378 2634; x_wconf 89' lang='lat' dir='ltr'><strong>et</strong></span> <span class='ocrx_word' id='word_1_389' title='bbox 403 2606 558 2641; x_wconf 89' lang='lat' dir='ltr'><strong>baptizarit.</strong></span> <span class='ocrx_word' id='word_1_390' title='bbox 587 2606 641 2634; x_wconf 85' lang='lat' dir='ltr'><strong>Res</strong></span> <span class='ocrx_word' id='word_1_391' title='bbox 669 2605 772 2641; x_wconf 85' lang='lat' dir='ltr'><strong>liquida</strong></span> 
     </span>
    </p>
   </div>
   <div class='ocr_carea' id='block_1_57' title="bbox 15 2640 773 2697">
    <p class='ocr_par' dir='ltr' id='par_1_57' title="bbox 15 2640 773 2697">
     <span class='ocr_line' id='line_1_57' title="bbox 15 2640 773 2697; baseline 0.001 -30"><span class='ocrx_word' id='word_1_392' title='bbox 15 2640 109 2697; x_wconf 91' lang='lat' dir='ltr'><strong>si</strong></span> <span class='ocrx_word' id='word_1_393' title='bbox 126 2641 188 2668; x_wconf 88' lang='lat' dir='ltr'><strong>talis</strong></span> <span class='ocrx_word' id='word_1_394' title='bbox 202 2641 352 2676; x_wconf 83' lang='lat' dir='ltr'><strong>presbyteri</strong></span> <span class='ocrx_word' id='word_1_395' title='bbox 363 2641 472 2677; x_wconf 83' lang='lat' dir='ltr'><strong>aliquod</strong></span> <span class='ocrx_word' id='word_1_396' title='bbox 481 2641 546 2668; x_wconf 89' lang='lat' dir='ltr'><strong>alibi</strong></span> <span class='ocrx_word' id='word_1_397' title='bbox 556 2640 721 2676; x_wconf 84' lang='lat' dir='ltr'><strong>reperiretur</strong></span> <span class='ocrx_word' id='word_1_398' title='bbox 731 2642 773 2669; x_wconf 90' lang='lat' dir='ltr'><strong>in-</strong></span> 
     </span>
    </p>
   </div>
   <div class='ocr_carea' id='block_1_58' title="bbox 21 2680 103 2703">
    <p class='ocr_par' dir='ltr' id='par_1_58' title="bbox 21 2680 103 2703">
     <span class='ocr_line' id='line_1_58' title="bbox 21 2680 103 2703; baseline 0.061 -5"><span class='ocrx_word' id='word_1_399' title='bbox 21 2680 103 2703; x_wconf 78' lang='lat' dir='ltr'><strong>ictum.</strong></span> 
     </span>
    </p>
   </div>
   <div class='ocr_carea' id='block_1_59' title="bbox 35 2709 772 2748">
    <p class='ocr_par' dir='ltr' id='par_1_59' title="bbox 35 2709 772 2748">
     <span class='ocr_line' id='line_1_59' title="bbox 35 2709 772 2748; baseline 0.003 -10"><span class='ocrx_word' id='word_1_400' title='bbox 35 2709 153 2748; x_wconf 23' lang='lat' dir='ltr'><strong>(95)»Ms.</strong></span> <span class='ocrx_word' id='word_1_401' title='bbox 166 2711 323 2748; x_wconf 20' lang='lat' dir='ltr'><strong>Bodrecense</strong></span> <span class='ocrx_word' id='word_1_402' title='bbox 338 2722 345 2740; x_wconf 85' lang='lat'><strong>:</strong></span> <span class='ocrx_word' id='word_1_403' title='bbox 361 2722 370 2738; x_wconf 77' lang='grc' dir='ltr'><strong><em>ι</em></strong></span> <span class='ocrx_word' id='word_1_404' title='bbox 389 2713 464 2746; x_wconf 87' lang='lat' dir='ltr'><strong>Quos</strong></span> <span class='ocrx_word' id='word_1_405' title='bbox 476 2720 598 2748; x_wconf 76' lang='lat' dir='ltr'><strong>paganos</strong></span> <span class='ocrx_word' id='word_1_406' title='bbox 613 2712 772 2740; x_wconf 88' lang='lat' dir='ltr'><strong>associave-</strong></span> 
     </span>
    </p>
   </div>
   <div class='ocr_carea' id='block_1_60' title="bbox 15 2746 773 2784">
    <p class='ocr_par' dir='ltr' id='par_1_60' title="bbox 15 2746 773 2784">
     <span class='ocr_line' id='line_1_60' title="bbox 15 2746 773 2784; baseline 0.003 -12"><span class='ocrx_word' id='word_1_407' title='bbox 15 2749 58 2784; x_wconf 62' lang='lat' dir='ltr'><strong>1m}</strong></span> <span class='ocrx_word' id='word_1_408' title='bbox 68 2746 141 2780; x_wconf 88' lang='lat' dir='ltr'><strong>ﬁdei;</strong></span> <span class='ocrx_word' id='word_1_409' title='bbox 157 2757 165 2772; x_wconf 74' lang='grc' dir='ltr'><strong>ι</strong></span> <span class='ocrx_word' id='word_1_410' title='bbox 177 2747 229 2784; x_wconf 84' lang='lat' dir='ltr'><strong>sed</strong></span> <span class='ocrx_word' id='word_1_411' title='bbox 238 2755 289 2774; x_wconf 83' lang='lat' dir='ltr'><strong>vox</strong></span> <span class='ocrx_word' id='word_1_412' title='bbox 299 2758 308 2773; x_wconf 86' lang='grc'><strong>‹</strong></span> <span class='ocrx_word' id='word_1_413' title='bbox 320 2756 459 2784; x_wconf 64' lang='lat' dir='ltr'><strong>paganus:</strong></span> <span class='ocrx_word' id='word_1_414' title='bbox 472 2746 498 2775; x_wconf 78' lang='lat' dir='ltr'><strong>in</strong></span> <span class='ocrx_word' id='word_1_415' title='bbox 509 2746 560 2776; x_wconf 79' lang='lat' dir='ltr'><strong>hac</strong></span> <span class='ocrx_word' id='word_1_416' title='bbox 574 2748 773 2784; x_wconf 77' lang='lat' dir='ltr'><strong>signiﬁcatione</strong></span> 
     </span>
    </p>
   </div>
   <div class='ocr_carea' id='block_1_61' title="bbox 15 2780 520 2814">
    <p class='ocr_par' dir='ltr' id='par_1_61' title="bbox 15 2780 520 2814">
     <span class='ocr_line' id='line_1_61' title="bbox 15 2780 520 2814; baseline 0.014 -11"><span class='ocrx_word' id='word_1_417' title='bbox 15 2780 78 2806; x_wconf 87' lang='lat' dir='ltr'><strong>nulto</strong></span> <span class='ocrx_word' id='word_1_418' title='bbox 87 2783 218 2814; x_wconf 82' lang='lat' dir='ltr'><strong>posterior</strong></span> <span class='ocrx_word' id='word_1_419' title='bbox 237 2788 279 2809; x_wconf 89' lang='lat' dir='ltr'><strong>est</strong></span> <span class='ocrx_word' id='word_1_420' title='bbox 294 2780 373 2810; x_wconf 61' lang='lat' dir='ltr'><strong>aetati:</strong></span> <span class='ocrx_word' id='word_1_421' title='bbox 386 2783 520 2810; x_wconf 83' lang='lat' dir='ltr'><strong>Pastoris.</strong></span> 
     </span>
    </p>
   </div>
   <div class='ocr_carea' id='block_1_62' title="bbox 35 2814 771 2850">
    <p class='ocr_par' dir='ltr' id='par_1_62' title="bbox 35 2814 771 2850">
     <span class='ocr_line' id='line_1_62' title="bbox 35 2814 771 2850; baseline 0.007 -10"><span class='ocrx_word' id='word_1_422' title='bbox 35 2814 84 2850; x_wconf 75' lang='lat' dir='ltr'><strong>(9t)</strong></span> <span class='ocrx_word' id='word_1_423' title='bbox 100 2816 150 2844; x_wconf 83' lang='lat' dir='ltr'><strong>Ms.</strong></span> <span class='ocrx_word' id='word_1_424' title='bbox 169 2817 250 2850; x_wconf 89' lang='lat' dir='ltr'><strong>idem,</strong></span> <span class='ocrx_word' id='word_1_425' title='bbox 267 2827 277 2845; x_wconf 72' lang='grc' dir='ltr'><em>ι</em></span> <span class='ocrx_word' id='word_1_426' title='bbox 300 2818 468 2846; x_wconf 89' lang='lat' dir='ltr'><strong>concludens</strong></span> <span class='ocrx_word' id='word_1_427' title='bbox 489 2825 518 2845; x_wconf 86' lang='lat' dir='ltr'><strong>se</strong></span> <span class='ocrx_word' id='word_1_428' title='bbox 530 2819 565 2844; x_wconf 76' lang='lat' dir='ltr'><strong>l2</strong></span> <span class='ocrx_word' id='word_1_429' title='bbox 585 2818 676 2850; x_wconf 85' lang='lat' dir='ltr'><strong>annis,</strong></span> <span class='ocrx_word' id='word_1_430' title='bbox 694 2827 702 2843; x_wconf 74' lang='grc' dir='ltr'><strong>ι</strong></span> <span class='ocrx_word' id='word_1_431' title='bbox 724 2818 771 2845; x_wconf 86' lang='lat' dir='ltr'><strong>sed</strong></span> 
     </span>
    </p>
   </div>
   <div class='ocr_carea' id='block_1_63' title="bbox 15 2853 772 2888">
    <p class='ocr_par' dir='ltr' id='par_1_63' title="bbox 15 2853 772 2888">
     <span class='ocr_line' id='line_1_63' title="bbox 15 2853 772 2888; baseline 0.003 -11"><span class='ocrx_word' id='word_1_432' title='bbox 15 2855 135 2888; x_wconf 49' lang='lat' dir='ltr'><strong>inspectus</strong></span> <span class='ocrx_word' id='word_1_433' title='bbox 152 2857 196 2879; x_wconf 90' lang='lat' dir='ltr'><strong>est</strong></span> <span class='ocrx_word' id='word_1_434' title='bbox 208 2861 340 2880; x_wconf 88' lang='lat' dir='ltr'><strong>numerus</strong></span> <span class='ocrx_word' id='word_1_435' title='bbox 358 2853 420 2880; x_wconf 78' lang='lat' dir='ltr'><strong>alibi</strong></span> <span class='ocrx_word' id='word_1_436' title='bbox 439 2861 547 2888; x_wconf 86' lang='lat' dir='ltr'><strong>semper</strong></span> <span class='ocrx_word' id='word_1_437' title='bbox 568 2861 715 2888; x_wconf 84' lang='lat' dir='ltr'><strong>expressus</strong></span> <span class='ocrx_word' id='word_1_438' title='bbox 739 2853 772 2880; x_wconf 83' lang='lat' dir='ltr'><strong>ad</strong></span> 
     </span>
    </p>
   </div>
   <div class='ocr_carea' id='block_1_64' title="bbox 16 2887 773 2924">
    <p class='ocr_par' dir='ltr' id='par_1_64' title="bbox 16 2887 773 2924">
     <span class='ocr_line' id='line_1_64' title="bbox 16 2887 773 2924; baseline 0.001 -10"><span class='ocrx_word' id='word_1_439' title='bbox 16 2891 113 2921; x_wconf 64' lang='lat' dir='ltr'><strong>&quot;nsum,</strong></span> <span class='ocrx_word' id='word_1_440' title='bbox 125 2887 174 2916; x_wconf 86' lang='lat' dir='ltr'><strong>hoc</strong></span> <span class='ocrx_word' id='word_1_441' title='bbox 182 2892 272 2917; x_wconf 83' lang='lat' dir='ltr'><strong>autem</strong></span> <span class='ocrx_word' id='word_1_442' title='bbox 280 2888 338 2919; x_wconf 87' lang='lat' dir='ltr'><strong>solo</strong></span> <span class='ocrx_word' id='word_1_443' title='bbox 350 2888 409 2917; x_wconf 88' lang='lat' dir='ltr'><strong>loco</strong></span> <span class='ocrx_word' id='word_1_444' title='bbox 419 2887 584 2917; x_wconf 80' lang='lat' dir='ltr'><strong>litteralitcr:</strong></span> <span class='ocrx_word' id='word_1_445' title='bbox 597 2887 683 2924; x_wconf 71' lang='lat' dir='ltr'><strong>magis</strong></span> <span class='ocrx_word' id='word_1_446' title='bbox 692 2888 773 2916; x_wconf 86' lang='lat' dir='ltr'><strong>etiam</strong></span> 
     </span>
    </p>
   </div>
   <div class='ocr_carea' id='block_1_65' title="bbox 465 186 1137 217">
    <p class='ocr_par' dir='ltr' id='par_1_65' title="bbox 465 186 1137 217">
     <span class='ocr_line' id='line_1_65' title="bbox 465 186 1137 217; baseline 0.003 -3"><span class='ocrx_word' id='word_1_447' title='bbox 465 187 514 215; x_wconf 91' lang='lat' dir='ltr'><strong>SS.</strong></span> <span class='ocrx_word' id='word_1_448' title='bbox 530 187 762 216; x_wconf 57' lang='lat' dir='ltr'><strong>PUDENTIANJE</strong></span> <span class='ocrx_word' id='word_1_449' title='bbox 777 186 822 214; x_wconf 86' lang='lat' dir='ltr'><strong>ET</strong></span> <span class='ocrx_word' id='word_1_450' title='bbox 847 187 1020 216; x_wconf 81' lang='lat' dir='ltr'><strong>PRAXEDIS</strong></span> <span class='ocrx_word' id='word_1_451' title='bbox 1035 189 1137 217; x_wconf 85' lang='lat' dir='ltr'><strong>ACTA.</strong></span> 
     </span>
    </p>
   </div>
   <div class='ocr_carea' id='block_1_66' title="bbox 1532 189 1601 219">
    <p class='ocr_par' dir='ltr' id='par_1_66' title="bbox 1532 189 1601 219">
     <span class='ocr_line' id='line_1_66' title="bbox 1532 189 1601 219; baseline 0.014 -1"><span class='ocrx_word' id='word_1_452' title='bbox 1532 189 1601 219; x_wconf 67' lang='lat' dir='ltr'><strong>lO‘ﬂ</strong></span> 
     </span>
    </p>
   </div>
   <div class='ocr_carea' id='block_1_67' title="bbox 822 245 1604 277">
    <p class='ocr_par' dir='ltr' id='par_1_67' title="bbox 822 245 1604 277">
     <span class='ocr_line' id='line_1_67' title="bbox 822 245 1604 277; baseline 0.008 -6"><span class='ocrx_word' id='word_1_453' title='bbox 822 245 885 272; x_wconf 87' lang='lat' dir='ltr'><strong>tatis</strong></span> <span class='ocrx_word' id='word_1_454' title='bbox 900 247 1082 274; x_wconf 86' lang='lat' dir='ltr'><strong>manumissio</strong></span> <span class='ocrx_word' id='word_1_455' title='bbox 1097 247 1234 275; x_wconf 87' lang='lat' dir='ltr'><strong>celebrata</strong></span> <span class='ocrx_word' id='word_1_456' title='bbox 1248 252 1299 275; x_wconf 78' lang='lat' dir='ltr'><strong>est.</strong></span> <span class='ocrx_word' id='word_1_457' title='bbox 1315 247 1356 275; x_wconf 81' lang='lat' dir='ltr'><strong>Ad</strong></span> <span class='ocrx_word' id='word_1_458' title='bbox 1370 247 1440 276; x_wconf 81' lang='lat' dir='ltr'><strong>diem</strong></span> <span class='ocrx_word' id='word_1_459' title='bbox 1462 256 1527 277; x_wconf 86' lang='lat' dir='ltr'><strong>vero</strong></span> <span class='ocrx_word' id='word_1_460' title='bbox 1541 257 1604 277; x_wconf 78' lang='lat' dir='ltr'><strong>san-</strong></span> 
     </span>
    </p>
   </div>
   <div class='ocr_carea' id='block_1_68' title="bbox 823 291 1605 329">
    <p class='ocr_par' dir='ltr' id='par_1_68' title="bbox 823 291 1605 329">
     <span class='ocr_line' id='line_1_68' title="bbox 823 291 1605 329; baseline 0.008 -12"><span class='ocrx_word' id='word_1_461' title='bbox 823 295 897 318; x_wconf 80' lang='lat' dir='ltr'><strong>ctum</strong></span> <span class='ocrx_word' id='word_1_462' title='bbox 912 291 1024 320; x_wconf 70' lang='lat' dir='ltr'><strong>Pascha:</strong></span> <span class='ocrx_word' id='word_1_463' title='bbox 1047 293 1176 328; x_wconf 86' lang='lat' dir='ltr'><strong>baptizali</strong></span> <span class='ocrx_word' id='word_1_464' title='bbox 1200 298 1264 321; x_wconf 86' lang='lat' dir='ltr'><strong>sunt</strong></span> <span class='ocrx_word' id='word_1_465' title='bbox 1290 295 1440 329; x_wconf 89' lang='lat' dir='ltr'><strong>promiscui</strong></span> <span class='ocrx_word' id='word_1_466' title='bbox 1458 303 1540 322; x_wconf 88' lang='lat' dir='ltr'><strong>sexus</strong></span> <span class='ocrx_word' id='word_1_467' title='bbox 1553 304 1605 323; x_wconf 88' lang='lat' dir='ltr'><strong>nu-</strong></span> 
     </span>
    </p>
   </div>
   <div class='ocr_carea' id='block_1_69' title="bbox 823 339 1605 374">
    <p class='ocr_par' dir='ltr' id='par_1_69' title="bbox 823 339 1605 374">
     <span class='ocr_line' id='line_1_69' title="bbox 823 339 1605 374; baseline 0.006 -10"><span class='ocrx_word' id='word_1_468' title='bbox 823 345 899 365; x_wconf 89' lang='lat' dir='ltr'><strong>mero</strong></span> <span class='ocrx_word' id='word_1_469' title='bbox 918 339 1066 374; x_wconf 79' lang='lat' dir='ltr'><strong>nonaginta</strong></span> <span class='ocrx_word' id='word_1_470' title='bbox 1081 347 1128 367; x_wconf 77' lang='lat' dir='ltr'><strong>sex</strong></span> <span class='ocrx_word' id='word_1_471' title='bbox 1145 349 1151 367; x_wconf 96' lang='lat'>:</span> <span class='ocrx_word' id='word_1_472' title='bbox 1175 344 1203 368; x_wconf 86' lang='lat' dir='ltr'><strong>et</strong></span> <span class='ocrx_word' id='word_1_473' title='bbox 1226 348 1289 368; x_wconf 84' lang='lat' dir='ltr'><strong>cum</strong></span> <span class='ocrx_word' id='word_1_474' title='bbox 1305 341 1398 368; x_wconf 87' lang='lat' dir='ltr'><strong>omnia</strong></span> <span class='ocrx_word' id='word_1_475' title='bbox 1418 346 1605 369; x_wconf 86' lang='lat' dir='ltr'><strong>consummata</strong></span> 
     </span>
    </p>
   </div>
   <div class='ocr_carea' id='block_1_70' title="bbox 824 384 1605 422">
    <p class='ocr_par' dir='ltr' id='par_1_70' title="bbox 824 384 1605 422">
     <span class='ocr_line' id='line_1_70' title="bbox 824 384 1605 422; baseline 0.004 -11"><span class='ocrx_word' id='word_1_476' title='bbox 824 384 951 418; x_wconf 80' lang='lat' dir='ltr'><strong>fuissent,</strong></span> <span class='ocrx_word' id='word_1_477' title='bbox 966 385 1056 413; x_wconf 90' lang='lat' dir='ltr'><strong>factus</strong></span> <span class='ocrx_word' id='word_1_478' title='bbox 1069 393 1128 414; x_wconf 89' lang='lat' dir='ltr'><strong>esse</strong></span> <span class='ocrx_word' id='word_1_479' title='bbox 1144 387 1227 422; x_wconf 59' lang='lat' dir='ltr'><strong>coepit</strong></span> <span class='ocrx_word' id='word_1_480' title='bbox 1246 392 1397 415; x_wconf 88' lang='lat' dir='ltr'><strong>conventus</strong></span> <span class='ocrx_word' id='word_1_481' title='bbox 1422 387 1449 414; x_wconf 88' lang='lat' dir='ltr'><strong>in</strong></span> <span class='ocrx_word' id='word_1_482' title='bbox 1465 388 1559 415; x_wconf 83' lang='lat' dir='ltr'><strong>eodem</strong></span> <span class='ocrx_word' id='word_1_483' title='bbox 1573 388 1605 414; x_wconf 81' lang='lat' dir='ltr'><strong>ti-</strong></span> 
     </span>
    </p>
   </div>
   <div class='ocr_carea' id='block_1_71' title="bbox 823 432 1604 469">
    <p class='ocr_par' dir='ltr' id='par_1_71' title="bbox 823 432 1604 469">
     <span class='ocr_line' id='line_1_71' title="bbox 823 432 1604 469; baseline 0.005 -12"><span class='ocrx_word' id='word_1_484' title='bbox 823 432 891 465; x_wconf 88' lang='lat' dir='ltr'><strong>tulo,</strong></span> <span class='ocrx_word' id='word_1_485' title='bbox 908 432 944 459; x_wconf 86' lang='lat' dir='ltr'><strong>ita</strong></span> <span class='ocrx_word' id='word_1_486' title='bbox 957 436 988 459; x_wconf 89' lang='lat' dir='ltr'><strong>ut</strong></span> <span class='ocrx_word' id='word_1_487' title='bbox 999 432 1095 460; x_wconf 85' lang='lat' dir='ltr'><strong>diebus</strong></span> <span class='ocrx_word' id='word_1_488' title='bbox 1109 440 1141 460; x_wconf 87' lang='lat' dir='ltr'><strong>ac</strong></span> <span class='ocrx_word' id='word_1_489' title='bbox 1157 433 1283 461; x_wconf 87' lang='lat' dir='ltr'><strong>noctibus</strong></span> <span class='ocrx_word' id='word_1_490' title='bbox 1297 442 1350 461; x_wconf 82' lang='lat' dir='ltr'><strong>vox</strong></span> <span class='ocrx_word' id='word_1_491' title='bbox 1372 434 1537 469; x_wconf 84' lang='lat' dir='ltr'><strong>hymnorum</strong></span> <span class='ocrx_word' id='word_1_492' title='bbox 1551 442 1604 461; x_wconf 90' lang='lat' dir='ltr'><strong>non</strong></span> 
     </span>
    </p>
   </div>
   <div class='ocr_carea' id='block_1_72' title="bbox 823 478 1605 514">
    <p class='ocr_par' dir='ltr' id='par_1_72' title="bbox 823 478 1605 514">
     <span class='ocr_line' id='line_1_72' title="bbox 823 478 1605 514; baseline 0.004 -11"><span class='ocrx_word' id='word_1_493' title='bbox 823 482 952 511; x_wconf 87' lang='lat' dir='ltr'><strong>cessaret,</strong></span> <span class='ocrx_word' id='word_1_494' title='bbox 966 482 993 504; x_wconf 93' lang='lat' dir='ltr'><strong>ct</strong></span> <span class='ocrx_word' id='word_1_495' title='bbox 1005 478 1152 506; x_wconf 89' lang='lat' dir='ltr'><strong>multitudo</strong></span> <span class='ocrx_word' id='word_1_496' title='bbox 1166 485 1335 514; x_wconf 80' lang='lat' dir='ltr'><strong>paganorum</strong></span> <span class='ocrx_word' id='word_1_497' title='bbox 1352 480 1386 507; x_wconf 88' lang='lat' dir='ltr'><strong>ad</strong></span> <span class='ocrx_word' id='word_1_498' title='bbox 1399 479 1478 506; x_wconf 90' lang='lat' dir='ltr'><strong>ﬁdem</strong></span> <span class='ocrx_word' id='word_1_499' title='bbox 1489 486 1605 507; x_wconf 86' lang='lat' dir='ltr'><strong>concur-</strong></span> 
     </span>
    </p>
   </div>
   <div class='ocr_carea' id='block_1_73' title="bbox 824 524 1459 560">
    <p class='ocr_par' dir='ltr' id='par_1_73' title="bbox 824 524 1459 560">
     <span class='ocr_line' id='line_1_73' title="bbox 824 524 1459 560; baseline 0.005 -11"><span class='ocrx_word' id='word_1_500' title='bbox 824 527 904 556; x_wconf 88' lang='lat' dir='ltr'><strong>reret,</strong></span> <span class='ocrx_word' id='word_1_501' title='bbox 920 528 948 550; x_wconf 89' lang='lat' dir='ltr'><strong>et</strong></span> <span class='ocrx_word' id='word_1_502' title='bbox 961 531 1024 551; x_wconf 87' lang='lat' dir='ltr'><strong>eum</strong></span> <span class='ocrx_word' id='word_1_503' title='bbox 1041 524 1116 552; x_wconf 87' lang='lat' dir='ltr'><strong>omni</strong></span> <span class='ocrx_word' id='word_1_504' title='bbox 1130 525 1230 560; x_wconf 80' lang='lat' dir='ltr'><strong>gaudio</strong></span> <span class='ocrx_word' id='word_1_505' title='bbox 1245 525 1459 560; x_wconf 89' lang='lat' dir='ltr'><strong>baptizarentur.</strong></span> 
     </span>
    </p>
   </div>
   <div class='ocr_carea' id='block_1_74' title="bbox 859 569 1607 607">
    <p class='ocr_par' dir='ltr' id='par_1_74' title="bbox 859 569 1607 607">
     <span class='ocr_line' id='line_1_74' title="bbox 859 569 1607 607; baseline 0.004 -11"><span class='ocrx_word' id='word_1_506' title='bbox 859 570 886 596; x_wconf 83' lang='grc'><strong>5.</strong></span> <span class='ocrx_word' id='word_1_507' title='bbox 904 569 942 597; x_wconf 90' lang='lat' dir='ltr'><strong>De</strong></span> <span class='ocrx_word' id='word_1_508' title='bbox 956 578 1010 604; x_wconf 88' lang='lat' dir='ltr'><strong>qua</strong></span> <span class='ocrx_word' id='word_1_509' title='bbox 1028 578 1059 598; x_wconf 89' lang='lat' dir='ltr'><strong>re</strong></span> <span class='ocrx_word' id='word_1_510' title='bbox 1070 571 1208 606; x_wconf 78' lang='lat' dir='ltr'><strong>suggestio</strong></span> <span class='ocrx_word' id='word_1_511' title='bbox 1230 570 1302 599; x_wconf 88' lang='lat' dir='ltr'><strong>facta</strong></span> <span class='ocrx_word' id='word_1_512' title='bbox 1316 576 1357 599; x_wconf 90' lang='lat' dir='ltr'><strong>est</strong></span> <span class='ocrx_word' id='word_1_513' title='bbox 1368 571 1506 600; x_wconf 82' lang='lat' dir='ltr'><strong>Antonino</strong></span> <span class='ocrx_word' id='word_1_514' title='bbox 1521 572 1607 607; x_wconf 85' lang='lat' dir='ltr'><strong>impe-</strong></span> 
     </span>
    </p>
   </div>
   <div class='ocr_carea' id='block_1_75' title="bbox 824 615 1607 653">
    <p class='ocr_par' dir='ltr' id='par_1_75' title="bbox 824 615 1607 653">
     <span class='ocr_line' id='line_1_75' title="bbox 824 615 1607 653; baseline 0.003 -11"><span class='ocrx_word' id='word_1_515' title='bbox 824 615 918 643; x_wconf 88' lang='lat' dir='ltr'><strong>ratori.</strong></span> <span class='ocrx_word' id='word_1_516' title='bbox 935 615 986 649; x_wconf 88' lang='lat' dir='ltr'><strong>Qui</strong></span> <span class='ocrx_word' id='word_1_517' title='bbox 1002 616 1156 644; x_wconf 83' lang='lat' dir='ltr'><strong>Antoninus</strong></span> <span class='ocrx_word' id='word_1_518' title='bbox 1173 616 1314 651; x_wconf 84' lang='lat' dir='ltr'><strong>piissimus</strong></span> <span class='ocrx_word' id='word_1_519' title='bbox 1336 616 1475 653; x_wconf 83' lang='lat' dir='ltr'><strong>Augustus</strong></span> <span class='ocrx_word' id='word_1_520' title='bbox 1488 618 1607 645; x_wconf 64' lang='lat' dir='ltr'><strong>auctori.</strong></span> 
     </span>
    </p>
   </div>
   <div class='ocr_carea' id='block_1_76' title="bbox 824 660 1608 696">
    <p class='ocr_par' dir='ltr' id='par_1_76' title="bbox 824 660 1608 696">
     <span class='ocr_line' id='line_1_76' title="bbox 824 660 1608 696; baseline -0.001 -8"><span class='ocrx_word' id='word_1_521' title='bbox 824 665 879 688; x_wconf 78' lang='lat' dir='ltr'><strong>tate</strong></span> <span class='ocrx_word' id='word_1_522' title='bbox 889 668 939 688; x_wconf 86' lang='lat' dir='ltr'><strong>sua</strong></span> <span class='ocrx_word' id='word_1_523' title='bbox 952 661 1088 696; x_wconf 66' lang='lat' dir='ltr'><strong>praecepit,</strong></span> <span class='ocrx_word' id='word_1_524' title='bbox 1102 666 1132 688; x_wconf 87' lang='lat' dir='ltr'><strong>ut</strong></span> <span class='ocrx_word' id='word_1_525' title='bbox 1147 661 1304 696; x_wconf 77' lang='lat' dir='ltr'><strong>quicunque</strong></span> <span class='ocrx_word' id='word_1_526' title='bbox 1316 660 1455 689; x_wconf 90' lang='lat' dir='ltr'><strong>Christum</strong></span> <span class='ocrx_word' id='word_1_527' title='bbox 1470 661 1608 693; x_wconf 88' lang='lat' dir='ltr'><strong>colerent,</strong></span> 
     </span>
    </p>
   </div>
   <div class='ocr_carea' id='block_1_77' title="bbox 824 706 1608 738">
    <p class='ocr_par' dir='ltr' id='par_1_77' title="bbox 824 706 1608 738">
     <span class='ocr_line' id='line_1_77' title="bbox 824 706 1608 738; baseline 0.001 -5"><span class='ocrx_word' id='word_1_528' title='bbox 824 706 926 734; x_wconf 88' lang='lat' dir='ltr'><strong>scirent</strong></span> <span class='ocrx_word' id='word_1_529' title='bbox 941 706 1062 734; x_wconf 81' lang='lat' dir='ltr'><strong>sufﬁcere</strong></span> <span class='ocrx_word' id='word_1_530' title='bbox 1072 706 1124 734; x_wconf 90' lang='lat' dir='ltr'><strong>sibi</strong></span> <span class='ocrx_word' id='word_1_531' title='bbox 1136 707 1163 733; x_wconf 91' lang='lat' dir='ltr'><strong>in</strong></span> <span class='ocrx_word' id='word_1_532' title='bbox 1176 706 1339 734; x_wconf 87' lang='lat' dir='ltr'><strong>habitaculis</strong></span> <span class='ocrx_word' id='word_1_533' title='bbox 1353 706 1410 734; x_wconf 91' lang='lat' dir='ltr'><strong>suis</strong></span> <span class='ocrx_word' id='word_1_534' title='bbox 1425 706 1530 738; x_wconf 86' lang='lat' dir='ltr'><strong>vivere;</strong></span> <span class='ocrx_word' id='word_1_535' title='bbox 1543 710 1608 734; x_wconf 81' lang='lat' dir='ltr'><strong>etut</strong></span> 
     </span>
    </p>
   </div>
   <div class='ocr_carea' id='block_1_78' title="bbox 824 751 1609 786">
    <p class='ocr_par' dir='ltr' id='par_1_78' title="bbox 824 751 1609 786">
     <span class='ocr_line' id='line_1_78' title="bbox 824 751 1609 786; baseline -0.001 -8"><span class='ocrx_word' id='word_1_536' title='bbox 824 751 898 778; x_wconf 89' lang='lat' dir='ltr'><strong>nulla</strong></span> <span class='ocrx_word' id='word_1_537' title='bbox 912 751 1104 786; x_wconf 89' lang='lat' dir='ltr'><strong>conjunctione</strong></span> <span class='ocrx_word' id='word_1_538' title='bbox 1118 751 1224 786; x_wconf 90' lang='lat' dir='ltr'><strong>reliquo</strong></span> <span class='ocrx_word' id='word_1_539' title='bbox 1242 751 1342 786; x_wconf 90' lang='lat' dir='ltr'><strong>populo</strong></span> <span class='ocrx_word' id='word_1_540' title='bbox 1355 751 1544 786; x_wconf 75' lang='lat' dir='ltr'><strong>iungerentur,</strong></span> <span class='ocrx_word' id='word_1_541' title='bbox 1561 759 1609 777; x_wconf 84' lang='lat' dir='ltr'><strong>ne-</strong></span> 
     </span>
    </p>
   </div>
   <div class='ocr_carea' id='block_1_79' title="bbox 825 797 1610 832">
    <p class='ocr_par' dir='ltr' id='par_1_79' title="bbox 825 797 1610 832">
     <span class='ocr_line' id='line_1_79' title="bbox 825 797 1610 832; baseline 0 -8"><span class='ocrx_word' id='word_1_542' title='bbox 825 805 878 832; x_wconf 92' lang='lat' dir='ltr'><strong>que</strong></span> <span class='ocrx_word' id='word_1_543' title='bbox 891 797 1001 832; x_wconf 91' lang='lat' dir='ltr'><strong>publice</strong></span> <span class='ocrx_word' id='word_1_544' title='bbox 1013 802 1148 830; x_wconf 87' lang='lat' dir='ltr'><strong>emerent,</strong></span> <span class='ocrx_word' id='word_1_545' title='bbox 1164 806 1216 826; x_wconf 88' lang='lat' dir='ltr'><strong>nec</strong></span> <span class='ocrx_word' id='word_1_546' title='bbox 1228 798 1256 825; x_wconf 92' lang='lat' dir='ltr'><strong>in</strong></span> <span class='ocrx_word' id='word_1_547' title='bbox 1274 797 1386 825; x_wconf 84' lang='lat' dir='ltr'><strong>thermis</strong></span> <span class='ocrx_word' id='word_1_548' title='bbox 1399 797 1515 832; x_wconf 80' lang='lat' dir='ltr'><strong>publicis</strong></span> <span class='ocrx_word' id='word_1_549' title='bbox 1529 797 1610 824; x_wconf 85' lang='lat' dir='ltr'><strong>babi-</strong></span> 
     </span>
    </p>
   </div>
   <div class='ocr_carea' id='block_1_80' title="bbox 825 843 1609 874">
    <p class='ocr_par' dir='ltr' id='par_1_80' title="bbox 825 843 1609 874">
     <span class='ocr_line' id='line_1_80' title="bbox 825 843 1609 874; baseline 0 -3"><span class='ocrx_word' id='word_1_550' title='bbox 825 848 922 874; x_wconf 85' lang='lat' dir='ltr'><strong>tarcnt,</strong></span> <span class='ocrx_word' id='word_1_551' title='bbox 937 843 984 871; x_wconf 87' lang='lat' dir='ltr'><strong>sed</strong></span> <span class='ocrx_word' id='word_1_552' title='bbox 1005 848 1108 871; x_wconf 87' lang='lat' dir='ltr'><strong>tantum</strong></span> <span class='ocrx_word' id='word_1_553' title='bbox 1124 844 1152 871; x_wconf 94' lang='lat' dir='ltr'><strong>in</strong></span> <span class='ocrx_word' id='word_1_554' title='bbox 1170 844 1298 871; x_wconf 89' lang='lat' dir='ltr'><strong>domibus</strong></span> <span class='ocrx_word' id='word_1_555' title='bbox 1312 844 1368 871; x_wconf 91' lang='lat' dir='ltr'><strong>suis</strong></span> <span class='ocrx_word' id='word_1_556' title='bbox 1384 848 1535 871; x_wconf 86' lang='lat' dir='ltr'><strong>manerent.</strong></span> <span class='ocrx_word' id='word_1_557' title='bbox 1552 843 1609 871; x_wconf 88' lang='lat' dir='ltr'><strong>Hoc</strong></span> 
     </span>
    </p>
   </div>
   <div class='ocr_carea' id='block_1_81' title="bbox 825 889 1608 925">
    <p class='ocr_par' dir='ltr' id='par_1_81' title="bbox 825 889 1608 925">
     <span class='ocr_line' id='line_1_81' title="bbox 825 889 1608 925; baseline -0.003 -7"><span class='ocrx_word' id='word_1_558' title='bbox 825 894 988 925; x_wconf 70' lang='lat' dir='ltr'><strong>praeceptum</strong></span> <span class='ocrx_word' id='word_1_559' title='bbox 1000 898 1062 917; x_wconf 90' lang='lat' dir='ltr'><strong>cum</strong></span> <span class='ocrx_word' id='word_1_560' title='bbox 1073 890 1258 918; x_wconf 88' lang='lat' dir='ltr'><strong>custodiretur</strong></span> <span class='ocrx_word' id='word_1_561' title='bbox 1274 889 1308 917; x_wconf 89' lang='lat' dir='ltr'><strong>ab</strong></span> <span class='ocrx_word' id='word_1_562' title='bbox 1323 889 1458 917; x_wconf 87' lang='lat' dir='ltr'><strong>universis</strong></span> <span class='ocrx_word' id='word_1_563' title='bbox 1471 889 1608 917; x_wconf 89' lang='lat' dir='ltr'><strong>Christia-</strong></span> 
     </span>
    </p>
   </div>
   <div class='ocr_carea' id='block_1_82' title="bbox 825 936 1609 971">
    <p class='ocr_par' dir='ltr' id='par_1_82' title="bbox 825 936 1609 971">
     <span class='ocr_line' id='line_1_82' title="bbox 825 936 1609 971; baseline -0.001 -7"><span class='ocrx_word' id='word_1_564' title='bbox 825 937 879 969; x_wconf 87' lang='lat' dir='ltr'><strong>nis,</strong></span> <span class='ocrx_word' id='word_1_565' title='bbox 899 936 968 964; x_wconf 90' lang='lat' dir='ltr'><strong>ﬁlias</strong></span> <span class='ocrx_word' id='word_1_566' title='bbox 980 941 1088 964; x_wconf 85' lang='lat' dir='ltr'><strong>nostras</strong></span> <span class='ocrx_word' id='word_1_567' title='bbox 1104 937 1159 964; x_wconf 89' lang='lat' dir='ltr'><strong>Deo</strong></span> <span class='ocrx_word' id='word_1_568' title='bbox 1173 936 1322 970; x_wconf 85' lang='lat' dir='ltr'><strong>dicatas,et</strong></span> <span class='ocrx_word' id='word_1_569' title='bbox 1330 936 1358 963; x_wconf 90' lang='lat' dir='ltr'><strong>in</strong></span> <span class='ocrx_word' id='word_1_570' title='bbox 1368 936 1523 971; x_wconf 78' lang='lat' dir='ltr'><strong>virginitate</strong></span> <span class='ocrx_word' id='word_1_571' title='bbox 1537 936 1609 963; x_wconf 87' lang='lat' dir='ltr'><strong>bono</strong></span> 
     </span>
    </p>
   </div>
   <div class='ocr_carea' id='block_1_83' title="bbox 826 982 1603 1016">
    <p class='ocr_par' dir='ltr' id='par_1_83' title="bbox 826 982 1603 1016">
     <span class='ocr_line' id='line_1_83' title="bbox 826 982 1603 1016; baseline 0 -6"><span class='ocrx_word' id='word_1_572' title='bbox 826 982 980 1010; x_wconf 91' lang='lat' dir='ltr'><strong>testimonio</strong></span> <span class='ocrx_word' id='word_1_573' title='bbox 992 982 1210 1015; x_wconf 88' lang='lat' dir='ltr'><strong>conﬁrmatas,in</strong></span> <span class='ocrx_word' id='word_1_574' title='bbox 1224 983 1306 1010; x_wconf 87' lang='lat' dir='ltr'><strong>domo</strong></span> <span class='ocrx_word' id='word_1_575' title='bbox 1325 990 1373 1009; x_wconf 92' lang='lat' dir='ltr'><strong>sua</strong></span> <span class='ocrx_word' id='word_1_576' title='bbox 1388 983 1415 1009; x_wconf 93' lang='lat' dir='ltr'><strong>in</strong></span> <span class='ocrx_word' id='word_1_577' title='bbox 1432 983 1508 1009; x_wconf 79' lang='lat' dir='ltr'><strong>titulo</strong></span> <span class='ocrx_word' id='word_1_578' title='bbox 1522 990 1603 1016; x_wconf 86' lang='lat' dir='ltr'><strong>supra</strong></span> 
     </span>
    </p>
   </div>
   <div class='ocr_carea' id='block_1_84' title="bbox 825 1027 1609 1062">
    <p class='ocr_par' dir='ltr' id='par_1_84' title="bbox 825 1027 1609 1062">
     <span class='ocr_line' id='line_1_84' title="bbox 825 1027 1609 1062; baseline 0 -8"><span class='ocrx_word' id='word_1_579' title='bbox 825 1027 897 1055; x_wconf 90' lang='lat' dir='ltr'><strong>dicto</strong></span> <span class='ocrx_word' id='word_1_580' title='bbox 913 1027 1095 1058; x_wconf 86' lang='lat' dir='ltr'><strong>orationibus.</strong></span> <span class='ocrx_word' id='word_1_581' title='bbox 1117 1027 1215 1062; x_wconf 76' lang='lat' dir='ltr'><strong>vigiliis</strong></span> <span class='ocrx_word' id='word_1_582' title='bbox 1235 1035 1268 1054; x_wconf 88' lang='lat' dir='ltr'><strong>ac</strong></span> <span class='ocrx_word' id='word_1_583' title='bbox 1289 1027 1411 1062; x_wconf 86' lang='lat' dir='ltr'><strong>jejuniis,</strong></span> <span class='ocrx_word' id='word_1_584' title='bbox 1430 1035 1493 1054; x_wconf 88' lang='lat' dir='ltr'><strong>cum</strong></span> <span class='ocrx_word' id='word_1_585' title='bbox 1507 1028 1609 1062; x_wconf 91' lang='lat' dir='ltr'><strong>populo</strong></span> 
     </span>
    </p>
   </div>
   <div class='ocr_carea' id='block_1_85' title="bbox 824 1073 1608 1109">
    <p class='ocr_par' dir='ltr' id='par_1_85' title="bbox 824 1073 1608 1109">
     <span class='ocr_line' id='line_1_85' title="bbox 824 1073 1608 1109; baseline -0.001 -8"><span class='ocrx_word' id='word_1_586' title='bbox 824 1073 883 1107; x_wconf 86' lang='lat' dir='ltr'><strong>Dei,</strong></span> <span class='ocrx_word' id='word_1_587' title='bbox 895 1074 942 1109; x_wconf 91' lang='lat' dir='ltr'><strong>qui</strong></span> <span class='ocrx_word' id='word_1_588' title='bbox 966 1081 1014 1109; x_wconf 90' lang='lat' dir='ltr'><strong>per</strong></span> <span class='ocrx_word' id='word_1_589' title='bbox 1028 1081 1074 1101; x_wconf 87' lang='lat' dir='ltr'><strong>eas</strong></span> <span class='ocrx_word' id='word_1_590' title='bbox 1089 1074 1251 1106; x_wconf 85' lang='lat' dir='ltr'><strong>crediderat,</strong></span> <span class='ocrx_word' id='word_1_591' title='bbox 1267 1077 1395 1100; x_wconf 84' lang='lat' dir='ltr'><strong>vacantes</strong></span> <span class='ocrx_word' id='word_1_592' title='bbox 1410 1078 1436 1101; x_wconf 89' lang='lat' dir='ltr'><strong>et</strong></span> <span class='ocrx_word' id='word_1_593' title='bbox 1462 1073 1489 1099; x_wconf 92' lang='lat' dir='ltr'><strong>in</strong></span> <span class='ocrx_word' id='word_1_594' title='bbox 1504 1073 1608 1100; x_wconf 89' lang='lat' dir='ltr'><strong>Christi</strong></span> 
     </span>
    </p>
   </div>
   <div class='ocr_carea' id='block_1_86' title="bbox 823 1119 1610 1155">
    <p class='ocr_par' dir='ltr' id='par_1_86' title="bbox 823 1119 1610 1155">
     <span class='ocr_line' id='line_1_86' title="bbox 823 1119 1610 1155; baseline -0.003 -7"><span class='ocrx_word' id='word_1_595' title='bbox 823 1120 951 1148; x_wconf 86' lang='lat' dir='ltr'><strong>laudibus</strong></span> <span class='ocrx_word' id='word_1_596' title='bbox 966 1120 1014 1147; x_wconf 91' lang='lat' dir='ltr'><strong>diu</strong></span> <span class='ocrx_word' id='word_1_597' title='bbox 1029 1127 1165 1155; x_wconf 85' lang='lat' dir='ltr'><strong>noctuque</strong></span> <span class='ocrx_word' id='word_1_598' title='bbox 1183 1119 1350 1152; x_wconf 85' lang='lat' dir='ltr'><strong>insistentes,</strong></span> <span class='ocrx_word' id='word_1_599' title='bbox 1369 1119 1500 1146; x_wconf 88' lang='lat' dir='ltr'><strong>habentes</strong></span> <span class='ocrx_word' id='word_1_600' title='bbox 1516 1127 1610 1146; x_wconf 67' lang='grc' dir='ltr'><strong>ηεροδμ</strong></span> 
     </span>
    </p>
   </div>
   <div class='ocr_carea' id='block_1_87' title="bbox 825 1166 1607 1201">
    <p class='ocr_par' dir='ltr' id='par_1_87' title="bbox 825 1166 1607 1201">
     <span class='ocr_line' id='line_1_87' title="bbox 825 1166 1607 1201; baseline -0.003 -7"><span class='ocrx_word' id='word_1_601' title='bbox 825 1167 897 1194; x_wconf 85' lang='lat' dir='ltr'><strong>saria</strong></span> <span class='ocrx_word' id='word_1_602' title='bbox 926 1167 1105 1199; x_wconf 85' lang='lat' dir='ltr'><strong>sufﬁcienter,</strong></span> <span class='ocrx_word' id='word_1_603' title='bbox 1128 1166 1255 1201; x_wconf 88' lang='lat' dir='ltr'><strong>plurimis</strong></span> <span class='ocrx_word' id='word_1_604' title='bbox 1277 1166 1374 1194; x_wconf 88' lang='lat' dir='ltr'><strong>diebus</strong></span> <span class='ocrx_word' id='word_1_605' title='bbox 1401 1166 1607 1194; x_wconf 86' lang='lat' dir='ltr'><strong>custodivimus.</strong></span> 
     </span>
    </p>
   </div>
   <div class='ocr_carea' id='block_1_88' title="bbox 826 1210 1609 1247">
    <p class='ocr_par' dir='ltr' id='par_1_88' title="bbox 826 1210 1609 1247">
     <span class='ocr_line' id='line_1_88' title="bbox 826 1210 1609 1247; baseline -0.001 -8"><span class='ocrx_word' id='word_1_606' title='bbox 826 1211 878 1239; x_wconf 89' lang='lat' dir='ltr'><strong>Sed</strong></span> <span class='ocrx_word' id='word_1_607' title='bbox 893 1216 921 1240; x_wconf 88' lang='lat' dir='ltr'><strong>et</strong></span> <span class='ocrx_word' id='word_1_608' title='bbox 935 1212 993 1247; x_wconf 89' lang='lat' dir='ltr'><strong>ipse</strong></span> <span class='ocrx_word' id='word_1_609' title='bbox 1015 1211 1191 1239; x_wconf 86' lang='lat' dir='ltr'><strong>beatissimus</strong></span> <span class='ocrx_word' id='word_1_610' title='bbox 1212 1210 1277 1239; x_wconf 86' lang='lat' dir='ltr'><strong>Pius</strong></span> <span class='ocrx_word' id='word_1_611' title='bbox 1302 1211 1447 1246; x_wconf 87' lang='lat' dir='ltr'><strong>episcopus</strong></span> <span class='ocrx_word' id='word_1_612' title='bbox 1469 1211 1609 1239; x_wconf 84' lang='lat' dir='ltr'><strong>exsultans</strong></span> 
     </span>
    </p>
   </div>
   <div class='ocr_carea' id='block_1_89' title="bbox 824 1256 1609 1292">
    <p class='ocr_par' dir='ltr' id='par_1_89' title="bbox 824 1256 1609 1292">
     <span class='ocr_line' id='line_1_89' title="bbox 824 1256 1609 1292; baseline 0 -8"><span class='ocrx_word' id='word_1_613' title='bbox 824 1257 982 1292; x_wconf 81' lang='lat' dir='ltr'><strong>frequenter</strong></span> <span class='ocrx_word' id='word_1_614' title='bbox 1004 1264 1055 1285; x_wconf 90' lang='lat' dir='ltr'><strong>nos</strong></span> <span class='ocrx_word' id='word_1_615' title='bbox 1076 1257 1214 1291; x_wconf 89' lang='lat' dir='ltr'><strong>visitabat,</strong></span> <span class='ocrx_word' id='word_1_616' title='bbox 1239 1261 1266 1284; x_wconf 88' lang='lat' dir='ltr'><strong>et</strong></span> <span class='ocrx_word' id='word_1_617' title='bbox 1279 1257 1413 1284; x_wconf 87' lang='lat' dir='ltr'><strong>sacriﬁcia</strong></span> <span class='ocrx_word' id='word_1_618' title='bbox 1429 1256 1543 1284; x_wconf 91' lang='lat' dir='ltr'><strong>Domino</strong></span> <span class='ocrx_word' id='word_1_619' title='bbox 1559 1264 1609 1292; x_wconf 86' lang='lat' dir='ltr'><strong>pro</strong></span> 
     </span>
    </p>
   </div>
   <div class='ocr_carea' id='block_1_90' title="bbox 825 1302 1063 1342">
    <p class='ocr_par' dir='ltr' id='par_1_90' title="bbox 825 1302 1063 1342">
     <span class='ocr_line' id='line_1_90' title="bbox 825 1302 1063 1342; baseline -0.004 -12"><span class='ocrx_word' id='word_1_620' title='bbox 825 1303 906 1331; x_wconf 73' lang='lat' dir='ltr'><strong>nobis</strong></span> <span class='ocrx_word' id='word_1_621' title='bbox 922 1302 1063 1342; x_wconf 75' lang='lat' dir='ltr'><strong>oﬂ’erebat.</strong></span> 
     </span>
    </p>
   </div>
   <div class='ocr_carea' id='block_1_91' title="bbox 860 1348 1604 1384">
    <p class='ocr_par' dir='ltr' id='par_1_91' title="bbox 860 1348 1604 1384">
     <span class='ocr_line' id='line_1_91' title="bbox 860 1348 1604 1384; baseline -0.001 -8"><span class='ocrx_word' id='word_1_622' title='bbox 860 1349 888 1376; x_wconf 81' lang='grc'><strong>4.</strong></span> <span class='ocrx_word' id='word_1_623' title='bbox 901 1348 1074 1377; x_wconf 90' lang='lat' dir='ltr'><strong>Concludens</strong></span> <span class='ocrx_word' id='word_1_624' title='bbox 1097 1353 1187 1376; x_wconf 86' lang='lat' dir='ltr'><strong>autem</strong></span> <span class='ocrx_word' id='word_1_625' title='bbox 1211 1349 1327 1377; x_wconf 87' lang='lat' dir='ltr'><strong>sedecim</strong></span> <span class='ocrx_word' id='word_1_626' title='bbox 1349 1357 1436 1377; x_wconf 90' lang='lat' dir='ltr'><strong>annos</strong></span> <span class='ocrx_word' id='word_1_627' title='bbox 1454 1349 1511 1384; x_wconf 64' lang='lat'><strong>(94)</strong></span> <span class='ocrx_word' id='word_1_628' title='bbox 1527 1349 1604 1384; x_wconf 78' lang='lat' dir='ltr'><strong>virgo</strong></span> 
     </span>
    </p>
   </div>
   <div class='ocr_carea' id='block_1_92' title="bbox 825 1394 1607 1430">
    <p class='ocr_par' dir='ltr' id='par_1_92' title="bbox 825 1394 1607 1430">
     <span class='ocr_line' id='line_1_92' title="bbox 825 1394 1607 1430; baseline 0 -8"><span class='ocrx_word' id='word_1_629' title='bbox 825 1394 936 1422; x_wconf 89' lang='lat' dir='ltr'><strong>Domini</strong></span> <span class='ocrx_word' id='word_1_630' title='bbox 961 1394 1121 1422; x_wconf 84' lang='lat' dir='ltr'><strong>Potentiana</strong></span> <span class='ocrx_word' id='word_1_631' title='bbox 1144 1395 1272 1430; x_wconf 83' lang='lat' dir='ltr'><strong>migravit</strong></span> <span class='ocrx_word' id='word_1_632' title='bbox 1295 1395 1329 1422; x_wconf 89' lang='lat' dir='ltr'><strong>ad</strong></span> <span class='ocrx_word' id='word_1_633' title='bbox 1352 1395 1507 1422; x_wconf 90' lang='lat' dir='ltr'><strong>Dominum.</strong></span> <span class='ocrx_word' id='word_1_634' title='bbox 1520 1395 1607 1429; x_wconf 87' lang='lat' dir='ltr'><strong>Cujus</strong></span> 
     </span>
    </p>
   </div>
   <div class='ocr_carea' id='block_1_93' title="bbox 823 1440 1608 1476">
    <p class='ocr_par' dir='ltr' id='par_1_93' title="bbox 823 1440 1608 1476">
     <span class='ocr_line' id='line_1_93' title="bbox 823 1440 1608 1476; baseline -0.001 -8"><span class='ocrx_word' id='word_1_635' title='bbox 823 1448 923 1475; x_wconf 91' lang='lat' dir='ltr'><strong>corpus</strong></span> <span class='ocrx_word' id='word_1_636' title='bbox 937 1448 987 1468; x_wconf 92' lang='lat' dir='ltr'><strong>nos</strong></span> <span class='ocrx_word' id='word_1_637' title='bbox 1001 1448 1054 1468; x_wconf 89' lang='lat' dir='ltr'><strong>una</strong></span> <span class='ocrx_word' id='word_1_638' title='bbox 1066 1448 1129 1468; x_wconf 91' lang='lat' dir='ltr'><strong>cum</strong></span> <span class='ocrx_word' id='word_1_639' title='bbox 1147 1448 1276 1476; x_wconf 77' lang='lat' dir='ltr'><strong>germana</strong></span> <span class='ocrx_word' id='word_1_640' title='bbox 1292 1441 1352 1475; x_wconf 85' lang='lat' dir='ltr'><strong>ejus</strong></span> <span class='ocrx_word' id='word_1_641' title='bbox 1368 1440 1531 1468; x_wconf 87' lang='lat' dir='ltr'><strong>involvimus</strong></span> <span class='ocrx_word' id='word_1_642' title='bbox 1546 1449 1608 1469; x_wconf 91' lang='lat' dir='ltr'><strong>cum</strong></span> 
     </span>
    </p>
   </div>
   <div class='ocr_carea' id='block_1_94' title="bbox 823 1485 1609 1520">
    <p class='ocr_par' dir='ltr' id='par_1_94' title="bbox 823 1485 1609 1520">
     <span class='ocr_line' id='line_1_94' title="bbox 823 1485 1609 1520; baseline 0.001 -8"><span class='ocrx_word' id='word_1_643' title='bbox 823 1486 898 1513; x_wconf 88' lang='lat' dir='ltr'><strong>omni</strong></span> <span class='ocrx_word' id='word_1_644' title='bbox 914 1485 1052 1520; x_wconf 75' lang='lat' dir='ltr'><strong>diligentia</strong></span> <span class='ocrx_word' id='word_1_645' title='bbox 1073 1486 1254 1519; x_wconf 90' lang='lat' dir='ltr'><strong>aromatibns,</strong></span> <span class='ocrx_word' id='word_1_646' title='bbox 1270 1491 1296 1513; x_wconf 88' lang='lat' dir='ltr'><strong>ct</strong></span> <span class='ocrx_word' id='word_1_647' title='bbox 1311 1486 1458 1513; x_wconf 87' lang='lat' dir='ltr'><strong>habuimus</strong></span> <span class='ocrx_word' id='word_1_648' title='bbox 1471 1487 1609 1514; x_wconf 86' lang='lat' dir='ltr'><strong>occultum</strong></span> 
     </span>
    </p>
   </div>
   <div class='ocr_carea' id='block_1_95' title="bbox 824 1531 1610 1567">
    <p class='ocr_par' dir='ltr' id='par_1_95' title="bbox 824 1531 1610 1567">
     <span class='ocr_line' id='line_1_95' title="bbox 824 1531 1610 1567; baseline -0.001 -7"><span class='ocrx_word' id='word_1_649' title='bbox 824 1534 852 1560; x_wconf 89' lang='lat' dir='ltr'><strong>in</strong></span> <span class='ocrx_word' id='word_1_650' title='bbox 867 1531 946 1559; x_wconf 91' lang='lat' dir='ltr'><strong>titulo</strong></span> <span class='ocrx_word' id='word_1_651' title='bbox 963 1531 1129 1566; x_wconf 90' lang='lat' dir='ltr'><strong>supradicto.</strong></span> <span class='ocrx_word' id='word_1_652' title='bbox 1141 1531 1206 1559; x_wconf 84' lang='lat' dir='ltr'><strong>Post</strong></span> <span class='ocrx_word' id='word_1_653' title='bbox 1220 1532 1277 1560; x_wconf 85' lang='lat' dir='ltr'><strong>dies</strong></span> <span class='ocrx_word' id='word_1_654' title='bbox 1290 1536 1379 1559; x_wconf 90' lang='lat' dir='ltr'><strong>autem</strong></span> <span class='ocrx_word' id='word_1_655' title='bbox 1395 1532 1488 1567; x_wconf 82' lang='lat' dir='ltr'><strong>viginti</strong></span> <span class='ocrx_word' id='word_1_656' title='bbox 1498 1537 1525 1560; x_wconf 85' lang='lat' dir='ltr'><strong>et</strong></span> <span class='ocrx_word' id='word_1_657' title='bbox 1537 1537 1610 1565; x_wconf 88' lang='lat' dir='ltr'><strong>octo,</strong></span> 
     </span>
    </p>
   </div>
   <div class='ocr_carea' id='block_1_96' title="bbox 822 1577 1610 1612">
    <p class='ocr_par' dir='ltr' id='par_1_96' title="bbox 822 1577 1610 1612">
     <span class='ocr_line' id='line_1_96' title="bbox 822 1577 1610 1612; baseline 0 -8"><span class='ocrx_word' id='word_1_658' title='bbox 822 1577 971 1604; x_wconf 89' lang='lat' dir='ltr'><strong>detulimus</strong></span> <span class='ocrx_word' id='word_1_659' title='bbox 995 1581 1079 1605; x_wconf 90' lang='lat' dir='ltr'><strong>noctu</strong></span> <span class='ocrx_word' id='word_1_660' title='bbox 1093 1584 1202 1611; x_wconf 83' lang='lat' dir='ltr'><strong>corpus,</strong></span> <span class='ocrx_word' id='word_1_661' title='bbox 1216 1582 1242 1604; x_wconf 92' lang='lat' dir='ltr'><strong>et</strong></span> <span class='ocrx_word' id='word_1_662' title='bbox 1259 1578 1403 1611; x_wconf 84' lang='lat' dir='ltr'><strong>posuimus</strong></span> <span class='ocrx_word' id='word_1_663' title='bbox 1412 1578 1489 1612; x_wconf 81' lang='lat' dir='ltr'><strong>juxta</strong></span> <span class='ocrx_word' id='word_1_664' title='bbox 1505 1582 1610 1612; x_wconf 85' lang='lat' dir='ltr'><strong>patrem</strong></span> 
     </span>
    </p>
   </div>
   <div class='ocr_carea' id='block_1_97' title="bbox 822 1621 1608 1654">
    <p class='ocr_par' dir='ltr' id='par_1_97' title="bbox 822 1621 1608 1654">
     <span class='ocr_line' id='line_1_97' title="bbox 822 1621 1608 1654; baseline 0.001 -6"><span class='ocrx_word' id='word_1_665' title='bbox 822 1629 902 1649; x_wconf 91' lang='lat' dir='ltr'><strong>suum</strong></span> <span class='ocrx_word' id='word_1_666' title='bbox 921 1621 1083 1654; x_wconf 88' lang='lat' dir='ltr'><strong>Pudentem,</strong></span> <span class='ocrx_word' id='word_1_667' title='bbox 1095 1621 1122 1648; x_wconf 93' lang='lat' dir='ltr'><strong>in</strong></span> <span class='ocrx_word' id='word_1_668' title='bbox 1138 1622 1295 1649; x_wconf 86' lang='lat' dir='ltr'><strong>ecemeterio</strong></span> <span class='ocrx_word' id='word_1_669' title='bbox 1304 1621 1433 1649; x_wconf 72' lang='lat' dir='ltr'><strong>Priscilla:</strong></span> <span class='ocrx_word' id='word_1_670' title='bbox 1447 1622 1490 1649; x_wconf 91' lang='lat' dir='ltr'><strong>via</strong></span> <span class='ocrx_word' id='word_1_671' title='bbox 1504 1622 1608 1649; x_wconf 90' lang='lat' dir='ltr'><strong>Salaria</strong></span> 
     </span>
    </p>
   </div>
   <div class='ocr_carea' id='block_1_98' title="bbox 822 1666 1166 1702">
    <p class='ocr_par' dir='ltr' id='par_1_98' title="bbox 822 1666 1166 1702">
     <span class='ocr_line' id='line_1_98' title="bbox 822 1666 1166 1702; baseline -0.003 -7"><span class='ocrx_word' id='word_1_672' title='bbox 822 1676 867 1695; x_wconf 77' lang='lat' dir='ltr'><strong>xtv</strong></span> <span class='ocrx_word' id='word_1_673' title='bbox 881 1667 995 1694; x_wconf 78' lang='lat' dir='ltr'><strong>Kalend.</strong></span> <span class='ocrx_word' id='word_1_674' title='bbox 1012 1666 1085 1694; x_wconf 79' lang='lat' dir='ltr'><strong>Junii</strong></span> <span class='ocrx_word' id='word_1_675' title='bbox 1099 1667 1166 1702; x_wconf 82' lang='lat'><strong>(95).</strong></span> 
     </span>
    </p>
   </div>
   <div class='ocr_carea' id='block_1_99' title="bbox 855 1712 1613 1748">
    <p class='ocr_par' dir='ltr' id='par_1_99' title="bbox 855 1712 1613 1748">
     <span class='ocr_line' id='line_1_99' title="bbox 855 1712 1613 1748; baseline 0 -7"><span class='ocrx_word' id='word_1_676' title='bbox 855 1713 884 1742; x_wconf 84' lang='grc'><strong>5.</strong></span> <span class='ocrx_word' id='word_1_677' title='bbox 895 1712 961 1740; x_wconf 89' lang='lat' dir='ltr'><strong>Post</strong></span> <span class='ocrx_word' id='word_1_678' title='bbox 967 1713 1045 1748; x_wconf 89' lang='lat' dir='ltr'><strong>cujus</strong></span> <span class='ocrx_word' id='word_1_679' title='bbox 1052 1717 1167 1740; x_wconf 88' lang='lat' dir='ltr'><strong>mortem</strong></span> <span class='ocrx_word' id='word_1_680' title='bbox 1177 1712 1252 1746; x_wconf 80' lang='lat' dir='ltr'><strong>virgo</strong></span> <span class='ocrx_word' id='word_1_681' title='bbox 1258 1712 1359 1740; x_wconf 91' lang='lat' dir='ltr'><strong>Christi</strong></span> <span class='ocrx_word' id='word_1_682' title='bbox 1367 1712 1501 1741; x_wconf 82' lang='lat' dir='ltr'><strong>Praxedcs</strong></span> <span class='ocrx_word' id='word_1_683' title='bbox 1508 1713 1613 1741; x_wconf 87' lang='lat' dir='ltr'><strong>habita-</strong></span> 
     </span>
    </p>
   </div>
   <div class='ocr_carea' id='block_1_100' title="bbox 821 1758 1611 1794">
    <p class='ocr_par' dir='ltr' id='par_1_100' title="bbox 821 1758 1611 1794">
     <span class='ocr_line' id='line_1_100' title="bbox 821 1758 1611 1794; baseline -0.001 -7"><span class='ocrx_word' id='word_1_684' title='bbox 821 1760 896 1787; x_wconf 87' lang='lat' dir='ltr'><strong>vitin</strong></span> <span class='ocrx_word' id='word_1_685' title='bbox 910 1759 1003 1787; x_wconf 90' lang='lat' dir='ltr'><strong>eodem</strong></span> <span class='ocrx_word' id='word_1_686' title='bbox 1015 1759 1095 1786; x_wconf 91' lang='lat' dir='ltr'><strong>titulo</strong></span> <span class='ocrx_word' id='word_1_687' title='bbox 1104 1758 1170 1794; x_wconf 83' lang='lat'><strong>(96),</strong></span> <span class='ocrx_word' id='word_1_688' title='bbox 1186 1759 1358 1786; x_wconf 85' lang='lat' dir='ltr'><strong>vehementer</strong></span> <span class='ocrx_word' id='word_1_689' title='bbox 1366 1759 1486 1794; x_wconf 74' lang='lat' dir='ltr'><strong>afﬂigens</strong></span> <span class='ocrx_word' id='word_1_690' title='bbox 1501 1767 1530 1786; x_wconf 90' lang='lat' dir='ltr'><strong>se</strong></span> <span class='ocrx_word' id='word_1_691' title='bbox 1545 1766 1611 1793; x_wconf 93' lang='lat' dir='ltr'><strong>pro-</strong></span> 
     </span>
    </p>
   </div>
   <div class='ocr_carea' id='block_1_101' title="bbox 820 1804 1611 1840">
    <p class='ocr_par' dir='ltr' id='par_1_101' title="bbox 820 1804 1611 1840">
     <span class='ocr_line' id='line_1_101' title="bbox 820 1804 1611 1840; baseline -0.003 -8"><span class='ocrx_word' id='word_1_692' title='bbox 820 1809 879 1840; x_wconf 90' lang='lat' dir='ltr'><strong>pter</strong></span> <span class='ocrx_word' id='word_1_693' title='bbox 888 1804 1030 1832; x_wconf 88' lang='lat' dir='ltr'><strong>transitum</strong></span> <span class='ocrx_word' id='word_1_694' title='bbox 1046 1810 1181 1839; x_wconf 71' lang='lat' dir='ltr'><strong>germante</strong></span> <span class='ocrx_word' id='word_1_695' title='bbox 1209 1811 1274 1830; x_wconf 68' lang='lat' dir='ltr'><strong>sum.</strong></span> <span class='ocrx_word' id='word_1_696' title='bbox 1292 1804 1331 1830; x_wconf 90' lang='lat' dir='ltr'><strong>Ad</strong></span> <span class='ocrx_word' id='word_1_697' title='bbox 1358 1811 1438 1838; x_wconf 89' lang='lat' dir='ltr'><strong>quam</strong></span> <span class='ocrx_word' id='word_1_698' title='bbox 1452 1811 1513 1831; x_wconf 88' lang='lat' dir='ltr'><strong>cum</strong></span> <span class='ocrx_word' id='word_1_699' title='bbox 1532 1805 1611 1831; x_wconf 88' lang='lat' dir='ltr'><strong>multi</strong></span> 
     </span>
    </p>
   </div>
   <div class='ocr_carea' id='block_1_102' title="bbox 821 1849 1610 1884">
    <p class='ocr_par' dir='ltr' id='par_1_102' title="bbox 821 1849 1610 1884">
     <span class='ocr_line' id='line_1_102' title="bbox 821 1849 1610 1884; baseline -0.003 -6"><span class='ocrx_word' id='word_1_700' title='bbox 821 1850 925 1878; x_wconf 89' lang='lat' dir='ltr'><strong>nobiles</strong></span> <span class='ocrx_word' id='word_1_701' title='bbox 932 1849 1079 1877; x_wconf 88' lang='lat' dir='ltr'><strong>Christiani</strong></span> <span class='ocrx_word' id='word_1_702' title='bbox 1087 1849 1244 1877; x_wconf 90' lang='lat' dir='ltr'><strong>consolandi</strong></span> <span class='ocrx_word' id='word_1_703' title='bbox 1254 1849 1339 1884; x_wconf 80' lang='lat' dir='ltr'><strong>gratia</strong></span> <span class='ocrx_word' id='word_1_704' title='bbox 1349 1850 1540 1882; x_wconf 88' lang='lat' dir='ltr'><strong>venirent,una</strong></span> <span class='ocrx_word' id='word_1_705' title='bbox 1549 1857 1610 1877; x_wconf 80' lang='lat' dir='ltr'><strong>cum</strong></span> 
     </span>
    </p>
   </div>
   <div class='ocr_carea' id='block_1_103' title="bbox 822 1895 1610 1931">
    <p class='ocr_par' dir='ltr' id='par_1_103' title="bbox 822 1895 1610 1931">
     <span class='ocr_line' id='line_1_103' title="bbox 822 1895 1610 1931; baseline -0.003 -7"><span class='ocrx_word' id='word_1_706' title='bbox 822 1901 917 1924; x_wconf 87' lang='lat' dir='ltr'><strong>sancto</strong></span> <span class='ocrx_word' id='word_1_707' title='bbox 930 1896 980 1923; x_wconf 87' lang='lat' dir='ltr'><strong>Pio</strong></span> <span class='ocrx_word' id='word_1_708' title='bbox 994 1897 1137 1931; x_wconf 87' lang='lat' dir='ltr'><strong>episcopo;</strong></span> <span class='ocrx_word' id='word_1_709' title='bbox 1158 1900 1270 1923; x_wconf 87' lang='lat' dir='ltr'><strong>venerat</strong></span> <span class='ocrx_word' id='word_1_710' title='bbox 1282 1895 1364 1922; x_wconf 90' lang='lat' dir='ltr'><strong>etiam</strong></span> <span class='ocrx_word' id='word_1_711' title='bbox 1379 1895 1413 1922; x_wconf 91' lang='lat' dir='ltr'><strong>ad</strong></span> <span class='ocrx_word' id='word_1_712' title='bbox 1430 1903 1490 1922; x_wconf 92' lang='lat' dir='ltr'><strong>cam</strong></span> <span class='ocrx_word' id='word_1_713' title='bbox 1507 1903 1610 1930; x_wconf 81' lang='lat' dir='ltr'><strong>germa-</strong></span> 
     </span>
    </p>
   </div>
   <div class='ocr_carea' id='block_1_104' title="bbox 823 1941 1607 1976">
    <p class='ocr_par' dir='ltr' id='par_1_104' title="bbox 823 1941 1607 1976">
     <span class='ocr_line' id='line_1_104' title="bbox 823 1941 1607 1976; baseline -0.003 -6"><span class='ocrx_word' id='word_1_714' title='bbox 823 1952 875 1971; x_wconf 89' lang='lat' dir='ltr'><strong>nus</strong></span> <span class='ocrx_word' id='word_1_715' title='bbox 895 1946 984 1971; x_wconf 88' lang='lat' dir='ltr'><strong>vester</strong></span> <span class='ocrx_word' id='word_1_716' title='bbox 1003 1941 1124 1969; x_wconf 85' lang='lat' dir='ltr'><strong>Novatus</strong></span> <span class='ocrx_word' id='word_1_717' title='bbox 1146 1941 1214 1976; x_wconf 84' lang='lat'><strong>(97),</strong></span> <span class='ocrx_word' id='word_1_718' title='bbox 1235 1941 1282 1976; x_wconf 88' lang='lat' dir='ltr'><strong>qui</strong></span> <span class='ocrx_word' id='word_1_719' title='bbox 1297 1946 1339 1969; x_wconf 89' lang='lat' dir='ltr'><strong>est</strong></span> <span class='ocrx_word' id='word_1_720' title='bbox 1363 1941 1446 1968; x_wconf 80' lang='lat' dir='ltr'><strong>frater</strong></span> <span class='ocrx_word' id='word_1_721' title='bbox 1469 1947 1563 1969; x_wconf 88' lang='lat' dir='ltr'><strong>noster</strong></span> <span class='ocrx_word' id='word_1_722' title='bbox 1580 1942 1607 1968; x_wconf 90' lang='lat' dir='ltr'><strong>in</strong></span> 
     </span>
    </p>
   </div>
   <div class='ocr_carea' id='block_1_105' title="bbox 822 1987 1608 2023">
    <p class='ocr_par' dir='ltr' id='par_1_105' title="bbox 822 1987 1608 2023">
     <span class='ocr_line' id='line_1_105' title="bbox 822 1987 1608 2023; baseline -0.001 -8"><span class='ocrx_word' id='word_1_723' title='bbox 822 1989 948 2021; x_wconf 88' lang='lat' dir='ltr'><strong>Domino,</strong></span> <span class='ocrx_word' id='word_1_724' title='bbox 960 1988 1105 2016; x_wconf 87' lang='lat' dir='ltr'><strong>consolans</strong></span> <span class='ocrx_word' id='word_1_725' title='bbox 1116 1995 1188 2019; x_wconf 89' lang='lat' dir='ltr'><strong>eam,</strong></span> <span class='ocrx_word' id='word_1_726' title='bbox 1201 1991 1228 2014; x_wconf 89' lang='lat' dir='ltr'><strong>et</strong></span> <span class='ocrx_word' id='word_1_727' title='bbox 1239 1987 1341 2015; x_wconf 91' lang='lat' dir='ltr'><strong>multos</strong></span> <span class='ocrx_word' id='word_1_728' title='bbox 1354 1987 1525 2015; x_wconf 88' lang='lat' dir='ltr'><strong>Christianos</strong></span> <span class='ocrx_word' id='word_1_729' title='bbox 1540 1995 1608 2023; x_wconf 92' lang='lat' dir='ltr'><strong>pau-</strong></span> 
     </span>
    </p>
   </div>
   <div class='ocr_carea' id='block_1_106' title="bbox 822 2033 1608 2071">
    <p class='ocr_par' dir='ltr' id='par_1_106' title="bbox 822 2033 1608 2071">
     <span class='ocr_line' id='line_1_106' title="bbox 822 2033 1608 2071; baseline -0.003 -9"><span class='ocrx_word' id='word_1_730' title='bbox 822 2043 901 2071; x_wconf 88' lang='lat' dir='ltr'><strong>peres</strong></span> <span class='ocrx_word' id='word_1_731' title='bbox 919 2035 977 2062; x_wconf 91' lang='lat' dir='ltr'><strong>suis</strong></span> <span class='ocrx_word' id='word_1_732' title='bbox 1000 2034 1176 2062; x_wconf 88' lang='lat' dir='ltr'><strong>facultatibus</strong></span> <span class='ocrx_word' id='word_1_733' title='bbox 1200 2034 1355 2066; x_wconf 87' lang='lat' dir='ltr'><strong>reﬁciebat,</strong></span> <span class='ocrx_word' id='word_1_734' title='bbox 1382 2038 1409 2060; x_wconf 92' lang='lat' dir='ltr'><strong>et</strong></span> <span class='ocrx_word' id='word_1_735' title='bbox 1433 2033 1608 2060; x_wconf 88' lang='lat' dir='ltr'><strong>ministrabat</strong></span> 
     </span>
    </p>
   </div>
   <div class='ocr_carea' id='block_1_107' title="bbox 823 2078 1608 2114">
    <p class='ocr_par' dir='ltr' id='par_1_107' title="bbox 823 2078 1608 2114">
     <span class='ocr_line' id='line_1_107' title="bbox 823 2078 1608 2114; baseline -0.005 -5"><span class='ocrx_word' id='word_1_736' title='bbox 823 2081 951 2108; x_wconf 89' lang='lat' dir='ltr'><strong>omnibus</strong></span> <span class='ocrx_word' id='word_1_737' title='bbox 972 2080 1006 2108; x_wconf 87' lang='lat' dir='ltr'><strong>de</strong></span> <span class='ocrx_word' id='word_1_738' title='bbox 1020 2079 1197 2108; x_wconf 88' lang='lat' dir='ltr'><strong>facultatibus</strong></span> <span class='ocrx_word' id='word_1_739' title='bbox 1210 2079 1267 2107; x_wconf 92' lang='lat' dir='ltr'><strong>suis</strong></span> <span class='ocrx_word' id='word_1_740' title='bbox 1288 2079 1316 2106; x_wconf 90' lang='lat' dir='ltr'><strong>in</strong></span> <span class='ocrx_word' id='word_1_741' title='bbox 1332 2079 1466 2106; x_wconf 89' lang='lat' dir='ltr'><strong>honorem</strong></span> <span class='ocrx_word' id='word_1_742' title='bbox 1487 2078 1608 2114; x_wconf 85' lang='lat' dir='ltr'><strong>ejusdem</strong></span> 
     </span>
    </p>
   </div>
   <div class='ocr_carea' id='block_1_108' title="bbox 823 2146 1610 2185">
    <p class='ocr_par' dir='ltr' id='par_1_108' title="bbox 823 2146 1610 2185">
     <span class='ocr_line' id='line_1_108' title="bbox 823 2146 1610 2185; baseline -0.006 -7"><span class='ocrx_word' id='word_1_743' title='bbox 823 2150 948 2185; x_wconf 89' lang='lat' dir='ltr'><strong>displicet</strong></span> <span class='ocrx_word' id='word_1_744' title='bbox 964 2149 1081 2176; x_wconf 90' lang='lat' dir='ltr'><strong>rcclusio</strong></span> <span class='ocrx_word' id='word_1_745' title='bbox 1097 2148 1167 2175; x_wconf 87' lang='lat' dir='ltr'><strong>intra</strong></span> <span class='ocrx_word' id='word_1_746' title='bbox 1181 2147 1309 2182; x_wconf 82' lang='lat' dir='ltr'><strong>vcljuxta</strong></span> <span class='ocrx_word' id='word_1_747' title='bbox 1319 2146 1474 2185; x_wconf 77' lang='lat' dir='ltr'><strong>ecclesiam,</strong></span> <span class='ocrx_word' id='word_1_748' title='bbox 1489 2154 1554 2185; x_wconf 67' lang='lat' dir='ltr'><strong>quae</strong></span> <span class='ocrx_word' id='word_1_749' title='bbox 1564 2155 1610 2174; x_wconf 85' lang='lat' dir='ltr'><strong>ve-</strong></span> 
     </span>
    </p>
   </div>
   <div class='ocr_carea' id='block_1_109' title="bbox 824 2182 1611 2219">
    <p class='ocr_par' dir='ltr' id='par_1_109' title="bbox 824 2182 1611 2219">
     <span class='ocr_line' id='line_1_109' title="bbox 824 2182 1611 2219; baseline -0.006 -6"><span class='ocrx_word' id='word_1_750' title='bbox 824 2182 885 2213; x_wconf 68' lang='lat' dir='ltr'><strong>reor</strong></span> <span class='ocrx_word' id='word_1_751' title='bbox 896 2189 926 2212; x_wconf 92' lang='lat' dir='ltr'><strong>ut</strong></span> <span class='ocrx_word' id='word_1_752' title='bbox 943 2185 1030 2219; x_wconf 87' lang='lat' dir='ltr'><strong>possit</strong></span> <span class='ocrx_word' id='word_1_753' title='bbox 1050 2191 1081 2210; x_wconf 90' lang='lat' dir='ltr'><strong>ea</strong></span> <span class='ocrx_word' id='word_1_754' title='bbox 1098 2188 1177 2219; x_wconf 56' lang='lat' dir='ltr'><strong>astate</strong></span> <span class='ocrx_word' id='word_1_755' title='bbox 1189 2187 1319 2219; x_wconf 83' lang='lat' dir='ltr'><strong>usurpata</strong></span> <span class='ocrx_word' id='word_1_756' title='bbox 1344 2182 1435 2219; x_wconf 84' lang='lat' dir='ltr'><strong>credi;</strong></span> <span class='ocrx_word' id='word_1_757' title='bbox 1452 2187 1480 2209; x_wconf 90' lang='lat' dir='ltr'><strong>et</strong></span> <span class='ocrx_word' id='word_1_758' title='bbox 1495 2182 1611 2216; x_wconf 84' lang='lat' dir='ltr'><strong>denique</strong></span> 
     </span>
    </p>
   </div>
   <div class='ocr_carea' id='block_1_110' title="bbox 824 2218 1610 2248">
    <p class='ocr_par' dir='ltr' id='par_1_110' title="bbox 824 2218 1610 2248">
     <span class='ocr_line' id='line_1_110' title="bbox 824 2218 1610 2248; baseline -0.004 -1"><span class='ocrx_word' id='word_1_759' title='bbox 824 2221 892 2248; x_wconf 89' lang='lat' dir='ltr'><strong>nihil</strong></span> <span class='ocrx_word' id='word_1_760' title='bbox 907 2218 950 2248; x_wconf 79' lang='lat' dir='ltr'><strong>est</strong></span> <span class='ocrx_word' id='word_1_761' title='bbox 962 2226 1052 2248; x_wconf 69' lang='lat' dir='ltr'><strong>causae</strong></span> <span class='ocrx_word' id='word_1_762' title='bbox 1065 2226 1113 2245; x_wconf 87' lang='lat' dir='ltr'><strong>cur</strong></span> <span class='ocrx_word' id='word_1_763' title='bbox 1133 2218 1315 2245; x_wconf 82' lang='lat' dir='ltr'><strong>formidemus</strong></span> <span class='ocrx_word' id='word_1_764' title='bbox 1339 2218 1407 2245; x_wconf 87' lang='lat' dir='ltr'><strong>adeo</strong></span> <span class='ocrx_word' id='word_1_765' title='bbox 1423 2221 1516 2245; x_wconf 90' lang='lat' dir='ltr'><strong>tenera</strong></span> <span class='ocrx_word' id='word_1_766' title='bbox 1532 2222 1610 2245; x_wconf 67' lang='lat' dir='ltr'><strong>aetate</strong></span> 
     </span>
    </p>
   </div>
   <div class='ocr_carea' id='block_1_111' title="bbox 825 2255 1246 2285">
    <p class='ocr_par' dir='ltr' id='par_1_111' title="bbox 825 2255 1246 2285">
     <span class='ocr_line' id='line_1_111' title="bbox 825 2255 1246 2285; baseline -0.007 -2"><span class='ocrx_word' id='word_1_767' title='bbox 825 2261 960 2283; x_wconf 89' lang='lat' dir='ltr'><strong>mortuam</strong></span> <span class='ocrx_word' id='word_1_768' title='bbox 974 2255 1073 2281; x_wconf 90' lang='lat' dir='ltr'><strong>dicere.</strong></span> <span class='ocrx_word' id='word_1_769' title='bbox 1244 2282 1246 2285; x_wconf 31' lang='grc' dir='ltr'><strong><em>π</em></strong></span> 
     </span>
    </p>
   </div>
   <div class='ocr_carea' id='block_1_112' title="bbox 860 2288 1610 2325">
    <p class='ocr_par' dir='ltr' id='par_1_112' title="bbox 860 2288 1610 2325">
     <span class='ocr_line' id='line_1_112' title="bbox 860 2288 1610 2325; baseline -0.004 -7"><span class='ocrx_word' id='word_1_770' title='bbox 860 2291 917 2325; x_wconf 83' lang='grc'><strong>(95)</strong></span> <span class='ocrx_word' id='word_1_771' title='bbox 935 2289 985 2325; x_wconf 55' lang='grc' dir='ltr'><strong>Μςἔ</strong></span> <span class='ocrx_word' id='word_1_772' title='bbox 1004 2289 1104 2325; x_wconf 72' lang='lat' dir='ltr'><strong>Bodee.</strong></span> <span class='ocrx_word' id='word_1_773' title='bbox 1121 2297 1128 2325; x_wconf 63' lang='grc' dir='ltr'>ξ</span> <span class='ocrx_word' id='word_1_774' title='bbox 1151 2298 1160 2314; x_wconf 73' lang='grc' dir='ltr'><strong>ε</strong></span> <span class='ocrx_word' id='word_1_775' title='bbox 1182 2288 1279 2325; x_wconf 81' lang='lat' dir='ltr'><strong>Obitus</strong></span> <span class='ocrx_word' id='word_1_776' title='bbox 1300 2289 1360 2325; x_wconf 80' lang='lat' dir='ltr'><strong>ejus</strong></span> <span class='ocrx_word' id='word_1_777' title='bbox 1378 2288 1530 2325; x_wconf 83' lang='lat' dir='ltr'><strong>celebratur</strong></span> <span class='ocrx_word' id='word_1_778' title='bbox 1546 2297 1610 2325; x_wconf 52' lang='lat' dir='ltr'><strong>xxiv</strong></span> 
     </span>
    </p>
   </div>
   <div class='ocr_carea' id='block_1_113' title="bbox 825 2323 1608 2358">
    <p class='ocr_par' dir='ltr' id='par_1_113' title="bbox 825 2323 1608 2358">
     <span class='ocr_line' id='line_1_113' title="bbox 825 2323 1608 2358; baseline -0.003 -6"><span class='ocrx_word' id='word_1_779' title='bbox 825 2323 960 2353; x_wconf 82' lang='lat' dir='ltr'><strong>Kalendas</strong></span> <span class='ocrx_word' id='word_1_780' title='bbox 970 2323 1129 2351; x_wconf 72' lang='lat' dir='ltr'><strong>Jttnii.tSetl</strong></span> <span class='ocrx_word' id='word_1_781' title='bbox 1147 2324 1239 2358; x_wconf 88' lang='lat' dir='ltr'><strong>potius</strong></span> <span class='ocrx_word' id='word_1_782' title='bbox 1255 2324 1368 2351; x_wconf 86' lang='lat' dir='ltr'><strong>dicenda</strong></span> <span class='ocrx_word' id='word_1_783' title='bbox 1382 2329 1454 2351; x_wconf 88' lang='lat' dir='ltr'><strong>esset</strong></span> <span class='ocrx_word' id='word_1_784' title='bbox 1464 2324 1608 2358; x_wconf 86' lang='lat' dir='ltr'><strong>depositio.</strong></span> 
     </span>
    </p>
   </div>
   <div class='ocr_carea' id='block_1_114' title="bbox 860 2359 1610 2396">
    <p class='ocr_par' dir='ltr' id='par_1_114' title="bbox 860 2359 1610 2396">
     <span class='ocr_line' id='line_1_114' title="bbox 860 2359 1610 2396; baseline -0.003 -9"><span class='ocrx_word' id='word_1_785' title='bbox 860 2361 916 2396; x_wconf 87' lang='lat'><strong>(96)</strong></span> <span class='ocrx_word' id='word_1_786' title='bbox 937 2360 1004 2386; x_wconf 88' lang='lat' dir='ltr'><strong>Hinc</strong></span> <span class='ocrx_word' id='word_1_787' title='bbox 1021 2359 1167 2396; x_wconf 84' lang='lat' dir='ltr'><strong>incipiun_t__</strong></span> <span class='ocrx_word' id='word_1_788' title='bbox 1179 2359 1246 2386; x_wconf 84' lang='lat' dir='ltr'><strong>Acta</strong></span> <span class='ocrx_word' id='word_1_789' title='bbox 1272 2359 1301 2386; x_wconf 89' lang='lat' dir='ltr'><strong>S.</strong></span> <span class='ocrx_word' id='word_1_790' title='bbox 1325 2359 1454 2396; x_wconf 64' lang='lat' dir='ltr'><strong>Praxegis</strong></span> <span class='ocrx_word' id='word_1_791' title='bbox 1479 2359 1610 2396; x_wconf 87' lang='lat' dir='ltr'><strong>in__va_riis</strong></span> 
     </span>
    </p>
   </div>
   <div class='ocr_carea' id='block_1_115' title="bbox 824 2393 1610 2429">
    <p class='ocr_par' dir='ltr' id='par_1_115' title="bbox 824 2393 1610 2429">
     <span class='ocr_line' id='line_1_115' title="bbox 824 2393 1610 2429; baseline -0.006 -5"><span class='ocrx_word' id='word_1_792' title='bbox 824 2393 892 2424; x_wconf 83' lang='lat' dir='ltr'><strong>mss.</strong></span> <span class='ocrx_word' id='word_1_793' title='bbox 908 2393 962 2423; x_wconf 84' lang='lat' dir='ltr'><strong>hoc</strong></span> <span class='ocrx_word' id='word_1_794' title='bbox 978 2394 1060 2421; x_wconf 89' lang='lat' dir='ltr'><strong>modo</strong></span> <span class='ocrx_word' id='word_1_795' title='bbox 1076 2403 1081 2420; x_wconf 93' lang='lat'>:</span> <span class='ocrx_word' id='word_1_796' title='bbox 1107 2404 1115 2419; x_wconf 79' lang='grc' dir='ltr'>ι</span> <span class='ocrx_word' id='word_1_797' title='bbox 1140 2393 1220 2429; x_wconf 78' lang='lat' dir='ltr'><strong>Virgo</strong></span> <span class='ocrx_word' id='word_1_798' title='bbox 1232 2395 1395 2421; x_wconf 86' lang='lat' dir='ltr'><strong>venerabilis</strong></span> <span class='ocrx_word' id='word_1_799' title='bbox 1410 2393 1540 2429; x_wconf 77' lang='lat' dir='ltr'><strong>Praxedis</strong></span> <span class='ocrx_word' id='word_1_800' title='bbox 1559 2394 1610 2429; x_wconf 55' lang='lat' dir='ltr'><strong>ha»</strong></span> 
     </span>
    </p>
   </div>
   <div class='ocr_carea' id='block_1_116' title="bbox 824 2428 1608 2463">
    <p class='ocr_par' dir='ltr' id='par_1_116' title="bbox 824 2428 1608 2463">
     <span class='ocr_line' id='line_1_116' title="bbox 824 2428 1608 2463; baseline -0.006 -4"><span class='ocrx_word' id='word_1_801' title='bbox 824 2429 1063 2459; x_wconf 90' lang='lat' dir='ltr'><strong>bitabatinTitulo</strong></span> <span class='ocrx_word' id='word_1_802' title='bbox 1071 2429 1255 2463; x_wconf 67' lang='lat' dir='ltr'><strong>supradicto,»</strong></span> <span class='ocrx_word' id='word_1_803' title='bbox 1266 2430 1343 2457; x_wconf 90' lang='lat' dir='ltr'><strong>aliis:</strong></span> <span class='ocrx_word' id='word_1_804' title='bbox 1360 2429 1404 2456; x_wconf 73' lang='lat' dir='ltr'><strong>«In</strong></span> <span class='ocrx_word' id='word_1_805' title='bbox 1417 2428 1508 2455; x_wconf 89' lang='lat' dir='ltr'><strong>Titulo</strong></span> <span class='ocrx_word' id='word_1_806' title='bbox 1524 2428 1608 2462; x_wconf 88' lang='lat' dir='ltr'><strong>patris</strong></span> 
     </span>
    </p>
   </div>
   <div class='ocr_carea' id='block_1_117' title="bbox 824 2463 1519 2497">
    <p class='ocr_par' dir='ltr' id='par_1_117' title="bbox 824 2463 1519 2497">
     <span class='ocr_line' id='line_1_117' title="bbox 824 2463 1519 2497; baseline -0.007 -3"><span class='ocrx_word' id='word_1_807' title='bbox 824 2468 866 2495; x_wconf 87' lang='lat' dir='ltr'><strong>sui</strong></span> <span class='ocrx_word' id='word_1_808' title='bbox 878 2466 1024 2497; x_wconf 85' lang='lat' dir='ltr'><strong>Pudentis;</strong></span> <span class='ocrx_word' id='word_1_809' title='bbox 1039 2474 1049 2491; x_wconf 72' lang='grc' dir='ltr'><strong><em>ι</em></strong></span> <span class='ocrx_word' id='word_1_810' title='bbox 1063 2468 1110 2491; x_wconf 89' lang='lat' dir='ltr'><strong>aut</strong></span> <span class='ocrx_word' id='word_1_811' title='bbox 1126 2473 1132 2490; x_wconf 92' lang='lat'><strong>:</strong></span> <span class='ocrx_word' id='word_1_812' title='bbox 1147 2473 1156 2489; x_wconf 71' lang='grc' dir='ltr'><strong>ι</strong></span> <span class='ocrx_word' id='word_1_813' title='bbox 1173 2464 1199 2490; x_wconf 94' lang='lat' dir='ltr'><strong>in</strong></span> <span class='ocrx_word' id='word_1_814' title='bbox 1217 2464 1307 2490; x_wconf 88' lang='lat' dir='ltr'><strong>Titulo</strong></span> <span class='ocrx_word' id='word_1_815' title='bbox 1317 2463 1519 2491; x_wconf 65' lang='lat' dir='ltr'><strong>Laterancnsi.»</strong></span> 
     </span>
    </p>
   </div>
   <div class='ocr_carea' id='block_1_118' title="bbox 861 2497 1607 2536">
    <p class='ocr_par' dir='ltr' id='par_1_118' title="bbox 861 2497 1607 2536">
     <span class='ocr_line' id='line_1_118' title="bbox 861 2497 1607 2536; baseline -0.005 -8"><span class='ocrx_word' id='word_1_816' title='bbox 861 2501 917 2536; x_wconf 81' lang='lat'><strong>(97)</strong></span> <span class='ocrx_word' id='word_1_817' title='bbox 936 2501 1042 2528; x_wconf 88' lang='lat' dir='ltr'><strong>Colitur</strong></span> <span class='ocrx_word' id='word_1_818' title='bbox 1058 2499 1087 2526; x_wconf 92' lang='lat' dir='ltr'><strong>S.</strong></span> <span class='ocrx_word' id='word_1_819' title='bbox 1107 2498 1228 2536; x_wconf 80' lang='lat' dir='ltr'><strong>Novatus</strong></span> <span class='ocrx_word' id='word_1_820' title='bbox 1243 2499 1279 2525; x_wconf 73' lang='lat'><strong>20</strong></span> <span class='ocrx_word' id='word_1_821' title='bbox 1294 2498 1476 2536; x_wconf 81' lang='lat' dir='ltr'><strong>Junii._etiam</strong></span> <span class='ocrx_word' id='word_1_822' title='bbox 1494 2497 1607 2536; x_wconf 53' lang='grc' dir='ltr'><strong>Δλλμαν-[ξί-</strong></span> 
     </span>
    </p>
   </div>
   <div class='ocr_carea' id='block_1_119' title="bbox 826 2533 1606 2571">
    <p class='ocr_par' dir='ltr' id='par_1_119' title="bbox 826 2533 1606 2571">
     <span class='ocr_line' id='line_1_119' title="bbox 826 2533 1606 2571; baseline -0.005 -7"><span class='ocrx_word' id='word_1_823' title='bbox 826 2533 923 2571; x_wconf 75' lang='lat' dir='ltr'><strong>rologio</strong></span> <span class='ocrx_word' id='word_1_824' title='bbox 951 2536 1087 2571; x_wconf 64' lang='grc' dir='ltr'><strong>ΒοηιιιηοΔ</strong></span> <span class='ocrx_word' id='word_1_825' title='bbox 1110 2534 1265 2571; x_wconf 84' lang='lat' dir='ltr'><strong>asc_riptus_,</strong></span> <span class='ocrx_word' id='word_1_826' title='bbox 1287 2539 1317 2571; x_wconf 89' lang='lat' dir='ltr'><strong>e_t_</strong></span> <span class='ocrx_word' id='word_1_827' title='bbox 1335 2534 1435 2571; x_wconf 67' lang='lat' dir='ltr'><strong>dicitur</strong></span> <span class='ocrx_word' id='word_1_828' title='bbox 1457 2543 1466 2559; x_wconf 75' lang='grc' dir='ltr'>ι</span> <span class='ocrx_word' id='word_1_829' title='bbox 1489 2533 1562 2571; x_wconf 80' lang='lat' dir='ltr'><strong>ﬁlius</strong></span> 
     </span>
    </p>
   </div>
   <div class='ocr_carea' id='block_1_120' title="bbox 824 2568 1605 2603">
    <p class='ocr_par' dir='ltr' id='par_1_120' title="bbox 824 2568 1605 2603">
     <span class='ocr_line' id='line_1_120' title="bbox 824 2568 1605 2603; baseline -0.008 -3"><span class='ocrx_word' id='word_1_830' title='bbox 824 2568 954 2600; x_wconf 75' lang='lat' dir='ltr'><strong>Pudéntis</strong></span> <span class='ocrx_word' id='word_1_831' title='bbox 970 2569 1104 2598; x_wconf 75' lang='lat' dir='ltr'><strong>senatoris</strong></span> <span class='ocrx_word' id='word_1_832' title='bbox 1115 2574 1142 2596; x_wconf 87' lang='lat' dir='ltr'><strong>et</strong></span> <span class='ocrx_word' id='word_1_833' title='bbox 1151 2568 1234 2595; x_wconf 88' lang='lat' dir='ltr'><strong>frater</strong></span> <span class='ocrx_word' id='word_1_834' title='bbox 1249 2569 1277 2596; x_wconf 90' lang='lat' dir='ltr'><strong>S.</strong></span> <span class='ocrx_word' id='word_1_835' title='bbox 1287 2568 1424 2596; x_wconf 86' lang='lat' dir='ltr'><strong>Timothei</strong></span> <span class='ocrx_word' id='word_1_836' title='bbox 1442 2569 1605 2603; x_wconf 84' lang='lat' dir='ltr'><strong>presbyteri,</strong></span> 
     </span>
    </p>
   </div>
   <div class='ocr_carea' id='block_1_121' title="bbox 823 2603 1606 2637">
    <p class='ocr_par' dir='ltr' id='par_1_121' title="bbox 823 2603 1606 2637">
     <span class='ocr_line' id='line_1_121' title="bbox 823 2603 1606 2637; baseline -0.006 -2"><span class='ocrx_word' id='word_1_837' title='bbox 823 2613 851 2634; x_wconf 88' lang='lat' dir='ltr'><strong>et</strong></span> <span class='ocrx_word' id='word_1_838' title='bbox 862 2612 1020 2635; x_wconf 87' lang='lat' dir='ltr'><strong>sanctarum</strong></span> <span class='ocrx_word' id='word_1_839' title='bbox 1041 2604 1143 2631; x_wconf 80' lang='lat' dir='ltr'><strong>Christi</strong></span> <span class='ocrx_word' id='word_1_840' title='bbox 1157 2603 1292 2637; x_wconf 70' lang='lat' dir='ltr'><strong>virginum</strong></span> <span class='ocrx_word' id='word_1_841' title='bbox 1306 2603 1435 2631; x_wconf 77' lang='lat' dir='ltr'><strong>Praxedis</strong></span> <span class='ocrx_word' id='word_1_842' title='bbox 1454 2607 1481 2630; x_wconf 86' lang='lat' dir='ltr'><strong>et</strong></span> <span class='ocrx_word' id='word_1_843' title='bbox 1498 2603 1606 2631; x_wconf 89' lang='lat' dir='ltr'><strong>Puden-</strong></span> 
     </span>
    </p>
   </div>
   <div class='ocr_carea' id='block_1_122' title="bbox 825 2639 1607 2676">
    <p class='ocr_par' dir='ltr' id='par_1_122' title="bbox 825 2639 1607 2676">
     <span class='ocr_line' id='line_1_122' title="bbox 825 2639 1607 2676; baseline -0.006 -6"><span class='ocrx_word' id='word_1_844' title='bbox 825 2644 905 2670; x_wconf 70' lang='lat' dir='ltr'><strong>tiantn</strong></span> <span class='ocrx_word' id='word_1_845' title='bbox 919 2641 983 2676; x_wconf 86' lang='lat' dir='ltr'><strong>:qui</strong></span> <span class='ocrx_word' id='word_1_846' title='bbox 998 2639 1130 2675; x_wconf 90' lang='lat' dir='ltr'><strong>apostolis</strong></span> <span class='ocrx_word' id='word_1_847' title='bbox 1147 2639 1247 2676; x_wconf 76' lang='lat' dir='ltr'><strong>eruditi</strong></span> <span class='ocrx_word' id='word_1_848' title='bbox 1259 2643 1324 2666; x_wconf 90' lang='lat' dir='ltr'><strong>sunt</strong></span> <span class='ocrx_word' id='word_1_849' title='bbox 1337 2639 1364 2676; x_wconf 81' lang='lat' dir='ltr'><strong>in</strong></span> <span class='ocrx_word' id='word_1_850' title='bbox 1381 2639 1444 2671; x_wconf 83' lang='lat' dir='ltr'><strong>fide,</strong></span> <span class='ocrx_word' id='word_1_851' title='bbox 1456 2648 1476 2676; x_wconf 72' lang='lat' dir='ltr'>_I</span> <span class='ocrx_word' id='word_1_852' title='bbox 1489 2647 1607 2676; x_wconf 82' lang='lat' dir='ltr'><strong>quorum</strong></span> 
     </span>
    </p>
   </div>
   <div class='ocr_carea' id='block_1_123' title="bbox 824 2673 1603 2712">
    <p class='ocr_par' dir='ltr' id='par_1_123' title="bbox 824 2673 1603 2712">
     <span class='ocr_line' id='line_1_123' title="bbox 824 2673 1603 2712; baseline -0.005 -7"><span class='ocrx_word' id='word_1_853' title='bbox 824 2679 893 2705; x_wconf 88' lang='lat' dir='ltr'><strong>nihil</strong></span> <span class='ocrx_word' id='word_1_854' title='bbox 919 2673 1200 2712; x_wconf 14' lang='lat' dir='ltr'><strong>probarnns,‘prmter</strong></span> <span class='ocrx_word' id='word_1_855' title='bbox 1231 2674 1428 2701; x_wconf 83' lang='lat' dir='ltr'><strong>fraternitatem</strong></span> <span class='ocrx_word' id='word_1_856' title='bbox 1456 2673 1603 2712; x_wconf 66' lang='lat' dir='ltr'><strong>Timothei.</strong></span> 
     </span>
    </p>
   </div>
   <div class='ocr_carea' id='block_1_124' title="bbox 824 2709 1608 2744">
    <p class='ocr_par' dir='ltr' id='par_1_124' title="bbox 824 2709 1608 2744">
     <span class='ocr_line' id='line_1_124' title="bbox 824 2709 1608 2744; baseline -0.005 -5"><span class='ocrx_word' id='word_1_857' title='bbox 824 2713 887 2741; x_wconf 75' lang='lat' dir='ltr'><strong>Dies</strong></span> <span class='ocrx_word' id='word_1_858' title='bbox 901 2709 991 2739; x_wconf 77' lang='lat' dir='ltr'><strong>autem</strong></span> <span class='ocrx_word' id='word_1_859' title='bbox 1004 2711 1038 2737; x_wconf 71' lang='lat'><strong>28</strong></span> <span class='ocrx_word' id='word_1_860' title='bbox 1053 2710 1154 2744; x_wconf 88' lang='lat' dir='ltr'><strong>quibus</strong></span> <span class='ocrx_word' id='word_1_861' title='bbox 1165 2717 1248 2743; x_wconf 89' lang='lat' dir='ltr'><strong>supra</strong></span> <span class='ocrx_word' id='word_1_862' title='bbox 1265 2717 1366 2736; x_wconf 91' lang='lat' dir='ltr'><strong>anmun</strong></span> <span class='ocrx_word' id='word_1_863' title='bbox 1384 2717 1468 2736; x_wconf 92' lang='lat' dir='ltr'><strong>unum</strong></span> <span class='ocrx_word' id='word_1_864' title='bbox 1487 2718 1503 2736; x_wconf 82' lang='lat' dir='ltr'><strong>a</strong></span> <span class='ocrx_word' id='word_1_865' title='bbox 1518 2709 1608 2743; x_wconf 79' lang='lat' dir='ltr'><strong>sepul-</strong></span> 
     </span>
    </p>
   </div>
   <div class='ocr_carea' id='block_1_125' title="bbox 825 2745 1608 2780">
    <p class='ocr_par' dir='ltr' id='par_1_125' title="bbox 825 2745 1608 2780">
     <span class='ocr_line' id='line_1_125' title="bbox 825 2745 1608 2780; baseline -0.006 -5"><span class='ocrx_word' id='word_1_866' title='bbox 825 2753 885 2775; x_wconf 89' lang='lat' dir='ltr'><strong>tnra</strong></span> <span class='ocrx_word' id='word_1_867' title='bbox 901 2747 1087 2777; x_wconf 63' lang='lat' dir='ltr'><strong>Pudentianal,</strong></span> <span class='ocrx_word' id='word_1_868' title='bbox 1103 2752 1134 2771; x_wconf 83' lang='lat' dir='ltr'><strong>ex</strong></span> <span class='ocrx_word' id='word_1_869' title='bbox 1148 2745 1224 2780; x_wconf 76' lang='lat' dir='ltr'><strong>Actis</strong></span> <span class='ocrx_word' id='word_1_870' title='bbox 1238 2745 1392 2772; x_wconf 84' lang='lat' dir='ltr'><strong>nuntiatum</strong></span> <span class='ocrx_word' id='word_1_871' title='bbox 1410 2749 1452 2772; x_wconf 89' lang='lat' dir='ltr'><strong>est</strong></span> <span class='ocrx_word' id='word_1_872' title='bbox 1476 2748 1608 2780; x_wconf 75' lang='lat' dir='ltr'><strong>tegrotare</strong></span> 
     </span>
    </p>
   </div>
   <div class='ocr_carea' id='block_1_126' title="bbox 823 2779 1608 2815">
    <p class='ocr_par' dir='ltr' id='par_1_126' title="bbox 823 2779 1608 2815">
     <span class='ocr_line' id='line_1_126' title="bbox 823 2779 1608 2815; baseline -0.005 -5"><span class='ocrx_word' id='word_1_873' title='bbox 823 2783 968 2815; x_wconf 85' lang='lat' dir='ltr'><strong>Novatum,</strong></span> <span class='ocrx_word' id='word_1_874' title='bbox 985 2780 1085 2808; x_wconf 88' lang='lat' dir='ltr'><strong>mutavi</strong></span> <span class='ocrx_word' id='word_1_875' title='bbox 1103 2780 1130 2806; x_wconf 91' lang='lat' dir='ltr'><strong>in</strong></span> <span class='ocrx_word' id='word_1_876' title='bbox 1145 2779 1190 2811; x_wconf 77' lang='grc'><strong>25,</strong></span> <span class='ocrx_word' id='word_1_877' title='bbox 1206 2784 1236 2806; x_wconf 93' lang='lat' dir='ltr'><strong>ut</strong></span> <span class='ocrx_word' id='word_1_878' title='bbox 1256 2780 1421 2807; x_wconf 85' lang='lat' dir='ltr'><strong>haberentur</strong></span> <span class='ocrx_word' id='word_1_879' title='bbox 1436 2779 1510 2807; x_wconf 37' lang='lat' dir='ltr'><strong>mox’</strong></span> <span class='ocrx_word' id='word_1_880' title='bbox 1523 2780 1608 2806; x_wconf 84' lang='lat' dir='ltr'><strong>norni-</strong></span> 
     </span>
    </p>
   </div>
   <div class='ocr_carea' id='block_1_127' title="bbox 825 2814 1610 2854">
    <p class='ocr_par' dir='ltr' id='par_1_127' title="bbox 825 2814 1610 2854">
     <span class='ocr_line' id='line_1_127' title="bbox 825 2814 1610 2854; baseline -0.004 -9"><span class='ocrx_word' id='word_1_881' title='bbox 825 2819 880 2846; x_wconf 86' lang='lat' dir='ltr'><strong>nati</strong></span> <span class='ocrx_word' id='word_1_882' title='bbox 894 2819 962 2854; x_wconf 85' lang='lat' dir='ltr'><strong>dics_</strong></span> <span class='ocrx_word' id='word_1_883' title='bbox 972 2817 999 2849; x_wconf 85' lang='lat'><strong>8,</strong></span> <span class='ocrx_word' id='word_1_884' title='bbox 1023 2814 1260 2854; x_wconf 74' lang='lat' dir='ltr'><strong>qu_ibus_intirmo</strong></span> <span class='ocrx_word' id='word_1_885' title='bbox 1275 2821 1421 2851; x_wconf 80' lang='lat' dir='ltr'><strong>antequam</strong></span> <span class='ocrx_word' id='word_1_886' title='bbox 1447 2819 1610 2848; x_wconf 76' lang='lat' dir='ltr'><strong>moreretur,</strong></span> 
     </span>
    </p>
   </div>
   <div class='ocr_carea' id='block_1_128' title="bbox 825 2850 1245 2884">
    <p class='ocr_par' dir='ltr' id='par_1_128' title="bbox 825 2850 1245 2884">
     <span class='ocr_line' id='line_1_128' title="bbox 825 2850 1245 2884; baseline -0.01 -3"><span class='ocrx_word' id='word_1_887' title='bbox 825 2854 889 2884; x_wconf 78' lang='lat' dir='ltr'><strong>l’ius</strong></span> <span class='ocrx_word' id='word_1_888' title='bbox 907 2858 932 2882; x_wconf 85' lang='lat' dir='ltr'><strong>et</strong></span> <span class='ocrx_word' id='word_1_889' title='bbox 948 2850 1089 2882; x_wconf 30' lang='lat' dir='ltr'><strong>Praxc’dis&#39;</strong></span> <span class='ocrx_word' id='word_1_890' title='bbox 1091 2850 1245 2880; x_wconf 87' lang='lat' dir='ltr'><strong>astiterunt.</strong></span> 
     </span>
    </p>
   </div>
  </div>
