1913 3102
23 109 1607 138 m

40 201 568 322 TllSl‘AllllN’l‘A
617 201 746 318 XII
791 202 1535 324 PATRIARCHARUM.

339 470 727 538 VETEBUM
775 468 1260 533 TESTIMONIA

275 591 418 623 (Gutum,
430 590 546 615 Veterum
556 588 661 614 Patrum
673 585 830 618 Bibliotheca,
843 590 861 611 t.
872 586 894 617 Ι,
904 593 928 618 p.
941 586 997 617 2H,
1005 586 1120 612 Venetiis
1132 587 1201 619 1765,
1211 588 1305 622 ln-fol.)

158 734 298 763 Omcnues
314 731 406 759 liomil.
423 739 457 758 xv
468 730 495 757 in
508 728 599 756 Iosue.
616 727 659 754 Ea:
673 727 738 754 edit.
754 726 852 753 noviss.
868 725 923 752 BB.
939 724 1029 752 Paris.
1045 725 1124 759 1735,
1143 730 1204 753 (om.
1223 725 1267 759 11,
1280 735 1340 762 pag.
1356 727 1409 754 451⁷)
1421 727 1453 754 C.

29 798 74 825 Sed
91 802 117 824 et
139 797 166 824 in
195 796 290 830 aliquo
306 794 423 829 quodam
448 791 557 823 libello,
574 789 621 830 qui
637 788 788 823 appellatur
801 785 998 830 Testamentum
1018 786 1157 830 du‘odecim
1169 786 1544 830 patriarclearunt,quamvis_
1556 795 1612 830 rion

19 821 116 860 tam?
129 821 299 859 iii-tantine.
314 821 394 856 ialem
406 834 495 854 tamen
513 821 661 860 quemdam
671 821 783 851 sensum
799 822 953 849 invenimus
963 842 970 855 ,
985 821 1059 857 quod
1082 829 1132 857 per
1153 822 1276 858 singulos
1289 825 1432 856 peccantes
1446 822 1546 858 singuli
1561 822 1613 851 Sa-

20 859 54 895 lue
67 867 179 903 intelligi
193 867 321 894 debeant.
342 863 457 891 Testam.
470 870 490 895 I,
504 859 594 888 Ruben
612 868 671 894 cap.
684 859 710 886 5.
781 905 804 933 Π

489 968 641 995 Pnocorws
655 966 801 993 Comment.
817 964 845 991 in
862 963 966 998 Genes.,
979 971 1038 998 cap.
1052 963 1098 991 58.

24 1039 65 1066 llle
77 1036 202 1071 (Iudas),
219 1043 305 1064 uxore
320 1033 460 1071 defuncta.
483 1029 621 1069 quaerebat
635 1027 768 1071 sobolem:
787 1026 815 1071 1p
839 1024 1348 1071 Testamentirisiunztiﬁa‘ttestatnrici
1364 1025 1438 1071 Betis
1447 1026 1543 1071 Lquod
1561 1026 1609 1071 diu

18 1060 538 1106 uni-litant—dr’e'nJTcumVadhucesset
558 1065 644 1099 virgo,
657 1063 742 1091 Judas
762 1061 888 1090 habuerit
912 1069 918 1088 ε
940 1060 1063 1096 luxitque
1084 1061 1255 1096 iniquitatem
1271 1062 1342 1097 ejus.
1364 1060 1427 1089 Vide
1447 1060 1608 1090 Testament.

18 1110 70 1143 tdw,
83 1117 159 1144 capp.
175 1107 212 1134 10
228 1111 252 1134 et
267 1106 311 1133 12.
773 1145 807 1173 ΠΙ

17 1219 148 1240 κλςτιειιῖς
169 1210 284 1239 Sinun
295 1206 440 1243 AnagOgic.
455 1201 642 1239 Contemplatt.
658 1202 686 1229 in
700 1200 767 1272 ἔξω

817 1209 884 1263 gms:
898 1199 946 1228 lib.
961 1207 1010 1234 vn,
1023 1207 1056 1227 ex
1070 1200 1135 1228 edit.
1150 1200 1279 1228 Biblioth.
1300 1200 1360 1229 PP.
1379 1201 1465 1238 Lugd.
1479 1206 1540 1230 tam.
1555 1202 1608 1238 IX.

833 1253 843 1267 ν
881 1256 888 1263 .

24 1305 92 1333 Unde
104 1305 213 1334 Hebraei
227 1313 259 1332 ex
271 1303 342 1330 libro
353 1301 399 1337 qui
411 1308 464 1327 non
476 1303 518 1327 est
531 1299 658 1337 redactus
672 1297 697 1324 in
710 1296 861 1337 Qanonern.
873 1295 1041 1337 quiquidem
1053 1294 1159 1337 dicitur
1167 1294 1361 1337 Testamentum
1373 1295 1607 1337 protoplastorum,

16 1330 299 1375 mitiﬁgtiﬁeéi’ma
311 1330 524 1375 die-ingressum
537 1342 598 1375 esse
610 1333 697 1375 ﬁdam
713 1333 740 1359 in
751 1331 894 1366 paradiso,
907 1331 979 1358 sicut
992 1330 1074 1358 etiam
1091 1330 1197 1358 videtur
1214 1330 1323 1358 cuidam
1335 1331 1468 1359 historico
1489 1331 1609 1359 chrono-

16 1377 82 1411 ‘apho
91 1368 239 1412 Pyrrhoni,
254 1379 281 1402 et
297 1368 461 1409 quibusdam
476 1368 689 1405 expositoribus.

1567 1462 1587 1471 ο

16 1462 1565 1480 ,W

590 1550 992 1599 DISSERTATIO

198 1662 246 1692 De
274 1660 357 1694 libro
376 1661 434 1702 qui
455 1660 500 1691 De
515 1657 678 1690 duodecim
692 1654 955 1686 Patriarcharum
977 1652 1170 1683 testamenti:
1185 1652 1388 1687 inscribitur.

767 1744 803 1751 ..-

386 1807 426 1837 (D.
439 1805 473 1831 LI
488 1805 600 1835 Noun“,
610 1804 747 1836 Apparatus
757 1800 791 1826 ad
804 1796 918 1825 Biblioth.
928 1802 1006 1827 maca,
1022 1797 1041 1821 ι.
1058 1795 1080 1827 Ῑ,
1091 1802 1116 1828 p.
1125 1795 1194 1828 ἥδ.)

779 1886 804 1915 Δ
817 1890 1040 1920 constantissime
1052 1892 1236 1925 perseverent.
1249 1887 1371 1922 Denique
1379 1893 1411 1913 ex
1422 1885 1494 1913 libro
1509 1884 1602 1914 Enoclt

187 1898 388 1928 ARTlCULUS
409 1898 553 1928 PRIMUS.

221 1957 347 1993 Analysis
358 1958 435 1993 hujus
446 1957 519 1985 libri.

23 2020 47 2049 In
65 2023 116 2052 hoc
135 2024 209 2052 libro
233 2025 398 2052 exhibentur
424 2024 519 2052 ultima
544 2023 688 2052 duodecim
714 2031 764 2059 pa-

16 2066 297 2103 iarcharum,liliorum
308 2070 403 2104 Jacob.
418 2071 508 2102 verba.
518 2078 579 2106 quae
591 2070 642 2106 ipsi
651 2070 764 2106 jamjam

17 2114 102 2142 orituri
118 2116 151 2143 ad
172 2115 252 2149 ﬁlios,
271 2120 353 2151 atque
368 2124 401 2144 ex
414 2116 516 2144 eisdem
532 2116 666 2150 nonnulli,
681 2117 765 2144 nimi-

15 2165 43 2184 un
60 2159 152 2188 Ruben
170 2166 197 2188 et
213 2160 312 2196 Ioseph
331 2162 365 2189 ad
385 2161 483 2189 fratres
503 2169 612 2197 quoque
633 2169 699 2190 suos
715 2162 765 2190 ha-

15 2204 71 2232 iisse
91 2206 231 2235 dicuntur.
251 2207 280 2235 In
300 2208 342 2235 his
364 2212 455 2235 autem
471 2207 566 2235 Ruben
581 2208 670 2243 major
685 2214 762 2242 natu,

15 2250 98 2279 nninm
119 2254 228 2288 primus
249 2258 441 2281 testamentum
464 2262 543 2281 suum
562 2262 577 2282 a
591 2254 764 2282 confessione

17 2297 84 2330 cesti,
99 2298 175 2334 quod
193 2299 250 2334 ipse
273 2307 334 2328 cum
356 2299 434 2333 Bala,
451 2300 602 2327 concubina
617 2300 702 2335 patris
719 2300 763 2328 sui

15 2343 169 2378 lmmiserat,
191 2345 307 2372 orditur.
334 2344 403 2372 Tum
430 2345 526 2373 deinde
556 2345 673 2373 ostendit
694 2352 763 2381 quas

15 2386 44 2414 de
58 2396 149 2423 pinnas
162 2390 219 2418 Deo
228 2391 342 2424 dederit,
357 2395 384 2419 et
396 2399 478 2426 quam
491 2392 523 2419 ad
539 2391 685 2420 eluendum
703 2400 763 2420 sce-

17 2441 29 2459 s
45 2442 120 2463 suum
146 2437 233 2473 egerit
257 2437 456 2472 paenitentiam.
484 2438 666 2471 Quamobrem
691 2438 762 2467 filios

15 2486 47 2507 los
59 2482 90 2509 ad
106 2484 253 2511 mulierum
274 2489 414 2520 aspectum
437 2484 588 2519 vitandum,
605 2489 632 2513 et
655 2485 763 2521 fugien-

15 2533 44 2553 ιω
61 2527 265 2558 fornicationem
279 2531 450 2565 adhortatus,
466 2531 594 2559 nonnulla
607 2531 640 2559 de
651 2531 761 2560 Christo

15 2577 91 2602 :nturo
105 2575 195 2604 obiter
208 2577 376 2613 perstringit.

22 2617 122 2649 Simeon
145 2630 211 2650 vero
236 2624 323 2658 aperit
348 2628 450 2659 quanta
471 2624 498 2652 in
522 2623 622 2659 Joseph
647 2623 759 2652 fratrem

15 2671 59 2692 lum
80 2669 211 2696 exarserit
231 2669 342 2702 invidia,
359 2674 546 2706 quantumque
560 2671 664 2698 idcirco
679 2670 759 2699 fuerit

816 1937 907 1965 futura
922 1943 1017 1964 eorum
1032 1939 1153 1970 peccata,
1168 1939 1195 1962 et
1213 1933 1354 1962 Christum
1369 1935 1512 1959 venturum
1531 1938 1603 1966 pra).-

815 1983 934 2011 nuntiat.

851 2027 914 2056 Levi
935 2027 1018 2056 tradit
1034 2035 1064 2056 se
1082 2035 1098 2055 a
1114 2026 1169 2055 Deo
1189 2025 1296 2054 duabus
1312 2025 1442 2052 donatum
1458 2024 1543 2052 fuisse
1557 2023 1601 2051 vi-

815 2073 949 2104 sionibus,
961 2080 1077 2107 quarum
1092 2072 1178 2107 prima
1193 2071 1287 2105 caelos,
1300 2071 1327 2098 in
1340 2070 1442 2105 quibus
1450 2069 1518 2105 justi
1532 2077 1602 2104 prte-

814 2119 888 2152 miis,
908 2118 1002 2153 injusti
1025 2126 1090 2146 vero
1114 2118 1256 2153 suppliciis
1276 2117 1436 2150 afﬁcientur,
1449 2124 1478 2144 se
1499 2116 1601 2144 vidisse

814 2165 956 2201 profitetur
974 2174 981 2192 :
998 2165 1025 2192 in
1049 2164 1168 2193 secunda
1192 2171 1222 2192 se
1239 2162 1454 2191 sacerdotalibus
1477 2162 1600 2190 vestibus

814 2211 939 2239 indutum
961 2215 988 2239 et
1013 2211 1181 2239 sacerdotem
1202 2211 1230 2238 in
1259 2215 1392 2238 aeternum
1418 2209 1600 2237 constitutum

813 2256 899 2285 fuisse
912 2257 1041 2285 declarat.
1064 2256 1130 2284 Post
1143 2257 1201 2284 haec
1211 2264 1245 2284 ex
1260 2256 1331 2284 libro
1349 2255 1442 2284 Enoch
1462 2256 1525 2284 ﬁliis
1541 2256 1600 2284 suis

813 2303 957 2331 annuntiat
973 2303 1000 2330 in
1021 2310 1083 2338 quae
1101 2303 1204 2338 lapsuri
1221 2307 1312 2331 essent
1329 2306 1451 2338 peccata,
1466 2303 1599 2337 pluraque

813 2349 847 2376 de
861 2348 981 2382 Christo,
997 2355 1029 2377 ac
1044 2348 1078 2376 de
1091 2348 1250 2376 eorumdem
1273 2348 1390 2376 filiorum
1411 2355 1526 2376 suorum
1541 2349 1599 2377 dis-

812 2395 950 2431 persione,
966 2394 1064 2422 exsilio
1081 2397 1108 2422 et
1123 2394 1282 2430 captivitate
1294 2394 1427 2430 praedicit.

847 2439 932 2468 ludas
953 2444 1046 2468 narrat
1065 2442 1197 2475 quantum
1213 2440 1330 2468 valuerit
1349 2439 1472 2475 corporis
1491 2439 1598 2469 viribus

812 2493 844 2514 ac
866 2486 975 2520 robore,
995 2490 1023 2513 et
1043 2494 1126 2521 quam
1147 2486 1276 2521 praeclara
1299 2485 1326 2513 in
1350 2485 1452 2520 praeliis
1473 2484 1597 2514 facinora

811 2531 934 2560 ediderit.
948 2531 1030 2560 Addit
1044 2531 1116 2560 Esau
1135 2532 1162 2559 in
1179 2531 1273 2567 praelia
1287 2539 1303 2558 a
1317 2530 1402 2559 Iacob
1417 2531 1551 2564 occisum,
1569 2535 1598 2560 et

776 2574 800 2604 Β
812 2587 841 2607 se
856 2587 911 2607 non
928 2579 1015 2606 solum
1031 2586 1092 2606 cum
1110 2578 1230 2606 Thamar
1244 2586 1316 2606 nuru
1337 2585 1386 2605 sua
1401 2578 1598 2611 concubuisse,

811 2633 905 2653 verum
921 2632 1034 2652 uxorem
1055 2632 1164 2660 quoque
1179 2624 1290 2652 duxisse
1305 2623 1488 2651 Chananream
1501 2627 1549 2652 :at
1565 2630 1599 2652 se

813 2671 954 2706 utriusque
968 2670 1090 2699 criminis
1111 2670 1199 2705 egisse
1216 2670 1412 2705 paenitentiam.
1436 2669 1502 2697 Inde
1521 2669 1596 2698 ﬁlios

15 2711 139 2745 Initus,ae
151 2715 255 2748 peccati
270 2715 312 2742 sui
328 2715 417 2750 ipsum
428 2716 595 2750 paenituerit.
610 2715 759 2751 Eapropter
808 2715 1027 2748 commonefacit,
1048 2721 1077 2743 ut
1095 2715 1201 2751 fugiant
1214 2716 1374 2744 ebrietatem
1391 2720 1418 2743 et
1432 2715 1594 2744 fornicatio-

15 2755 103 2786 lmonet
120 2760 189 2787 ﬁlios
210 2768 293 2794 suos,
309 2767 339 2789 ut
352 2762 387 2789 ab
403 2761 503 2789 invidia
521 2762 616 2790 sedulo
633 2767 756 2796 caveant,

807 2770 881 2795 nem,
897 2763 992 2798 eisque
1011 2761 1127 2790 subinde
1141 2758 1236 2790 narrat
1251 2769 1307 2797 quo
1320 2766 1401 2797 pacto
1416 2761 1538 2797 angelica
1552 2761 1595 2788 vi-

16 2808 61 2835 ίιυθ
81 2803 106 2831 in
124 2805 298 2840 simplicitate
318 2807 422 2842 cordis,
437 2812 463 2835 et
486 2807 606 2836 fraterna
622 2808 755 2837 charitate
804 2809 880 2838 sione
890 2809 1165 2846 didicerit,quantum
1177 2809 1306 2838 mulieres
1316 2809 1382 2838 viris
1392 2813 1484 2838 essent
1494 2809 1594 2838 noxi-.2.
