1913 3102
291 110 361 139 i027

288 169 428 197 Postremo
451 170 518 204 ipsrs
538 177 599 205 qua:
618 171 757 205 peccaturi
783 176 886 206 essent,
909 176 937 199 et
956 171 1079 198 futurum

287 215 387 243 Christi
401 215 548 243 adventum
560 217 692 244 declarat.

323 260 470 296 Postquam
489 261 613 290 lssachar
632 263 709 297 plura
724 264 758 291 de
773 264 914 291 nativitate
933 271 984 291 sua
1005 264 1078 290 edis-

289 309 384 341 seruit,
394 317 423 337 se
433 310 470 337 ita
484 315 510 337 et
524 310 551 337 in
565 311 738 346 simplicitate
749 312 906 339 ambulasse
917 315 943 339 et
956 311 1075 339 coluisse

289 354 484 389 agriculturam
499 355 614 389 fatetur;
631 360 661 383 ut
674 356 778 383 nullum
795 364 915 392 unquam
934 361 1075 392 peccatum

290 400 323 426 ad
344 404 457 427 mortem
480 401 631 429 admiserit.
657 401 830 437 Quapropter
854 403 925 430 ﬁlios
949 409 1015 430 suos
1041 402 1075 429 ad

289 446 491 480 simplicitatem
509 451 537 475 et
551 448 747 483 agriculturam
772 448 922 484 plurimum
946 448 1077 476 adhorta-

291 496 346 518 tur.

325 538 447 567 Zabulon
463 547 492 568 se
511 540 592 568 etiam
607 548 661 568 non
685 548 815 576 peccasse
828 540 937 571 asserit.
951 545 978 567 et
997 539 1076 574 plura

289 584 322 611 de
337 585 489 612 venditione
509 584 607 620 Joseph
626 590 808 619 commentus,
822 585 941 613 ostendit
959 593 989 612 se
1012 592 1078 611 ven-

289 630 400 658 ditionis
411 631 493 664 illius,
505 636 532 658 et
547 632 652 666 peccati
664 632 779 659 fratrum
793 638 906 658 suorum
924 638 977 658 non
992 630 1078 657 fuisse

290 685 377 704 reum.
391 676 494 717 ‘Subdit
512 685 576 705 vero
597 686 627 705 se
644 679 763 713 primum
779 678 872 713 fecisse
888 677 1013 712 scapham
1029 685 1078 704 na-

289 723 376 757 vigare
389 723 417 750 in
432 724 515 756 muri,
531 728 613 759 atque
627 732 660 751 ex
676 724 769 757 variis,
787 731 858 759 quos
883 723 940 758 ipse
960 727 1076 757 ceperat,

290 767 410 801 piscibus
434 776 463 796 se
487 769 580 803 egenis
604 770 702 804 stipem
726 776 863 804 erogasse.
892 767 1075 801 Quamobrem

291 813 359 840 ﬁlios
376 822 441 841 suos
461 815 562 842 excitat
586 815 619 842 ad
645 815 874 848 misericordiam,
890 815 1075 847 concordiam,

289 864 317 886 et
335 859 481 894 perfectam
504 861 575 888 inter
595 868 625 888 se
643 861 814 888 charilatem.
839 860 960 887 Tandem
984 859 1075 888 futura

289 911 383 931 eorum
399 905 512 939 scelera,
527 911 554 933 et
567 905 687 933 futuram
703 906 806 934 Christi
821 906 928 934 Domini
950 907 1077 934 incarna-

290 950 399 984 tionem,
413 951 538 979 adductis
553 960 587 979 cx
607 953 676 980 libro
689 951 782 980 Enoch
805 953 929 988 pluribus
952 953 1074 980 testiino-

290 996 354 1030 niis,
371 997 524 1025 annuntiat.

323 1041 380 1069 Dan
391 1042 491 1070 fatetur
505 1051 534 1071 se
547 1043 581 1071 de
596 1043 750 1071 venditione
762 1049 789 1071 et
800 1048 887 1072 morte
903 1043 1014 1079 Joscph,
1031 1046 1075 1073 cui

289 1094 386 1114 manus
411 1087 508 1115 aﬂ‘erre
530 1088 668 1122 voluerat,
687 1090 787 1124 gaudio
810 1089 897 1117 fuisse
920 1090 1073 1125 perfusum.

289 1131 391 1161 Idcirco
412 1133 491 1162 docet
517 1134 588 1162 ﬁlios
611 1135 645 1162 ab
671 1136 711 1162 ira
732 1143 793 1163 esse
817 1136 1076 1171 cavendum,atqnc

289 1177 325 1204 ibi
347 1178 477 1206 nonnulla
491 1179 524 1206 de
540 1179 683 1207 mendacio
699 1179 826 1215 fugiendo
843 1181 938 1207 leviter
953 1182 1072 1215 attingit.

290 1223 410 1259 Denique
431 1233 492 1259 qua:
520 1225 572 1260 ipsi
600 1226 782 1261 perpetraturi
804 1231 897 1254 essent
918 1227 1030 1260 scelera,
1048 1232 1075 1254 et

288 1269 347 1298 fore
360 1275 390 1298 ut
404 1270 530 1299 Christus
545 1271 627 1299 homo
642 1272 728 1304 tieret,
744 1279 778 1299 ex
800 1272 870 1300 libro
888 1271 982 1300 Enoeh
1004 1273 1074 1300 vati—

289 1315 407 1342 cinatur.

323 1359 466 1395 Nephthali
481 1361 565 1389 multa
580 1361 690 1396 quidem
711 1361 745 1389 de
762 1362 921 1397 parentibus
941 1362 1013 1391 Bala:
1034 1362 1074 1391 fa-

288 1406 414 1440 bulatur;
431 1415 464 1434 ac
478 1407 547 1435 lilios
566 1414 631 1435 suos
648 1408 745 1435 deinde
765 1412 867 1441 monet,
883 1412 912 1435 ut
929 1408 1011 1436 Deum
1028 1417 1074 1436 co-

287 1453 345 1479 lant
367 1456 393 1479 et
407 1453 433 1479 in
446 1452 517 1480 bono
530 1457 712 1487 perseverent.
729 1451 768 1480 Ex
782 1453 852 1481 libro
862 1459 951 1481 autem
968 1453 1072 1486 Enoch.

823 104 1058 136 TESTAMENTA
1075 105 1123 134 XII
1146 104 1355 134 PATRIARCH.

1847 110 1906 139 Wﬂ

1095 173 1118 200 Α
1130 174 1158 197 et
1175 169 1295 197 futuram
1312 169 1524 202 tribulationem,
1538 173 1565 196 et
1585 167 1725 195 Chrtstum
1743 163 1802 194 fore
1817 175 1906 195 venin-

1130 222 1193 242 rum
1211 215 1283 242 haud
1297 215 1454 243 dubitanter
1471 215 1578 243 asserit.

1163 261 1306 289 Postremo
1322 261 1461 297 Benjamin
1476 263 1601 289 hortatur
1614 261 1686 288 ﬁlios
1702 267 1780 291 suos,
1797 265 1829 287 ut
1839 259 1906 287 les--

1130 307 1192 342 phi,
1211 307 1264 335 viri
1280 308 1376 341 sancti,
1394 308 1522 336 insistant
1538 308 1671 342 vestigiis,
1689 305 1778 333 Deum
1794 306 1898 333 timeant

1129 354 1244 389 diligant
1259 354 1427 389 proximum,
1443 354 1584 389 praaceptis
1601 353 1649 380 Dei
1661 352 1802 384 obediant,
1819 359 1850 378 ac
1865 360 1906 386 ριν

1130 408 1187 427 ram
1213 406 1240 428 et
1265 401 1467 428 immaculatam
1490 404 1654 428 conservent
1677 406 1757 427 suam
1787 404 1898 425 mentem

1129 446 1184 474 lllis
1208 451 1299 474 autem
1324 447 1391 481 ipsis
1413 454 1446 474 ex
1470 446 1539 474 libro
1562 446 1656 473 Enoch
1680 445 1807 480 praedicit
1828 444 1906 471 futur:

1128 500 1223 520 corum
1241 493 1368 526 crimina,
1382 493 1522 521 Christum
1540 497 1700 524 venturum,
1716 491 1810 518 velum
1825 493 1906 525 templ»

1129 539 1320 573 scindendum,
1334 547 1429 567 omnes
1442 547 1458 567 a
1475 540 1591 567 mortuis
1603 538 1766 567 excitandos
1781 537 1906 565 homines

1128 586 1195 613 etin
1208 586 1312 621 judicio
1331 586 1479 614 universali
1500 586 1646 614 sistendos.
1666 585 1795 619 Denique
1808 584 1873 611 sicut
1882 591 1906 609 et

1129 633 1175 660 alii
1196 633 1358 668 patriarcha
1381 632 1446 660 ﬁliis
1468 632 1526 659 suis
1549 631 1760 662 mandaverant,
1779 630 1817 656 ita
1833 634 1858 656 et
1871 629 1906 655 ίμε

1131 678 1189 706 suis
1211 678 1333 713 praecipit
1354 683 1385 705 ut
1403 686 1435 705 ex
1456 678 1572 713 Egypto
1592 677 1620 704 in
1645 676 1758 704 Hebron
1776 683 1839 702 ossa
1857 684 1906 702 sua.

1128 731 1189 758 qua:
1209 724 1245 751 ibi
1270 731 1332 751 cum
1356 724 1479 759 patribus
1501 723 1559 751 suis
1579 723 1761 758 sepeliantur,
1779 726 1906 756 asportem

1102 760 1108 770 ’
1129 773 1155 796 et
1167 770 1285 797 condant
1300 770 1327 796 in
1342 771 1458 798 tumulo.

1092 842 1114 872 Β
1134 870 1148 872 _
1391 825 1494 872 ARTIC
1500 824 1590 853 ULUS
1613 824 1647 851 ll.

1129 870 1330 900 Demonstratur
1345 872 1413 898 hunc
1433 871 1530 912 librum
1546 871 1714 905 suppositum
1728 877 1786 896 esse
1797 874 1821 895 et
1838 869 1906 894 adu-

1458 911 1581 933 terinum.

1163 952 1212 980 llic
1237 953 1316 986 liber,
1344 953 1446 980 nullius
1460 952 1579 980 auctoris
1608 951 1720 979 nomine
1752 950 1906 984 inscriptus,

1127 999 1307 1033 proscribitur
1321 999 1355 1026 ab
1367 999 1505 1032 omnibus,
1519 999 1708 1032 asseriturque
1720 1005 1785 1024 eum
1801 997 1906 1031 figmen-

1127 1046 1172 1078 tis,
1185 1044 1284 1072 fabulis
1307 1045 1501 1080 crroribusque
1516 1044 1627 1079 plenum
1642 1051 1715 1076 esse,
1730 1048 1759 1070 et
1782 1043 1906 1070 seat-riu;

1128 1091 1286 1118 mendaciis.
1308 1090 1381 1124 Quin
1405 1091 1460 1118 imo
1479 1091 1557 1126 plura
1572 1098 1636 1118 cum
1659 1097 1740 1118 sacro
1765 1088 1906 1124 Scriptura:

1126 1141 1200 1164 textu
1215 1137 1362 1173 pugnantia
1376 1137 1402 1164 in
1419 1137 1465 1165 illo
1480 1137 1720 1173 deprehendimus.

1161 1182 1283 1210 Primum
1297 1183 1370 1210 enim
1390 1183 1417 1210 id
1433 1184 1518 1210 textui
1536 1183 1630 1210 divino
1652 1182 1827 1213 adversatur,
1841 1183 1906 1216 quod

1126 1229 1221 1257 Ruben
1244 1230 1277 1257 de
1301 1237 1351 1257 suo
1375 1237 1436 1257 cum
1458 1229 1533 1263 Bala,
1548 1234 1575 1256 et
1598 1227 1685 1256 Judas
1707 1236 1772 1256 cum
1796 1227 1906 1255 Thamar

1126 1276 1228 1303 incestu
1244 1275 1410 1303 fabulantur.
1427 1275 1494 1302 Illud
1510 1275 1574 1303 item
1590 1275 1664 1310 quod
1680 1275 1715 1302 de
1731 1274 1905 1310 quorumdam

1125 1322 1352 1358 patriarcharum,
1365 1322 1512 1354 Simeonis,
1524 1321 1599 1349 verbi
1612 1321 1712 1356 gratia,
1727 1325 1754 1348 et
1765 1320 1905 1347 Zabulouls

1124 1370 1253 1397 statuitur
1269 1373 1357 1396 aetate.
1371 1367 1409 1395 Ea
1427 1368 1544 1403 denique
1560 1375 1621 1402 quae
1638 1366 1751 1394 Simeon
1764 1371 1791 1394 et
1804 1366 1866 1393 Levi
1876 1367 1905 1392 de.

1124 1415 1222 1449 poenis,
1239 1423 1308 1450 quas
1324 1415 1360 1442 ob
1379 1413 1454 1442 Dium
1468 1414 1572 1442 sororis
1591 1421 1649 1441 suae
1671 1417 1779 1448 raptum
1795 1420 1810 1439 a
1824 1411 1905 1438 Sisini-

1124 1461 1198 1489 mitis
1218 1462 1361 1496 repetiero,
1376 1465 1403 1489 et
1417 1468 1479 1496 qua:
1501 1459 1559 1488 Gad
1580 1459 1614 1487 de
1634 1458 1792 1486 venditione
1811 1456 1904 1491 Ioseph

287 1502 369 1533 atque
380 1506 413 1525 ex
426 1499 578 1527 visionibus
593 1499 651 1527 suis
667 1499 789 1534 praedicit
807 1499 866 1528 fore
877 1505 906 1528 ut
921 1500 948 1527 in
964 1507 1071 1536 peccata
1086 1514 1107 1542 ο
1123 1507 1235 1535 “fuisse
1251 1508 1377 1543 tegimus,

247 1562 250 1565 -
286 1543 338 1577 ipsi
359 1543 576 1578 prolaberentur,
593 1546 818 1580 coorirenturque
841 1549 1025 1580 tempestates,
1039 1553 1071 1574 ac

285 1587 413 1616 Christus
434 1589 545 1617 tandem
567 1594 708 1624 assumpta
729 1589 848 1618 humana
869 1598 951 1619 carne
973 1599 1070 1619 nasce-

288 1638 368 1662 retur.

319 1678 377 1707 Gad
395 1679 441 1708 ubi
456 1680 534 1715 plura
554 1680 588 1708 de
601 1680 756 1708 venditione
771 1679 873 1715 Ioseph
886 1681 1070 1708 commentitia

285 1724 404 1759 tradidit,
420 1726 565 1754 conﬁtetur
585 1733 614 1753 se
629 1733 692 1753 eum
715 1725 778 1753 odio
797 1725 926 1754 habuisse
943 1731 999 1753 tam
1017 1726 1070 1754 im-

284 1771 426 1805 placabili,
441 1775 472 1799 ut
494 1771 546 1806 ipsi
567 1779 661 1799 necem
686 1771 858 1799 consciscere
879 1771 1007 1804 voluerit,
1022 1771 1070 1799 sed

283 1817 317 1844 de
341 1817 384 1845 his
411 1821 438 1845 et
461 1818 623 1852 pcenituisse
645 1822 672 1845 et
697 1817 781 1845 luisse
802 1825 908 1852 poenas.
936 1817 1069 1850 Quocirca

283 1863 353 1891 ﬁlios
369 1871 433 1891 suos
448 1864 482 1891 ad
501 1864 593 1891 odium
615 1863 785 1899 fugiendum,
800 1868 827 1891 et
849 1863 992 1891 fovendam
1010 1863 1069 1903 fra.

283 1913 387 1936 lernam
402 1909 562 1936 charitatem
583 1910 688 1943 incitat,
704 1917 736 1937 ac
750 1909 895 1936 nonnullas
911 1909 1021 1936 demum
1035 1910 1069 1937 de

282 1954 392 1982 Christo
408 1954 497 1983 fundit
516 1955 732 1983 vaticinationes.
988 1969 991 1973 -
1013 1989 1031 1993 κ

317 2001 384 2029 Aser
400 2001 470 2029 ﬁlios
482 2009 547 2029 suos
559 2002 628 2029 duas
642 2009 702 2029 esse
717 2001 774 2028 vias
790 2001 880 2034 docet,
894 2009 975 2028 uuam
990 2001 1066 2035 boni,

283 2047 347 2074 mali
371 2048 504 2081 alteram;
523 2048 594 2075 hanc
616 2047 833 2082 relinquendam,
856 2047 929 2075 illam
953 2056 1066 2083 carpen-

283 2093 356 2120 dam.
380 2092 520 2120 Testatum
547 2093 644 2121 deinde
669 2092 745 2126 facit,
761 2099 790 2120 se
812 2093 840 2119 in
863 2093 909 2120 illa
926 2093 998 2128 ,boni
1022 2093 1066 2121 via

283 2145 389 2172 semper
407 2139 574 2171 ambulasse,
593 2143 673 2173 atque
695 2138 766 2165 ﬁlios
788 2145 853 2165 suos
875 2142 904 2165 ut
925 2138 996 2166 idem
1014 2139 1066 2166 iter

283 2183 385 2217 ineant,
398 2185 469 2211 serio
482 2189 648 2212 commonet.
662 2184 782 2219 Denique
795 2184 838 2211 his
849 2185 992 2211 annuntiat
1008 2184 1065 2212 fore
1081 2189 1103 2216 ι)

282 2233 314 2255 ut
329 2229 380 2263 ipsi
395 2234 547 2263 peccarent,
560 2237 592 2257 ac
605 2229 722 2264 dispersi
738 2233 910 2263 vagarentur,
925 2229 1066 2257 Christus-

282 2281 335 2307 que
353 2277 445 2308 postea
459 2274 573 2302 veniret.

319 2329 421 2365 Joseph
442 2330 559 2365 explicat
583 2339 639 2367 quo
657 2336 737 2366 pacto
753 2339 768 2358 a
783 2331 912 2359 fratribus
938 2331 1005 2364 suis,
1018 2331 1065 2366 qui

282 2382 346 2403 eum
365 2377 478 2411 perdere
492 2377 679 2410 decreverant,
696 2378 732 2405 sit
749 2376 886 2410 venditus,
900 2381 926 2404 et
942 2381 1064 2411 postmo-

280 2422 346 2450 dum
369 2425 476 2456 emptus
494 2430 510 2449 a
525 2421 682 2458 Putiphare.
705 2423 787 2450 Ponit
810 2423 892 2450 etiam
917 2423 952 2449 ob
971 2422 1064 2449 oculos

281 2467 391 2502 quantis
405 2467 522 2500 artibus,
537 2467 687 2500 blanditiis,
708 2468 853 2502 minisque,
869 2471 932 2494 ante
943 2471 971 2494 et
987 2471 1062 2501 post-

280 2523 363 2550 quam
379 2515 406 2542 in
417 2523 554 2543 carcerem
568 2515 665 2543 fuisset
678 2515 828 2550 conjectus,
843 2521 912 2541 uxor
922 2513 1063 2548 Putiphari

281 2562 434 2589 castitatem
461 2561 521 2597 ejus
547 2561 692 2589 tentaverit
707 2570 714 2588 :
729 2564 832 2596 quanta
857 2559 975 2594 denique
1005 2559 1063 2586 suis

281 2606 339 2641 ipse
350 2606 480 2634 fratribus
493 2607 576 2634 etiam
588 2611 650 2642 post
661 2605 757 2634 Jacobi
774 2610 890 2633 mortem
908 2604 1063 2639 impertivc—

281 2652 317 2679 rit
333 2653 414 2680 bona.
430 2652 516 2680 Filios
535 2654 626 2688 itaque
645 2660 710 2680 suos
725 2651 758 2679 ad
777 2651 963 2683 sobrietatem,
979 2650 1062 2677 casti-

282 2701 379 2731 tatem,
404 2698 652 2733 longanimitatem,
671 2702 698 2724 et
720 2696 867 2724 fraternam
889 2695 1061 2724 dilectionem

281 2743 427 2777 plurimum
450 2744 558 2776 excitat,
573 2743 732 2771 ac‘tandem
750 2750 784 2770 cx
803 2742 974 2770 somniorum
996 2741 1061 2770 visis

351 2818 412 2846 Lib.
429 2827 461 2847 xv
472 2820 510 2847 De
520 2820 605 2855 civit,
617 2827 678 2855 cap.
697 2819 745 2847 2'5.

1156 1563 1290 1592 Praeterea
1305 1572 1400 1592 omnes
1413 1565 1467 1593 fere
1481 1563 1644 1600 patriarchae
1657 1562 1759 1590 ibidem
1772 1562 1873 1589 induco
1880 1570 1904 1586 n-

1121 1614 1166 1638 tur
1179 1611 1365 1646 apocryphum
1385 1611 1483 1638 librum
1497 1610 1601 1642 Enoeh,
1617 1617 1739 1644 eumque
1750 1613 1904 1642 corruptius

1121 1657 1246 1684 citantes.
1267 1656 1420 1692 Augustino
1437 1657 1511 1683 enim
1534 1655 1615 1683 ﬁdem
1633 1656 1656 1683 si
1671 1654 1786 1686 habeas,
1801 1655 1905 1681 codices

1121 1703 1184 1730 libri
1210 1702 1303 1731 Enoch
1324 1703 1443 1738 duplicis
1463 1702 1572 1738 generis
1595 1701 1719 1733 fuerunt,
1732 1700 1778 1728 alii
1802 1700 1860 1727 veri
1883 1703 1904 1725 et

1120 1749 1242 1785 genuini,
1259 1749 1305 1776 alii
1317 1749 1438 1784 corrupti
1450 1753 1476 1776 et
1491 1747 1647 1776 adulterati.
1670 1746 1754 1782 Atqui
1769 1750 1903 1773 auctorem

1120 1799 1245 1823 nostrum
1260 1796 1286 1822 in
1303 1795 1353 1822 hos
1368 1794 1558 1822 tantummodo
1572 1794 1703 1821 incidisse
1718 1792 1821 1819 nemini
1836 1797 1904 1819 certe

1119 1840 1233 1868 dubium
1254 1841 1402 1873 videbitur,
1417 1840 1464 1874 qui
1480 1840 1539 1867 haec
1553 1839 1587 1867 dc
1606 1839 1705 1866 iisdem
1720 1837 1838 1866 audierit
1855 1838 1902 1864 Au-

1119 1889 1222 1924 gustini
1243 1889 1324 1916 verba
1336 1889 1344 1904 ¹
1359 1897 1365 1916 :
1379 1887 1522 1922 Srripsisse
1537 1887 1642 1922 quidem
1664 1885 1796 1913 nonnullo
1819 1886 1902 1911 dirius

1119 1934 1222 1967 Enoch,
1235 1934 1314 1969 illum
1334 1934 1473 1968 septimum
1486 1933 1518 1960 ab
1534 1933 1732 1966 Adam,ncgnre
1747 1939 1799 1958 non
1815 1939 1899 1965 posss-

1118 1987 1187 2012 mus,
1200 1986 1259 2012 cum
1271 1979 1321 2005 hoc
1332 1977 1490 2013 inEpistola
1511 1977 1640 2004 canonica
1662 1976 1752 2003 ludas
1773 1981 1899 2010 apostolus

1116 2025 1198 2051 dicat.
1214 2014 1328 2052 Setinum
1344 2024 1446 2059 frustra
1453 2031 1508 2050 non
1522 2027 1583 2050 sunt
1595 2023 1623 2049 iu
1634 2031 1664 2049 eo
1678 2030 1778 2049 canone
1790 2021 1899 2052 Scriptu-

1117 2077 1219 2101 rarum,
1233 2070 1277 2104 qui
1292 2070 1446 2096 servabatur
1457 2069 1485 2096 in
1498 2069 1593 2104 templo
1609 2068 1717 2095 Hebrori
1729 2068 1834 2103 populi.
1846 2075 1897 2093 lut-

1117 2116 1261 2142 cedenlium
1277 2115 1415 2150 diligentia
1431 2115 1617 2146 sacerdotum;
1634 2114 1687 2140 nisi
1707 2114 1773 2148 quia
1791 2113 1822 2139 ob
1839 2112 1896 2138 miti-

1116 2162 1243 2196 quitatem
1256 2166 1382 2196 suspecta:
1395 2161 1586 2195 ﬁdeijudicata
1597 2165 1670 2191 sunt,
1685 2168 1732 2187 nec
1748 2164 1838 2186 utrum
1852 2159 1896 2184 Iter:

1115 2212 1212 2241 essent,
1227 2215 1286 2243 qua:
1305 2207 1350 2234 ille
1365 2208 1523 2242 scripsisset,
1537 2211 1640 2242 poterat
1660 2206 1812 2234 inueniri...
1835 2205 1894 2232 L’ude

1115 2258 1140 2282 et
1155 2254 1204 2281 illa
1219 2262 1278 2289 qua:
1292 2253 1340 2282 sub
1353 2253 1409 2288 ejus
1422 2254 1526 2280 nomine
1539 2253 1724 2287 proferuntur,
1737 2256 1762 2279 et
1775 2252 1895 2278 centium

1116 2300 1181 2326 istas
1202 2301 1233 2327 de
1247 2300 1397 2335 gigantibus
1416 2299 1533 2334 fabulas,
1547 2299 1616 2334 quod
1633 2307 1685 2324 non
1706 2298 1847 2325 habuerint
1860 2297 1895 2322 In»

1115 2346 1198 2372 mines
1223 2352 1322 2381 patres,
1339 2351 1407 2373 recte
1431 2355 1447 2372 ιι
1468 2345 1641 2380 prudentibus
1672 2353 1726 2371 non
1748 2345 1894 2379 judican'ur

1114 2392 1198 2426 ipsius
1211 2400 1266 2419 esse
1280 2393 1426 2423 credenda,-
1439 2392 1509 2418 sicut
1522 2391 1606 2418 multa
1618 2391 1666 2417 sub
1679 2392 1832 2417 nominibus
1844 2390 1893 2416 alio-

1114 2447 1173 2464 rum
1189 2439 1387 2473 prophetarum,
1403 2443 1429 2465 et
1446 2438 1593 2465 recentiora
1607 2437 1654 2464 sub
1675 2436 1827 2463 nominibus
1844 2443 1893 2468 apo-

1113 2485 1242 2511 stolorum
1264 2484 1296 2511 ab
1317 2484 1449 2512 hwreticis
1472 2483 1655 2518 proferuntur.
1681 2483 1786 2510 Auctor
1809 2482 1892 2516 quipp“.

1114 2535 1206 2557 noster
1233 2530 1300 2558 istas
1325 2531 1359 2558 de
1384 2530 1539 2566 gigantibus
1562 2529 1682 2561 fabulas,
1710 2529 1780 2555 mira
1810 2526 1893 2554 ﬁducia

1114 2578 1197 2604 semel
1212 2582 1292 2612 atque
1305 2577 1403 2604 iterum
1418 2581 1546 2611 tanquam
1562 2583 1659 2604 verum
1677 2575 1745 2610 quid
1759 2578 1787 2602 et
1803 2578 1891 2601 certum

1112 2622 1216 2657 profert
1234 2627 1261 2650 et
1278 2623 1409 2650 venditat.
1430 2621 1501 2650 Hinc
1522 2629 1588 2657 ergo
1609 2626 1636 2649 et
1657 2621 1736 2648 illum
1759 2624 1892 2653 corrupt-vs

1112 2669 1174 2696 libri
1196 2668 1288 2696 Enoch
1306 2668 1416 2696 codices
1437 2668 1549 2700 citasse,
1565 2671 1593 2694 et
1612 2667 1714 2694 librum
1729 2666 1792 2699 ejus
1807 2665 1890 2692 falsum

1112 2721 1172 2742 esse
1185 2718 1212 2741 et
1227 2713 1397 2749 suppositum
1414 2721 1470 2742 non
1483 2713 1600 2741 obscure
1616 2711 1768 2747 colligitur.
