1913 3102
30 117 101 144 1029

292 172 491 203 ARTICULUS
514 174 560 202 lll.

30 222 66 249 De
81 222 245 257 antiquitate
259 222 337 256 hujus
353 222 427 253 libri,
443 227 469 248 et
483 226 573 248 utrum
585 229 601 248 a
613 220 728 256 quodam
743 220 821 248 Chri-

210 258 296 284 stiano
310 258 438 292 scriptore
449 257 583 292 profectus
597 257 642 284 sit.

63 303 182 332 Constat
201 304 294 339 itaque
314 311 384 339 opus
407 304 475 330 illud
501 303 684 330 adulterinum
708 310 780 335 esse,
795 307 823 330 et

27 350 61 375 ab
77 349 174 384 ignoto
196 353 318 384 parente,
337 349 385 384 qui
409 356 510 376 nomen
527 356 608 376 suum
632 348 712 376 edere
737 356 822 377 ausus

27 403 81 422 non
97 399 153 427 est,
170 395 198 422 in
216 395 313 430 vulgus
328 394 470 423 emissum.
483 394 569 422 Porro
584 399 674 422 autem
693 395 759 422 illud
772 403 822 422 an-

27 442 216 476 tiquissimum
233 441 340 469 censeri
361 441 451 473 debet,
467 441 489 468 si
505 441 540 468 ab
562 440 687 476 Origene,
705 445 736 468 ut
757 441 821 476 qui-

28 484 90 510 dam
111 483 297 516 arbitrantur,
316 485 359 512 his
377 485 467 514 verbis
490 485 616 513 laudetur
628 487 637 501 '
656 495 662 512 :
679 485 712 512 In
730 484 818 512 libello

27 530 71 563 qui
96 530 253 564 appellatur
278 531 472 559 Testamentum
492 532 629 558 duodecim
649 531 817 566 patriarcha-

27 585 96 609 rum,
112 577 233 612 quamvis
241 586 292 604 non
305 578 432 605 habeatur
440 579 466 604 in
475 586 580 611 canone,
591 577 670 604 talem
679 578 816 612 quemdam

26 631 133 650 sensum
147 624 305 657 invenimus,
318 624 387 659 quod
398 633 443 659 per
456 629 589 659 peccantes
601 624 697 659 singuli
708 624 817 652 Salano:

25 669 140 705 intelligi
163 670 282 698 debeant.
311 670 344 697 Et
370 679 465 698 rursus
490 671 563 698 circa
588 670 695 697 initium
725 670 816 698 saeculi

26 715 94 742 sexti
113 723 129 743 a
142 715 276 751 Procopio
287 716 377 745 Cazeo
387 718 486 745 citatur
497 718 506 733 ³
519 727 526 744 :
541 717 715 751 Testamento,
728 718 814 750 aiunt,

26 766 174 788 attestatur
194 763 218 789 ei
243 762 320 796 Deus,
336 764 405 798 quod
424 764 470 790 diu
492 772 559 797 eam,
577 773 636 791 cum
650 765 734 791 adhuc
751 769 816 792 esset

26 809 109 843 virgo,
126 808 215 836 Judas
235 810 366 842 habuerit,
391 810 538 845 luxeritque
558 810 725 846 iniquitatem
746 811 812 845 ejus.

757 114 935 145 ΡΒοωΜιΑ.

1408 134 1409 137 ‘
1592 124 1662 152 11)ΰο

1137 177 1336 207 ARTICULUS
1355 179 1398 207 Ν.

875 232 912 260 De
929 233 1008 268 hujus
1035 233 1109 267 libri,
1135 234 1224 273 tirtece
1249 237 1493 273 primumﬂscripti,
1514 239 1661 273 codicibus,

1095 271 1212 298 versione
1229 276 1254 297 et
1269 271 1438 298 editionibus.

909 323 958 352 Hic
980 325 1049 352 liber
1069 325 1162 353 Graece
1184 326 1304 361 primum
1324 329 1442 362 scriptus
1462 333 1514 361 est,
1530 333 1612 365 atque
1633 330 1662 357 in

872 369 1035 399 bibliotheca
1048 368 1132 407 Regia
1154 372 1209 399 duo
1232 373 1305 400 illius
1326 373 1434 401 codices
1460 374 1553 402 Graeca
1576 384 1660 403 manu

872 417 975 443 exarati
997 423 1182 445 asservantur.
1203 418 1305 446 Horum
1324 419 1394 446 alter
1414 421 1605 455 pergamineus
1619 427 1662 449 est

871 462 907 490 ab
919 463 1000 490 annis
1019 463 1072 490 500
1085 463 1127 491 vel
1147 464 1200 491 600
1217 465 1389 500 descriptus:
1410 466 1478 494 alter
1494 473 1661 501 papyraceus

871 508 963 543 priore
977 509 1056 545 longe
1071 510 1217 537 recentior.

907 563 1043 592 Roberlus
1067 572 1133 592 vero
1160 574 1176 592 a
1197 565 1296 594 Grossa
1324 567 1412 600 Testa,
1438 568 1543 604 vulgari
1568 570 1661 605 lingua

875 608 1000 644 Crohede,
1013 612 1158 646 episcopus
1167 611 1378 648 Lincolniensis,
1392 615 1464 642 hunc
1476 615 1575 643 librum
1587 617 1661 645 circa

874 666 976 686 annum
989 657 1059 685 1242
1074 657 1170 686 Latine
1181 659 1306 687 reddidit.
1322 660 1410 695 llujus
1421 665 1511 689 autem
1524 663 1661 691 versionis

869 704 991 732 codicem
1016 705 1234 740 manuscript-um
1262 706 1417 735 invenimus
1442 708 1469 735 in
1495 709 1659 738 bibliotheca

869 749 1038 784 Colbertina,
1051 751 1097 779 sed
1110 751 1212 779 recenti
1227 760 1310 780 manu
1322 758 1476 782 exaratum.
1489 754 1580 782 Alium
1592 762 1660 791 quo-

869 805 922 833 que
940 798 1041 825 ibidem
1061 796 1235 832 offendimus,
1253 799 1280 827 in
1296 807 1350 835 quo
1367 800 1518 835 fragmenta
1535 802 1658 835 ejusdem

24 856 58 883 At
81 863 170 891 porro
191 865 260 892 opus
283 863 364 885 “mla,
382 843 552 893 antiquum“
570 843 684 886 no'lhum
705 843 765 886 esse;
787 864 815 886 οι
831 854 853 881 Β
868 843 930 871 libri
954 843 1079 893 sub—hoe
1104 843 1182 871 titulo
1203 845 1469 874 exhibenturzlltee
1487 852 1549 888 sunt
1576 852 1658 875 testa-

23 903 151 937 spurium
176 903 242 930 nulli
264 909 336 931 certe
353 904 451 932 mirum
474 904 626 937 videbitur;
643 904 814 939 quandoqui-

24 950 84 977 dem
100 951 137 978 ab
156 951 358 985 antiquissimis
371 952 549 986 temporibus,
562 956 591 979 ut
610 952 692 986 paulo
705 956 767 979 ante
779 959 810 978 ex

22 996 181 1031 Augustino
192 998 203 1012 ⁵
215 997 349 1030 vidimus,
362 998 524 1025 exstiterunt
543 998 613 1025 male
633 997 720 1025 feriati
743 1006 810 1026 scri-

21 1047 130 1075 piorum
145 1043 333 1078 librornmque
348 1049 519 1079 corruptores
529 1048 556 1072 et
568 1045 773 1072 adulteratores.

53 1082 124 1110 Illud
155 1088 247 1112 autem
268 1093 284 1112 a
304 1084 462 1111 Christiano
488 1085 606 1119 quodam
629 1085 813 1118 compositum

19 1137 78 1157 esse
91 1137 125 1157 ea
140 1131 223 1165 plane
240 1131 380 1163 evincunt,
393 1138 453 1165 quae
467 1130 567 1165 singuli
583 1129 640 1158 fere
656 1139 750 1158 omnes
764 1140 812 1166 pa-

20 1176 150 1204 triarcha:
158 1176 192 1203 de
200 1176 308 1203 Christo
318 1181 441 1210 venturo,
448 1177 567 1204 humana
575 1177 810 1211 carncinduendo,

20 1227 44 1248 et
64 1230 115 1256 pro
131 1222 276 1249 hominum
299 1223 386 1250 salute
401 1223 476 1251 cruci
498 1223 630 1258 alligendo
649 1223 807 1258 prmdicant.

20 1269 159 1296 Caeterum
184 1269 302 1303 scriptor
324 1268 368 1296 ille
390 1269 490 1296 librum
513 1269 587 1297 hunc
607 1277 662 1297 non
677 1277 708 1297 ea
722 1270 810 1297 solum

20 1319 109 1342 mente
126 1316 295 1350 composuit,
315 1319 344 1342 ut
366 1315 506 1343 Christum
530 1316 698 1345 celebraret:
718 1318 765 1344 sed
782 1318 810 1346 in

22 1361 116 1395 primis
139 1366 171 1388 ut.
191 1362 307 1390 lectores
328 1370 394 1390 suos
418 1363 451 1390 ab
465 1363 499 1390 iis
513 1364 631 1398 peccatis
646 1364 673 1391 in
685 1372 746 1399 quze
759 1372 809 1399 pa-

21 1408 158 1436 triarchas
171 1408 262 1443 lapsos
272 1417 333 1436 esse
345 1409 420 1442 dicit,
429 1410 542 1436 omnino
553 1410 713 1443 deterreret,
728 1416 810 1446 atque

21 1461 66 1482 eos
81 1455 116 1482 ad
132 1462 244 1483 omnem
262 1455 420 1483 eorumdem
442 1456 661 1491 patriarcharum
685 1465 808 1485 comme-

868 896 957 917 mcma
979 886 1039 917 XII
1059 890 1285 925 patriarcharum,
1302 892 1330 918 in
1352 893 1447 928 quibus
1461 886 1524 920 sunt
1546 895 1659 929 apertis-

867 937 942 963 sima:
956 941 1034 971 atque
1053 935 1237 970 pulcherrima:
1252 937 1395 972 prophetiae
1409 937 1441 964 de
1458 937 1574 971 Christo,
1590 947 1657 974 quas

867 978 1005 1009 transtulit
1019 981 1145 1016 magister
1158 980 1298 1015 Robertus,
1309 981 1395 1010 dictus
1409 982 1507 1010 Grossa
1517 983 1604 1017 Testa,
1618 985 1658 1011 vel

867 1028 992 1056 Crassum
1018 1032 1113 1063 caput,
1134 1027 1323 1056 Lincolniensis
1343 1029 1491 1064 episcopus,
1508 1029 1540 1056 de
1565 1029 1656 1058 (ἔναιε-ο

866 1074 893 1100 in
905 1070 1041 1100 Latinum.
1057 1072 1122 1100 Post
1133 1073 1191 1101 hanc
1202 1078 1293 1101 autem
1308 1074 1405 1102 Latina
1421 1075 1466 1102 illa
1479 1075 1569 1103 versio
1585 1076 1656 1112 typis

865 1128 965 1148 excusa
981 1124 1022 1147 est
1038 1127 1109 1147 anno
1125 1120 1205 1152 1541,
1219 1124 1246 1148 et
1257 1128 1354 1148 rursus
1365 1120 1481 1150 Parisiis
1493 1122 1566 1157 apud
1581 1122 1654 1150 Mar-

865 1168 953 1195 tinum
974 1166 1106 1194 Juvenem
1132 1174 1204 1194 anno
1230 1167 1310 1200 1549,
1326 1172 1408 1204 atque
1431 1168 1531 1196 iterum
1553 1169 1655 1198 ibidem

834 1209 838 1214 ’
864 1223 936 1242 anno
953 1214 1032 1246 1575,
1047 1213 1117 1241 1589
1132 1218 1158 1240 et
1170 1213 1249 1241 1610.
1266 1213 1379 1241 Basileze
1393 1222 1468 1248 vero,
1481 1223 1555 1242 anno
1571 1216 1652 1249 1550,

864 1268 896 1288 ac
909 1258 1017 1288 tandem
1034 1259 1062 1286 in
1079 1259 1209 1287 omnibus
1226 1259 1339 1287 Patrum
1357 1260 1541 1289 Bibliotlieeis.
1556 1261 1654 1290 Utrum

864 1312 954 1334 autem
977 1306 1044 1333 liber
1068 1306 1113 1333 ille
1135 1313 1169 1333 ex
1196 1307 1375 1342 typographia
1396 1307 1488 1336 Graece
1511 1309 1652 1344 prodierit,

863 1352 943 1381 nobis
967 1353 1178 1386 incompertum.
1206 1348 1240 1378 Et
1261 1357 1334 1380 certe
1350 1353 1376 1380 id
1393 1354 1463 1382 scire
1486 1362 1583 1390 parum
1607 1361 1655 1383 aut

864 1399 932 1426 nihil
947 1399 1071 1429 interest,
1088 1405 1151 1425 eum
1170 1398 1362 1433 hujuscemodi
1378 1399 1440 1426 libri
1456 1400 1592 1435 figmentis
1609 1399 1653 1427 fa-

862 1445 989 1479 bulisque
1012 1443 1141 1475 anilibus.
1163 1449 1196 1471 ac
1223 1443 1371 1478 Scriptura:
1393 1452 1479 1472 sacrae
1506 1445 1652 1472 contrariis

23 1501 135 1529 moratis
151 1509 167 1528 a
187 1509 217 1529 se
239 1501 384 1530 virtutibus
404 1489 522 1530 dandam
546 1510 657 1538 operam
677 1504 808 1532 adhorla-
824 1495 845 1524 (ἶ
861 1489 1016 1538 ορβιθιίτίη
1038 1489 1128 1538 “9°”?
1155 1497 1297 1538 “FW”
1321 1490 1590 1538 e‘l‘iﬂirdcbuﬂinh
1609 1491 1653 1518 Vc]

22 1553 104 1575 1'8qu.

861 1537 1001 1573 perpetuis
1016 1535 1136 1564 tenebris
1153 1536 1208 1564 sint
1222 1536 1370 1564 damnandi
1381 1536 1438 1573 (1).

25 1627 1644 1642 .————__—__—_—____-_——__——_

680 1695 1019 1744 GALLANDII»

359 1799 413 1831 DE
428 1799 571 1832 EODEM
590 1801 709 1832 ΠΒΒο
723 1798 991 1832 DISSERTATIO
1019 1795 1306 1828 PROOEMIALIS.

529 1882 600 1918 (γει.
617 1882 696 1909 Patr.
711 1881 852 1913 Biblioth.,
869 1879 891 1913 1,
909 1879 1027 1914 Proleg.,
1044 1886 1071 1914 p.
1088 1878 1139 1912 ιι.)

21 1960 38 1987 Ι.
63 1961 167 1988 Horum
185 1960 410 1988 Testamentorum
426 1965 520 1987 auctor
532 1959 701 1987 Christianus
715 1959 806 1993 fuisse,
823 1961 847 1989 D
860 1962 915 1990 tur,
928 1961 960 1985 ut
973 1956 1063 1991 ipsum
1082 1958 1188 1982 tantum
1209 1961 1263 1981 non
1283 1954 1369 1989 digito
1383 1959 1536 1981 monstrare
1551 1961 1649 1982 nosca-

116 1998 218 2032 illaque
235 1996 325 2024 Cra-ce
344 1997 481 2030 scripsisse
498 1996 705 2022 demonstratur.

54 2051 131 2080 Haud
147 2053 216 2080 mihi
236 2051 357 2088 profecto
377 2053 576 2087 incompertum
591 2052 736 2079 nonnullos
749 2051 806 2078 exi-

21 2100 144 2127 stimasse
158 2099 294 2132 Judaeum,
311 2108 364 2127 non
386 2099 573 2126 Christianum
597 2097 682 2126 fuisse
705 2098 805 2125 horum

21 2145 249 2173 Testamentorum
271 2150 426 2178 auctorem;
452 2153 542 2180 neque
561 2145 606 2172 illa
626 2144 736 2177 Graece,
758 2144 805 2172 sed

20 2191 150 2221 llebraice
168 2194 298 2229 primitus
313 2201 373 2221 esse
385 2193 549 2228 perscripta;
569 2193 674 2220 nullum
688 2191 805 2224 denique

20 2240 173 2268 istiusmodi
189 2240 322 2275 opusculo
338 2239 455 2274 pretium
470 2238 642 2266 statuendum
661 2247 667 2265 :
680 2245 740 2272 quae
752 2237 806 2263 ita-

20 2294 68 2320 que
91 2287 187 2314 omnia
206 2286 228 2314 si
248 2290 384 2318 constent,
399 2285 536 2312 immerito
558 2292 631 2312 enun
652 2291 717 2311 vero
739 2282 805 2310 illud

21 2332 85 2359 inter
112 2337 222 2360 vetusta
249 2332 375 2359 Ecclesia:
401 2336 577 2358 monumenta
604 2330 749 2357 locaretur.
775 2327 805 2354 In

20 2379 97 2406 aliam
113 2383 205 2406 tamen
219 2378 380 2406 sententiam
398 2377 444 2404 alii
464 2376 619 2410 complures
634 2374 733 2402 eruditi
754 2373 805 2400 viri

18 2425 75 2458 jure
90 2425 195 2452 abiisse
208 2425 394 2459 perhibentur.
412 2422 446 2450 Et
460 2422 577 2457 primum
590 2421 709 2456 quidem,
726 2419 806 2447 Chri-

20 2472 136 2498 stianum
167 2469 252 2498 fuisse
276 2474 417 2497 auctorem
447 2468 531 2495 multa
558 2468 659 2503 palam_
675 2466 803 2502 produnt,

23 2516 172 2544 Warthono
194 2517 244 2552 (Γ)
260 2517 433 2551 potissimum
455 2519 482 2542 et
495 2513 614 2541 Nourrio
635 2513 674 2549 (2)
690 2517 802 2540 notata:

20 2564 84 2591 adeo
97 2571 219 2599 namque
231 2566 323 2597 aperte
337 2569 370 2589 ac
385 2561 530 2596 perspicue
541 2560 574 2587 de
589 2559 699 2587 Christo
713 2558 802 2594 loqui-

52 2632 62 2646 '
79 2631 184 2659 Homil.
197 2632 242 2665 i5,
258 2632 285 2660 in
296 2633 389 2661 Iosue.
427 2633 438 2648 ³
451 2631 597 2660 Comment.
612 2631 639 2658 in
651 2639 709 2666 cap.
724 2636 827 2657 xxxvm
842 2627 935 2655 Cenes.

53 2690 90 2723 (1)
106 2689 147 2717 De
161 2690 213 2717 hoc
230 2698 327 2725 aspero
343 2691 425 2718 nimis
440 2690 473 2718 D.
494 2690 603 2718 Nourrii
624 2690 726 2725 judicio
741 2690 802 2717 vide

20 2732 78 2758 qua:
94 2726 208 2752 adnotat
221 2724 389 2758 Gallandius,
406 2726 488 2758 infra,
507 2728 559 2754 col.
574 2724 734 2753 105⁷1.Ευιτ.

54 2760 103 2795 (l')
122 2759 364 2797 WarthLAuctar.
391 2761 463 2788 Hist.
481 2763 599 2797 dogmat.
615 2761 676 2788 Jac.
699 2761 801 2794 Usser.,

21 2801 77 2831 Cap.
94 2796 199 2831 ‘17.,pag.
216 2795 265 2823 521
281 2804 338 2831 seq.

55 2830 92 2865 (2)
111 2830 210 2858 Nourr.
227 2830 326 2866 Appar.
339 2832 372 2859 ad
383 2832 445 2860 bibl.
462 2831 530 2868 PP.,
541 2837 606 2861 tom.
625 2831 644 2866 l,
658 2839 684 2867 p.
701 2831 765 2860 258.

860 2007 921 2036 tur;
939 2009 1024 2036 eaque
1032 2001 1065 2028 de
1073 2000 1158 2028 sacris
1172 1997 1240 2026 Novi
1254 1998 1419 2031 Testamenti
1432 1998 1531 2026 litteris
1543 1998 1647 2033 passim

859 2049 973 2086 profert,
995 2055 1055 2083 qua:
1078 2047 1241 2082 scriptorem
1263 2045 1483 2073 Christianorum
1509 2045 1647 2080 mysteriis

859 2097 996 2124 initiatum
1020 2094 1172 2122 luculenter
1191 2093 1332 2121 evincunt.
1352 2091 1423 2119 Ilinc
1443 2092 1536 2127 itaque
1555 2092 1647 2120 minus

858 2147 931 2170 recte
947 2141 1099 2176 conjecisse
1108 2140 1237 2168 videntur
1251 2146 1266 2166 e
1278 2139 1348 2174 slylo
1364 2138 1481 2173 aliisque
1497 2138 1530 2165 de
1542 2138 1645 2171 causis,

859 2188 976 2216 Grabius
1002 2188 1040 2223 (5)
1063 2191 1090 2214 et
1110 2186 1275 2222 Sgamhatus
1293 2185 1351 2221 (1),
1370 2184 1504 2212 Hchraico
1525 2185 1646 2219 primum

858 2235 988 2262 idiomate
1000 2233 1132 2267 scriptum
1146 2232 1232 2259 fuisse
1245 2231 1426 2266 opusculum;
1442 2230 1540 2257 deinde
1553 2230 1646 2258 Grazce

859 2280 997 2308 redditum
1022 2283 1103 2313 atque
1119 2285 1135 2305 a
1150 2277 1304 2305 Christiana
1331 2283 1415 2303 manu
1438 2275 1643 2310 interpolatum.

863 2325 1018 2359 «,Quamvis
1032 2326 1116 2356 enim,
1131 2327 1163 2351 ut
1177 2323 1298 2358 apposite
1313 2321 1435 2356 Wolfius}
1445 2321 1496 2356 (5),
1506 2320 1645 2348 scribendi

859 2372 930 2399 ratio
948 2378 1009 2406 quae
1032 2371 1059 2397 in
1083 2370 1177 2399 Graeco
1200 2373 1328 2396 contextu
1351 2368 1521 2400 observatur,
1543 2367 1644 2394 multos

859 2420 958 2448 referat
976 2419 1166 2452 Hebraismos;
1183 2417 1246 2445 inde
1263 2421 1352 2445 tamen
1372 2423 1426 2443 non
1440 2414 1526 2449 magis
1547 2414 1644 2442 effece—

858 2466 907 2498 ris,
917 2464 1047 2493 llebraice
1059 2465 1178 2499 primum
1189 2467 1330 2492 exaratum
1343 2469 1404 2489 esse
1414 2460 1547 2494 libellum,
1559 2468 1642 2495 quam

859 2511 930 2539 idem
952 2511 986 2538 de
1006 2511 1101 2538 codice
1121 2509 1189 2536 Novi
1209 2507 1375 2537 Testamenti
1396 2506 1429 2534 ad
1450 2504 1643 2533 Hebraismum

856 2556 980 2591 proxime
993 2556 1148 2589 accedente,
1160 2558 1261 2582 temere
1274 2551 1427 2581 allirmaris.
1438 2561 1448 2577 ι
1464 2550 1515 2578 Cui
1530 2550 1640 2585 quidem

977 2626 988 2642 ⁸
1006 2625 1076 2652 Loco
1090 2625 1135 2652 cit.

902 2684 930 2718 5)
956 2683 1037 2711 Grab.
1064 2681 1157 2718 Spicil.
1181 2680 1230 2718 S_S_.
1255 2679 1324 2718 ΡΒ..
1348 2683 1415 2718 tom.
1435 2679 1457 2712 l,
1478 2687 1539 2718 pag_
1579 2679 1639 2706 15ὀ.

902 2684 930 2718 5)
956 2684 1037 2711 Grab.
1064 2684 1157 2717 Spicil.
1181 2684 1230 2708 SS.
1255 2684 1324 2712 ΡΡ..
1348 2684 1415 2707 tom.
1436 2684 1457 2712 Ι,
1478 2687 1539 2715 pag_
1579 2684 1639 2706 154.

891 2684 930 2755 i4)
952 2718 1052 2754 Sgamb
1076 2717 1183 2744 Archiv.
1203 2715 1259 2743 γει.
1275 2715 1416 2748 Test.,lih.
1432 2723 1461 2748 II,
1474 2716 1516 2742 tit.
1528 2722 1641 2750 vt,~pag.

855 2755 908 2782 206
921 2762 979 2787 seq.

892 2790 931 2825 (ε.)
950 2785 1032 2816 wou.
1048 2787 1118 2815 Bibl.
1139 2787 1232 2820 Helm,
1249 2791 1315 2815 tom.
1329 2785 1349 2819 l,
1361 2793 1388 2820 p.
1404 2785 1469 2813 250.
