1913 3102
260 96 327 126 1051

775 85 1008 118 TESTAMENTA
1037 83 1084 115 XIII
1100 85 1315 116 PATRIARCIII

1803 88 1861 116 1032

257 153 398 183 sententiae
412 153 445 180 de
458 152 555 179 horum
568 151 807 180 Testamentorum
823 151 981 178 Christiano
995 157 1041 177 au-
1059 151 1081 179 Α
1096 148 1264 183 coniecturis
1279 147 1445 183 expedienda
1460 147 1505 181 sit,
1517 154 1568 175 nos
1587 154 1650 175 cum
1669 146 1805 174 Dodwello
1820 148 1867 183 (ll)

257 205 342 232 ctore,
349 197 546 232 subscripsisse
553 204 662 232 quoque
668 196 801 225 Joannem
807 196 942 224 Clericum
951 199 1044 231 postea

255 244 377 273 intellexi
392 243 442 279 (6).

291 289 428 324 Opposita:
445 292 536 316 autem
552 287 675 324 opinioni
691 294 787 314 ansam
803 286 953 322 prmbuisse
966 285 1041 312 vide-

256 341 300 364 tur
318 336 461 363 Mattheus
485 335 573 367 Paris,
593 334 641 369 qui
665 333 699 361 de
725 333 883 368 hujusmodi
909 332 1041 367 opusculo

254 382 337 410 verba
357 381 476 414 faciens,
492 381 550 408 hac
567 380 649 408 habet
662 380 701 415 (7)
716 389 722 406 :
737 379 807 414 Ipsis
825 387 925 414 quoque
943 383 1041 412 tempo-

253 429 326 455 ribus
342 428 418 462 (ann.
436 427 515 462 1212)
528 427 663 461 episcopus
684 425 877 452 Lincolnicnsis
900 423 1039 456 Robertus,

253 475 292 501 uir
305 475 333 501 in
342 474 438 501 Latino
450 479 475 500 et
486 473 577 501 (ἕνωεο
590 473 779 508 peritissimus,
795 471 962 503 Testamenta
976 471 1040 497 duo-

252 521 337 548 decim
350 521 564 555 patriarcharum
581 520 613 546 de
631 519 722 546 Graeco
737 517 810 553 fideli
823 517 1039 552 interpretatione

253 566 388 594 transtulit
402 567 430 594 in
441 565 578 592 Latinum.
596 564 661 597 Qua:
674 573 720 599 per
737 563 821 590 multa
835 554 953 598 tempora
966 563 1040 589 inco-

251 613 326 648 gnita
338 617 364 640 et
376 612 530 639 abscondita
542 612 648 646 fuerunt
663 619 709 646 per
727 610 855 637 invidiam
870 609 1044 642 Judworum,‘

250 663 356 694 propter
369 658 517 693 prophetias
533 658 565 684 de
580 656 717 684 Saluatore
732 657 759 683 in
771 657 808 684 eis
824 660 968 683 contentas.
986 655 1038 683 Sed

252 705 347 738 Grtcci,
363 705 479 732 omnium
497 705 655 739 scriptorum
673 703 870 739 diligentissimi
892 702 1038 737 inuestiga-

251 755 332 784 tores,
352 750 431 785 primi
455 750 483 776 in
501 749 625 776 notitiam
649 748 722 776 illius
748 748 841 783 scripti
864 747 1036 778 devenientcs,

249 796 318 824 illud
337 797 368 823 de
384 796 495 823 liebrwo
515 796 543 822 in
560 795 681 824 Grcecum
701 794 905 827 transtulerunt,
920 798 944 820 et
961 801 1036 828 penes

249 850 293 869 1’08
313 850 393 877 usque
408 842 436 868 ἰιι
455 846 545 868 nostra
567 846 684 875 tempora
704 846 882 868 reservarunt.
903 839 958 867 Nec
973 844 1038 866 tem-

248 895 311 923 pore
324 888 392 915 beati
409 886 563 922 Hieronymi
584 887 624 914 vel
646 887 764 922 alicujus
781 886 866 913 sancti
886 885 1036 920 interpretis

251 933 285 959 ad
309 933 430 959 notitiam
450 932 674 966 Christianorum,
697 933 865 959 machinante
883 931 1037 958 .Iudteorum

249 979 418 1013 antiquorum
440 978 555 1011 malitia,
575 979 661 1014 potuit
686 977 881 1014 quomodolibet
905 977 1035 1005 devenire.

249 1022 333 1051 Illum
355 1024 438 1059 igitur
462 1024 606 1060 gloriosum
637 1030 792 1057 tractatum,
814 1025 848 1051 ad
872 1024 952 1051 robur
974 1024 1036 1058 ﬁdei

249 1069 411 1098 Christiania
425 1075 449 1097 et
466 1071 500 1098 ad
519 1071 645 1106 majorem
667 1071 824 1099 Judazorum
842 1071 1034 1106 confusionem,

249 1117 385 1144 transtulit
405 1116 479 1152 plene
491 1123 515 1144 et
530 1117 660 1144 euidenter
679 1118 813 1152 episcopus
830 1123 989 1144 memoratus
1003 1117 1036 1144 de

249 1161 350 1195 (.‘rceco,
371 1162 445 1189 verba
468 1163 502 1189 ad
524 1163 682 1197 verbum,in
706 1163 844 1196 Latinum,
860 1163 1036 1198 coadjuvante

247 1210 375 1245 magistro
392 1209 507 1237 Nicolao
529 1209 631 1244 Graeco,
644 1210 740 1237 clerico
761 1210 864 1237 abbatis
885 1208 976 1236 Sancti
991 1209 1037 1236 Αι-

248 1253 320 1282 bani.
339 1254 401 1283 llaec
418 1255 471 1284 ille.
495 1255 547 1289 Qui
563 1256 673 1291 quidem
693 1256 770 1283 locus
785 1256 867 1290 paulo
882 1255 961 1283 aliter
981 1255 1034 1283 im-

248 1306 381 1335 mutatus,
395 1301 423 1328 in
439 1302 580 1330 nonnullis
596 1302 654 1330 sive
669 1310 737 1330 is.
751 1302 807 1330 sive
822 1302 902 1330 editis
915 1302 1034 1337 antiqua

247 1347 382 1375 versiouis
403 1348 606 1383 exemplaribus
625 1349 659 1376 ad
680 1349 783 1376 calcem
805 1348 928 1380 habetur,
944 1353 973 1376 ut
990 1349 1033 1376 vi—

247 1393 313 1421 dere
326 1397 368 1420 est
387 1400 421 1420 ex
441 1392 553 1421 Thema:
567 1393 707 1420 Tenisonii
721 1392 931 1420 Cantuariensis
945 1392 1035 1419 archi-

247 1439 368 1475 episcopi
383 1439 456 1468 notis
470 1447 537 1467 m55.
557 1440 589 1467 ad
600 1438 750 1466 Historiam
763 1438 844 1467 Cavei
861 1438 1033 1471 litterariam,

1096 195 1124 221 in
1141 195 1248 229 primis,
1262 193 1363 222 Wollio
1381 194 1449 229 (12),
1465 194 1589 221 llucltato
1611 193 1668 227 (15)
1684 193 1799 228 aliisque
1815 201 1868 220 cen-

1094 247 1197 274 semus,
1210 241 1310 268 smculo
1325 248 1332 267 ι
1346 240 1485 268 desinente
1501 240 1661 275 scriptorem
1676 238 1800 266 ﬂoruisse
1810 246 1817 271 ;
1829 239 1867 274 qui

1095 287 1225 314 nimirum
1252 287 1457 315 Hellenisticum
1485 287 1566 322 plane
1588 286 1689 322 stylum
1716 285 1868 318 adhibuerit,

1094 334 1184 369 qualis
1205 334 1316 361 ineunte
1335 334 1435 362 smculo
1460 342 1478 360 ιι
1501 333 1528 360 in
1550 332 1762 360 desuetudinem
1783 332 1870 359 abiisse

1093 379 1261 414 comperitur
1274 389 1280 406 :
1294 379 1357 407 licet
1370 379 1526 406 Mazochius
1537 377 1570 405 ν.
1585 378 1616 405 C.
1629 377 1713 413 paulo
1729 377 1806 404 aliter
1818 385 1871 404 sen-

1093 425 1159 452 serit
1175 425 1242 460 (14).
1259 424 1352 459 Neque
1366 425 1421 451 alia
1443 428 1574 459 praeterea
1595 423 1695 451 desunt
1712 427 1870 457 argumenta,

1091 471 1134 499 vel
1153 472 1214 506 ipso
1236 471 1337 499 Grabio
1362 475 1523 506 suggerente
1545 470 1612 504 (15),
1629 469 1733 504 quibus
1750 470 1870 497 sententia

1091 518 1250 554 hujusmodi
1269 518 1357 553 magis
1373 517 1463 544 adhuc
1479 515 1636 544 conﬁrmari
1651 521 1746 550 queat.
1762 514 1869 547 Scilicet,

1090 574 1146 594 non
1160 571 1223 594 ante
1238 573 1342 593 annum
1356 573 1418 593 atra:
1431 564 1550 600 vulgaris
1576 563 1611 591 52
1629 561 1805 591 Testamenta
1821 563 1870 589 haec

1090 612 1249 640 elucubrata
1271 610 1357 638 fuisse
1375 610 1563 645 perhibentur,
1580 617 1636 644 quo
1659 608 1808 644 Epistolam
1820 608 1828 634 l
1841 610 1868 636 ad

1090 659 1349 688 Thcssalonicenses
1376 657 1461 685 fuisse
1485 657 1617 691 scriptam
1644 656 1806 683 existimant
1827 654 1869 682 vixi

1089 706 1206 739 eruditi.
1228 705 1395 733 Pearsonius
1416 704 1491 739 (16),
1512 702 1613 730 Millius
1634 702 1710 737 (Π),
1731 702 1777 728 alii
1798 710 1804 728 :
1822 702 1870 729 haec

1089 752 1162 780 enim
1177 752 1205 779 in
1217 756 1380 780 testamento
1399 750 1464 777 Le\i
1485 749 1613 785 leguntur
1625 748 1683 783 (18)
1696 758 1702 774 :
1718 748 1836 782 Ἔφθπε
1847 748 1869 774 δὲ

1089 800 1106 835 ἡ
1119 799 1187 835 ὀργὴ
1203 798 1305 834 Κυρίσυ
1319 797 1362 824 ἐπ’
1373 795 1471 827 αὐτοὺς
1487 797 1527 827 εἰς
1540 795 1626 827 τέλος.
1652 794 1728 821 Venit
1742 799 1827 822 autem
1838 795 1870 820 ira

1088 846 1195 874 Domini
1210 853 1288 880 super
1303 852 1346 872 eos
1361 844 1389 870 in
1401 843 1480 878 ﬁnem
1492 850 1501 868 :
1513 850 1574 877 qnte
1587 841 1701 876 quidem
1718 841 1800 867 verba
1815 849 1870 867 eon-

1089 893 1130 917 tra
1149 889 1257 917 Judzeos
1278 888 1394 924 prolata,
1412 896 1443 915 ex
1461 887 1570 914 laudata
1587 885 1870 914 Thessalonicensibus

1088 936 1220 971 inscripta
1230 935 1350 971 Epistola
1367 934 1423 969 (19)
1439 934 1582 968 desumpta
1605 933 1694 960 fuisse
1718 937 1869 961 noscuntur.

1087 982 1182 1018 Neque
1203 988 1266 1009 ante
1288 989 1391 1009 annum
1407 981 1452 1015 64,
1468 988 1524 1016 quo
1539 980 1607 1007 liber
1628 980 1749 1007 Actuum
1770 985 1871 1014 aposto-

1087 1029 1176 1057 lorum
1192 1028 1279 1056 fertur
1289 1036 1305 1055 a
1318 1033 1410 1055 sancto
1421 1026 1495 1054 Luca
1506 1026 1605 1054 litteris
1616 1026 1800 1061 consignatus
1812 1025 1870 1059 (20),

1088 1076 1249 1111 opusculum
1264 1074 1331 1102 illud
1350 1081 1479 1102 exarasse
1495 1077 1635 1100 auctorem
1654 1079 1688 1099 ex
1706 1072 1741 1099 iis
1760 1075 1870 1103 constat,

1086 1123 1187 1158 quibus
1216 1121 1362 1156 imaginem
1386 1119 1503 1155 apostoli
1527 1119 1604 1146 Pauli
1629 1126 1663 1146 ex
1690 1119 1788 1146 iisdem
1802 1118 1869 1144 Actis

1086 1167 1215 1203 graphice
1229 1167 1393 1202 descriptam
1413 1165 1525 1193 exhibet
1545 1164 1615 1201 (21),
1631 1164 1824 1199 Benjaminum
1839 1164 1870 1190 ita

1085 1215 1242 1249 loquentem
1258 1213 1412 1240 inducens:
1428 1211 1461 1238 Et
1478 1219 1529 1238 non
1542 1211 1658 1246 amplius
1674 1209 1789 1237 vocabor
1802 1209 1870 1243 lupus

1085 1268 1228 1296 rapax"...
1249 1258 1285 1286 Et
1299 1258 1474 1286 suscitabitur
1485 1265 1518 1284 ea:
1531 1258 1628 1284 semine
1643 1265 1700 1284 meo
1716 1257 1743 1282 in
1756 1256 1870 1283 extremis

1085 1304 1245 1341 temporibus
1270 1303 1382 1330 dilectus
1410 1303 1534 1335 Domini,
1558 1301 1668 1328 audiens
1694 1309 1782 1328 vocem
1809 1300 1871 1333 eius,

1085 1351 1233 1387 cognitione
1247 1357 1313 1376 nova
1333 1348 1489 1375 illuminans
1514 1356 1602 1375 omnes
1619 1352 1719 1382 gentes,
1732 1345 1818 1372 lucent
1833 1352 1873 1371 cc-

1084 1396 1211 1433 gnitionis
1229 1395 1373 1422 accendens
1390 1393 1487 1421 Israeli
1503 1394 1530 1420 in
1544 1393 1670 1425 salutem,
1686 1397 1711 1420 et
1732 1392 1835 1427 rapiens
1847 1393 1872 1416 ut

1085 1443 1162 1478 lupus
1179 1442 1211 1469 ab
1227 1441 1308 1476 ipsis.
1324 1446 1349 1468 et
1363 1440 1430 1467 dans
1446 1447 1586 1475 synagoga:
1605 1439 1724 1474 gentium
1737 1446 1746 1464 :
1758 1441 1783 1464 et
1799 1443 1873 1470 usque

246 1492 310 1520 quae
323 1485 374 1512 sub
384 1484 466 1512 tinem
478 1485 627 1513 voluminis
641 1484 663 1511 ll
679 1485 799 1519 ejusdem
812 1484 937 1513 Historia
948 1492 1033 1519 nuper

1089 1492 1113 1518 in
1141 1489 1394 1518 consummationem
1420 1486 1578 1514 steculorum
1608 1485 1659 1511 erit
1684 1485 1712 1510 in
1736 1482 1873 1518 synagngis

247 1531 380 1567 evuigatae
392 1537 551 1568 comparent
563 1539 624 1568 pag.
639 1532 664 1559 1.
685 1531 737 1559 Sed
750 1537 807 1559 tum
823 1530 941 1559 Matthsei
954 1531 1032 1559 Paris

248 1578 432 1606 narrationem
448 1586 530 1614 quam
544 1578 642 1606 iisdem
657 1585 726 1613 pene
740 1577 832 1606 verbis
847 1577 944 1611 repetit
963 1577 1033 1605 inle-

247 1625 307 1652 rius
326 1625 397 1652 idem
413 1626 529 1660 scriptor
549 1625 695 1652 historicus
714 1623 752 1660 (8)
771 1624 806 1651 ad
825 1631 928 1651 annum
951 1623 1031 1656 19.52,

247 1675 306 1698 tum
322 1678 383 1706 quae
401 1671 428 1698 in
442 1671 495 1698 line
514 1670 696 1706 quorumdam
714 1669 912 1705 exemplarium
923 1677 958 1697 ex
972 1669 1032 1704 ipso

247 1721 374 1752 excerpta
385 1717 466 1744 verba
480 1716 619 1752 leguntur,
632 1716 731 1744 merito
745 1715 815 1743 ridet
828 1715 968 1743 Simonius
980 1714 1031 1750 (9),

246 1762 296 1798 qui
309 1767 335 1790 et
349 1770 382 1790 ea
396 1763 491 1791 deesse
506 1762 534 1789 in
546 1770 598 1790 ms.
615 1762 709 1790 codice
726 1761 885 1789 Colbertino
898 1765 1031 1790 testatur:

246 1813 279 1836 ut
300 1808 415 1843 proinde
442 1808 520 1836 nihili
543 1807 666 1836 ducenda
694 1807 731 1836 sit
752 1808 895 1843 inscriptio
918 1808 1032 1835 alterius

247 1855 351 1882 codicis
373 1862 426 1882 ms.
448 1854 621 1882 bibliothecae
649 1853 806 1882 Bodleiante
827 1861 842 1880 a
858 1852 962 1881 ,Grabio
986 1859 1032 1881 re-

247 1899 301 1927 lata
316 1899 384 1935 (10),
398 1899 496 1934 hisque
514 1899 606 1927 verbis
623 1906 750 1934 expressa
766 1907 772 1926 :
786 1897 953 1926 Testamenta
966 1898 1033 1925 duo-

246 1946 331 1972 decim
360 1945 576 1980 patriarcharum
612 1945 729 1980 ﬁliorum
756 1943 861 1979 Jacob,
888 1945 1032 1972 secundum

247 1991 449 2019 translationem
474 1991 587 2019 Joannis
612 1992 793 2027 Chrysostomi
815 1991 847 2019 de
871 1991 982 2019 Hebrwo
1004 1991 1033 2018 in

246 2038 369 2066 Graecum
381 2045 390 2065 :
402 2037 469 2066 satis
493 2037 566 2066 enim
589 2038 647 2066 sive
665 2046 699 2066 ex
718 2038 851 2066 hactenus
872 2037 963 2071 dictis,
975 2038 1033 2065 sive

246 2092 280 2111 ex
294 2091 359 2111 mox
376 2083 499 2112 dicendis
510 2083 654 2111 refellitur.

246 2159 279 2188 ll.
301 2159 388 2196 Ipsius
408 2166 472 2188 mtas
487 2161 641 2196 inquiritur,
654 2160 760 2196 ejusque
774 2161 925 2196 scriptionis
945 2161 1033 2188 consi-
1047 2166 1071 2195 Ῑ)
1084 2159 1094 2196 ζ

482 2196 548 2223 liunt
559 2196 650 2231 paucis
666 2197 793 2231 aperitur.

283 2263 344 2297 Quo
364 2269 454 2292 autem
472 2269 594 2301 tempore
614 2265 790 2293 Testamenta
810 2265 870 2293 haec
889 2264 1033 2300 scripserit

246 2308 420 2338 Christianus
431 2314 526 2338 auctor
540 2303 693 2346 anonymus
703 2332 710 2344 ,
724 2310 798 2338 haud
812 2309 849 2338 ita
859 2309 1031 2348 exploratum

247 2356 373 2389 habetur,
389 2360 418 2384 ut
432 2364 463 2384 ea
474 2357 508 2384 de
525 2365 555 2384 re
569 2357 639 2385 ﬁrmi
661 2357 765 2393 aliquid
785 2356 868 2385 statui
888 2363 970 2392 posse
987 2355 1032 2383 vi-

245 2402 353 2432 deatur.
379 2402 480 2431 Verum
504 2404 528 2432 si
550 2404 666 2439 quaestio
690 2403 840 2432 admodum
861 2403 979 2438 implexa
997 2409 1032 2430 ex

282 2482 321 2516 (ϐ)
340 2482 440 2518 Qleric.
455 2481 526 2518 iiist.
545 2483 621 2517 eccl.,
641 2483 674 2510 ad
689 2491 753 2510 ann.
772 2482 834 2518 191.
852 2481 865 2518 §
883 2480 1028 2518 2,7p._796.

283 2518 322 2551 (7)
340 2516 435 2545 Matth.
455 2517 517 2545 Par.
541 2517 613 2546 Hist.
634 2519 731 2554 major,
751 2517 786 2545 ad
807 2516 871 2545 ann.
893 2516 976 2549 1248,
1001 2523 1028 2551 p.

247 2551 299 2580 528
314 2554 378 2580 edit.
394 2552 481 2580 Lond.
499 2552 576 2580 1686.

283 2553 299 2581 8
314 2554 378 2580 edit.
394 2552 481 2581 Lond.
499 2552 576 2581 1686.
676 2552 680 2554 ’

283 2589 322 2624 (8)
341 2588 380 2624 td.
396 2588 548 2624 ibid.Lpag.
563 2588 615 2616 720
634 2596 691 2624 seq.

282 2622 321 2659 (9)
342 2623 446 2650 Simon.
462 2622 535 2650 Bibl:
549 2625 621 2656 crit.,
640 2622 705 2651 tom.
719 2623 751 2656 ll,
768 2631 800 2659 pa
823 2643 830 2650 .
846 2622 900 2650 286
915 2629 974 2656 seq.

282 2658 339 2686 ΗΟ)
358 2659 440 2686 Grab.
458 2657 550 2686 Snicil.
569 2658 618 2686 SS.
639 2659 709 2686 PP..
724 2664 790 2686 tom.
842 2666 869 2686 ι).
886 2657 947 2684 115.

282 2657 328 2689 (10
358 2659 440 2686 Grab.
458 2657 550 2692 Spicil.
569 2658 618 2687 SS.
639 2659 709 2690 PP.,
724 2657 790 2686 toni.
806 2657 827 2692 Ῑ,
862 2678 869 2685 .
886 2657 947 2684 115.

283 2658 339 2727 (11%
360 2693 451 2721 Dodw.
471 2694 541 2727 apud
558 2694 639 2722 (ἔτ-αὑ.
659 2694 753 2727 Spicil.
769 2693 820 2722 SS.
837 2666 906 2723 ΒΡ.
923 2697 947 2718 ιο

283 2690 451 2756 (:gg'Dodw.
471 2690 541 2728 apud
558 2694 639 2722 (ἔτ-αὑ.
659 2694 753 2730 Spicil.
769 2690 825 2722 SS.’
837 2690 906 2723 PP.
923 2697 989 2718 lom-
1007 2690 1028 2725 1,

247 2735 436 2833 ι”ξῖἓῗκνυιῇ
450 2764 519 2791 om.
539 2765 631 2797 Πρω-η
647 2770 713 2793 tom.
727 2765 748 2797 ι,
763 2774 790 2801 p.
805 2765 869 2793 250.

300 2799 340 2827 l3)
360 2799 475 2826 Ruchat.
492 2799 593 2826 Lettres
609 2801 640 2829 de
658 2803 722 2830 trois
744 2801 821 2829 Péres
841 2797 953 2833 apostoli

300 2799 340 2836 15)
360 2799 593 2836 BuchatLLettres
609 2801 640 2829 de
658 2803 722 2830 trois
744 2797 821 2829 P'éres
841 2797 1027 2836 apostoliqucs,

250 2837 316 2861 tom.
332 2833 350 2866 Ι,
367 2835 444 2870 pagg.
460 2835 521 2868 155,
535 2835 595 2864 194.

1084 1537 1201 1572 gentium
1213 1541 1236 1563 et
1250 1536 1278 1562 in
1292 1533 1454 1569 principibus
1467 1540 1567 1563 eorum,
1584 1532 1653 1558 sicut
1675 1530 1807 1556 musicum
1825 1536 1874 1554 me-

1084 1583 1123 1610 los
1138 1583 1166 1610 in
1181 1590 1225 1609 ore
1239 1582 1358 1608 omnium
1370 1588 1380 1606 :
1402 1584 1426 1606 et
1441 1580 1469 1605 in
1485 1579 1560 1605 libris
1588 1577 1688 1604 sanctis
1704 1576 1756 1603 erit
1786 1574 1875 1600 inscri-

1083 1637 1154 1664 ptus,
1165 1634 1190 1656 et
1204 1637 1268 1664 opus
1282 1633 1307 1655 et
1320 1635 1404 1654 seruio
1417 1626 1474 1661 ejus
1489 1633 1498 1652 :
1511 1632 1580 1660 opus
1595 1624 1718 1659 quidem,
1731 1626 1760 1648 ut
1774 1621 1875 1656 optime

1083 1675 1210 1707 Grabius,
1227 1674 1255 1701 in
1273 1673 1348 1701 Actis
1367 1671 1568 1707 apostolorum;
1585 1677 1675 1697 sermo
1697 1673 1804 1700 autem,
1821 1673 1875 1693 tum

1084 1722 1110 1749 in
1127 1721 1224 1749 iisdem
1246 1720 1339 1753 Actis,
1356 1724 1412 1746 tum
1429 1718 1456 1745 in
1472 1717 1558 1752 ipsius
1580 1716 1658 1743 Pauli
1680 1714 1814 1750 Epistolis
1830 1723 1836 1739 :
1851 1718 1877 1739 ut

1083 1767 1199 1804 proinde
1213 1771 1275 1803 post
1286 1773 1381 1794 omnes
1393 1764 1475 1792 etiam
1491 1763 1619 1795 Paulinas
1633 1761 1782 1796 Epistolas,
1798 1760 1828 1786 id
1839 1763 1877 1786 est

1083 1819 1146 1849 post
1158 1821 1261 1841 annum
1272 1811 1307 1839 67
1321 1811 1465 1846 scripsisse
1479 1814 1575 1837 auctor
1587 1808 1722 1835 videatur.

1118 1858 1248 1892 Quinimo
1268 1860 1330 1892 post
1351 1863 1453 1883 annum
1485 1854 1518 1881 '10
1537 1853 1710 1881 Testamenta
1726 1852 1773 1879 illa
1792 1850 1876 1878 luisse

1084 1905 1252 1942 composita,
1271 1911 1303 1932 ea
1318 1903 1385 1931 satis
1400 1902 1520 1937 produnt
1534 1909 1595 1936 quae
1618 1900 1650 1928 de
1666 1899 1875 1934 Hierosolymo-

1083 1961 1144 1981 rum
1167 1951 1289 1983 excidio,
1303 1950 1390 1985 deque
1404 1948 1607 1977 calamitatibus
1620 1946 1646 1973 in
1664 1945 1749 1973 caedis
1772 1943 1876 1972 Christi

1083 2007 1192 2036 mnam
1214 1997 1316 2025 Judzeis
1339 1995 1461 2027 inﬂictis,
1476 1994 1599 2029 loquitur
1625 1997 1724 2019 auctor
1746 1990 1793 2018 his
1818 1997 1874 2015 ver-

1083 2046 1125 2074 bis
1142 2044 1198 2082 (22)
1215 2053 1222 2071 :
1239 2043 1330 2071 Virum
1347 2046 1512 2069 renouantem
1533 2036 1614 2075 legem
1634 2038 1662 2065 in
1676 2038 1776 2065 virtute
1793 2036 1875 2063 Attis-

1083 2092 1155 2125 simi,
1167 2091 1337 2126 impostorem
1354 2087 1539 2124 appellabitis;
1554 2090 1578 2113 et
1592 2085 1620 2112 in
1635 2085 1698 2120 ﬁne,
1712 2088 1742 2111 ut
1757 2083 1874 2110 (estima-

1084 2138 1159 2172 bitis,
1171 2137 1297 2165 occidctis
1311 2144 1381 2168 eum,
1392 2134 1534 2162 nescientes
1548 2132 1632 2167 ipsius
1645 2130 1873 2158 resurrectionem.

1084 2185 1248 2212 innocentem
1271 2182 1425 2218 sanguinem
1447 2181 1476 2208 in
1497 2178 1603 2206 malitia
1617 2186 1695 2213 super
1719 2177 1813 2211 capita
1834 2183 1873 2201 rc-

1084 2235 1141 2258 stra
1157 2229 1295 2265 recepturi.
1310 2227 1346 2255 Et
1359 2231 1464 2263 propter
1477 2226 1563 2261 ipsum
1577 2229 1654 2252 erunt
1675 2228 1770 2250 sancta
1792 2225 1873 2248 vestra

1083 2277 1198 2308 deserta,
1214 2283 1296 2310 usque
1317 2273 1352 2300 ad
1367 2273 1544 2308 pavimentum
1568 2270 1726 2306 profanata.
1741 2268 1777 2295 Et
1793 2266 1872 2303 paulo

1082 2327 1146 2352 ante
1162 2332 1170 2351 :
1185 2322 1298 2357 Propter
1311 2321 1377 2353 haec,
1394 2318 1518 2354 templum
1531 2317 1602 2353 quod
1620 2321 1713 2351 utique
1725 2315 1805 2350 eliget
1822 2312 1873 2339 Ῑιοα

1083 2371 1181 2402 minus,
1204 2367 1370 2395 desolabitur
1393 2366 1421 2393 in
1445 2364 1638 2395 immunditia;
1661 2367 1753 2389 ets-os
1776 2358 1872 2394 captiti

1082 2415 1156 2442 eritis
1178 2415 1207 2441 in
1227 2421 1314 2440 omnes
1336 2415 1435 2448 gentes,
1455 2414 1480 2438 et
1497 2408 1661 2437 abominatio
1676 2406 1748 2433 inter
1761 2413 1828 2436 cas;
1849 2407 1872 2430 et

1117 2481 1173 2518 (11)
1193 2480 1316 2518 ΜΩῨΖᾩΕῘΙ.
1336 2479 1482 2518 Comment.
1509 2477 1601 2518 iit-36L
1621 2481 1719 2500 mann.
1741 2471 1871 2503 Kalend,

1081 2511 1135 2546 vol.
1151 2511 1171 2549 ιζ
1185 2525 1212 2552 ι).
1228 2516 1299 2552 247;
1314 2519 1341 2542 et
1351 2515 1407 2542 vol.
1421 2513 1454 2546 tt.
1467 2511 1574 2552 925559.

1132 2544 1625 2588 15)'§rab.l._c.,pagg;138_,140..
1654 2587 1657 2588 ν
1685 2587 1688 2588 ν
1745 2579 1750 2582 _

1132 2558 1173 2588 15)
1193 2558 1277 2579 uran.
1292 2558 1310 2578 ι.
1326 2558 1364 2584 c.,
1378 2558 1457 2612 pagg.
1471 2558 1534 2588 10o,
1551 2558 1625 2586 Hm.
1745 2579 1750 2582 ἱ

1129 2587 1285 2650 iliigi’ears.
1304 2585 1391 2613 Annal
1435 2582 1504 2615 aul.,
1518 2586 1590 2609 mter
1602 2587 1663 2615 ejus
1677 2587 1741 2616 opp.
1764 2577 1871 2615 posth.,

1099 2632 1141 2651 θα.
1155 2632 1198 2650 ΤΖ-

1079 2631 1258 2693 mali-Mill.
1274 2656 1423 2693 Prolegom.
1439 2653 1473 2681 ad
1488 2652 1525 2680 N.
1540 2649 1675 2693 Τιϐεριὶῇ
1691 2650 1719 2678 1.

1130 2685 1173 2723 18ί)
1195 2692 1311 2720 Testam.
1329 2685 1369 2719 x101
1385 2691 1475 2723 Patr.,
1489 2695 1550 2722 cap.
1567 2687 1593 2720 5,
1609 2685 1622 2721 §
1638 2686 1667 2713 6.

1115 2727 1173 2762 (19)
1193 2728 1208 2755 I
1224 2728 1312 2755 Thess.
1329 2735 1358 2758 It.
1375 2727 1419 2754 16.

1128 2765 1173 2797 20)
1194 2763 1260 2791 Mill.
1273 2764 1291 2790 l.
1305 2771 1329 2790 c.
1344 2762 1436 2798 §'118.

1128 2791 1173 2833 2|)
1191 2799 1306 2826 Testam.
1321 2791 1359 2826 »ὅ
1373 2794 1606 2833 patriarclt.,_c_ap.
1623 2792 1668 2826 11,
1682 2791 1726 2819 12.

1060 2873 1066 2880 ,
1117 2828 1172 2870 (ea)
1193 2834 1259 2863 Ibid.
1275 2842 1335 2870 cap.
1351 2828 1378 2869 5;
1394 2833 1425 2869 ξς
1442 2832 1475 2859 15
1488 2834 1514 2858 ct
1530 2828 1574 2855 16.
