1913 3102
51 162 111 191 1055

764 163 944 191 ΡιιοίΕιιιΑ.

1599 169 1666 198 1054

49 222 172 254 accipietis
192 222 364 256 opprobrium
378 228 402 250 et
417 225 596 260 confusionem
610 226 795 261 sempiternam
811 234 827 252 a
842 228 864 255 Α
878 223 1020 251 stamentis
1035 224 1204 258 patriarchas
1216 225 1359 253 duodecim
1373 226 1443 253 filios
1455 225 1539 253 Iacob
1551 226 1666 262 loquen-

46 273 109 302 justo
127 269 227 303 iudicio
243 269 302 296 Dei.
323 270 384 298 Haec
405 272 515 306 quidem
535 273 588 300 alio
601 273 744 308 detorquet
756 272 825 300 Gra-

47 315 116 346 bius,
135 315 337 352 intersertaque
361 318 582 353 patriarcharum
605 317 789 347 Tcstamentis
807 327 823 346 a

46 359 178 394 cujusdam
201 360 353 389 Christiani
375 369 458 389 manu
481 362 532 390 sub
557 362 767 391 sa-culiiﬁnem
782 362 824 390 vel

45 405 90 433 sub
111 406 219 433 initium
246 406 416 442 insequentis
435 409 576 436 existimat
597 408 655 444 (23)
669 418 675 436 :
689 414 717 436 at
732 409 822 436 virum

44 452 159 480 criticum
185 452 255 481 locis
279 453 369 482 allatis
394 454 450 482 vim
475 454 592 487 inferre,
611 463 667 491 quo
691 462 769 483 suam
790 455 824 482 de

44 497 127 525 Judaeo
149 498 285 533 scriptore
306 499 427 527 stabiliat
452 500 635 536 hypothesin,
659 507 741 528 nemo
768 507 822 528 non

43 544 132 572 dixerit
154 544 202 579 qui
232 552 289 573 rem
312 546 431 580 penitius
455 547 649 582 introspiciat:
666 547 726 575 loca
748 547 821 575 enim

43 596 96 624 qua:
112 589 145 616 ad
164 589 274 618 Novum
298 591 503 620 Testamentum
524 597 658 628 spectant,
674 593 708 621 de
719 593 825 622 Christi

42 636 174 664 divinitate
193 637 284 673 deque
306 638 368 666 aliis
382 637 546 666 Christianae
566 639 708 675 religionis
722 640 822 675 capiti-

43 682 96 715 bus,
106 683 129 710 si
142 691 157 710 e
171 683 265 711 medio
279 684 420 718 tollantur,
434 684 563 712 concidat
576 685 739 720 opusculum
755 686 822 714 illud

43 735 143 756 necesse
158 732 213 757 est.
231 729 301 762 Quid
314 730 387 765 quod
403 731 438 758 ab
452 738 507 758 una
519 739 602 759 manu
617 732 709 759 omnia
726 732 754 760 in
770 733 822 760 hoc

43 781 115 808 opere
133 777 286 811 perscripta
315 784 377 805 esse
400 778 443 805 vel
463 777 527 805 inde
553 778 649 813 liquet,
668 778 762 814 judice
779 779 822 806 Si-

42 821 125 848 monio
142 820 212 857 (24),
226 822 299 857 quod
318 822 414 850 eadem
434 823 496 859 styli
512 824 581 852 ratio
597 824 701 860 ubique
723 825 820 860 spirat.

41 873 185 902 cunctaque
210 875 266 896 uno
291 874 387 896 tenore
413 870 585 905 aequabiliter
608 870 714 899 ﬂuant?
736 871 822 900 instat

41 911 143 948 insuper
155 913 229 942 idem
243 915 284 942 vir
297 915 422 944 eruditus
436 915 506 951 (25),
518 917 611 952 aliqua
623 917 650 944 in
667 918 710 946 his
725 918 821 946 Testa-
837 906 857 934 Β

40 959 129 985 mentis
141 967 299 993 occanere,
308 967 370 995 qua:
380 961 416 989 ab
429 960 539 990 homine
550 962 706 991 Christiano
721 965 819 992 tradita

40 1003 128 1032 litteris
152 1004 258 1038 fuisse,
282 1006 417 1034 absonum
443 1007 561 1035 videtur.
589 1007 668 1036 Haud
693 1010 819 1045 equidem

40 1052 239 1086 repugnaverint
256 1056 305 1079 :at
325 1053 394 1080 nihil
419 1053 536 1085 mirum,
555 1054 579 1081 si
603 1062 680 1082 more
704 1055 819 1084 Iudaico

40 1097 146 1125 subinde
165 1097 295 1134 loquatur
314 1099 432 1134 scriptor
454 1100 505 1128 iste
526 1100 714 1135 Christianus;
737 1109 819 1137 quem

39 1149 101 1177 opus
112 1150 193 1170 suum
208 1151 242 1172 eo
257 1144 374 1172 consilio
394 1144 545 1173 confecisse
565 1151 684 1179 constat,
697 1155 754 1183 quo
771 1146 820 1174 Ju-

40 1189 84 1216 daei
96 1188 204 1218 facilius
219 1190 376 1226 exciperent
388 1199 449 1226 quae
461 1190 495 1219 de
509 1191 620 1220 Christo
638 1193 753 1228 ejusque
770 1193 820 1221 do-

40 1235 117 1263 ctrina
132 1237 237 1271 passim
252 1237 380 1264 inculcat.

71 1281 165 1309 Verum
182 1290 217 1310 ne
229 1282 257 1310 in
273 1283 317 1310 his
330 1283 435 1311 diutius
456 1283 646 1318 immoremur,
662 1285 696 1312 ad
709 1289 817 1312 nitatem

40 1329 171 1364 scriptoris
187 1329 271 1365 hujus
291 1330 364 1365 quod
386 1330 493 1362 attinet,
507 1338 579 1359 unus
599 1331 691 1359 adhuc
709 1331 819 1359 audien-

39 1377 85 1405 dus
96 1377 211 1406 Caveus.
236 1378 383 1406 Existimat
401 1379 446 1406 ille
469 1379 600 1407 nimirum
616 1379 685 1415 (26),
700 1374 758 1407 ﬁeri
773 1380 818 1407 vix

41 1424 152 1458 potuisse
173 1424 243 1460 quin
265 1425 365 1460 aliquis
389 1425 568 1460 antiquorum
589 1431 653 1453 ante
673 1425 818 1461 Origenem

39 1469 92 1505 ejus
106 1472 196 1506 operis
211 1471 398 1505 meminisset;
415 1471 538 1507 adeoque
553 1472 655 1500 saeculo
666 1472 818 1507 apostolico

40 1515 104 1544 baud
115 1525 175 1545 esse
187 1518 381 1546 ascribendum
397 1518 537 1553 opinatur.
550 1516 628 1546 Hunc
641 1522 731 1546 tamen
743 1525 819 1546 scru-

40 1562 124 1596 pulum
143 1564 167 1591 si
189 1563 270 1592 evelli
295 1564 348 1592 sibi
371 1571 405 1592 ex
427 1564 521 1592 animo
539 1564 668 1599 postulet,
684 1565 711 1592 id
733 1572 818 1592 unum
832 1575 855 1607 ρ

40 1608 184 1642 subdimus,
206 1614 237 1637 ut
256 1609 310 1637 alia
328 1614 536 1644 praetereamus,
551 1610 716 1645 scriptorum
732 1611 819 1639 eccle-

40 1655 204 1684 siasticarum
222 1660 400 1685 monumenta
413 1657 461 1692 qui
473 1657 581 1685 duobus
596 1656 694 1692 primis
709 1657 819 1685 saeculis

40 1699 155 1736 ﬂoruere,
169 1703 320 1730 maximam
341 1706 446 1738 partem
469 1710 532 1731 esse
554 1702 712 1738 deperdita;
728 1701 820 1729 nobis-

40 1755 86 1781 que
107 1755 141 1776 ex
162 1756 260 1777 eorum
287 1749 434 1784 operibus,
453 1748 549 1784 paucis
577 1749 711 1784 exceptis,
726 1748 818 1783 aliqua

40 1794 135 1819 tantum
148 1800 294 1828 superesse
308 1792 460 1829 fragmenta
475 1803 481 1821 :
495 1798 526 1821 ut
538 1797 694 1829 propterea,
708 1793 818 1822 illorum

41 1839 280 1867 vetustissimorum
296 1839 409 1868 Patrum
430 1840 569 1869 silentium
584 1840 722 1868 immerito
738 1840 819 1868 nobis

41 1884 186 1920 objiciatur.

41 1938 185 1980 HLMOperis
204 1945 317 1978 pretium
339 1945 558 1980 expenditurux
574 1953 625 1980 quo
647 1946 674 1972 in
695 1945 788 1980 primis
803 1954 818 1972 a

71 1977 162 2005 (ἕτάὸἱο
182 1977 338 2014 deprompta
361 1977 409 2014 pro
429 1988 490 2007 uera
510 1977 611 2007 Christi
627 1977 725 2007 deittite
743 1980 818 2008 testi-

71 2014 154 2050 monia
175 2015 370 2042 describuntur.
395 2015 465 2042 Hinc
486 2016 616 2043 sententia
639 2015 671 2042 de
692 2016 820 2050 scriptore

71 2047 220 2077 Christiano
234 2051 328 2077 iterant
342 2051 526 2086 conﬁrmatur.

69 2102 125 2132 iam
139 2113 206 2133 vero
225 2106 344 2141 pretium
362 2107 455 2142 operis
470 2111 553 2142 atque
574 2107 720 2136 utilitatem
735 2114 820 2143 expo-

41 2155 98 2176 nere
109 2155 229 2185 praestat,
246 2157 385 2186 pmeunte
398 2152 518 2180 maxime
532 2152 633 2180 Grabio
648 2153 696 2188 qui
710 2160 744 2181 eo
759 2161 820 2181 mu-

41 2200 97 2222 nere
115 2197 166 2225 rite
189 2196 350 2232 perfunctus
371 2199 551 2234 comperitur.
575 2199 699 2227 Primum
724 2201 820 2236 itaque

877 274 917 297 tes
935 268 1058 300 inducit;
1075 269 1122 304 qui
1141 270 1256 305 jamjam
1281 271 1418 304 morituri,
1433 275 1460 299 et
1479 271 1571 300 futura
1593 280 1665 307 prte-

876 315 1021 348 nuntient,
1046 319 1075 343 et
1103 315 1217 347 optimis
1245 316 1377 344 institutis
1404 317 1474 344 filios
1496 326 1529 345 ac
1552 324 1665 353 nepotes

874 361 1011 389 erudiant.
1023 359 1218 389 Praedictiones
1230 362 1339 397 quidem
1352 362 1478 390 Messium
1490 363 1664 398 potissimum

874 415 907 435 ac
922 413 1024 436 statum
1041 407 1192 444 Synagogas
1207 412 1234 435 et
1247 407 1376 436 Ecclesia
1390 409 1510 444 gentium
1523 410 1574 438 sub
1588 410 1666 439 Novo

875 453 1054 482 Testamento
1068 455 1219 490 respiciunt
1231 464 1238 482 :
1249 455 1276 482 in
1289 455 1403 483 historia
1419 464 1483 483 vero
1496 457 1667 492 patriarcha-

874 507 947 532 rum,
964 499 1041 534 plura
1055 499 1089 528 de
1102 499 1146 528 his
1158 504 1323 528 enarrantur
1338 508 1399 536 qua:
1415 501 1442 528 in
1455 501 1554 530 Genesi
1569 503 1667 531 aliisve

873 545 1015 573 canonicis
1034 545 1112 573 libris
1125 545 1198 573 haud
1217 551 1376 578 occurrunt.
1391 547 1438 575 sed
1452 555 1485 576 ex
1499 549 1666 585 apocryphis

873 593 1016 626 desumpta
1030 595 1179 618 censentur
1191 601 1197 619 ε
1208 599 1303 619 eorum
1322 595 1412 619 tamen
1427 592 1557 628 pleraque
1576 601 1666 628 neque

873 635 1023 671 incongrua
1047 636 1164 670 veritati,
1180 644 1269 672 neque
1288 636 1405 665 fortasse
1423 638 1456 665 ad
1475 645 1561 666 sacra:
1575 639 1664 667 histo-

873 680 920 708 riae
934 680 1144 708 illustrationem
1164 681 1274 708 inutilia
1290 689 1350 709 esse
1364 681 1503 709 videntur.

908 725 1009 754 Verum
1034 726 1120 761 magis
1143 726 1256 754 interest
1276 727 1331 755 huc
1355 726 1451 755 all‘erre
1474 728 1592 763 insignia
1614 736 1664 763 pro

872 772 975 800 Christi
990 772 1132 800 divinitate
1147 773 1304 801 testimonia
1314 794 1321 805 ,
1337 781 1399 808 qua
1413 779 1508 802 contra
1523 773 1664 803 Unitarios

872 826 906 846 ex
931 818 973 847 his
996 818 1180 847 Testamentis
1201 819 1314 848 collecta
1334 819 1421 847 eidem
1438 819 1470 847 V.
1488 820 1519 848 C.
1536 821 1601 849 alibi
1613 821 1664 848 -εἰ-

872 869 945 893 stere
957 865 1067 900 placuit.
1081 864 1215 902 Sieigitur
1226 866 1334 901 ille(28)
1349 875 1355 893 :
1371 876 1381 892 ι
1397 866 1426 894 in
1435 866 1613 895 Testamento
1621 867 1665 895 Si-

872 911 978 938 meonis
989 911 1046 938 haec
1058 912 1173 946 legimus
1184 912 1267 940 verba
1275 912 1348 947 (29):
1362 911 1475 948 Κύριος,
1482 912 1568 945 ὀΘεὺς
1576 913 1663 948 μέγας

870 956 917 984 τοῦ
946 957 1063 993 Ἰσραὴλ,
1077 957 1238 994 φαινόμενος
1256 958 1303 985 ἐπὶ
1323 958 1376 994 γῆς
1392 959 1430 991 ὡς
1448 958 1600 994 ἅνθρωπος.
1614 959 1662 986 καὶ

872 1000 964 1033 σώζων
981 1002 1010 1028 ὲν
1030 1001 1104 1038 αὐτῷ
1122 1002 1167 1029 τὸν
1189 1002 1282 1039 Ἀδάμ.
1303 1002 1442 1036 Dominus,
1456 1003 1527 1032 Deus
1550 1003 1663 1032 Maenas

872 1045 968 1078 Israel,
983 1047 1118 1082 apparebit
1130 1048 1157 1074 in
1174 1053 1244 1076 terra
1259 1054 1287 1076 ut
1299 1049 1387 1083 homo,
1397 1055 1421 1077 et
1436 1050 1549 1077 salvabit
1564 1051 1590 1078 iu
1604 1051 1661 1086 ipso

870 1092 966 1118 Adam.
992 1092 1025 1120 Et
1050 1101 1113 1120 mox
1133 1093 1190 1129 (50)
1214 1103 1221 1121 :
1246 1095 1275 1121 Ὁ
1298 1095 1365 1126 Θεὸς
1390 1095 1471 1131 σῶμα
1493 1095 1592 1129 λαϐὼν,
1613 1097 1661 1124 καὶ

871 1137 1018 1165 cuchle
1037 1139 1208 1177 ἀνθρώποις).
1221 1139 1323 1168 ἔσωσεν
1339 1141 1447 1174 αὐτούς.
1470 1141 1541 1170 Deus
1565 1151 1659 1178 corpus

870 1191 1016 1216 assumens,
1032 1190 1057 1213 et
1071 1186 1208 1213 comedens
1223 1195 1283 1213 cum
1303 1187 1463 1221 hominibus,
1479 1188 1590 1216 saluauit
1603 1198 1657 1217 eos.

869 1227 1024 1264 Paucisque
1043 1230 1195 1266 interjectis
1212 1232 1280 1268 (5i),
1295 1232 1421 1260 Messium
1440 1239 1518 1262 vocat
1533 1234 1599 1261 Θεὸν
1613 1235 1660 1262 καὶ

869 1274 1023 1311 ἄνθρωπον,
1037 1275 1114 1304 Βευιί
1126 1282 1150 1304 et
1166 1277 1307 1306 hominem.

910 1328 919 1346 ι
936 1319 965 1347 In
980 1320 1158 1350 Testamento
1171 1322 1253 1357 Levi,
1275 1325 1459 1359 patriarcham
1474 1325 1556 1354 istum
1574 1335 1658 1362 ange-

870 1365 913 1394 lus
928 1367 971 1394 his
998 1367 1147 1402 alloquitur
1173 1369 1264 1398 verbis
1277 1369 1333 1405 (32)
1354 1371 1426 1399 ςΔιὰ
1439 1372 1486 1398 σοῦ
1507 1373 1554 1400 καὶ
1576 1373 1660 1401 Ἰούδα.

869 1411 1016 1449 ὀφθήσεται
1044 1413 1146 1450 Κύριος
1166 1415 1195 1442 ὲν
1217 1415 1382 1452 ἀνθρώποις,
1401 1417 1495 1450 σώζων
1514 1419 1543 1446 ἐν
1567 1421 1659 1453 αὐτοῖς

870 1458 925 1486 πᾶν
938 1459 1015 1493 γένος
1029 1459 1190 1496 ἀνθρώπων.
1209 1461 1262 1490 Per
1290 1468 1315 1490 te
1340 1469 1365 1490 et
1393 1463 1493 1492 ludam
1522 1467 1659 1501 apparebit

869 1503 1000 1532 Dominus
1015 1507 1043 1532 in
1056 1506 1219 1539 hominibus,
1236 1508 1345 1536 salvam
1360 1510 1387 1537 in
1404 1511 1468 1545 ipsis
1484 1520 1560 1540 omne
1578 1522 1659 1548 genus

869 1549 1016 1578 hominum.
1031 1551 1133 1580 Deinde
1144 1552 1209 1580 Levi
1226 1554 1265 1582 ait
1277 1554 1348 1590 (55),
1361 1556 1498 1585 infernum
1511 1559 1658 1593 spoliatum

870 1594 905 1622 iri
928 1595 975 1622 ἐπὶ
996 1596 1035 1632 τῷ
1055 1596 1136 1624 πάθει
1163 1598 1211 1626 τοῦ
1224 1599 1365 1635 Ὑψίστου,
1383 1601 1411 1628 in.
1433 1603 1555 1637 passione
1574 1605 1659 1632 Altis-

908 1697 918 1713 ι
937 1687 967 1716 In
987 1688 1163 1718 Testamento
1174 1691 1253 1720 ludat
1266 1694 1371 1722 mentio
1392 1695 1422 1722 fit
1438 1695 1495 1731 (54)
1509 1697 1659 1732 παρουσίας

869 1731 917 1760 τοῦ
933 1733 1001 1761 Θεοῦ
1012 1735 1063 1770 τῆς
1075 1735 1260 1772 δικαιοσύνης,
1277 1738 1404 1766 aduentus
1417 1739 1466 1767 Dat
1480 1740 1598 1775 justitite
1609 1749 1619 1769 .‘
1631 1742 1658 1769 ni

870 1779 961 1813 fallor,
978 1788 1012 1809 ex
1026 1780 1129 1810 Jerem.
1152 1790 1232 1817 mn,
1244 1783 1271 1816 6,
1295 1789 1322 1811 et
1335 1793 1423 1813 xum
1437 1806 1445 1818 ,
1460 1787 1505 1814 t6.
1526 1787 1559 1815 Et
1577 1789 1659 1823 paulo

869 1831 932 1860 post
944 1826 977 1854 de
991 1826 1090 1856 Messia
1111 1827 1212 1856 dicitur
1230 1829 1286 1864 (35)
1300 1839 1307 1857 :
1327 1828 1410 1864 Οὗτος
1425 1833 1440 1858 ὁ
1455 1832 1569 1868 βλαστὸς
1590 1833 1658 1861 Θεοῦ

870 1871 992 1907 ὑψίστου.
1025 1872 1076 1900 llic
1092 1880 1132 1902 est
1161 1882 1265 1910 germen
1290 1875 1339 1904 Dat
1365 1878 1556 1907 altissimi:ex
1582 1879 1658 1909 Isaia.-

870 1924 907 1950 ιν,
919 1917 947 1945 2.

907 1972 917 1990 ι
935 1963 964 1991 ln
980 1963 1156 1993 Testamento
1181 1965 1303 1994 Zabulon
1318 1967 1376 2003 (56)
1392 1977 1398 1994 :
1415 1969 1470 1995 Καὶ
1488 1969 1557 2004 μετὰ
1571 1970 1660 1999 ταῦτα.

867 2010 993 2038 ἀνατελεῖ
1004 2011 1069 2047 ὑμῖν
1084 2011 1164 2044 αὐτὸς
1177 2012 1289 2048 Κύριος,
1310 2013 1367 2048 φῶς
1383 2014 1554 2052 δικαιοσύνης
1565 2018 1659 2045 ·-κα.ὶ

870 2055 967 2091 ὄψεσθε
978 2056 1044 2083 Θεὸν
1056 2057 1086 2083 ὲν
1102 2057 1221 2092 σχήματι
1232 2057 1386 2093 ἀνθρώπου.
1400 2058 1436 2086 Et
1448 2065 1506 2095 post
1522 2061 1578 2088 hac
1590 2062 1659 2089 orie-

871 2106 914 2128 tur
934 2102 1005 2129 vobis
1025 2103 1081 2138 ipse
1094 2102 1234 2136 Dominus,
1261 2103 1308 2130 lux
1318 2104 1517 2139 justitite,...et
1536 2108 1660 2136 videbitis

872 2146 950 2176 Dzuu
962 2149 989 2175 in
1001 2148 1089 2184 forma
1106 2149 1232 2177 hominis.

910 2214 919 2230 ι
939 2204 969 2232 in
980 2204 1156 2234 Testamento
1169 2207 1226 2234 Dan
1239 2207 1316 2243 (57):
1332 2208 1390 2235 Οὐκ
1406 2208 1445 2236 ἔτι
1459 2210 1590 2245 ὑπομενεῖ
1610 2211 1659 2238 Ἱε-

40 2240 153 2269 omnium
171 2242 301 2271 observat
321 2243 365 2271 vir
387 2244 513 2272 eruditus
534 2245 604 2280 (27),
617 2245 751 2274 Jacobum
770 2254 819 2282 pa-

875 2250 1012 2287 ρουσαλὴμ
1029 2253 1185 2289 ἐρήμωσιν,
1202 2240 1262 2280 οὐδὲ
1281 2240 1520 2290 ιᾷῐχμέιιὶιωτισεειςμ¹
1533 2257 1638 2292 Ἰσραὴλ
1649 2277 1658 2285 .

41 2286 178 2316 triarcham
194 2289 318 2325 aliosque
337 2295 448 2319 sanctos
469 2291 609 2326 homines,
623 2293 705 2320 morti
728 2293 821 2328 proxi-

41 2338 102 2366 mos,
121 2334 178 2363 sive
204 2335 360 2364 futurorum
387 2337 521 2372 praesagia
544 2337 602 2365 sive
623 2338 732 2373 egregia
758 2337 821 2365 vita:

41 2375 100 2406 bene
114 2380 224 2415 agendae
237 2382 340 2409 monita
354 2382 474 2410 edidisse
486 2391 494 2410 τ
507 2390 568 2418 qua:
582 2383 698 2418 proinde
718 2391 819 2418 magno

41 2422 65 2450 in
75 2426 158 2459 pretio
175 2427 269 2455 haberi
282 2428 316 2455 ab
330 2428 510 2456 audientibus
524 2429 680 2464 litterisque
694 2430 820 2457 mandari

41 2475 241 2501 consueverunt.
265 2473 343 2503 Hunc
361 2475 445 2510 igitur
460 2483 565 2504 morem
585 2476 710 2504 imitatus
724 2482 821 2504 auctor

41 2521 134 2552 noster,
149 2526 203 2547 non
226 2524 281 2548 tam
305 2522 399 2549 animo
418 2522 582 2557 decipiendi,
602 2530 685 2557 quam
710 2522 821 2551 Judaeos

42 2561 162 2598 religione
177 2573 210 2594 ac
222 2566 366 2602 disciplina
387 2568 529 2596 imbuendi
545 2569 648 2603 studio,
665 2569 692 2596 in
711 2569 753 2597 his
768 2569 820 2597 Te-

70 2631 123 2700 (gi)
142 2633 225 2676 (ir-ab.
242 2635 259 2662 1.
275 2643 313 2676 c.,
328 2644 405 2677 pagg.
417 2636 479 2668 159,
492 2636 552 2663 ΗΟ.

114 2669 122 2700 )
143 2671 249 2696 binum.
265 2670 335 2697 Bibl.
351 2676 424 2700 crtt..
438 2676 506 2699 tom.
520 2670 552 2700 ll.

143 2670 249 2706 ξίιιιυηἶ
265 2666 335 2697 Bibl:
351 2666 424 2702 erit”
438 2666 506 2699 toin.
520 2670 552 2704 ll,
570 2680 595 2706 p.
612 2671 675 2699 228.

141 2703 260 2741 Crabti.
273 2713 310 2738 c.,
323 2713 384 2741 pag.
402 2707 464 2734 1'55.

71 2736 124 2776 (ἓξ)
143 2739 208 2776 (_lav.
226 2736 412 2773 Hist.lit[ér.,
428 2747 493 2768 tom.
509 2740 529 2773 l.
544 2751 570 2776 p.
584 2743 628 2770 51.

72 2770 125 2812 (Ξῖ)
144 2774 226 2812 gms.
244 2776 261 2812 l.
277 2784 302 2803 ε.
318 2770 474 2812 pagg.'129.
489 2770 552 2804 ιιιίἰ

73 2804 125 2848 (28)
145 2804 338 2848 Grab._Annot.
352 2804 392 2848 ἶίῖί
406 2811 438 2839 G.
460 2804 534 2839 Balli
549 2812 653 2848 Defcns.
670 2814 717 2848 ﬁll.
743 2814 803 2842 Nic.

43 2843 218 2881 sucknnhcap.
233 2843 260 2876 3,
275 2854 336 2881 pag.
351 2846 395 2874 64.
486 2851 491 2853 ⁷

74 2873 126 2910 (‘29)
139 2873 259 2905 Teutam.
272 2873 484 2916 inul’mriarch”
500 2892 559 2919 cap.
575 2884 603 2918 2,
621 2883 673 2920 ἐϐ-

171 2926 308 2961 Ρηιιοι..
337 2931 398 2962 Gn.
426 2932 467 2962 ll.

870 2297 911 2324 δτι
928 2297 1030 2333 Κύριος
1050 2298 1127 2325 ἐσται
1157 2299 1272 2335 ὲμμέσῳ
1297 2300 1398 2336 αὐτῆς,
1421 2302 1479 2334 τοῖς
1505 2302 1659 2338 ἀνθρώποις

872 2343 1169 2379 συναναστρεφόμενος,
1184 2345 1439 2382 καὶἎγιοςΊσραὴλ
1455 2346 1604 2382 βασιλεύων
1616 2348 1659 2374 ἐπ’

870 2388 969 2421 αὐτοὺς
984 2389 1013 2416 ἐν
1025 2389 1187 2417 ταπεινώσει
1199 2391 1247 2418 καὶ
1259 2391 1390 2427 πτωχείᾳ.
1402 2391 1463 2419 Non
1473 2393 1587 2427 amplius
1599 2402 1659 2421 suo»

872 2435 965 2462 tinebit
996 2434 1168 2462 Hierusalem
1192 2436 1403 2470 desolationem,
1428 2446 1510 2473 neque
1539 2439 1658 2474 captivus

871 2480 983 2508 ducetur
995 2479 1083 2508 Israel
1094 2489 1104 2514 ,'
1116 2482 1241 2516 quoniam
1257 2482 1383 2509 Dominus
1393 2483 1442 2510 erit
1452 2484 1480 2510 in
1490 2484 1575 2510 medio
1589 2484 1658 2518 ejus.

872 2533 931 2552 cum
942 2525 1092 2553 horm'nibus
1101 2532 1280 2560 conversatus,
1289 2532 1314 2554 et
1327 2526 1441 2555 Sanctus
1450 2527 1537 2556 Israel
1547 2536 1658 2564 regnans

871 2579 949 2607 super
965 2573 1037 2607 ipsos
1053 2573 1082 2600 in
1097 2573 1249 2601 humilitate
1263 2579 1287 2601 et
1303 2580 1468 2609 paupertate.

907 2639 964 2680 an
982 2639 1050 2680 nn.
1065 2636 1079 2672 ﬁ
1095 2638 1122 2666 6-

908 2672 965 2709 (51)
982 2672 1050 2701 Ibid.
1065 2680 1127 2708 cap.
1144 2673 1173 2705 2,
1192 2672 1205 2708 ς
1220 2672 1247 2701 7.

907 2710 966 2746 (εξ)
980 2710 1050 2746 ibid.
1065 2711 1095 2746 β,
1109 2711 1122 2746 §
1135 2711 1162 2738 2.

909 2745 966 2779 (55)
979 2745 1046 2773 Ibid.
1062 2745 1115 2780 μ.

907 2780 965 2817 (ἔνι)
979 2780 1045 2817 ibid.
1061 2788 1123 2817 cap.
1137 2781 1165 2813 4,
1182 2782 1195 2817 §
1208 2781 1252 2810 22.

906 2815 1137 2852 @3)ihid.§2t..
1183 2815 1193 2817 ‘
1246 2827 1247 2830 η

907 2851 964 2884 (56)
976 2850 1043 2878 Ibid.
1064 2850 1125 2886 cap.
1141 2852 1168 2883 6.
1183 2852 1236 2886 §9.

908 2886 965 2922 (37)
979 2886 1046 2914 Ibid.
1062 2894 1121 2922 cap.
1138 2887 1164 2920 7,
1177 2888 1190 2922 ς
1204 2888 1231 2915 5.
