  <div class='ocr_page' id='page_1' title='image "/cluster/home/n/w/nwhite01/storage/ocr_20150623/2/njp.32101077772349/687.png"; bbox 0 0 1913 3102; ppageno 0'>
   <div class='ocr_carea' id='block_1_1' title="bbox 235 155 302 185">
    <p class='ocr_par' dir='ltr' id='par_1_1' title="bbox 235 155 302 185">
     <span class='ocr_line' id='line_1_1' title="bbox 235 155 302 185; baseline 0 -1"><span class='ocrx_word' id='word_1_1' title='bbox 235 155 302 185; x_wconf 75' lang='grc' dir='ltr'><strong>Ι¹055</strong></span> 
     </span>
    </p>
   </div>
   <div class='ocr_carea' id='block_1_2' title="bbox 728 149 1362 180">
    <p class='ocr_par' dir='ltr' id='par_1_2' title="bbox 728 149 1362 180">
     <span class='ocr_line' id='line_1_2' title="bbox 728 149 1362 180; baseline -0.003 0"><span class='ocrx_word' id='word_1_2' title='bbox 728 151 962 180; x_wconf 76' lang='lat' dir='ltr'><strong>TESTAMENTA</strong></span> <span class='ocrx_word' id='word_1_3' title='bbox 983 149 1029 177; x_wconf 81' lang='lat' dir='ltr'><strong>XII</strong></span> <span class='ocrx_word' id='word_1_4' title='bbox 1049 149 1362 179; x_wconf 72' lang='lat' dir='ltr'><strong>PATRIARCIMRUM.</strong></span> 
     </span>
    </p>
   </div>
   <div class='ocr_carea' id='block_1_3' title="bbox 1793 148 1860 175">
    <p class='ocr_par' dir='ltr' id='par_1_3' title="bbox 1793 148 1860 175">
     <span class='ocr_line' id='line_1_3' title="bbox 1793 148 1860 175; baseline -0.03 0"><span class='ocrx_word' id='word_1_5' title='bbox 1793 148 1860 175; x_wconf 69' lang='lat'><strong>1036</strong></span> 
     </span>
    </p>
   </div>
   <div class='ocr_carea' id='block_1_4' title="bbox 264 208 1860 248">
    <p class='ocr_par' dir='ltr' id='par_1_4' title="bbox 264 208 1860 248">
     <span class='ocr_line' id='line_1_4' title="bbox 264 208 1860 248; baseline -0.004 -8"><span class='ocrx_word' id='word_1_6' title='bbox 264 225 273 240; x_wconf 77' lang='grc' dir='ltr'><strong>ι</strong></span> <span class='ocrx_word' id='word_1_7' title='bbox 295 214 321 240; x_wconf 85' lang='lat' dir='ltr'><strong>In</strong></span> <span class='ocrx_word' id='word_1_8' title='bbox 335 214 508 241; x_wconf 68' lang='lat' dir='ltr'><strong>Testamento</strong></span> <span class='ocrx_word' id='word_1_9' title='bbox 524 212 695 247; x_wconf 79' lang='lat' dir='ltr'><strong>Ncphthalim</strong></span> <span class='ocrx_word' id='word_1_10' title='bbox 708 213 764 248; x_wconf 78' lang='lat'><strong>(38)</strong></span> <span class='ocrx_word' id='word_1_11' title='bbox 782 222 787 239; x_wconf 91' lang='lat'>:</span> <span class='ocrx_word' id='word_1_12' title='bbox 807 213 855 238; x_wconf 72' lang='grc' dir='ltr'><strong>Διὰ</strong></span> <span class='ocrx_word' id='word_1_13' title='bbox 866 212 913 238; x_wconf 78' lang='grc' dir='ltr'><strong>τοῦ</strong></span> <span class='ocrx_word' id='word_1_14' title='bbox 933 209 1018 237; x_wconf 81' lang='grc' dir='ltr'><strong>Ἰούδα</strong></span> <span class='ocrx_word' id='word_1_15' title='bbox 1033 211 1054 238; x_wconf 82' lang='grc' dir='ltr'><strong>Α</strong></span> <span class='ocrx_word' id='word_1_16' title='bbox 1071 209 1105 236; x_wconf 87' lang='lat' dir='ltr'><strong>tis</strong></span> <span class='ocrx_word' id='word_1_17' title='bbox 1119 210 1214 238; x_wconf 89' lang='lat' dir='ltr'><strong>citare.</strong></span> <span class='ocrx_word' id='word_1_18' title='bbox 1235 219 1244 236; x_wconf 73' lang='grc' dir='ltr'><strong><em>ι</em></strong></span> <span class='ocrx_word' id='word_1_19' title='bbox 1265 210 1406 245; x_wconf 80' lang='lat' dir='ltr'><strong>Excerptis</strong></span> <span class='ocrx_word' id='word_1_20' title='bbox 1425 209 1522 238; x_wconf 73' lang='lat' dir='ltr'><strong>deinde</strong></span> <span class='ocrx_word' id='word_1_21' title='bbox 1543 208 1684 244; x_wconf 79' lang='lat' dir='ltr'><strong>productis</strong></span> <span class='ocrx_word' id='word_1_22' title='bbox 1698 215 1761 242; x_wconf 68' lang='lat' dir='ltr'><strong>qum</strong></span> <span class='ocrx_word' id='word_1_23' title='bbox 1777 215 1860 242; x_wconf 82' lang='lat' dir='ltr'><strong>supe-</strong></span> 
     </span>
    </p>
   </div>
   <div class='ocr_carea' id='block_1_5' title="bbox 226 257 1016 296">
    <p class='ocr_par' dir='ltr' id='par_1_5' title="bbox 226 257 1016 296">
     <span class='ocr_line' id='line_1_5' title="bbox 226 257 1016 296; baseline -0.006 -8"><span class='ocrx_word' id='word_1_24' title='bbox 226 262 349 288; x_wconf 59' lang='grc' dir='ltr'><strong>ὰιίατελεῖ</strong></span> <span class='ocrx_word' id='word_1_25' title='bbox 365 261 483 296; x_wconf 77' lang='grc' dir='ltr'><strong>σωτηρία</strong></span> <span class='ocrx_word' id='word_1_26' title='bbox 493 259 531 295; x_wconf 78' lang='grc' dir='ltr'><strong>τῷ</strong></span> <span class='ocrx_word' id='word_1_27' title='bbox 555 259 671 295; x_wconf 72' lang='grc' dir='ltr'><strong>Ἰσραὴλ,</strong></span> <span class='ocrx_word' id='word_1_28' title='bbox 681 260 727 285; x_wconf 81' lang='grc' dir='ltr'>καὶ</span> <span class='ocrx_word' id='word_1_29' title='bbox 738 260 766 285; x_wconf 84' lang='grc' dir='ltr'><strong>ὲν</strong></span> <span class='ocrx_word' id='word_1_30' title='bbox 779 258 852 294; x_wconf 81' lang='grc' dir='ltr'><strong>αὐτῴ</strong></span> <span class='ocrx_word' id='word_1_31' title='bbox 868 257 1016 293; x_wconf 72' lang='grc' dir='ltr'><strong>εὐλογηθή-</strong></span> 
     </span>
    </p>
   </div>
   <div class='ocr_carea' id='block_1_6' title="bbox 227 302 1017 340">
    <p class='ocr_par' dir='ltr' id='par_1_6' title="bbox 227 302 1017 340">
     <span class='ocr_line' id='line_1_6' title="bbox 227 302 1017 340; baseline -0.006 -8"><span class='ocrx_word' id='word_1_32' title='bbox 227 315 302 332; x_wconf 65' lang='lat' dir='ltr'><strong>cacat</strong></span> <span class='ocrx_word' id='word_1_33' title='bbox 325 305 429 332; x_wconf 69' lang='grc' dir='ltr'><strong>Ἰακώϐ.</strong></span> <span class='ocrx_word' id='word_1_34' title='bbox 454 304 502 331; x_wconf 75' lang='grc' dir='ltr'><strong>Διὰ</strong></span> <span class='ocrx_word' id='word_1_35' title='bbox 527 305 580 340; x_wconf 82' lang='grc' dir='ltr'><strong>γὰρ</strong></span> <span class='ocrx_word' id='word_1_36' title='bbox 596 303 643 330; x_wconf 80' lang='grc' dir='ltr'><strong>τοῦ</strong></span> <span class='ocrx_word' id='word_1_37' title='bbox 666 304 807 339; x_wconf 76' lang='grc' dir='ltr'><strong>σκήπτρου</strong></span> <span class='ocrx_word' id='word_1_38' title='bbox 828 302 910 329; x_wconf 78' lang='grc' dir='ltr'>αὑτοῦ</span> <span class='ocrx_word' id='word_1_39' title='bbox 933 302 1017 336; x_wconf 82' lang='grc' dir='ltr'><strong>ὀφθή-</strong></span> 
     </span>
    </p>
   </div>
   <div class='ocr_carea' id='block_1_7' title="bbox 228 348 1016 386">
    <p class='ocr_par' dir='ltr' id='par_1_7' title="bbox 228 348 1016 386">
     <span class='ocr_line' id='line_1_7' title="bbox 228 348 1016 386; baseline -0.004 -8"><span class='ocrx_word' id='word_1_40' title='bbox 228 361 303 378; x_wconf 81' lang='grc' dir='ltr'>σεται</span> <span class='ocrx_word' id='word_1_41' title='bbox 328 352 404 383; x_wconf 83' lang='grc' dir='ltr'>Θεὸς.</span> <span class='ocrx_word' id='word_1_42' title='bbox 427 350 561 377; x_wconf 76' lang='grc' dir='ltr'><strong>κατοικῶν</strong></span> <span class='ocrx_word' id='word_1_43' title='bbox 583 351 612 376; x_wconf 82' lang='grc' dir='ltr'><strong>ὲν</strong></span> <span class='ocrx_word' id='word_1_44' title='bbox 633 350 784 386; x_wconf 82' lang='grc' dir='ltr'><strong>ἀνθρώποις</strong></span> <span class='ocrx_word' id='word_1_45' title='bbox 807 349 854 376; x_wconf 77' lang='grc' dir='ltr'><strong>ἐπὶ</strong></span> <span class='ocrx_word' id='word_1_46' title='bbox 875 348 925 383; x_wconf 77' lang='grc' dir='ltr'><strong>τῆς</strong></span> <span class='ocrx_word' id='word_1_47' title='bbox 948 348 1016 382; x_wconf 79' lang='grc' dir='ltr'><strong>γῆς,</strong></span> 
     </span>
    </p>
   </div>
   <div class='ocr_carea' id='block_1_8' title="bbox 229 392 1017 432">
    <p class='ocr_par' dir='ltr' id='par_1_8' title="bbox 229 392 1017 432">
     <span class='ocr_line' id='line_1_8' title="bbox 229 392 1017 432; baseline -0.006 -8"><span class='ocrx_word' id='word_1_48' title='bbox 229 398 314 425; x_wconf 78' lang='grc' dir='ltr'>σῶσαι</span> <span class='ocrx_word' id='word_1_49' title='bbox 329 397 359 423; x_wconf 76' lang='grc' dir='ltr'><strong>τὸ</strong></span> <span class='ocrx_word' id='word_1_50' title='bbox 385 397 462 431; x_wconf 83' lang='grc' dir='ltr'>γένος</span> <span class='ocrx_word' id='word_1_51' title='bbox 486 396 601 432; x_wconf 78' lang='grc' dir='ltr'><strong>Ἰσραήλ.</strong></span> <span class='ocrx_word' id='word_1_52' title='bbox 629 395 681 422; x_wconf 78' lang='lat' dir='ltr'><strong>Pcr</strong></span> <span class='ocrx_word' id='word_1_53' title='bbox 699 394 798 422; x_wconf 84' lang='lat' dir='ltr'><strong>Judam</strong></span> <span class='ocrx_word' id='word_1_54' title='bbox 819 394 918 420; x_wconf 83' lang='lat' dir='ltr'><strong>orietur</strong></span> <span class='ocrx_word' id='word_1_55' title='bbox 944 392 1017 420; x_wconf 77' lang='lat' dir='ltr'><strong>salus</strong></span> 
     </span>
    </p>
   </div>
   <div class='ocr_carea' id='block_1_9' title="bbox 230 439 1017 477">
    <p class='ocr_par' dir='ltr' id='par_1_9' title="bbox 230 439 1017 477">
     <span class='ocr_line' id='line_1_9' title="bbox 230 439 1017 477; baseline -0.01 -6"><span class='ocrx_word' id='word_1_56' title='bbox 230 444 327 475; x_wconf 81' lang='lat' dir='ltr'><strong>Israel,</strong></span> <span class='ocrx_word' id='word_1_57' title='bbox 342 449 365 470; x_wconf 86' lang='lat' dir='ltr'><strong>et</strong></span> <span class='ocrx_word' id='word_1_58' title='bbox 388 443 416 469; x_wconf 87' lang='lat' dir='ltr'><strong>in</strong></span> <span class='ocrx_word' id='word_1_59' title='bbox 439 443 496 477; x_wconf 85' lang='lat' dir='ltr'><strong>ipso</strong></span> <span class='ocrx_word' id='word_1_60' title='bbox 520 442 684 468; x_wconf 74' lang='lat' dir='ltr'><strong>benedicatur</strong></span> <span class='ocrx_word' id='word_1_61' title='bbox 699 440 794 467; x_wconf 80' lang='lat' dir='ltr'><strong>Iacob.</strong></span> <span class='ocrx_word' id='word_1_62' title='bbox 822 439 874 466; x_wconf 84' lang='lat' dir='ltr'><strong>Per</strong></span> <span class='ocrx_word' id='word_1_63' title='bbox 885 443 1017 473; x_wconf 79' lang='lat' dir='ltr'><strong>sceptrum</strong></span> 
     </span>
    </p>
   </div>
   <div class='ocr_carea' id='block_1_10' title="bbox 227 484 1017 524">
    <p class='ocr_par' dir='ltr' id='par_1_10' title="bbox 227 484 1017 524">
     <span class='ocr_line' id='line_1_10' title="bbox 227 484 1017 524; baseline -0.009 -7"><span class='ocrx_word' id='word_1_64' title='bbox 227 491 296 517; x_wconf 78' lang='lat' dir='ltr'><strong>mim</strong></span> <span class='ocrx_word' id='word_1_65' title='bbox 313 489 370 524; x_wconf 81' lang='lat' dir='ltr'><strong>ejus</strong></span> <span class='ocrx_word' id='word_1_66' title='bbox 386 489 522 523; x_wconf 82' lang='lat' dir='ltr'><strong>apparebit</strong></span> <span class='ocrx_word' id='word_1_67' title='bbox 538 487 620 518; x_wconf 71' lang='lat' dir='ltr'><strong>Deus,</strong></span> <span class='ocrx_word' id='word_1_68' title='bbox 634 487 757 514; x_wconf 72' lang='lat' dir='ltr'><strong>habitans</strong></span> <span class='ocrx_word' id='word_1_69' title='bbox 775 487 844 512; x_wconf 84' lang='lat' dir='ltr'><strong>inter</strong></span> <span class='ocrx_word' id='word_1_70' title='bbox 862 485 978 511; x_wconf 81' lang='lat' dir='ltr'><strong>homines</strong></span> <span class='ocrx_word' id='word_1_71' title='bbox 990 484 1017 510; x_wconf 90' lang='lat' dir='ltr'><strong>in</strong></span> 
     </span>
    </p>
   </div>
   <div class='ocr_carea' id='block_1_11' title="bbox 228 532 672 569">
    <p class='ocr_par' dir='ltr' id='par_1_11' title="bbox 228 532 672 569">
     <span class='ocr_line' id='line_1_11' title="bbox 228 532 672 569; baseline -0.007 -7"><span class='ocrx_word' id='word_1_72' title='bbox 228 543 311 568; x_wconf 80' lang='lat' dir='ltr'><strong>terra,</strong></span> <span class='ocrx_word' id='word_1_73' title='bbox 324 540 353 561; x_wconf 88' lang='lat' dir='ltr'><strong>ut</strong></span> <span class='ocrx_word' id='word_1_74' title='bbox 368 534 451 561; x_wconf 77' lang='lat' dir='ltr'><strong>salvet</strong></span> <span class='ocrx_word' id='word_1_75' title='bbox 474 542 555 569; x_wconf 83' lang='lat' dir='ltr'><strong>genus</strong></span> <span class='ocrx_word' id='word_1_76' title='bbox 573 532 672 560; x_wconf 83' lang='lat' dir='ltr'><strong>Israel.</strong></span> 
     </span>
    </p>
   </div>
   <div class='ocr_carea' id='block_1_12' title="bbox 266 575 1019 614">
    <p class='ocr_par' dir='ltr' id='par_1_12' title="bbox 266 575 1019 614">
     <span class='ocr_line' id='line_1_12' title="bbox 266 575 1019 614; baseline -0.009 -6"><span class='ocrx_word' id='word_1_77' title='bbox 266 591 276 607; x_wconf 86' lang='grc' dir='ltr'><strong>ι</strong></span> <span class='ocrx_word' id='word_1_78' title='bbox 289 581 317 608; x_wconf 89' lang='lat' dir='ltr'><strong>In</strong></span> <span class='ocrx_word' id='word_1_79' title='bbox 327 580 502 608; x_wconf 85' lang='lat' dir='ltr'><strong>Testamento</strong></span> <span class='ocrx_word' id='word_1_80' title='bbox 515 580 583 606; x_wconf 74' lang='lat' dir='ltr'><strong>Aser</strong></span> <span class='ocrx_word' id='word_1_81' title='bbox 595 579 653 614; x_wconf 83' lang='lat'><strong>(59)</strong></span> <span class='ocrx_word' id='word_1_82' title='bbox 667 587 672 605; x_wconf 88' lang='lat'>:</span> <span class='ocrx_word' id='word_1_83' title='bbox 695 578 724 604; x_wconf 79' lang='grc' dir='ltr'><strong>Ὀ</strong></span> <span class='ocrx_word' id='word_1_84' title='bbox 732 577 862 612; x_wconf 56' lang='lat' dir='ltr'><strong>&quot;remo;</strong></span> <span class='ocrx_word' id='word_1_85' title='bbox 876 575 1019 610; x_wconf 77' lang='grc' dir='ltr'><strong>ἐπισκέψε-</strong></span> 
     </span>
    </p>
   </div>
   <div class='ocr_carea' id='block_1_13' title="bbox 227 621 1018 662">
    <p class='ocr_par' dir='ltr' id='par_1_13' title="bbox 227 621 1018 662">
     <span class='ocr_line' id='line_1_13' title="bbox 227 621 1018 662; baseline -0.009 -8"><span class='ocrx_word' id='word_1_86' title='bbox 227 636 272 654; x_wconf 78' lang='grc' dir='ltr'><strong>ται</strong></span> <span class='ocrx_word' id='word_1_87' title='bbox 288 628 338 662; x_wconf 78' lang='grc' dir='ltr'><strong>τὴν</strong></span> <span class='ocrx_word' id='word_1_88' title='bbox 351 627 412 662; x_wconf 87' lang='grc' dir='ltr'><strong>γῆν,</strong></span> <span class='ocrx_word' id='word_1_89' title='bbox 432 626 480 652; x_wconf 80' lang='grc' dir='ltr'>καὶ</span> <span class='ocrx_word' id='word_1_90' title='bbox 496 625 576 657; x_wconf 83' lang='grc' dir='ltr'>αὐτὸς</span> <span class='ocrx_word' id='word_1_91' title='bbox 598 623 683 650; x_wconf 80' lang='grc' dir='ltr'>ἐλθὼν</span> <span class='ocrx_word' id='word_1_92' title='bbox 695 624 732 655; x_wconf 88' lang='grc' dir='ltr'><strong>ὡς</strong></span> <span class='ocrx_word' id='word_1_93' title='bbox 749 623 900 658; x_wconf 80' lang='grc' dir='ltr'><strong>ἄνθρωπος,</strong></span> <span class='ocrx_word' id='word_1_94' title='bbox 921 621 1018 648; x_wconf 77' lang='grc' dir='ltr'>ἐσθίων</span> 
     </span>
    </p>
   </div>
   <div class='ocr_carea' id='block_1_14' title="bbox 227 669 1016 708">
    <p class='ocr_par' dir='ltr' id='par_1_14' title="bbox 227 669 1016 708">
     <span class='ocr_line' id='line_1_14' title="bbox 227 669 1016 708; baseline -0.008 -8"><span class='ocrx_word' id='word_1_95' title='bbox 227 675 274 700; x_wconf 78' lang='grc' dir='ltr'>καὶ</span> <span class='ocrx_word' id='word_1_96' title='bbox 286 673 370 700; x_wconf 86' lang='grc' dir='ltr'>πίνων</span> <span class='ocrx_word' id='word_1_97' title='bbox 385 672 454 708; x_wconf 80' lang='grc' dir='ltr'><strong>μετὰ</strong></span> <span class='ocrx_word' id='word_1_98' title='bbox 463 672 519 698; x_wconf 77' lang='grc' dir='ltr'><strong>τῶν</strong></span> <span class='ocrx_word' id='word_1_99' title='bbox 532 671 684 707; x_wconf 85' lang='grc' dir='ltr'><strong>ἀνθρώπων</strong></span> <span class='ocrx_word' id='word_1_100' title='bbox 696 691 702 702; x_wconf 80' lang='lat'><strong>,</strong></span> <span class='ocrx_word' id='word_1_101' title='bbox 721 670 767 697; x_wconf 76' lang='grc' dir='ltr'><strong>καὶ</strong></span> <span class='ocrx_word' id='word_1_102' title='bbox 779 670 808 696; x_wconf 84' lang='grc' dir='ltr'>ἐν</span> <span class='ocrx_word' id='word_1_103' title='bbox 831 669 933 704; x_wconf 68' lang='grc' dir='ltr'><strong>ἡσυχίᾳ</strong></span> <span class='ocrx_word' id='word_1_104' title='bbox 954 677 1016 695; x_wconf 83' lang='grc' dir='ltr'>συν-</span> 
     </span>
    </p>
   </div>
   <div class='ocr_carea' id='block_1_15' title="bbox 225 711 1017 754">
    <p class='ocr_par' dir='ltr' id='par_1_15' title="bbox 225 711 1017 754">
     <span class='ocr_line' id='line_1_15' title="bbox 225 711 1017 754; baseline -0.005 -10"><span class='ocrx_word' id='word_1_105' title='bbox 225 718 327 754; x_wconf 78' lang='grc' dir='ltr'><strong>τρίῦων</strong></span> <span class='ocrx_word' id='word_1_106' title='bbox 342 717 392 753; x_wconf 85' lang='grc' dir='ltr'><strong>τὴν</strong></span> <span class='ocrx_word' id='word_1_107' title='bbox 414 716 534 751; x_wconf 81' lang='grc' dir='ltr'>κεφαλὴν</span> <span class='ocrx_word' id='word_1_108' title='bbox 546 716 593 742; x_wconf 84' lang='grc' dir='ltr'><strong>τοῦ</strong></span> <span class='ocrx_word' id='word_1_109' title='bbox 610 715 754 751; x_wconf 74' lang='grc' dir='ltr'><strong>δράκοντος</strong></span> <span class='ocrx_word' id='word_1_110' title='bbox 767 715 801 741; x_wconf 78' lang='grc' dir='ltr'><strong>δι’</strong></span> <span class='ocrx_word' id='word_1_111' title='bbox 813 714 918 745; x_wconf 75' lang='grc' dir='ltr'><strong>ὕδατος.</strong></span> <span class='ocrx_word' id='word_1_112' title='bbox 934 711 1017 745; x_wconf 72' lang='grc' dir='ltr'><strong>οὗτος</strong></span> 
     </span>
    </p>
   </div>
   <div class='ocr_carea' id='block_1_16' title="bbox 227 759 1018 798">
    <p class='ocr_par' dir='ltr' id='par_1_16' title="bbox 227 759 1018 798">
     <span class='ocr_line' id='line_1_16' title="bbox 227 759 1018 798; baseline -0.006 -8"><span class='ocrx_word' id='word_1_113' title='bbox 227 764 309 791; x_wconf 84' lang='grc' dir='ltr'><strong>σώσει</strong></span> <span class='ocrx_word' id='word_1_114' title='bbox 325 763 371 790; x_wconf 78' lang='grc' dir='ltr'>τὸν</span> <span class='ocrx_word' id='word_1_115' title='bbox 398 762 503 798; x_wconf 83' lang='grc' dir='ltr'><strong>Ἰσραὴλ</strong></span> <span class='ocrx_word' id='word_1_116' title='bbox 526 762 572 788; x_wconf 75' lang='grc' dir='ltr'><strong>καὶ</strong></span> <span class='ocrx_word' id='word_1_117' title='bbox 595 762 684 788; x_wconf 82' lang='grc' dir='ltr'>πάντα</span> <span class='ocrx_word' id='word_1_118' title='bbox 702 761 736 787; x_wconf 75' lang='grc' dir='ltr'><strong>τὰ</strong></span> <span class='ocrx_word' id='word_1_119' title='bbox 747 761 822 796; x_wconf 76' lang='grc' dir='ltr'><strong>ἐονη,</strong></span> <span class='ocrx_word' id='word_1_120' title='bbox 840 760 905 791; x_wconf 78' lang='grc' dir='ltr'><strong>θεὸς</strong></span> <span class='ocrx_word' id='word_1_121' title='bbox 920 759 960 791; x_wconf 69' lang='grc' dir='ltr'><strong>εἰς</strong></span> <span class='ocrx_word' id='word_1_122' title='bbox 972 759 1018 786; x_wconf 84' lang='grc' dir='ltr'><strong>ἅν-</strong></span> 
     </span>
    </p>
   </div>
   <div class='ocr_carea' id='block_1_17' title="bbox 226 805 1016 845">
    <p class='ocr_par' dir='ltr' id='par_1_17' title="bbox 226 805 1016 845">
     <span class='ocr_line' id='line_1_17' title="bbox 226 805 1016 845; baseline -0.006 -10"><span class='ocrx_word' id='word_1_123' title='bbox 226 809 278 845; x_wconf 85' lang='grc' dir='ltr'><strong>δρα</strong></span> <span class='ocrx_word' id='word_1_124' title='bbox 293 809 513 844; x_wconf 78' lang='grc' dir='ltr'><strong>ὑποκρινόμενος.</strong></span> <span class='ocrx_word' id='word_1_125' title='bbox 529 807 694 834; x_wconf 77' lang='lat' dir='ltr'><strong>ALTISSIIUS</strong></span> <span class='ocrx_word' id='word_1_126' title='bbox 714 805 834 832; x_wconf 81' lang='lat' dir='ltr'><strong>visitabit</strong></span> <span class='ocrx_word' id='word_1_127' title='bbox 861 809 977 836; x_wconf 83' lang='lat' dir='ltr'><strong>terram;</strong></span> <span class='ocrx_word' id='word_1_128' title='bbox 992 810 1016 831; x_wconf 81' lang='lat' dir='ltr'><strong>et</strong></span> 
     </span>
    </p>
   </div>
   <div class='ocr_carea' id='block_1_18' title="bbox 226 851 1015 889">
    <p class='ocr_par' dir='ltr' id='par_1_18' title="bbox 226 851 1015 889">
     <span class='ocr_line' id='line_1_18' title="bbox 226 851 1015 889; baseline -0.008 -7"><span class='ocrx_word' id='word_1_129' title='bbox 226 855 282 889; x_wconf 79' lang='lat' dir='ltr'><strong>ipse</strong></span> <span class='ocrx_word' id='word_1_130' title='bbox 297 855 400 882; x_wconf 82' lang='lat' dir='ltr'><strong>veniens</strong></span> <span class='ocrx_word' id='word_1_131' title='bbox 416 859 444 880; x_wconf 86' lang='lat' dir='ltr'><strong>ut</strong></span> <span class='ocrx_word' id='word_1_132' title='bbox 462 854 550 886; x_wconf 82' lang='lat' dir='ltr'><strong>homo,</strong></span> <span class='ocrx_word' id='word_1_133' title='bbox 567 861 627 879; x_wconf 87' lang='lat' dir='ltr'><strong>cum</strong></span> <span class='ocrx_word' id='word_1_134' title='bbox 646 852 797 879; x_wconf 84' lang='lat' dir='ltr'><strong>hominibus</strong></span> <span class='ocrx_word' id='word_1_135' title='bbox 816 851 979 878; x_wconf 84' lang='lat' dir='ltr'><strong>manducaus</strong></span> <span class='ocrx_word' id='word_1_136' title='bbox 992 855 1015 876; x_wconf 82' lang='lat' dir='ltr'><strong>et</strong></span> 
     </span>
    </p>
   </div>
   <div class='ocr_carea' id='block_1_19' title="bbox 228 897 1017 932">
    <p class='ocr_par' dir='ltr' id='par_1_19' title="bbox 228 897 1017 932">
     <span class='ocr_line' id='line_1_19' title="bbox 228 897 1017 932; baseline -0.008 -5"><span class='ocrx_word' id='word_1_137' title='bbox 228 901 334 932; x_wconf 79' lang='lat' dir='ltr'><strong>bibens,</strong></span> <span class='ocrx_word' id='word_1_138' title='bbox 354 905 378 927; x_wconf 90' lang='lat' dir='ltr'><strong>ct</strong></span> <span class='ocrx_word' id='word_1_139' title='bbox 391 901 417 926; x_wconf 87' lang='lat' dir='ltr'><strong>in</strong></span> <span class='ocrx_word' id='word_1_140' title='bbox 440 899 546 926; x_wconf 79' lang='lat' dir='ltr'><strong>silentio</strong></span> <span class='ocrx_word' id='word_1_141' title='bbox 566 903 701 925; x_wconf 83' lang='lat' dir='ltr'><strong>conterens</strong></span> <span class='ocrx_word' id='word_1_142' title='bbox 718 901 798 932; x_wconf 83' lang='lat' dir='ltr'><strong>caput</strong></span> <span class='ocrx_word' id='word_1_143' title='bbox 822 897 947 923; x_wconf 81' lang='lat' dir='ltr'><strong>draconis</strong></span> <span class='ocrx_word' id='word_1_144' title='bbox 971 903 1017 930; x_wconf 85' lang='lat' dir='ltr'><strong>per</strong></span> 
     </span>
    </p>
   </div>
   <div class='ocr_carea' id='block_1_20' title="bbox 228 941 1017 981">
    <p class='ocr_par' dir='ltr' id='par_1_20' title="bbox 228 941 1017 981">
     <span class='ocr_line' id='line_1_20' title="bbox 228 941 1017 981; baseline -0.006 -9"><span class='ocrx_word' id='word_1_145' title='bbox 228 954 336 981; x_wconf 81' lang='lat' dir='ltr'><strong>aquam.</strong></span> <span class='ocrx_word' id='word_1_146' title='bbox 353 946 404 972; x_wconf 84' lang='lat' dir='ltr'><strong>llic</strong></span> <span class='ocrx_word' id='word_1_147' title='bbox 416 945 529 972; x_wconf 78' lang='lat' dir='ltr'><strong>salvabit</strong></span> <span class='ocrx_word' id='word_1_148' title='bbox 543 945 629 972; x_wconf 83' lang='lat' dir='ltr'><strong>Israel</strong></span> <span class='ocrx_word' id='word_1_149' title='bbox 640 950 664 972; x_wconf 86' lang='lat' dir='ltr'><strong>et</strong></span> <span class='ocrx_word' id='word_1_150' title='bbox 678 952 767 971; x_wconf 77' lang='lat' dir='ltr'><strong>omnes</strong></span> <span class='ocrx_word' id='word_1_151' title='bbox 782 948 886 978; x_wconf 80' lang='lat' dir='ltr'><strong>gentes,</strong></span> <span class='ocrx_word' id='word_1_152' title='bbox 901 941 972 969; x_wconf 71' lang='lat' dir='ltr'><strong>Deus</strong></span> <span class='ocrx_word' id='word_1_153' title='bbox 990 941 1017 967; x_wconf 89' lang='lat' dir='ltr'><strong>in</strong></span> 
     </span>
    </p>
   </div>
   <div class='ocr_carea' id='block_1_21' title="bbox 226 991 512 1018">
    <p class='ocr_par' dir='ltr' id='par_1_21' title="bbox 226 991 512 1018">
     <span class='ocr_line' id='line_1_21' title="bbox 226 991 512 1018; baseline -0.007 0"><span class='ocrx_word' id='word_1_154' title='bbox 226 993 311 1018; x_wconf 69' lang='lat' dir='ltr'><strong>uirum</strong></span> <span class='ocrx_word' id='word_1_155' title='bbox 330 991 512 1018; x_wconf 74' lang='lat' dir='ltr'><strong>absconditus.</strong></span> 
     </span>
    </p>
   </div>
   <div class='ocr_carea' id='block_1_22' title="bbox 265 1035 1016 1072">
    <p class='ocr_par' dir='ltr' id='par_1_22' title="bbox 265 1035 1016 1072">
     <span class='ocr_line' id='line_1_22' title="bbox 265 1035 1016 1072; baseline -0.004 -8"><span class='ocrx_word' id='word_1_156' title='bbox 265 1048 274 1064; x_wconf 88' lang='grc' dir='ltr'><strong>ι</strong></span> <span class='ocrx_word' id='word_1_157' title='bbox 304 1039 424 1072; x_wconf 83' lang='lat' dir='ltr'><strong>Denique</strong></span> <span class='ocrx_word' id='word_1_158' title='bbox 444 1038 471 1064; x_wconf 89' lang='lat' dir='ltr'><strong>in</strong></span> <span class='ocrx_word' id='word_1_159' title='bbox 486 1037 662 1064; x_wconf 77' lang='lat' dir='ltr'><strong>Testamento</strong></span> <span class='ocrx_word' id='word_1_160' title='bbox 691 1036 831 1071; x_wconf 80' lang='lat' dir='ltr'><strong>Bcnjamin</strong></span> <span class='ocrx_word' id='word_1_161' title='bbox 857 1035 912 1068; x_wconf 71' lang='lat' dir='ltr'><strong>(Ml)</strong></span> <span class='ocrx_word' id='word_1_162' title='bbox 929 1045 935 1061; x_wconf 93' lang='lat'><strong>:</strong></span> <span class='ocrx_word' id='word_1_163' title='bbox 951 1035 1016 1061; x_wconf 73' lang='grc' dir='ltr'><strong>Τότε</strong></span> 
     </span>
    </p>
   </div>
   <div class='ocr_carea' id='block_1_23' title="bbox 227 1080 1015 1119">
    <p class='ocr_par' dir='ltr' id='par_1_23' title="bbox 227 1080 1015 1119">
     <span class='ocr_line' id='line_1_23' title="bbox 227 1080 1015 1119; baseline -0.006 -8"><span class='ocrx_word' id='word_1_164' title='bbox 227 1085 272 1111; x_wconf 67' lang='grc' dir='ltr'><strong>καὶ</strong></span> <span class='ocrx_word' id='word_1_165' title='bbox 283 1086 364 1119; x_wconf 75' lang='grc' dir='ltr'><strong>ἡμεῖς</strong></span> <span class='ocrx_word' id='word_1_166' title='bbox 371 1083 592 1118; x_wconf 79' lang='grc' dir='ltr'><strong>ἀναστησόμεοα,</strong></span> <span class='ocrx_word' id='word_1_167' title='bbox 603 1083 716 1114; x_wconf 72' lang='grc' dir='ltr'>ἕκαστος</span> <span class='ocrx_word' id='word_1_168' title='bbox 727 1082 773 1108; x_wconf 68' lang='grc' dir='ltr'><strong>ἐπὶ</strong></span> <span class='ocrx_word' id='word_1_169' title='bbox 781 1081 920 1116; x_wconf 75' lang='grc' dir='ltr'>σκῆπτρον</span> <span class='ocrx_word' id='word_1_170' title='bbox 928 1080 1015 1116; x_wconf 78' lang='grc' dir='ltr'><strong>ἡμῶν,</strong></span> 
     </span>
    </p>
   </div>
   <div class='ocr_carea' id='block_1_24' title="bbox 227 1126 1017 1166">
    <p class='ocr_par' dir='ltr' id='par_1_24' title="bbox 227 1126 1017 1166">
     <span class='ocr_line' id='line_1_24' title="bbox 227 1126 1017 1166; baseline -0.005 -10"><span class='ocrx_word' id='word_1_171' title='bbox 227 1130 442 1166; x_wconf 73' lang='grc' dir='ltr'><strong>προσκυνοῦντες</strong></span> <span class='ocrx_word' id='word_1_172' title='bbox 458 1130 504 1156; x_wconf 79' lang='grc' dir='ltr'><strong>τὸν</strong></span> <span class='ocrx_word' id='word_1_173' title='bbox 518 1129 629 1164; x_wconf 74' lang='grc' dir='ltr'><strong>βασιλέα</strong></span> <span class='ocrx_word' id='word_1_174' title='bbox 645 1127 699 1154; x_wconf 83' lang='grc' dir='ltr'><strong>τῶν</strong></span> <span class='ocrx_word' id='word_1_175' title='bbox 709 1127 840 1164; x_wconf 79' lang='grc' dir='ltr'><strong>οὐρανῶν,</strong></span> <span class='ocrx_word' id='word_1_176' title='bbox 852 1127 897 1153; x_wconf 85' lang='grc' dir='ltr'><strong>τὸν</strong></span> <span class='ocrx_word' id='word_1_177' title='bbox 908 1127 954 1153; x_wconf 73' lang='grc' dir='ltr'><strong>ἐπὶ</strong></span> <span class='ocrx_word' id='word_1_178' title='bbox 966 1126 1017 1161; x_wconf 79' lang='grc' dir='ltr'><strong>γῆς</strong></span> 
     </span>
    </p>
   </div>
   <div class='ocr_carea' id='block_1_25' title="bbox 227 1173 1016 1211">
    <p class='ocr_par' dir='ltr' id='par_1_25' title="bbox 227 1173 1016 1211">
     <span class='ocr_line' id='line_1_25' title="bbox 227 1173 1016 1211; baseline -0.005 -8"><span class='ocrx_word' id='word_1_179' title='bbox 227 1176 345 1210; x_wconf 77' lang='grc' dir='ltr'>φανέντα</span> <span class='ocrx_word' id='word_1_180' title='bbox 359 1177 387 1202; x_wconf 77' lang='grc' dir='ltr'>ὲν</span> <span class='ocrx_word' id='word_1_181' title='bbox 401 1176 491 1211; x_wconf 73' lang='grc' dir='ltr'>μορφῇ</span> <span class='ocrx_word' id='word_1_182' title='bbox 510 1175 653 1210; x_wconf 78' lang='grc' dir='ltr'>ἀνθρώπου</span> <span class='ocrx_word' id='word_1_183' title='bbox 672 1174 866 1210; x_wconf 74' lang='grc' dir='ltr'><strong>(ἀνθρωπίνης)</strong></span> <span class='ocrx_word' id='word_1_184' title='bbox 883 1173 1016 1200; x_wconf 81' lang='grc' dir='ltr'><strong>ταπεινώ-</strong></span> 
     </span>
    </p>
   </div>
   <div class='ocr_carea' id='block_1_26' title="bbox 228 1221 1017 1257">
    <p class='ocr_par' dir='ltr' id='par_1_26' title="bbox 228 1221 1017 1257">
     <span class='ocr_line' id='line_1_26' title="bbox 228 1221 1017 1257; baseline -0.005 -7"><span class='ocrx_word' id='word_1_185' title='bbox 228 1232 306 1255; x_wconf 85' lang='grc' dir='ltr'>σεως.</span> <span class='ocrx_word' id='word_1_186' title='bbox 320 1223 392 1249; x_wconf 86' lang='lat' dir='ltr'><strong>Tunc</strong></span> <span class='ocrx_word' id='word_1_187' title='bbox 414 1227 438 1249; x_wconf 80' lang='lat' dir='ltr'><strong>ct</strong></span> <span class='ocrx_word' id='word_1_188' title='bbox 460 1230 506 1249; x_wconf 82' lang='lat' dir='ltr'><strong>nos</strong></span> <span class='ocrx_word' id='word_1_189' title='bbox 518 1229 693 1257; x_wconf 75' lang='lat' dir='ltr'><strong>rcsurgemus,</strong></span> <span class='ocrx_word' id='word_1_190' title='bbox 706 1221 885 1256; x_wconf 68' lang='lat' dir='ltr'><strong>unusquisque</strong></span> <span class='ocrx_word' id='word_1_191' title='bbox 903 1221 931 1246; x_wconf 85' lang='lat' dir='ltr'><strong>in</strong></span> <span class='ocrx_word' id='word_1_192' title='bbox 958 1228 1017 1247; x_wconf 82' lang='lat' dir='ltr'><strong>sce-</strong></span> 
     </span>
    </p>
   </div>
   <div class='ocr_carea' id='block_1_27' title="bbox 220 1265 1017 1304">
    <p class='ocr_par' dir='ltr' id='par_1_27' title="bbox 220 1265 1017 1304">
     <span class='ocr_line' id='line_1_27' title="bbox 220 1265 1017 1304; baseline -0.008 -7"><span class='ocrx_word' id='word_1_193' title='bbox 220 1273 445 1304; x_wconf 85' lang='lat' dir='ltr'><strong>ptrumnostrum,</strong></span> <span class='ocrx_word' id='word_1_194' title='bbox 457 1267 598 1294; x_wconf 80' lang='lat' dir='ltr'><strong>adorantes</strong></span> <span class='ocrx_word' id='word_1_195' title='bbox 612 1274 696 1301; x_wconf 80' lang='lat' dir='ltr'><strong><em>regem</em></strong></span> <span class='ocrx_word' id='word_1_196' title='bbox 710 1265 897 1300; x_wconf 74' lang='lat' dir='ltr'><strong>ctelorum,qni</strong></span> <span class='ocrx_word' id='word_1_197' title='bbox 909 1265 935 1291; x_wconf 88' lang='lat' dir='ltr'><strong>in</strong></span> <span class='ocrx_word' id='word_1_198' title='bbox 946 1271 1017 1292; x_wconf 85' lang='lat' dir='ltr'><strong>terra</strong></span> 
     </span>
    </p>
   </div>
   <div class='ocr_carea' id='block_1_28' title="bbox 226 1310 1015 1350">
    <p class='ocr_par' dir='ltr' id='par_1_28' title="bbox 226 1310 1015 1350">
     <span class='ocr_line' id='line_1_28' title="bbox 226 1310 1015 1350; baseline -0.006 -8"><span class='ocrx_word' id='word_1_199' title='bbox 226 1315 353 1350; x_wconf 72' lang='lat' dir='ltr'><strong>apparuit</strong></span> <span class='ocrx_word' id='word_1_200' title='bbox 380 1314 408 1340; x_wconf 85' lang='lat' dir='ltr'><strong>in</strong></span> <span class='ocrx_word' id='word_1_201' title='bbox 430 1313 516 1348; x_wconf 78' lang='lat' dir='ltr'><strong>forma</strong></span> <span class='ocrx_word' id='word_1_202' title='bbox 540 1313 654 1339; x_wconf 81' lang='lat' dir='ltr'><strong>hominis</strong></span> <span class='ocrx_word' id='word_1_203' title='bbox 674 1311 823 1347; x_wconf 65' lang='lat' dir='ltr'><strong>(humanm)</strong></span> <span class='ocrx_word' id='word_1_204' title='bbox 844 1310 1015 1338; x_wconf 72' lang='lat' dir='ltr'><strong>humilitatis.</strong></span> 
     </span>
    </p>
   </div>
   <div class='ocr_carea' id='block_1_29' title="bbox 227 1357 1017 1395">
    <p class='ocr_par' dir='ltr' id='par_1_29' title="bbox 227 1357 1017 1395">
     <span class='ocr_line' id='line_1_29' title="bbox 227 1357 1017 1395; baseline -0.006 -7"><span class='ocrx_word' id='word_1_205' title='bbox 227 1360 345 1395; x_wconf 82' lang='lat' dir='ltr'><strong>Moxque</strong></span> <span class='ocrx_word' id='word_1_206' title='bbox 359 1360 434 1386; x_wconf 85' lang='lat' dir='ltr'><strong>addit</strong></span> <span class='ocrx_word' id='word_1_207' title='bbox 452 1358 589 1386; x_wconf 86' lang='lat' dir='ltr'><strong>lsraelitas</strong></span> <span class='ocrx_word' id='word_1_208' title='bbox 603 1358 784 1393; x_wconf 82' lang='lat' dir='ltr'><strong>judieandos,</strong></span> <span class='ocrx_word' id='word_1_209' title='bbox 809 1357 848 1384; x_wconf 77' lang='grc' dir='ltr'><strong>ὅτι</strong></span> <span class='ocrx_word' id='word_1_210' title='bbox 867 1357 1017 1392; x_wconf 80' lang='grc' dir='ltr'>παραγενό-</span> 
     </span>
    </p>
   </div>
   <div class='ocr_carea' id='block_1_30' title="bbox 229 1404 1015 1443">
    <p class='ocr_par' dir='ltr' id='par_1_30' title="bbox 229 1404 1015 1443">
     <span class='ocr_line' id='line_1_30' title="bbox 229 1404 1015 1443; baseline -0.003 -10"><span class='ocrx_word' id='word_1_211' title='bbox 229 1415 308 1443; x_wconf 82' lang='grc' dir='ltr'>μενον</span> <span class='ocrx_word' id='word_1_212' title='bbox 330 1406 396 1432; x_wconf 75' lang='grc' dir='ltr'>Θεὸν</span> <span class='ocrx_word' id='word_1_213' title='bbox 407 1406 436 1431; x_wconf 84' lang='grc' dir='ltr'><strong>ὲν</strong></span> <span class='ocrx_word' id='word_1_214' title='bbox 460 1405 542 1440; x_wconf 72' lang='grc' dir='ltr'>σαρκὶ</span> <span class='ocrx_word' id='word_1_215' title='bbox 560 1404 743 1440; x_wconf 75' lang='grc' dir='ltr'><strong>ὲλευῦερωτὴν</strong></span> <span class='ocrx_word' id='word_1_216' title='bbox 767 1404 816 1430; x_wconf 77' lang='grc' dir='ltr'><strong>οὐκ</strong></span> <span class='ocrx_word' id='word_1_217' title='bbox 828 1404 989 1430; x_wconf 79' lang='grc' dir='ltr'>ἐπίστευσαν</span> <span class='ocrx_word' id='word_1_218' title='bbox 1008 1411 1015 1431; x_wconf 86' lang='lat'>:</span> 
     </span>
    </p>
   </div>
   <div class='ocr_carea' id='block_1_31' title="bbox 227 1449 1016 1488">
    <p class='ocr_par' dir='ltr' id='par_1_31' title="bbox 227 1449 1016 1488">
     <span class='ocr_line' id='line_1_31' title="bbox 227 1449 1016 1488; baseline -0.005 -9"><span class='ocrx_word' id='word_1_219' title='bbox 227 1453 353 1488; x_wconf 85' lang='lat' dir='ltr'><strong>quoniam</strong></span> <span class='ocrx_word' id='word_1_220' title='bbox 376 1451 557 1478; x_wconf 81' lang='lat' dir='ltr'><strong>advenientem</strong></span> <span class='ocrx_word' id='word_1_221' title='bbox 588 1449 664 1477; x_wconf 70' lang='lat' dir='ltr'><strong>Deuu</strong></span> <span class='ocrx_word' id='word_1_222' title='bbox 691 1450 717 1476; x_wconf 80' lang='lat' dir='ltr'><strong>in</strong></span> <span class='ocrx_word' id='word_1_223' title='bbox 742 1457 821 1476; x_wconf 85' lang='lat' dir='ltr'><strong>carne</strong></span> <span class='ocrx_word' id='word_1_224' title='bbox 846 1449 1016 1476; x_wconf 85' lang='lat' dir='ltr'><strong>liberatorem</strong></span> 
     </span>
    </p>
   </div>
   <div class='ocr_carea' id='block_1_32' title="bbox 227 1498 473 1526">
    <p class='ocr_par' dir='ltr' id='par_1_32' title="bbox 227 1498 473 1526">
     <span class='ocr_line' id='line_1_32' title="bbox 227 1498 473 1526; baseline -0.008 0"><span class='ocrx_word' id='word_1_225' title='bbox 227 1508 279 1526; x_wconf 89' lang='lat' dir='ltr'><strong>non</strong></span> <span class='ocrx_word' id='word_1_226' title='bbox 293 1498 473 1525; x_wconf 80' lang='lat' dir='ltr'><strong>crediderunt.</strong></span> 
     </span>
    </p>
   </div>
   <div class='ocr_carea' id='block_1_33' title="bbox 1033 883 1055 911">
    <p class='ocr_par' dir='ltr' id='par_1_33' title="bbox 1033 883 1055 911">
     <span class='ocr_line' id='line_1_33' title="bbox 1033 883 1055 911; baseline 0 0"><span class='ocrx_word' id='word_1_227' title='bbox 1033 883 1055 911; x_wconf 82' lang='grc' dir='ltr'><strong>Β</strong></span> 
     </span>
    </p>
   </div>
   <div class='ocr_carea' id='block_1_34' title="bbox 1069 254 1859 288">
    <p class='ocr_par' dir='ltr' id='par_1_34' title="bbox 1069 254 1859 288">
     <span class='ocr_line' id='line_1_34' title="bbox 1069 254 1859 288; baseline -0.003 -6"><span class='ocrx_word' id='word_1_228' title='bbox 1069 255 1126 282; x_wconf 86' lang='lat' dir='ltr'><strong>rius</strong></span> <span class='ocrx_word' id='word_1_229' title='bbox 1142 257 1327 288; x_wconf 81' lang='lat' dir='ltr'><strong>recitavimus.</strong></span> <span class='ocrx_word' id='word_1_230' title='bbox 1341 256 1504 284; x_wconf 82' lang='lat' dir='ltr'><strong>sententiam</strong></span> <span class='ocrx_word' id='word_1_231' title='bbox 1524 263 1601 282; x_wconf 90' lang='lat' dir='ltr'><strong>suam</strong></span> <span class='ocrx_word' id='word_1_232' title='bbox 1616 254 1720 281; x_wconf 88' lang='lat' dir='ltr'><strong>claudit</strong></span> <span class='ocrx_word' id='word_1_233' title='bbox 1738 254 1784 281; x_wconf 86' lang='lat' dir='ltr'><strong>his</strong></span> <span class='ocrx_word' id='word_1_234' title='bbox 1798 261 1859 280; x_wconf 79' lang='lat' dir='ltr'><strong>ver-</strong></span> 
     </span>
    </p>
   </div>
   <div class='ocr_carea' id='block_1_35' title="bbox 1067 302 1861 337">
    <p class='ocr_par' dir='ltr' id='par_1_35' title="bbox 1067 302 1861 337">
     <span class='ocr_line' id='line_1_35' title="bbox 1067 302 1861 337; baseline -0.003 -9"><span class='ocrx_word' id='word_1_235' title='bbox 1067 302 1110 334; x_wconf 82' lang='lat' dir='ltr'><strong>bis</strong></span> <span class='ocrx_word' id='word_1_236' title='bbox 1128 312 1134 329; x_wconf 89' lang='lat'><strong>:</strong></span> <span class='ocrx_word' id='word_1_237' title='bbox 1152 312 1160 328; x_wconf 90' lang='grc' dir='ltr'><strong>ι</strong></span> <span class='ocrx_word' id='word_1_238' title='bbox 1179 302 1242 330; x_wconf 67' lang='lat' dir='ltr'><strong>llaec</strong></span> <span class='ocrx_word' id='word_1_239' title='bbox 1262 303 1379 330; x_wconf 81' lang='lat' dir='ltr'><strong>clariora</strong></span> <span class='ocrx_word' id='word_1_240' title='bbox 1390 307 1417 330; x_wconf 87' lang='lat' dir='ltr'><strong>et</strong></span> <span class='ocrx_word' id='word_1_241' title='bbox 1434 302 1608 337; x_wconf 77' lang='lat' dir='ltr'><strong>expressiora</strong></span> <span class='ocrx_word' id='word_1_242' title='bbox 1628 306 1713 332; x_wconf 89' lang='lat' dir='ltr'><strong>sunt,</strong></span> <span class='ocrx_word' id='word_1_243' title='bbox 1729 308 1815 334; x_wconf 88' lang='lat' dir='ltr'><strong>quam</strong></span> <span class='ocrx_word' id='word_1_244' title='bbox 1833 305 1861 326; x_wconf 89' lang='grc' dir='ltr'>ιιι</span> 
     </span>
    </p>
   </div>
   <div class='ocr_carea' id='block_1_36' title="bbox 1069 347 1859 384">
    <p class='ocr_par' dir='ltr' id='par_1_36' title="bbox 1069 347 1859 384">
     <span class='ocr_line' id='line_1_36' title="bbox 1069 347 1859 384; baseline 0 -10"><span class='ocrx_word' id='word_1_245' title='bbox 1069 347 1223 383; x_wconf 89' lang='lat' dir='ltr'><strong>detorqueri</strong></span> <span class='ocrx_word' id='word_1_246' title='bbox 1240 349 1355 384; x_wconf 88' lang='lat' dir='ltr'><strong>possint.</strong></span> <span class='ocrx_word' id='word_1_247' title='bbox 1373 348 1451 382; x_wconf 86' lang='lat' dir='ltr'><strong>Quod</strong></span> <span class='ocrx_word' id='word_1_248' title='bbox 1467 348 1490 375; x_wconf 96' lang='lat' dir='ltr'><strong>si</strong></span> <span class='ocrx_word' id='word_1_249' title='bbox 1505 353 1597 375; x_wconf 86' lang='lat' dir='ltr'><strong>assuta</strong></span> <span class='ocrx_word' id='word_1_250' title='bbox 1615 352 1643 374; x_wconf 90' lang='lat' dir='ltr'><strong>ct</strong></span> <span class='ocrx_word' id='word_1_251' title='bbox 1664 347 1804 375; x_wconf 86' lang='lat' dir='ltr'><strong>insincera</strong></span> <span class='ocrx_word' id='word_1_252' title='bbox 1817 347 1859 374; x_wconf 85' lang='lat' dir='ltr'><strong>di-</strong></span> 
     </span>
    </p>
   </div>
   <div class='ocr_carea' id='block_1_37' title="bbox 1069 393 1858 429">
    <p class='ocr_par' dir='ltr' id='par_1_37' title="bbox 1069 393 1858 429">
     <span class='ocr_line' id='line_1_37' title="bbox 1069 393 1858 429; baseline -0.001 -9"><span class='ocrx_word' id='word_1_253' title='bbox 1069 399 1131 422; x_wconf 83' lang='lat' dir='ltr'><strong>cent</strong></span> <span class='ocrx_word' id='word_1_254' title='bbox 1147 395 1335 429; x_wconf 83' lang='lat' dir='ltr'><strong>(adversarii),</strong></span> <span class='ocrx_word' id='word_1_255' title='bbox 1350 403 1404 422; x_wconf 89' lang='lat' dir='ltr'><strong>non</strong></span> <span class='ocrx_word' id='word_1_256' title='bbox 1419 399 1461 422; x_wconf 85' lang='lat' dir='ltr'><strong>est</strong></span> <span class='ocrx_word' id='word_1_257' title='bbox 1484 394 1557 429; x_wconf 90' lang='lat' dir='ltr'><strong>quod</strong></span> <span class='ocrx_word' id='word_1_258' title='bbox 1572 401 1633 421; x_wconf 91' lang='lat' dir='ltr'><strong>cum</strong></span> <span class='ocrx_word' id='word_1_259' title='bbox 1651 394 1693 421; x_wconf 87' lang='lat' dir='ltr'><strong>eis</strong></span> <span class='ocrx_word' id='word_1_260' title='bbox 1707 393 1858 428; x_wconf 78' lang='lat' dir='ltr'><strong>litigemus.</strong></span> 
     </span>
    </p>
   </div>
   <div class='ocr_carea' id='block_1_38' title="bbox 1070 439 1861 476">
    <p class='ocr_par' dir='ltr' id='par_1_38' title="bbox 1070 439 1861 476">
     <span class='ocr_line' id='line_1_38' title="bbox 1070 439 1861 476; baseline -0.001 -9"><span class='ocrx_word' id='word_1_261' title='bbox 1070 439 1115 468; x_wconf 87' lang='lat' dir='ltr'><strong>Sic</strong></span> <span class='ocrx_word' id='word_1_262' title='bbox 1140 441 1212 468; x_wconf 91' lang='lat' dir='ltr'><strong>enim</strong></span> <span class='ocrx_word' id='word_1_263' title='bbox 1229 442 1376 476; x_wconf 85' lang='lat' dir='ltr'><strong>scriptores</strong></span> <span class='ocrx_word' id='word_1_264' title='bbox 1401 447 1497 468; x_wconf 87' lang='lat' dir='ltr'><strong>omnes</strong></span> <span class='ocrx_word' id='word_1_265' title='bbox 1520 440 1724 468; x_wconf 72' lang='lat' dir='ltr'><strong>ecclesiasticos</strong></span> <span class='ocrx_word' id='word_1_266' title='bbox 1748 440 1861 467; x_wconf 84' lang='lat' dir='ltr'><strong>eludere</strong></span> 
     </span>
    </p>
   </div>
   <div class='ocr_carea' id='block_1_39' title="bbox 1072 484 1859 521">
    <p class='ocr_par' dir='ltr' id='par_1_39' title="bbox 1072 484 1859 521">
     <span class='ocr_line' id='line_1_39' title="bbox 1072 484 1859 521; baseline -0.001 -9"><span class='ocrx_word' id='word_1_267' title='bbox 1072 485 1173 513; x_wconf 75' lang='lat' dir='ltr'><strong>licebit.</strong></span> <span class='ocrx_word' id='word_1_268' title='bbox 1189 485 1268 513; x_wconf 89' lang='lat' dir='ltr'><strong>Nulla</strong></span> <span class='ocrx_word' id='word_1_269' title='bbox 1283 485 1356 512; x_wconf 85' lang='lat' dir='ltr'><strong>enim</strong></span> <span class='ocrx_word' id='word_1_270' title='bbox 1370 485 1414 512; x_wconf 92' lang='lat' dir='ltr'><strong>hic</strong></span> <span class='ocrx_word' id='word_1_271' title='bbox 1436 485 1500 521; x_wconf 77' lang='lat' dir='ltr'><strong>styli</strong></span> <span class='ocrx_word' id='word_1_272' title='bbox 1527 484 1655 517; x_wconf 86' lang='lat' dir='ltr'><strong>varietas,</strong></span> <span class='ocrx_word' id='word_1_273' title='bbox 1667 484 1745 511; x_wconf 89' lang='lat' dir='ltr'><strong>nulla</strong></span> <span class='ocrx_word' id='word_1_274' title='bbox 1768 491 1859 511; x_wconf 84' lang='lat' dir='ltr'><strong>rerum</strong></span> 
     </span>
    </p>
   </div>
   <div class='ocr_carea' id='block_1_40' title="bbox 1069 530 1859 566">
    <p class='ocr_par' dir='ltr' id='par_1_40' title="bbox 1069 530 1859 566">
     <span class='ocr_line' id='line_1_40' title="bbox 1069 530 1859 566; baseline -0.003 -7"><span class='ocrx_word' id='word_1_275' title='bbox 1069 536 1117 559; x_wconf 88' lang='lat' dir='ltr'><strong>aut</strong></span> <span class='ocrx_word' id='word_1_276' title='bbox 1139 532 1286 559; x_wconf 86' lang='lat' dir='ltr'><strong>verborum</strong></span> <span class='ocrx_word' id='word_1_277' title='bbox 1312 532 1508 566; x_wconf 81' lang='lat' dir='ltr'><strong>discrepantia,</strong></span> <span class='ocrx_word' id='word_1_278' title='bbox 1528 531 1596 558; x_wconf 84' lang='lat' dir='ltr'><strong>nihil</strong></span> <span class='ocrx_word' id='word_1_279' title='bbox 1622 539 1678 558; x_wconf 90' lang='lat' dir='ltr'><strong>non</strong></span> <span class='ocrx_word' id='word_1_280' title='bbox 1697 530 1814 565; x_wconf 75' lang='lat' dir='ltr'><strong>simplex</strong></span> <span class='ocrx_word' id='word_1_281' title='bbox 1834 535 1859 558; x_wconf 88' lang='lat' dir='ltr'><strong>et</strong></span> 
     </span>
    </p>
   </div>
   <div class='ocr_carea' id='block_1_41' title="bbox 1069 577 1859 612">
    <p class='ocr_par' dir='ltr' id='par_1_41' title="bbox 1069 577 1859 612">
     <span class='ocr_line' id='line_1_41' title="bbox 1069 577 1859 612; baseline -0.001 -8"><span class='ocrx_word' id='word_1_282' title='bbox 1069 579 1152 606; x_wconf 88' lang='lat' dir='ltr'><strong>unius</strong></span> <span class='ocrx_word' id='word_1_283' title='bbox 1172 578 1276 606; x_wconf 59' lang='lat' dir='ltr'><strong>format.</strong></span> <span class='ocrx_word' id='word_1_284' title='bbox 1297 578 1410 606; x_wconf 87' lang='lat' dir='ltr'><strong>Videtur</strong></span> <span class='ocrx_word' id='word_1_285' title='bbox 1421 582 1513 606; x_wconf 90' lang='lat' dir='ltr'><strong>autem</strong></span> <span class='ocrx_word' id='word_1_286' title='bbox 1530 578 1581 606; x_wconf 86' lang='lat' dir='ltr'><strong>iste</strong></span> <span class='ocrx_word' id='word_1_287' title='bbox 1599 578 1731 612; x_wconf 83' lang='lat' dir='ltr'><strong>scriptor,</strong></span> <span class='ocrx_word' id='word_1_288' title='bbox 1744 577 1859 604; x_wconf 88' lang='lat' dir='ltr'><strong>consilio</strong></span> 
     </span>
    </p>
   </div>
   <div class='ocr_carea' id='block_1_42' title="bbox 1069 623 1858 659">
    <p class='ocr_par' dir='ltr' id='par_1_42' title="bbox 1069 623 1858 659">
     <span class='ocr_line' id='line_1_42' title="bbox 1069 623 1858 659; baseline 0 -9"><span class='ocrx_word' id='word_1_289' title='bbox 1069 624 1113 651; x_wconf 92' lang='lat' dir='ltr'><strong>ille</strong></span> <span class='ocrx_word' id='word_1_290' title='bbox 1125 625 1235 659; x_wconf 86' lang='lat' dir='ltr'><strong>quidem</strong></span> <span class='ocrx_word' id='word_1_291' title='bbox 1264 631 1317 652; x_wconf 91' lang='lat' dir='ltr'><strong>non</strong></span> <span class='ocrx_word' id='word_1_292' title='bbox 1342 625 1426 658; x_wconf 84' lang='lat' dir='ltr'><strong>malo,</strong></span> <span class='ocrx_word' id='word_1_293' title='bbox 1443 624 1490 653; x_wconf 86' lang='lat' dir='ltr'><strong>sed</strong></span> <span class='ocrx_word' id='word_1_294' title='bbox 1513 623 1608 652; x_wconf 81' lang='lat' dir='ltr'><strong>fraude</strong></span> <span class='ocrx_word' id='word_1_295' title='bbox 1629 632 1684 651; x_wconf 90' lang='lat' dir='ltr'><strong>non</strong></span> <span class='ocrx_word' id='word_1_296' title='bbox 1707 623 1858 656; x_wconf 82' lang='lat' dir='ltr'><strong>laudabili,</strong></span> 
     </span>
    </p>
   </div>
   <div class='ocr_carea' id='block_1_43' title="bbox 1069 669 1859 705">
    <p class='ocr_par' dir='ltr' id='par_1_43' title="bbox 1069 669 1859 705">
     <span class='ocr_line' id='line_1_43' title="bbox 1069 669 1859 705; baseline -0.004 -7"><span class='ocrx_word' id='word_1_297' title='bbox 1069 671 1128 698; x_wconf 66' lang='lat' dir='ltr'><strong>haec</strong></span> <span class='ocrx_word' id='word_1_298' title='bbox 1142 670 1269 698; x_wconf 77' lang='lat' dir='ltr'><strong>vaticinia</strong></span> <span class='ocrx_word' id='word_1_299' title='bbox 1279 670 1442 705; x_wconf 88' lang='lat' dir='ltr'><strong>patriarchis</strong></span> <span class='ocrx_word' id='word_1_300' title='bbox 1455 670 1620 705; x_wconf 73' lang='lat' dir='ltr'><strong>subiecisse,</strong></span> <span class='ocrx_word' id='word_1_301' title='bbox 1634 669 1783 697; x_wconf 73' lang='lat' dir='ltr'><strong>utJudzeos</strong></span> <span class='ocrx_word' id='word_1_302' title='bbox 1794 676 1859 696; x_wconf 82' lang='lat' dir='ltr'><strong>suos</strong></span> 
     </span>
    </p>
   </div>
   <div class='ocr_carea' id='block_1_44' title="bbox 1069 713 1858 751">
    <p class='ocr_par' dir='ltr' id='par_1_44' title="bbox 1069 713 1858 751">
     <span class='ocr_line' id='line_1_44' title="bbox 1069 713 1858 751; baseline -0.004 -8"><span class='ocrx_word' id='word_1_303' title='bbox 1069 716 1103 743; x_wconf 87' lang='lat' dir='ltr'><strong>ad</strong></span> <span class='ocrx_word' id='word_1_304' title='bbox 1115 715 1195 743; x_wconf 79' lang='lat' dir='ltr'><strong>ﬁdem</strong></span> <span class='ocrx_word' id='word_1_305' title='bbox 1211 716 1342 748; x_wconf 84' lang='lat' dir='ltr'><strong>alliceret,</strong></span> <span class='ocrx_word' id='word_1_306' title='bbox 1359 721 1386 743; x_wconf 92' lang='lat' dir='ltr'><strong>et</strong></span> <span class='ocrx_word' id='word_1_307' title='bbox 1403 723 1533 751; x_wconf 87' lang='lat' dir='ltr'><strong>magnum</strong></span> <span class='ocrx_word' id='word_1_308' title='bbox 1558 715 1624 742; x_wconf 92' lang='lat' dir='ltr'><strong>illud</strong></span> <span class='ocrx_word' id='word_1_309' title='bbox 1651 714 1792 742; x_wconf 87' lang='lat' dir='ltr'><strong>nascentis</strong></span> <span class='ocrx_word' id='word_1_310' title='bbox 1812 713 1858 740; x_wconf 81' lang='lat' dir='ltr'><strong>Dei</strong></span> 
     </span>
    </p>
   </div>
   <div class='ocr_carea' id='block_1_45' title="bbox 1069 760 1859 797">
    <p class='ocr_par' dir='ltr' id='par_1_45' title="bbox 1069 760 1859 797">
     <span class='ocr_line' id='line_1_45' title="bbox 1069 760 1859 797; baseline -0.003 -8"><span class='ocrx_word' id='word_1_311' title='bbox 1069 763 1228 797; x_wconf 78' lang='lat' dir='ltr'><strong>mysterium</strong></span> <span class='ocrx_word' id='word_1_312' title='bbox 1245 770 1260 789; x_wconf 90' lang='lat' dir='ltr'><strong>a</strong></span> <span class='ocrx_word' id='word_1_313' title='bbox 1277 770 1331 797; x_wconf 89' lang='lat' dir='ltr'><strong>quo</strong></span> <span class='ocrx_word' id='word_1_314' title='bbox 1354 762 1556 794; x_wconf 81' lang='lat' dir='ltr'><strong>abhorrebant,</strong></span> <span class='ocrx_word' id='word_1_315' title='bbox 1583 762 1610 788; x_wconf 95' lang='lat' dir='ltr'><strong>in</strong></span> <span class='ocrx_word' id='word_1_316' title='bbox 1634 769 1682 788; x_wconf 88' lang='lat' dir='ltr'><strong>ore</strong></span> <span class='ocrx_word' id='word_1_317' title='bbox 1712 760 1859 788; x_wconf 84' lang='lat' dir='ltr'><strong>duodecim</strong></span> 
     </span>
    </p>
   </div>
   <div class='ocr_carea' id='block_1_46' title="bbox 1069 807 1860 843">
    <p class='ocr_par' dir='ltr' id='par_1_46' title="bbox 1069 807 1860 843">
     <span class='ocr_line' id='line_1_46' title="bbox 1069 807 1860 843; baseline -0.003 -7"><span class='ocrx_word' id='word_1_318' title='bbox 1069 809 1287 843; x_wconf 81' lang='lat' dir='ltr'><strong>patriarcharum</strong></span> <span class='ocrx_word' id='word_1_319' title='bbox 1306 808 1398 836; x_wconf 90' lang='lat' dir='ltr'><strong>minus</strong></span> <span class='ocrx_word' id='word_1_320' title='bbox 1412 809 1453 836; x_wconf 89' lang='lat' dir='ltr'><strong>eis</strong></span> <span class='ocrx_word' id='word_1_321' title='bbox 1469 809 1588 836; x_wconf 84' lang='lat' dir='ltr'><strong>invisum</strong></span> <span class='ocrx_word' id='word_1_322' title='bbox 1604 808 1755 836; x_wconf 88' lang='lat' dir='ltr'><strong>accideret.</strong></span> <span class='ocrx_word' id='word_1_323' title='bbox 1771 817 1781 833; x_wconf 70' lang='grc' dir='ltr'><strong>ι</strong></span> <span class='ocrx_word' id='word_1_324' title='bbox 1803 807 1860 834; x_wconf 89' lang='lat' dir='ltr'><strong>Huc</strong></span> 
     </span>
    </p>
   </div>
   <div class='ocr_carea' id='block_1_47' title="bbox 1070 854 1860 891">
    <p class='ocr_par' dir='ltr' id='par_1_47' title="bbox 1070 854 1860 891">
     <span class='ocr_line' id='line_1_47' title="bbox 1070 854 1860 891; baseline -0.003 -8"><span class='ocrx_word' id='word_1_325' title='bbox 1070 863 1156 891; x_wconf 89' lang='lat' dir='ltr'><strong>usque</strong></span> <span class='ocrx_word' id='word_1_326' title='bbox 1175 855 1304 883; x_wconf 88' lang='lat' dir='ltr'><strong>Maranus</strong></span> <span class='ocrx_word' id='word_1_327' title='bbox 1319 855 1352 882; x_wconf 84' lang='lat' dir='ltr'><strong>V.</strong></span> <span class='ocrx_word' id='word_1_328' title='bbox 1367 854 1398 882; x_wconf 89' lang='lat' dir='ltr'><strong>C.</strong></span> <span class='ocrx_word' id='word_1_329' title='bbox 1417 855 1457 882; x_wconf 77' lang='lat' dir='ltr'><strong>Ex</strong></span> <span class='ocrx_word' id='word_1_330' title='bbox 1476 856 1577 890; x_wconf 89' lang='lat' dir='ltr'><strong>quibus</strong></span> <span class='ocrx_word' id='word_1_331' title='bbox 1589 855 1686 890; x_wconf 65' lang='lat' dir='ltr'><strong>.liquet</strong></span> <span class='ocrx_word' id='word_1_332' title='bbox 1707 855 1792 881; x_wconf 88' lang='lat' dir='ltr'><strong>nimis</strong></span> <span class='ocrx_word' id='word_1_333' title='bbox 1813 855 1860 881; x_wconf 84' lang='lat' dir='ltr'><strong>ab-</strong></span> 
     </span>
    </p>
   </div>
   <div class='ocr_carea' id='block_1_48' title="bbox 1067 901 1859 937">
    <p class='ocr_par' dir='ltr' id='par_1_48' title="bbox 1067 901 1859 937">
     <span class='ocr_line' id='line_1_48' title="bbox 1067 901 1859 937; baseline -0.003 -8"><span class='ocrx_word' id='word_1_334' title='bbox 1067 902 1138 937; x_wconf 86' lang='lat' dir='ltr'><strong>jecte</strong></span> <span class='ocrx_word' id='word_1_335' title='bbox 1165 902 1285 929; x_wconf 83' lang='lat' dir='ltr'><strong>sensisse</strong></span> <span class='ocrx_word' id='word_1_336' title='bbox 1309 901 1458 929; x_wconf 82' lang='lat' dir='ltr'><strong>Nourrium</strong></span> <span class='ocrx_word' id='word_1_337' title='bbox 1473 902 1533 937; x_wconf 86' lang='lat' dir='ltr'><strong>ejus</strong></span> <span class='ocrx_word' id='word_1_338' title='bbox 1546 902 1666 929; x_wconf 84' lang='lat' dir='ltr'><strong>sodalem</strong></span> <span class='ocrx_word' id='word_1_339' title='bbox 1678 922 1685 934; x_wconf 89' lang='lat'><strong>,</strong></span> <span class='ocrx_word' id='word_1_340' title='bbox 1700 901 1792 928; x_wconf 87' lang='lat' dir='ltr'><strong>virum</strong></span> <span class='ocrx_word' id='word_1_341' title='bbox 1806 909 1859 928; x_wconf 72' lang='lat' dir='ltr'><strong>ca:-</strong></span> 
     </span>
    </p>
   </div>
   <div class='ocr_carea' id='block_1_49' title="bbox 1069 948 1860 982">
    <p class='ocr_par' dir='ltr' id='par_1_49' title="bbox 1069 948 1860 982">
     <span class='ocr_line' id='line_1_49' title="bbox 1069 948 1860 982; baseline -0.001 -7"><span class='ocrx_word' id='word_1_342' title='bbox 1069 953 1126 976; x_wconf 86' lang='lat' dir='ltr'><strong>tera</strong></span> <span class='ocrx_word' id='word_1_343' title='bbox 1141 949 1263 982; x_wconf 85' lang='lat' dir='ltr'><strong>doctum,</strong></span> <span class='ocrx_word' id='word_1_344' title='bbox 1278 956 1340 976; x_wconf 91' lang='lat' dir='ltr'><strong>cum</strong></span> <span class='ocrx_word' id='word_1_345' title='bbox 1357 949 1391 976; x_wconf 91' lang='lat' dir='ltr'><strong>de</strong></span> <span class='ocrx_word' id='word_1_346' title='bbox 1407 948 1449 976; x_wconf 92' lang='lat' dir='ltr'><strong>his</strong></span> <span class='ocrx_word' id='word_1_347' title='bbox 1461 949 1644 976; x_wconf 85' lang='lat' dir='ltr'><strong>Testamentis</strong></span> <span class='ocrx_word' id='word_1_348' title='bbox 1659 948 1728 975; x_wconf 88' lang='lat' dir='ltr'><strong>illud</strong></span> <span class='ocrx_word' id='word_1_349' title='bbox 1742 955 1860 982; x_wconf 89' lang='lat' dir='ltr'><strong>pronun-</strong></span> 
     </span>
    </p>
   </div>
   <div class='ocr_carea' id='block_1_50' title="bbox 1069 994 1858 1030">
    <p class='ocr_par' dir='ltr' id='par_1_50' title="bbox 1069 994 1858 1030">
     <span class='ocr_line' id='line_1_50' title="bbox 1069 994 1858 1030; baseline -0.004 -8"><span class='ocrx_word' id='word_1_350' title='bbox 1069 995 1165 1022; x_wconf 88' lang='lat' dir='ltr'><strong>tiavit:</strong></span> <span class='ocrx_word' id='word_1_351' title='bbox 1186 1003 1195 1020; x_wconf 82' lang='grc' dir='ltr'><strong>ι</strong></span> <span class='ocrx_word' id='word_1_352' title='bbox 1211 995 1238 1022; x_wconf 86' lang='lat' dir='ltr'><strong>in</strong></span> <span class='ocrx_word' id='word_1_353' title='bbox 1253 995 1341 1022; x_wconf 90' lang='lat' dir='ltr'><strong>lucem</strong></span> <span class='ocrx_word' id='word_1_354' title='bbox 1354 1002 1494 1030; x_wconf 86' lang='lat' dir='ltr'><strong>nunquam</strong></span> <span class='ocrx_word' id='word_1_355' title='bbox 1506 994 1593 1022; x_wconf 86' lang='lat' dir='ltr'><strong>emitti</strong></span> <span class='ocrx_word' id='word_1_356' title='bbox 1608 1001 1641 1022; x_wconf 88' lang='lat' dir='ltr'><strong>ea</strong></span> <span class='ocrx_word' id='word_1_357' title='bbox 1658 994 1800 1027; x_wconf 76' lang='lat' dir='ltr'><strong>debuisse,</strong></span> <span class='ocrx_word' id='word_1_358' title='bbox 1819 994 1858 1020; x_wconf 74' lang='lat' dir='ltr'><strong>vel</strong></span> 
     </span>
    </p>
   </div>
   <div class='ocr_carea' id='block_1_51' title="bbox 1068 1039 1860 1075">
    <p class='ocr_par' dir='ltr' id='par_1_51' title="bbox 1068 1039 1860 1075">
     <span class='ocr_line' id='line_1_51' title="bbox 1068 1039 1860 1075; baseline -0.003 -7"><span class='ocrx_word' id='word_1_359' title='bbox 1068 1042 1206 1075; x_wconf 84' lang='lat' dir='ltr'><strong>perpetuis</strong></span> <span class='ocrx_word' id='word_1_360' title='bbox 1234 1041 1353 1068; x_wconf 82' lang='lat' dir='ltr'><strong>tenebris</strong></span> <span class='ocrx_word' id='word_1_361' title='bbox 1381 1040 1467 1068; x_wconf 79' lang='lat' dir='ltr'><strong>fuisse</strong></span> <span class='ocrx_word' id='word_1_362' title='bbox 1491 1040 1646 1067; x_wconf 86' lang='lat' dir='ltr'><strong>damnanda</strong></span> <span class='ocrx_word' id='word_1_363' title='bbox 1667 1039 1727 1074; x_wconf 69' lang='grc' dir='ltr'><strong>(Ω)</strong></span> <span class='ocrx_word' id='word_1_364' title='bbox 1744 1049 1753 1064; x_wconf 81' lang='grc' dir='ltr'><strong>ι</strong></span> <span class='ocrx_word' id='word_1_365' title='bbox 1777 1049 1783 1066; x_wconf 91' lang='lat'>:</span> <span class='ocrx_word' id='word_1_366' title='bbox 1804 1048 1860 1074; x_wconf 90' lang='lat' dir='ltr'><strong>quo</strong></span> 
     </span>
    </p>
   </div>
   <div class='ocr_carea' id='block_1_52' title="bbox 1068 1084 1855 1120">
    <p class='ocr_par' dir='ltr' id='par_1_52' title="bbox 1068 1084 1855 1120">
     <span class='ocr_line' id='line_1_52' title="bbox 1068 1084 1855 1120; baseline -0.001 -8"><span class='ocrx_word' id='word_1_367' title='bbox 1068 1086 1178 1120; x_wconf 86' lang='lat' dir='ltr'><strong>quidem</strong></span> <span class='ocrx_word' id='word_1_368' title='bbox 1195 1085 1306 1113; x_wconf 85' lang='lat' dir='ltr'><strong>nomine</strong></span> <span class='ocrx_word' id='word_1_369' title='bbox 1321 1086 1361 1113; x_wconf 88' lang='lat' dir='ltr'><strong>vel</strong></span> <span class='ocrx_word' id='word_1_370' title='bbox 1384 1086 1418 1113; x_wconf 87' lang='lat' dir='ltr'><strong>ab</strong></span> <span class='ocrx_word' id='word_1_371' title='bbox 1433 1085 1492 1120; x_wconf 89' lang='lat' dir='ltr'><strong>ipso</strong></span> <span class='ocrx_word' id='word_1_372' title='bbox 1509 1084 1634 1112; x_wconf 89' lang='lat' dir='ltr'><strong>Simonio</strong></span> <span class='ocrx_word' id='word_1_373' title='bbox 1655 1089 1772 1112; x_wconf 86' lang='lat' dir='ltr'><strong>notatur</strong></span> <span class='ocrx_word' id='word_1_374' title='bbox 1788 1085 1855 1120; x_wconf 66' lang='lat'><strong>(-53).</strong></span> 
     </span>
    </p>
   </div>
   <div class='ocr_carea' id='block_1_53' title="bbox 1068 1140 1859 1176">
    <p class='ocr_par' dir='ltr' id='par_1_53' title="bbox 1068 1140 1859 1176">
     <span class='ocr_line' id='line_1_53' title="bbox 1068 1140 1859 1176; baseline 0 -9"><span class='ocrx_word' id='word_1_375' title='bbox 1068 1140 1112 1168; x_wconf 84' lang='lat' dir='ltr'><strong>IV.</strong></span> <span class='ocrx_word' id='word_1_376' title='bbox 1136 1141 1174 1168; x_wconf 89' lang='lat' dir='ltr'><strong>De</strong></span> <span class='ocrx_word' id='word_1_377' title='bbox 1185 1142 1265 1168; x_wconf 75' lang='lat' dir='ltr'><strong>uariis</strong></span> <span class='ocrx_word' id='word_1_378' title='bbox 1281 1150 1342 1169; x_wconf 69' lang='lat' dir='ltr'><strong>mss.</strong></span> <span class='ocrx_word' id='word_1_379' title='bbox 1359 1142 1553 1176; x_wconf 69' lang='lat' dir='ltr'><strong>exemplaribus</strong></span> <span class='ocrx_word' id='word_1_380' title='bbox 1568 1141 1680 1173; x_wconf 65' lang='lat' dir='ltr'><strong>Gratis,</strong></span> <span class='ocrx_word' id='word_1_381' title='bbox 1692 1142 1776 1176; x_wconf 72' lang='lat' dir='ltr'><strong>deque</strong></span> <span class='ocrx_word' id='word_1_382' title='bbox 1791 1142 1859 1167; x_wconf 82' lang='lat' dir='ltr'><strong>anti-</strong></span> 
     </span>
    </p>
   </div>
   <div class='ocr_carea' id='block_1_54' title="bbox 1103 1176 1859 1212">
    <p class='ocr_par' dir='ltr' id='par_1_54' title="bbox 1103 1176 1859 1212">
     <span class='ocr_line' id='line_1_54' title="bbox 1103 1176 1859 1212; baseline 0 -9"><span class='ocrx_word' id='word_1_383' title='bbox 1103 1185 1155 1209; x_wconf 85' lang='lat' dir='ltr'><strong>qua</strong></span> <span class='ocrx_word' id='word_1_384' title='bbox 1177 1176 1282 1204; x_wconf 81' lang='lat' dir='ltr'><strong>Roberti</strong></span> <span class='ocrx_word' id='word_1_385' title='bbox 1303 1177 1495 1205; x_wconf 79' lang='lat' dir='ltr'><strong>Lincolniensis</strong></span> <span class='ocrx_word' id='word_1_386' title='bbox 1517 1178 1632 1212; x_wconf 78' lang='lat' dir='ltr'><strong>episcopi</strong></span> <span class='ocrx_word' id='word_1_387' title='bbox 1660 1178 1778 1204; x_wconf 76' lang='lat' dir='ltr'><strong>versione</strong></span> <span class='ocrx_word' id='word_1_388' title='bbox 1800 1177 1859 1211; x_wconf 80' lang='lat' dir='ltr'><strong>agi-</strong></span> 
     </span>
    </p>
   </div>
   <div class='ocr_carea' id='block_1_55' title="bbox 1104 1218 1153 1239">
    <p class='ocr_par' dir='ltr' id='par_1_55' title="bbox 1104 1218 1153 1239">
     <span class='ocr_line' id='line_1_55' title="bbox 1104 1218 1153 1239; baseline 0 0"><span class='ocrx_word' id='word_1_389' title='bbox 1104 1218 1153 1239; x_wconf 88' lang='lat' dir='ltr'><strong>tur.</strong></span> 
     </span>
    </p>
   </div>
   <div class='ocr_carea' id='block_1_56' title="bbox 1105 1269 1858 1305">
    <p class='ocr_par' dir='ltr' id='par_1_56' title="bbox 1105 1269 1858 1305">
     <span class='ocr_line' id='line_1_56' title="bbox 1105 1269 1858 1305; baseline 0 -9"><span class='ocrx_word' id='word_1_390' title='bbox 1105 1269 1191 1304; x_wconf 82' lang='lat' dir='ltr'><strong>llujus</strong></span> <span class='ocrx_word' id='word_1_391' title='bbox 1217 1271 1308 1305; x_wconf 88' lang='lat' dir='ltr'><strong>operis</strong></span> <span class='ocrx_word' id='word_1_392' title='bbox 1335 1271 1410 1298; x_wconf 86' lang='lat' dir='ltr'><strong>varia</strong></span> <span class='ocrx_word' id='word_1_393' title='bbox 1427 1270 1660 1298; x_wconf 78' lang='lat' dir='ltr'><strong>circumferuntur</strong></span> <span class='ocrx_word' id='word_1_394' title='bbox 1682 1278 1752 1298; x_wconf 90' lang='lat' dir='ltr'><strong>mss.</strong></span> <span class='ocrx_word' id='word_1_395' title='bbox 1763 1277 1858 1297; x_wconf 73' lang='lat' dir='ltr'><strong>exem-</strong></span> 
     </span>
    </p>
   </div>
   <div class='ocr_carea' id='block_1_57' title="bbox 1068 1315 1859 1350">
    <p class='ocr_par' dir='ltr' id='par_1_57' title="bbox 1068 1315 1859 1350">
     <span class='ocr_line' id='line_1_57' title="bbox 1068 1315 1859 1350; baseline 0 -7"><span class='ocrx_word' id='word_1_396' title='bbox 1068 1315 1154 1350; x_wconf 86' lang='lat' dir='ltr'><strong>plaria</strong></span> <span class='ocrx_word' id='word_1_397' title='bbox 1171 1316 1275 1349; x_wconf 74' lang='lat' dir='ltr'><strong>Graeca,</strong></span> <span class='ocrx_word' id='word_1_398' title='bbox 1299 1317 1366 1344; x_wconf 88' lang='lat' dir='ltr'><strong>viris</strong></span> <span class='ocrx_word' id='word_1_399' title='bbox 1378 1317 1492 1344; x_wconf 89' lang='lat' dir='ltr'><strong>eruditis</strong></span> <span class='ocrx_word' id='word_1_400' title='bbox 1512 1317 1633 1348; x_wconf 83' lang='lat' dir='ltr'><strong>laudata,</strong></span> <span class='ocrx_word' id='word_1_401' title='bbox 1650 1316 1859 1344; x_wconf 80' lang='lat' dir='ltr'><strong>Montlauconio</strong></span> 
     </span>
    </p>
   </div>
   <div class='ocr_carea' id='block_1_58' title="bbox 1069 1362 1858 1398">
    <p class='ocr_par' dir='ltr' id='par_1_58' title="bbox 1069 1362 1858 1398">
     <span class='ocr_line' id='line_1_58' title="bbox 1069 1362 1858 1398; baseline 0 -9"><span class='ocrx_word' id='word_1_402' title='bbox 1069 1363 1129 1397; x_wconf 74' lang='grc'><strong>(44)</strong></span> <span class='ocrx_word' id='word_1_403' title='bbox 1143 1363 1169 1389; x_wconf 92' lang='lat' dir='ltr'><strong>in</strong></span> <span class='ocrx_word' id='word_1_404' title='bbox 1182 1363 1288 1398; x_wconf 81' lang='lat' dir='ltr'><strong>primis,</strong></span> <span class='ocrx_word' id='word_1_405' title='bbox 1303 1362 1432 1395; x_wconf 76' lang='lat' dir='ltr'><strong>Noun-io,</strong></span> <span class='ocrx_word' id='word_1_406' title='bbox 1455 1362 1590 1396; x_wconf 83' lang='lat' dir='ltr'><strong>Simonio,</strong></span> <span class='ocrx_word' id='word_1_407' title='bbox 1606 1363 1762 1390; x_wconf 87' lang='lat' dir='ltr'><strong>Warthono</strong></span> <span class='ocrx_word' id='word_1_408' title='bbox 1774 1363 1805 1389; x_wconf 91' lang='lat' dir='ltr'><strong>ll.</strong></span> <span class='ocrx_word' id='word_1_409' title='bbox 1815 1370 1858 1389; x_wconf 84' lang='lat' dir='ltr'><strong>cc.</strong></span> 
     </span>
    </p>
   </div>
   <div class='ocr_carea' id='block_1_59' title="bbox 1068 1408 1860 1445">
    <p class='ocr_par' dir='ltr' id='par_1_59' title="bbox 1068 1408 1860 1445">
     <span class='ocr_line' id='line_1_59' title="bbox 1068 1408 1860 1445; baseline 0.001 -10"><span class='ocrx_word' id='word_1_410' title='bbox 1068 1409 1193 1444; x_wconf 83' lang='lat' dir='ltr'><strong>aliisque.</strong></span> <span class='ocrx_word' id='word_1_411' title='bbox 1217 1408 1268 1437; x_wconf 88' lang='lat' dir='ltr'><strong>Ms.</strong></span> <span class='ocrx_word' id='word_1_412' title='bbox 1298 1409 1534 1445; x_wconf 74' lang='lat' dir='ltr'><strong>Cantabrigiensis</strong></span> <span class='ocrx_word' id='word_1_413' title='bbox 1562 1409 1687 1436; x_wconf 88' lang='lat' dir='ltr'><strong>meminit</strong></span> <span class='ocrx_word' id='word_1_414' title='bbox 1715 1408 1860 1436; x_wconf 77' lang='lat' dir='ltr'><strong>Fabricius</strong></span> 
     </span>
    </p>
   </div>
   <div class='ocr_carea' id='block_1_60' title="bbox 1069 1455 1861 1492">
    <p class='ocr_par' dir='ltr' id='par_1_60' title="bbox 1069 1455 1861 1492">
     <span class='ocr_line' id='line_1_60' title="bbox 1069 1455 1861 1492; baseline 0 -9"><span class='ocrx_word' id='word_1_415' title='bbox 1069 1456 1137 1492; x_wconf 66' lang='grc' dir='ltr'><strong>(ιδ),</strong></span> <span class='ocrx_word' id='word_1_416' title='bbox 1152 1456 1267 1491; x_wconf 87' lang='lat' dir='ltr'><strong>ejusque</strong></span> <span class='ocrx_word' id='word_1_417' title='bbox 1281 1456 1374 1484; x_wconf 86' lang='lat' dir='ltr'><strong>titulos</strong></span> <span class='ocrx_word' id='word_1_418' title='bbox 1390 1463 1437 1483; x_wconf 90' lang='lat' dir='ltr'><strong>seu</strong></span> <span class='ocrx_word' id='word_1_419' title='bbox 1457 1456 1578 1490; x_wconf 89' lang='lat' dir='ltr'><strong>capitum</strong></span> <span class='ocrx_word' id='word_1_420' title='bbox 1591 1456 1744 1483; x_wconf 83' lang='lat' dir='ltr'><strong>summaria</strong></span> <span class='ocrx_word' id='word_1_421' title='bbox 1763 1455 1861 1482; x_wconf 66' lang='lat' dir='ltr'><strong>Graece</strong></span> 
     </span>
    </p>
   </div>
   <div class='ocr_carea' id='block_1_61' title="bbox 1068 1500 1861 1534">
    <p class='ocr_par' dir='ltr' id='par_1_61' title="bbox 1068 1500 1861 1534">
     <span class='ocr_line' id='line_1_61' title="bbox 1068 1500 1861 1534; baseline -0.003 -4"><span class='ocrx_word' id='word_1_422' title='bbox 1068 1503 1174 1534; x_wconf 85' lang='lat' dir='ltr'><strong>recitat,</strong></span> <span class='ocrx_word' id='word_1_423' title='bbox 1190 1502 1257 1529; x_wconf 90' lang='lat' dir='ltr'><strong>nihil</strong></span> <span class='ocrx_word' id='word_1_424' title='bbox 1274 1507 1365 1529; x_wconf 84' lang='lat' dir='ltr'><strong>tamen</strong></span> <span class='ocrx_word' id='word_1_425' title='bbox 1385 1502 1420 1529; x_wconf 90' lang='lat' dir='ltr'><strong>ab</strong></span> <span class='ocrx_word' id='word_1_426' title='bbox 1434 1501 1507 1529; x_wconf 89' lang='lat' dir='ltr'><strong>edito</strong></span> <span class='ocrx_word' id='word_1_427' title='bbox 1522 1501 1661 1529; x_wconf 87' lang='lat' dir='ltr'><strong>Grabiano</strong></span> <span class='ocrx_word' id='word_1_428' title='bbox 1681 1502 1803 1529; x_wconf 87' lang='lat' dir='ltr'><strong>diversa.</strong></span> <span class='ocrx_word' id='word_1_429' title='bbox 1821 1500 1861 1528; x_wconf 84' lang='lat' dir='ltr'><strong>De</strong></span> 
     </span>
    </p>
   </div>
   <div class='ocr_carea' id='block_1_62' title="bbox 267 1542 1016 1583">
    <p class='ocr_par' dir='ltr' id='par_1_62' title="bbox 267 1542 1014 1576">
     <span class='ocr_line' id='line_1_62' title="bbox 267 1542 1014 1576; baseline -0.007 -4"><span class='ocrx_word' id='word_1_430' title='bbox 267 1555 275 1571; x_wconf 87' lang='grc' dir='ltr'><strong>ι</strong></span> <span class='ocrx_word' id='word_1_431' title='bbox 299 1545 370 1572; x_wconf 88' lang='lat' dir='ltr'><strong>Ecce</strong></span> <span class='ocrx_word' id='word_1_432' title='bbox 396 1544 554 1575; x_wconf 79' lang='lat' dir='ltr'><strong>Christum,</strong></span> <span class='ocrx_word' id='word_1_433' title='bbox 583 1542 735 1576; x_wconf 87' lang='lat' dir='ltr'><strong>Dominum,</strong></span> <span class='ocrx_word' id='word_1_434' title='bbox 768 1542 863 1574; x_wconf 77' lang='lat' dir='ltr'><strong>Deum,</strong></span> <span class='ocrx_word' id='word_1_435' title='bbox 890 1549 1014 1576; x_wconf 82' lang='lat' dir='ltr'><strong>magnum</strong></span> 
     </span>
    </p>
   </div>
   <div class='ocr_carea' id='block_1_63' title="bbox 1070 1542 1861 1583">
    <p class='ocr_par' dir='ltr' id='par_1_63' title="bbox 1070 1546 1861 1582">
     <span class='ocr_line' id='line_1_63' title="bbox 1070 1546 1861 1582; baseline -0.004 -6"><span class='ocrx_word' id='word_1_436' title='bbox 1070 1548 1210 1576; x_wconf 86' lang='lat' dir='ltr'><strong>codicibus</strong></span> <span class='ocrx_word' id='word_1_437' title='bbox 1222 1553 1314 1575; x_wconf 84' lang='lat' dir='ltr'><strong>autem</strong></span> <span class='ocrx_word' id='word_1_438' title='bbox 1338 1547 1496 1582; x_wconf 75' lang='lat' dir='ltr'><strong>Anglicanis</strong></span> <span class='ocrx_word' id='word_1_439' title='bbox 1516 1555 1579 1574; x_wconf 74' lang='lat' dir='ltr'><strong>mox</strong></span> <span class='ocrx_word' id='word_1_440' title='bbox 1594 1547 1678 1578; x_wconf 80' lang='lat' dir='ltr'><strong>infra.</strong></span> <span class='ocrx_word' id='word_1_441' title='bbox 1692 1547 1739 1574; x_wconf 86' lang='lat' dir='ltr'><strong>ubi</strong></span> <span class='ocrx_word' id='word_1_442' title='bbox 1755 1547 1790 1573; x_wconf 87' lang='lat' dir='ltr'><strong>de</strong></span> <span class='ocrx_word' id='word_1_443' title='bbox 1801 1546 1861 1573; x_wconf 88' lang='lat' dir='ltr'><strong>edi-</strong></span> 
     </span>
    </p>
   </div>
   <div class='ocr_carea' id='block_1_64' title="bbox 229 1588 1016 1624">
    <p class='ocr_par' dir='ltr' id='par_1_64' title="bbox 229 1588 1016 1624">
     <span class='ocr_line' id='line_1_64' title="bbox 229 1588 1016 1624; baseline -0.006 -5"><span class='ocrx_word' id='word_1_444' title='bbox 229 1592 323 1624; x_wconf 82' lang='lat' dir='ltr'><strong>Deum,</strong></span> <span class='ocrx_word' id='word_1_445' title='bbox 344 1591 525 1622; x_wconf 73' lang='lat' dir='ltr'><strong>ditissimum,</strong></span> <span class='ocrx_word' id='word_1_446' title='bbox 543 1589 672 1616; x_wconf 84' lang='lat' dir='ltr'><strong>Sanctum</strong></span> <span class='ocrx_word' id='word_1_447' title='bbox 693 1588 797 1622; x_wconf 81' lang='lat' dir='ltr'><strong>Israel,</strong></span> <span class='ocrx_word' id='word_1_448' title='bbox 814 1593 880 1621; x_wconf 85' lang='lat' dir='ltr'><strong>elc.,</strong></span> <span class='ocrx_word' id='word_1_449' title='bbox 897 1588 1016 1622; x_wconf 83' lang='lat' dir='ltr'><strong>appella—</strong></span> 
     </span>
    </p>
   </div>
   <div class='ocr_carea' id='block_1_65' title="bbox 229 1635 1015 1673">
    <p class='ocr_par' dir='ltr' id='par_1_65' title="bbox 229 1635 1015 1673">
     <span class='ocr_line' id='line_1_65' title="bbox 229 1635 1015 1673; baseline -0.005 -8"><span class='ocrx_word' id='word_1_450' title='bbox 229 1642 297 1665; x_wconf 90' lang='lat' dir='ltr'><strong>tum.</strong></span> <span class='ocrx_word' id='word_1_451' title='bbox 314 1647 323 1664; x_wconf 83' lang='grc'><strong>›</strong></span> <span class='ocrx_word' id='word_1_452' title='bbox 338 1636 475 1664; x_wconf 81' lang='lat' dir='ltr'><strong>Hactenus</strong></span> <span class='ocrx_word' id='word_1_453' title='bbox 486 1636 611 1663; x_wconf 87' lang='lat' dir='ltr'><strong>eruditus</strong></span> <span class='ocrx_word' id='word_1_454' title='bbox 630 1635 749 1673; x_wconf 75' lang='lat' dir='ltr'><strong>Grabius</strong></span> <span class='ocrx_word' id='word_1_455' title='bbox 765 1644 770 1662; x_wconf 89' lang='lat'>:</span> <span class='ocrx_word' id='word_1_456' title='bbox 784 1643 799 1662; x_wconf 88' lang='lat' dir='ltr'><strong>a</strong></span> <span class='ocrx_word' id='word_1_457' title='bbox 817 1642 871 1669; x_wconf 87' lang='lat' dir='ltr'><strong>quo</strong></span> <span class='ocrx_word' id='word_1_458' title='bbox 887 1635 946 1661; x_wconf 66' lang='lat' dir='ltr'><strong>hate</strong></span> <span class='ocrx_word' id='word_1_459' title='bbox 967 1641 1015 1661; x_wconf 83' lang='lat' dir='ltr'><strong>ea-</strong></span> 
     </span>
    </p>
   </div>
   <div class='ocr_carea' id='block_1_66' title="bbox 227 1680 1015 1710">
    <p class='ocr_par' dir='ltr' id='par_1_66' title="bbox 227 1680 1015 1710">
     <span class='ocr_line' id='line_1_66' title="bbox 227 1680 1015 1710; baseline -0.004 0"><span class='ocrx_word' id='word_1_460' title='bbox 227 1683 289 1710; x_wconf 90' lang='lat' dir='ltr'><strong>dem</strong></span> <span class='ocrx_word' id='word_1_461' title='bbox 301 1686 439 1710; x_wconf 83' lang='lat' dir='ltr'><strong>contracta</strong></span> <span class='ocrx_word' id='word_1_462' title='bbox 451 1685 591 1709; x_wconf 84' lang='lat' dir='ltr'><strong>mutuatus</strong></span> <span class='ocrx_word' id='word_1_463' title='bbox 606 1685 647 1709; x_wconf 87' lang='lat' dir='ltr'><strong>est</strong></span> <span class='ocrx_word' id='word_1_464' title='bbox 663 1680 828 1708; x_wconf 84' lang='lat' dir='ltr'><strong>Prudentius</strong></span> <span class='ocrx_word' id='word_1_465' title='bbox 846 1680 975 1708; x_wconf 83' lang='lat' dir='ltr'><strong>Maranus</strong></span> <span class='ocrx_word' id='word_1_466' title='bbox 988 1680 1015 1706; x_wconf 94' lang='lat' dir='ltr'><strong>in</strong></span> 
     </span>
    </p>
   </div>
   <div class='ocr_carea' id='block_1_67' title="bbox 229 1725 1015 1764">
    <p class='ocr_par' dir='ltr' id='par_1_67' title="bbox 229 1725 1015 1764">
     <span class='ocr_line' id='line_1_67' title="bbox 229 1725 1015 1764; baseline -0.005 -7"><span class='ocrx_word' id='word_1_467' title='bbox 229 1729 366 1764; x_wconf 70' lang='lat' dir='ltr'><strong>praestanti</strong></span> <span class='ocrx_word' id='word_1_468' title='bbox 396 1736 479 1764; x_wconf 84' lang='lat' dir='ltr'><strong>opere</strong></span> <span class='ocrx_word' id='word_1_469' title='bbox 501 1728 633 1763; x_wconf 85' lang='lat' dir='ltr'><strong>inscripto</strong></span> <span class='ocrx_word' id='word_1_470' title='bbox 655 1737 662 1754; x_wconf 88' lang='lat'>:</span> <span class='ocrx_word' id='word_1_471' title='bbox 685 1727 816 1754; x_wconf 84' lang='lat' dir='ltr'><strong>bivinitas</strong></span> <span class='ocrx_word' id='word_1_472' title='bbox 839 1727 874 1754; x_wconf 83' lang='lat'><strong>1).</strong></span> <span class='ocrx_word' id='word_1_473' title='bbox 892 1725 970 1754; x_wconf 75' lang='lat' dir='ltr'><strong>NJ.</strong></span> <span class='ocrx_word' id='word_1_474' title='bbox 985 1725 1015 1753; x_wconf 74' lang='grc' dir='ltr'><strong>(ἱ.</strong></span> 
     </span>
    </p>
   </div>
   <div class='ocr_carea' id='block_1_68' title="bbox 228 1773 1017 1811">
    <p class='ocr_par' dir='ltr' id='par_1_68' title="bbox 228 1773 1017 1811">
     <span class='ocr_line' id='line_1_68' title="bbox 228 1773 1017 1811; baseline -0.005 -8"><span class='ocrx_word' id='word_1_475' title='bbox 228 1776 372 1811; x_wconf 81' lang='lat' dir='ltr'><strong>manifesta</strong></span> <span class='ocrx_word' id='word_1_476' title='bbox 389 1776 417 1802; x_wconf 89' lang='lat' dir='ltr'><strong>in</strong></span> <span class='ocrx_word' id='word_1_477' title='bbox 431 1775 579 1809; x_wconf 84' lang='lat' dir='ltr'><strong>Scripturis</strong></span> <span class='ocrx_word' id='word_1_478' title='bbox 591 1779 615 1801; x_wconf 84' lang='lat' dir='ltr'><strong>et</strong></span> <span class='ocrx_word' id='word_1_479' title='bbox 632 1774 775 1800; x_wconf 82' lang='lat' dir='ltr'><strong>traditione</strong></span> <span class='ocrx_word' id='word_1_480' title='bbox 787 1773 854 1809; x_wconf 72' lang='grc' dir='ltr'><strong>(Η).</strong></span> <span class='ocrx_word' id='word_1_481' title='bbox 866 1773 952 1808; x_wconf 85' lang='lat' dir='ltr'><strong>Cujus</strong></span> <span class='ocrx_word' id='word_1_482' title='bbox 967 1773 1017 1799; x_wconf 90' lang='lat' dir='ltr'><strong>viri</strong></span> 
     </span>
    </p>
   </div>
   <div class='ocr_carea' id='block_1_69' title="bbox 228 1819 1017 1857">
    <p class='ocr_par' dir='ltr' id='par_1_69' title="bbox 228 1819 1017 1857">
     <span class='ocr_line' id='line_1_69' title="bbox 228 1819 1017 1857; baseline -0.005 -7"><span class='ocrx_word' id='word_1_483' title='bbox 228 1822 381 1850; x_wconf 81' lang='lat' dir='ltr'><strong>doctissimi</strong></span> <span class='ocrx_word' id='word_1_484' title='bbox 394 1821 529 1857; x_wconf 89' lang='lat' dir='ltr'><strong>judicium</strong></span> <span class='ocrx_word' id='word_1_485' title='bbox 543 1821 578 1848; x_wconf 86' lang='lat' dir='ltr'><strong>de</strong></span> <span class='ocrx_word' id='word_1_486' title='bbox 595 1821 693 1847; x_wconf 88' lang='lat' dir='ltr'><strong>horum</strong></span> <span class='ocrx_word' id='word_1_487' title='bbox 705 1819 943 1848; x_wconf 86' lang='lat' dir='ltr'><strong>Testamentorum</strong></span> <span class='ocrx_word' id='word_1_488' title='bbox 966 1827 1017 1846; x_wconf 90' lang='lat' dir='ltr'><strong>au-</strong></span> 
     </span>
    </p>
   </div>
   <div class='ocr_carea' id='block_1_70' title="bbox 228 1865 1018 1902">
    <p class='ocr_par' dir='ltr' id='par_1_70' title="bbox 228 1865 1018 1902">
     <span class='ocr_line' id='line_1_70' title="bbox 228 1865 1018 1902; baseline -0.005 -6"><span class='ocrx_word' id='word_1_489' title='bbox 228 1874 302 1896; x_wconf 89' lang='lat' dir='ltr'><strong>ctore</strong></span> <span class='ocrx_word' id='word_1_490' title='bbox 320 1868 478 1895; x_wconf 88' lang='lat' dir='ltr'><strong>inmedium</strong></span> <span class='ocrx_word' id='word_1_491' title='bbox 495 1866 618 1902; x_wconf 78' lang='lat' dir='ltr'><strong>proferre</strong></span> <span class='ocrx_word' id='word_1_492' title='bbox 633 1866 718 1900; x_wconf 88' lang='lat' dir='ltr'><strong>libet,</strong></span> <span class='ocrx_word' id='word_1_493' title='bbox 733 1874 789 1901; x_wconf 90' lang='lat' dir='ltr'><strong>quo</strong></span> <span class='ocrx_word' id='word_1_494' title='bbox 802 1866 890 1901; x_wconf 73' lang='lat' dir='ltr'><strong>magis</strong></span> <span class='ocrx_word' id='word_1_495' title='bbox 911 1865 956 1892; x_wconf 90' lang='lat' dir='ltr'><strong>illa</strong></span> <span class='ocrx_word' id='word_1_496' title='bbox 972 1865 1018 1892; x_wconf 88' lang='lat' dir='ltr'><strong>lir-</strong></span> 
     </span>
    </p>
   </div>
   <div class='ocr_carea' id='block_1_71' title="bbox 227 1911 1018 1949">
    <p class='ocr_par' dir='ltr' id='par_1_71' title="bbox 227 1911 1018 1949">
     <span class='ocr_line' id='line_1_71' title="bbox 227 1911 1018 1949; baseline -0.004 -7"><span class='ocrx_word' id='word_1_497' title='bbox 227 1919 338 1942; x_wconf 86' lang='lat' dir='ltr'><strong>mentur</strong></span> <span class='ocrx_word' id='word_1_498' title='bbox 351 1922 412 1949; x_wconf 75' lang='lat' dir='ltr'><strong>qua:</strong></span> <span class='ocrx_word' id='word_1_499' title='bbox 435 1914 469 1941; x_wconf 81' lang='lat' dir='ltr'><strong>de</strong></span> <span class='ocrx_word' id='word_1_500' title='bbox 492 1913 580 1948; x_wconf 87' lang='lat' dir='ltr'><strong>ipsius</strong></span> <span class='ocrx_word' id='word_1_501' title='bbox 602 1919 684 1947; x_wconf 88' lang='lat' dir='ltr'><strong>opere</strong></span> <span class='ocrx_word' id='word_1_502' title='bbox 704 1911 896 1940; x_wconf 89' lang='lat' dir='ltr'><strong>disseruimus.</strong></span> <span class='ocrx_word' id='word_1_503' title='bbox 915 1921 924 1937; x_wconf 83' lang='grc' dir='ltr'><strong>ι</strong></span> <span class='ocrx_word' id='word_1_504' title='bbox 940 1911 1018 1939; x_wconf 83' lang='lat' dir='ltr'><strong>Hune</strong></span> 
     </span>
    </p>
   </div>
   <div class='ocr_carea' id='block_1_72' title="bbox 229 1958 1018 1996">
    <p class='ocr_par' dir='ltr' id='par_1_72' title="bbox 229 1958 1018 1996">
     <span class='ocr_line' id='line_1_72' title="bbox 229 1958 1018 1996; baseline -0.006 -7"><span class='ocrx_word' id='word_1_505' title='bbox 229 1962 412 1996; x_wconf 78' lang='lat' dir='ltr'><strong>scriptorem,</strong></span> <span class='ocrx_word' id='word_1_506' title='bbox 439 1960 545 1995; x_wconf 88' lang='lat' dir='ltr'><strong>inquit,</strong></span> <span class='ocrx_word' id='word_1_507' title='bbox 560 1959 684 1986; x_wconf 60' lang='lat' dir='ltr'><strong>Judaeum</strong></span> <span class='ocrx_word' id='word_1_508' title='bbox 709 1958 795 1986; x_wconf 82' lang='lat' dir='ltr'><strong>fuisse</strong></span> <span class='ocrx_word' id='word_1_509' title='bbox 818 1958 939 1986; x_wconf 81' lang='lat' dir='ltr'><strong>declarat</strong></span> <span class='ocrx_word' id='word_1_510' title='bbox 959 1958 1018 1992; x_wconf 91' lang='lat' dir='ltr'><strong>plu-</strong></span> 
     </span>
    </p>
   </div>
   <div class='ocr_carea' id='block_1_73' title="bbox 228 2004 1024 2035">
    <p class='ocr_par' dir='ltr' id='par_1_73' title="bbox 228 2004 1024 2035">
     <span class='ocr_line' id='line_1_73' title="bbox 228 2004 1024 2035; baseline -0.005 0"><span class='ocrx_word' id='word_1_511' title='bbox 228 2008 316 2035; x_wconf 88' lang='lat' dir='ltr'><strong>rimus</strong></span> <span class='ocrx_word' id='word_1_512' title='bbox 343 2007 519 2034; x_wconf 83' lang='lat' dir='ltr'><strong>Judaicarum</strong></span> <span class='ocrx_word' id='word_1_513' title='bbox 544 2005 700 2033; x_wconf 82' lang='lat' dir='ltr'><strong>fabularum</strong></span> <span class='ocrx_word' id='word_1_514' title='bbox 723 2013 810 2033; x_wconf 89' lang='lat' dir='ltr'><strong>usus:</strong></span> <span class='ocrx_word' id='word_1_515' title='bbox 827 2004 1024 2032; x_wconf 87' lang='lat' dir='ltr'><strong>Christianum</strong></span> 
     </span>
    </p>
   </div>
   <div class='ocr_carea' id='block_1_74' title="bbox 228 2052 1016 2087">
    <p class='ocr_par' dir='ltr' id='par_1_74' title="bbox 228 2052 1016 2087">
     <span class='ocr_line' id='line_1_74' title="bbox 228 2052 1016 2087; baseline -0.001 -6"><span class='ocrx_word' id='word_1_516' title='bbox 228 2061 312 2086; x_wconf 86' lang='lat' dir='ltr'><strong>vero,</strong></span> <span class='ocrx_word' id='word_1_517' title='bbox 338 2053 453 2080; x_wconf 89' lang='lat' dir='ltr'><strong>nimium</strong></span> <span class='ocrx_word' id='word_1_518' title='bbox 475 2056 576 2087; x_wconf 72' lang='lat' dir='ltr'><strong>aperta:</strong></span> <span class='ocrx_word' id='word_1_519' title='bbox 598 2052 632 2079; x_wconf 88' lang='lat' dir='ltr'><strong>de</strong></span> <span class='ocrx_word' id='word_1_520' title='bbox 663 2052 772 2079; x_wconf 89' lang='lat' dir='ltr'><strong>Christo</strong></span> <span class='ocrx_word' id='word_1_521' title='bbox 806 2052 1016 2086; x_wconf 73' lang='lat' dir='ltr'><strong>pra-dictiones,</strong></span> 
     </span>
    </p>
   </div>
   <div class='ocr_carea' id='block_1_75' title="bbox 229 2097 1016 2135">
    <p class='ocr_par' dir='ltr' id='par_1_75' title="bbox 229 2097 1016 2135">
     <span class='ocr_line' id='line_1_75' title="bbox 229 2097 1016 2135; baseline -0.005 -7"><span class='ocrx_word' id='word_1_522' title='bbox 229 2107 311 2135; x_wconf 87' lang='lat' dir='ltr'><strong>quam</strong></span> <span class='ocrx_word' id='word_1_523' title='bbox 329 2104 358 2126; x_wconf 92' lang='lat' dir='ltr'><strong>ut</strong></span> <span class='ocrx_word' id='word_1_524' title='bbox 379 2107 411 2126; x_wconf 81' lang='lat' dir='ltr'><strong>ex</strong></span> <span class='ocrx_word' id='word_1_525' title='bbox 434 2098 539 2126; x_wconf 85' lang='lat' dir='ltr'><strong>eventis</strong></span> <span class='ocrx_word' id='word_1_526' title='bbox 564 2098 632 2125; x_wconf 66' lang='lat' dir='ltr'><strong>[ictae</strong></span> <span class='ocrx_word' id='word_1_527' title='bbox 654 2105 709 2124; x_wconf 90' lang='lat' dir='ltr'><strong>non</strong></span> <span class='ocrx_word' id='word_1_528' title='bbox 732 2097 844 2125; x_wconf 80' lang='lat' dir='ltr'><strong>fuerint.</strong></span> <span class='ocrx_word' id='word_1_529' title='bbox 873 2097 1016 2125; x_wconf 89' lang='lat' dir='ltr'><strong>Seniorem</strong></span> 
     </span>
    </p>
   </div>
   <div class='ocr_carea' id='block_1_76' title="bbox 229 2143 1018 2179">
    <p class='ocr_par' dir='ltr' id='par_1_76' title="bbox 229 2143 1018 2179">
     <span class='ocr_line' id='line_1_76' title="bbox 229 2143 1018 2179; baseline -0.001 -6"><span class='ocrx_word' id='word_1_530' title='bbox 229 2146 329 2174; x_wconf 65' lang='lat' dir='ltr'><strong>saeculo</strong></span> <span class='ocrx_word' id='word_1_531' title='bbox 348 2153 367 2172; x_wconf 92' lang='lat' dir='ltr'><strong>ll</strong></span> <span class='ocrx_word' id='word_1_532' title='bbox 387 2144 510 2172; x_wconf 90' lang='lat' dir='ltr'><strong>nonnulli</strong></span> <span class='ocrx_word' id='word_1_533' title='bbox 525 2145 627 2171; x_wconf 79' lang='lat' dir='ltr'><strong>iaciunt</strong></span> <span class='ocrx_word' id='word_1_534' title='bbox 638 2165 645 2177; x_wconf 89' lang='lat'><strong>,</strong></span> <span class='ocrx_word' id='word_1_535' title='bbox 657 2152 737 2171; x_wconf 82' lang='lat' dir='ltr'><strong>nemo</strong></span> <span class='ocrx_word' id='word_1_536' title='bbox 753 2143 904 2177; x_wconf 86' lang='lat' dir='ltr'><strong>juniorem,</strong></span> <span class='ocrx_word' id='word_1_537' title='bbox 917 2145 1018 2179; x_wconf 85' lang='lat' dir='ltr'><strong>quippe</strong></span> 
     </span>
    </p>
   </div>
   <div class='ocr_carea' id='block_1_77' title="bbox 230 2191 1016 2226">
    <p class='ocr_par' dir='ltr' id='par_1_77' title="bbox 230 2191 1016 2226">
     <span class='ocr_line' id='line_1_77' title="bbox 230 2191 1016 2226; baseline -0.001 -7"><span class='ocrx_word' id='word_1_538' title='bbox 230 2200 292 2220; x_wconf 91' lang='lat' dir='ltr'><strong>eum</strong></span> <span class='ocrx_word' id='word_1_539' title='bbox 303 2191 337 2219; x_wconf 92' lang='lat' dir='ltr'><strong>ab</strong></span> <span class='ocrx_word' id='word_1_540' title='bbox 351 2191 468 2226; x_wconf 77' lang='lat' dir='ltr'><strong>Origene</strong></span> <span class='ocrx_word' id='word_1_541' title='bbox 485 2191 581 2218; x_wconf 89' lang='lat' dir='ltr'><strong>homil.</strong></span> <span class='ocrx_word' id='word_1_542' title='bbox 595 2199 628 2218; x_wconf 80' lang='lat' dir='ltr'><strong>xv</strong></span> <span class='ocrx_word' id='word_1_543' title='bbox 661 2193 688 2219; x_wconf 88' lang='lat' dir='ltr'><strong>in</strong></span> <span class='ocrx_word' id='word_1_544' title='bbox 703 2191 785 2219; x_wconf 73' lang='lat' dir='ltr'><strong>Iosue</strong></span> <span class='ocrx_word' id='word_1_545' title='bbox 806 2191 906 2218; x_wconf 87' lang='lat' dir='ltr'><strong>citatus</strong></span> <span class='ocrx_word' id='word_1_546' title='bbox 925 2191 1016 2218; x_wconf 85' lang='lat' dir='ltr'><strong>fuerit.</strong></span> 
     </span>
    </p>
   </div>
   <div class='ocr_carea' id='block_1_78' title="bbox 229 2236 1017 2272">
    <p class='ocr_par' dir='ltr' id='par_1_78' title="bbox 229 2236 1017 2272">
     <span class='ocr_line' id='line_1_78' title="bbox 229 2236 1017 2272; baseline -0.001 -6"><span class='ocrx_word' id='word_1_547' title='bbox 229 2238 347 2266; x_wconf 83' lang='lat' dir='ltr'><strong>Grabius</strong></span> <span class='ocrx_word' id='word_1_548' title='bbox 368 2238 441 2265; x_wconf 92' lang='lat' dir='ltr'><strong>hunc</strong></span> <span class='ocrx_word' id='word_1_549' title='bbox 455 2237 552 2264; x_wconf 89' lang='lat' dir='ltr'><strong>librum</strong></span> <span class='ocrx_word' id='word_1_550' title='bbox 571 2238 636 2264; x_wconf 93' lang='lat' dir='ltr'><strong>olim</strong></span> <span class='ocrx_word' id='word_1_551' title='bbox 653 2245 668 2264; x_wconf 90' lang='lat' dir='ltr'><strong>a</strong></span> <span class='ocrx_word' id='word_1_552' title='bbox 683 2236 779 2264; x_wconf 74' lang='lat' dir='ltr'><strong>Judzeo</strong></span> <span class='ocrx_word' id='word_1_553' title='bbox 802 2237 934 2272; x_wconf 83' lang='lat' dir='ltr'><strong>scriptum</strong></span> <span class='ocrx_word' id='word_1_554' title='bbox 954 2242 1017 2265; x_wconf 86' lang='lat' dir='ltr'><strong>ante</strong></span> 
     </span>
    </p>
   </div>
   <div class='ocr_carea' id='block_1_79' title="bbox 229 2283 1018 2315">
    <p class='ocr_par' dir='ltr' id='par_1_79' title="bbox 229 2283 1018 2315">
     <span class='ocr_line' id='line_1_79' title="bbox 229 2283 1018 2315; baseline 0 -3"><span class='ocrx_word' id='word_1_555' title='bbox 229 2284 329 2312; x_wconf 80' lang='lat' dir='ltr'><strong>Christi</strong></span> <span class='ocrx_word' id='word_1_556' title='bbox 345 2288 446 2315; x_wconf 88' lang='lat' dir='ltr'><strong>ortum,</strong></span> <span class='ocrx_word' id='word_1_557' title='bbox 461 2288 514 2311; x_wconf 86' lang='lat' dir='ltr'><strong>cla</strong></span> <span class='ocrx_word' id='word_1_558' title='bbox 533 2283 690 2311; x_wconf 82' lang='lat' dir='ltr'><strong>Christiano</strong></span> <span class='ocrx_word' id='word_1_559' title='bbox 706 2284 807 2311; x_wconf 63' lang='lat' dir='ltr'><strong>smeulo</strong></span> <span class='ocrx_word' id='word_1_560' title='bbox 822 2292 830 2311; x_wconf 85' lang='grc' dir='ltr'><strong>ι</strong></span> <span class='ocrx_word' id='word_1_561' title='bbox 843 2289 960 2311; x_wconf 82' lang='lat' dir='ltr'><strong>exeunte</strong></span> <span class='ocrx_word' id='word_1_562' title='bbox 971 2290 1018 2312; x_wconf 87' lang='lat' dir='ltr'><strong>aut</strong></span> 
     </span>
    </p>
   </div>
   <div class='ocr_carea' id='block_1_80' title="bbox 230 2331 1017 2366">
    <p class='ocr_par' dir='ltr' id='par_1_80' title="bbox 230 2331 1017 2366">
     <span class='ocr_line' id='line_1_80' title="bbox 230 2331 1017 2366; baseline 0.003 -8"><span class='ocrx_word' id='word_1_563' title='bbox 230 2339 248 2358; x_wconf 90' lang='grc' dir='ltr'><strong>ιι</strong></span> <span class='ocrx_word' id='word_1_564' title='bbox 263 2332 373 2358; x_wconf 84' lang='lat' dir='ltr'><strong>ineunte</strong></span> <span class='ocrx_word' id='word_1_565' title='bbox 390 2331 585 2366; x_wconf 82' lang='lat' dir='ltr'><strong>interpolatum</strong></span> <span class='ocrx_word' id='word_1_566' title='bbox 603 2335 690 2366; x_wconf 88' lang='lat' dir='ltr'><strong>putat.</strong></span> <span class='ocrx_word' id='word_1_567' title='bbox 709 2331 763 2359; x_wconf 90' lang='lat' dir='ltr'><strong>Sed</strong></span> <span class='ocrx_word' id='word_1_568' title='bbox 779 2331 837 2359; x_wconf 66' lang='lat' dir='ltr'><strong>haec</strong></span> <span class='ocrx_word' id='word_1_569' title='bbox 854 2332 954 2360; x_wconf 86' lang='lat' dir='ltr'><strong>eruditi</strong></span> <span class='ocrx_word' id='word_1_570' title='bbox 966 2333 1017 2360; x_wconf 89' lang='lat' dir='ltr'><strong>viri</strong></span> 
     </span>
    </p>
   </div>
   <div class='ocr_carea' id='block_1_81' title="bbox 228 2377 1016 2413">
    <p class='ocr_par' dir='ltr' id='par_1_81' title="bbox 228 2377 1016 2413">
     <span class='ocr_line' id='line_1_81' title="bbox 228 2377 1016 2413; baseline 0.001 -9"><span class='ocrx_word' id='word_1_571' title='bbox 228 2377 322 2413; x_wconf 88' lang='lat' dir='ltr'><strong>opinio</strong></span> <span class='ocrx_word' id='word_1_572' title='bbox 335 2377 481 2405; x_wconf 87' lang='lat' dir='ltr'><strong>levissimis</strong></span> <span class='ocrx_word' id='word_1_573' title='bbox 493 2377 659 2412; x_wconf 87' lang='lat' dir='ltr'><strong>conjecturis</strong></span> <span class='ocrx_word' id='word_1_574' title='bbox 679 2378 790 2405; x_wconf 85' lang='lat' dir='ltr'><strong>nititur.</strong></span> <span class='ocrx_word' id='word_1_575' title='bbox 810 2377 885 2405; x_wconf 86' lang='lat' dir='ltr'><strong>Nihil</strong></span> <span class='ocrx_word' id='word_1_576' title='bbox 899 2379 973 2405; x_wconf 91' lang='lat' dir='ltr'><strong>enim</strong></span> <span class='ocrx_word' id='word_1_577' title='bbox 990 2379 1016 2406; x_wconf 94' lang='lat' dir='ltr'><strong>in</strong></span> 
     </span>
    </p>
   </div>
   <div class='ocr_carea' id='block_1_82' title="bbox 229 2422 1015 2458">
    <p class='ocr_par' dir='ltr' id='par_1_82' title="bbox 229 2422 1015 2458">
     <span class='ocr_line' id='line_1_82' title="bbox 229 2422 1015 2458; baseline 0 -8"><span class='ocrx_word' id='word_1_578' title='bbox 229 2424 280 2450; x_wconf 85' lang='lat' dir='ltr'><strong>hoc</strong></span> <span class='ocrx_word' id='word_1_579' title='bbox 292 2430 374 2458; x_wconf 87' lang='lat' dir='ltr'><strong>opere</strong></span> <span class='ocrx_word' id='word_1_580' title='bbox 392 2422 559 2450; x_wconf 88' lang='lat' dir='ltr'><strong>insincerum</strong></span> <span class='ocrx_word' id='word_1_581' title='bbox 574 2426 602 2449; x_wconf 87' lang='lat' dir='ltr'><strong>et</strong></span> <span class='ocrx_word' id='word_1_582' title='bbox 626 2423 775 2450; x_wconf 79' lang='lat' dir='ltr'><strong>interlitum</strong></span> <span class='ocrx_word' id='word_1_583' title='bbox 802 2428 924 2458; x_wconf 84' lang='lat' dir='ltr'><strong>apparet,</strong></span> <span class='ocrx_word' id='word_1_584' title='bbox 947 2424 1015 2450; x_wconf 87' lang='lat' dir='ltr'><strong>nihil</strong></span> 
     </span>
    </p>
   </div>
   <div class='ocr_carea' id='block_1_83' title="bbox 227 2468 1017 2504">
    <p class='ocr_par' dir='ltr' id='par_1_83' title="bbox 227 2468 1017 2504">
     <span class='ocr_line' id='line_1_83' title="bbox 227 2468 1017 2504; baseline 0 -8"><span class='ocrx_word' id='word_1_585' title='bbox 227 2469 302 2504; x_wconf 88' lang='lat' dir='ltr'><strong>quod</strong></span> <span class='ocrx_word' id='word_1_586' title='bbox 322 2475 376 2496; x_wconf 87' lang='lat' dir='ltr'><strong>non</strong></span> <span class='ocrx_word' id='word_1_587' title='bbox 395 2468 536 2503; x_wconf 89' lang='lat' dir='ltr'><strong>proposito</strong></span> <span class='ocrx_word' id='word_1_588' title='bbox 559 2469 704 2496; x_wconf 88' lang='lat' dir='ltr'><strong>conducat.</strong></span> <span class='ocrx_word' id='word_1_589' title='bbox 726 2469 819 2502; x_wconf 84' lang='lat' dir='ltr'><strong>Quare</strong></span> <span class='ocrx_word' id='word_1_590' title='bbox 835 2477 889 2496; x_wconf 90' lang='lat' dir='ltr'><strong>non</strong></span> <span class='ocrx_word' id='word_1_591' title='bbox 905 2475 948 2497; x_wconf 87' lang='lat' dir='ltr'><strong>est</strong></span> <span class='ocrx_word' id='word_1_592' title='bbox 967 2477 1017 2496; x_wconf 90' lang='lat' dir='ltr'><strong>cur</strong></span> 
     </span>
    </p>
   </div>
   <div class='ocr_carea' id='block_1_84' title="bbox 226 2512 1016 2549">
    <p class='ocr_par' dir='ltr' id='par_1_84' title="bbox 226 2512 1016 2549">
     <span class='ocr_line' id='line_1_84' title="bbox 226 2512 1016 2549; baseline 0.003 -9"><span class='ocrx_word' id='word_1_593' title='bbox 226 2521 371 2541; x_wconf 83' lang='lat' dir='ltr'><strong>vereamur</strong></span> <span class='ocrx_word' id='word_1_594' title='bbox 398 2513 454 2540; x_wconf 62' lang='lat' dir='ltr'><strong>haec</strong></span> <span class='ocrx_word' id='word_1_595' title='bbox 471 2512 646 2541; x_wconf 85' lang='lat' dir='ltr'><strong>Testamenta</strong></span> <span class='ocrx_word' id='word_1_596' title='bbox 673 2514 839 2548; x_wconf 82' lang='lat' dir='ltr'><strong>patriarchis</strong></span> <span class='ocrx_word' id='word_1_597' title='bbox 858 2515 1016 2549; x_wconf 80' lang='lat' dir='ltr'><strong>supposita,</strong></span> 
     </span>
    </p>
   </div>
   <div class='ocr_carea' id='block_1_85' title="bbox 228 2560 1018 2596">
    <p class='ocr_par' dir='ltr' id='par_1_85' title="bbox 228 2560 1018 2596">
     <span class='ocr_line' id='line_1_85' title="bbox 228 2560 1018 2596; baseline 0.001 -8"><span class='ocrx_word' id='word_1_598' title='bbox 228 2565 258 2588; x_wconf 87' lang='lat' dir='ltr'><strong>ut</strong></span> <span class='ocrx_word' id='word_1_599' title='bbox 271 2561 511 2596; x_wconf 77' lang='lat' dir='ltr'><strong>germanissimum</strong></span> <span class='ocrx_word' id='word_1_600' title='bbox 526 2568 595 2596; x_wconf 89' lang='lat' dir='ltr'><strong>opus</strong></span> <span class='ocrx_word' id='word_1_601' title='bbox 607 2560 693 2589; x_wconf 69' lang='lat' dir='ltr'><strong>Judaei</strong></span> <span class='ocrx_word' id='word_1_602' title='bbox 707 2561 734 2588; x_wconf 93' lang='lat' dir='ltr'><strong>in</strong></span> <span class='ocrx_word' id='word_1_603' title='bbox 749 2561 891 2589; x_wconf 79' lang='lat' dir='ltr'><strong>Christum</strong></span> <span class='ocrx_word' id='word_1_604' title='bbox 902 2562 1018 2589; x_wconf 67' lang='lat' dir='ltr'><strong>credeno</strong></span> 
     </span>
    </p>
   </div>
   <div class='ocr_carea' id='block_1_86' title="bbox 259 2634 868 2677">
    <p class='ocr_par' dir='ltr' id='par_1_86' title="bbox 259 2634 868 2677">
     <span class='ocr_line' id='line_1_86' title="bbox 259 2634 868 2677; baseline 0.016 -17"><span class='ocrx_word' id='word_1_605' title='bbox 331 2636 446 2677; x_wconf 43' lang='lat' dir='ltr'><strong>festam.</strong></span> <span class='ocrx_word' id='word_1_606' title='bbox 466 2639 683 2677; x_wconf 45' lang='lat' dir='ltr'><strong>xunpatijarcltq</strong></span> <span class='ocrx_word' id='word_1_607' title='bbox 695 2648 755 2676; x_wconf 83' lang='lat' dir='ltr'><strong>cap.</strong></span> <span class='ocrx_word' id='word_1_608' title='bbox 770 2640 798 2674; x_wconf 82' lang='lat'><strong>8,</strong></span> <span class='ocrx_word' id='word_1_609' title='bbox 815 2641 868 2677; x_wconf 62' lang='grc' dir='ltr'><strong>ξε.</strong></span> 
     </span>
    </p>
   </div>
   <div class='ocr_carea' id='block_1_87' title="bbox 258 2670 601 2708">
    <p class='ocr_par' dir='ltr' id='par_1_87' title="bbox 258 2670 601 2708">
     <span class='ocr_line' id='line_1_87' title="bbox 258 2670 601 2708; baseline 0.026 -14"><span class='ocrx_word' id='word_1_610' title='bbox 258 2671 313 2708; x_wconf 59' lang='lat'><strong>(7.9)</strong></span> <span class='ocrx_word' id='word_1_611' title='bbox 331 2670 397 2708; x_wconf 74' lang='lat' dir='ltr'><strong>Ibid.</strong></span> <span class='ocrx_word' id='word_1_612' title='bbox 413 2679 474 2705; x_wconf 87' lang='lat' dir='ltr'><strong>cap.</strong></span> <span class='ocrx_word' id='word_1_613' title='bbox 490 2670 533 2708; x_wconf 61' lang='lat' dir='ltr'><strong>to;</strong></span> <span class='ocrx_word' id='word_1_614' title='bbox 548 2672 601 2708; x_wconf 20' lang='lat'><strong>5,7.</strong></span> 
     </span>
    </p>
   </div>
   <div class='ocr_carea' id='block_1_88' title="bbox 262 2706 632 2742">
    <p class='ocr_par' dir='ltr' id='par_1_88' title="bbox 262 2706 632 2742">
     <span class='ocr_line' id='line_1_88' title="bbox 262 2706 632 2742; baseline 0.008 -10"><span class='ocrx_word' id='word_1_615' title='bbox 262 2706 318 2742; x_wconf 63' lang='grc'><strong>(40)</strong></span> <span class='ocrx_word' id='word_1_616' title='bbox 337 2706 405 2742; x_wconf 73' lang='lat' dir='ltr'><strong>ibid.</strong></span> <span class='ocrx_word' id='word_1_617' title='bbox 421 2715 482 2741; x_wconf 86' lang='lat' dir='ltr'><strong>cap.</strong></span> <span class='ocrx_word' id='word_1_618' title='bbox 498 2706 574 2742; x_wconf 50' lang='lat'><strong>12,—9&#39;</strong></span> <span class='ocrx_word' id='word_1_619' title='bbox 590 2707 632 2735; x_wconf 77' lang='grc'><strong>10.</strong></span> 
     </span>
    </p>
   </div>
   <div class='ocr_carea' id='block_1_89' title="bbox 227 2741 1013 2811">
    <p class='ocr_par' dir='ltr' id='par_1_89' title="bbox 227 2741 1013 2811">
     <span class='ocr_line' id='line_1_89' title="bbox 227 2741 1013 2811; baseline 0.008 -45"><span class='ocrx_word' id='word_1_620' title='bbox 453 2742 542 2769; x_wconf 83' lang='lat' dir='ltr'><strong>Divin.</strong></span> <span class='ocrx_word' id='word_1_621' title='bbox 564 2741 603 2769; x_wconf 75' lang='grc' dir='ltr'><strong>Ὠ.</strong></span> <span class='ocrx_word' id='word_1_622' title='bbox 624 2743 661 2770; x_wconf 85' lang='grc' dir='ltr'><strong>Ν.</strong></span> <span class='ocrx_word' id='word_1_623' title='bbox 678 2743 706 2771; x_wconf 87' lang='lat' dir='ltr'><strong>J.</strong></span> <span class='ocrx_word' id='word_1_624' title='bbox 736 2744 768 2770; x_wconf 72' lang='grc' dir='ltr'><strong>(ἴ.</strong></span> <span class='ocrx_word' id='word_1_625' title='bbox 794 2744 842 2771; x_wconf 89' lang='lat' dir='ltr'><strong>lib.</strong></span> <span class='ocrx_word' id='word_1_626' title='bbox 863 2753 894 2778; x_wconf 88' lang='grc' dir='ltr'>ιι,</span> <span class='ocrx_word' id='word_1_627' title='bbox 908 2753 968 2780; x_wconf 90' lang='lat' dir='ltr'><strong>cap.</strong></span> <span class='ocrx_word' id='word_1_628' title='bbox 988 2746 1013 2779; x_wconf 87' lang='lat' dir='ltr'><strong>l,</strong></span> 
     </span>
    </p>
   </div>
   <div class='ocr_carea' id='block_1_90' title="bbox 226 2797 1007 2872">
    <p class='ocr_par' dir='ltr' id='par_1_90' title="bbox 226 2797 1007 2872">
     <span class='ocr_line' id='line_1_90' title="bbox 226 2797 1007 2872; baseline 0.01 -36"><span class='ocrx_word' id='word_1_629' title='bbox 226 2797 432 2872; x_wconf 43' lang='grc' dir='ltr'><strong>ἒξθητιιῖᾶιῖὗν.</strong></span> <span class='ocrx_word' id='word_1_630' title='bbox 459 2812 558 2846; x_wconf 77' lang='grc' dir='ltr'><strong>Αρρατ.</strong></span> <span class='ocrx_word' id='word_1_631' title='bbox 576 2813 611 2839; x_wconf 79' lang='lat' dir='ltr'><strong>al</strong></span> <span class='ocrx_word' id='word_1_632' title='bbox 637 2814 691 2840; x_wconf 83' lang='lat' dir='ltr'><strong>bibl</strong></span> <span class='ocrx_word' id='word_1_633' title='bbox 714 2814 772 2841; x_wconf 84' lang='lat' dir='ltr'><strong>PP.</strong></span> <span class='ocrx_word' id='word_1_634' title='bbox 801 2819 868 2842; x_wconf 90' lang='lat' dir='ltr'><strong>tom.</strong></span> <span class='ocrx_word' id='word_1_635' title='bbox 895 2815 914 2849; x_wconf 89' lang='lat' dir='ltr'><strong>I,</strong></span> <span class='ocrx_word' id='word_1_636' title='bbox 945 2824 1007 2852; x_wconf 74' lang='lat' dir='ltr'><strong>pag.</strong></span> 
     </span>
    </p>
   </div>
   <div class='ocr_carea' id='block_1_91' title="bbox 263 2878 869 2920">
    <p class='ocr_par' dir='ltr' id='par_1_91' title="bbox 263 2878 869 2920">
     <span class='ocr_line' id='line_1_91' title="bbox 263 2878 869 2920; baseline 0.013 -15"><span class='ocrx_word' id='word_1_637' title='bbox 263 2880 320 2914; x_wconf 70' lang='grc'><strong>(45)</strong></span> <span class='ocrx_word' id='word_1_638' title='bbox 342 2878 448 2907; x_wconf 87' lang='lat' dir='ltr'><strong>Simon.</strong></span> <span class='ocrx_word' id='word_1_639' title='bbox 465 2881 535 2908; x_wconf 80' lang='lat' dir='ltr'><strong>Bibl.</strong></span> <span class='ocrx_word' id='word_1_640' title='bbox 550 2883 620 2918; x_wconf 85' lang='lat' dir='ltr'><strong>crit.,</strong></span> <span class='ocrx_word' id='word_1_641' title='bbox 639 2889 705 2911; x_wconf 89' lang='lat' dir='ltr'><strong>tom.</strong></span> <span class='ocrx_word' id='word_1_642' title='bbox 723 2884 754 2919; x_wconf 86' lang='lat' dir='ltr'><strong>ll,</strong></span> <span class='ocrx_word' id='word_1_643' title='bbox 767 2879 869 2920; x_wconf 69' lang='lat' dir='ltr'><strong>p.225.</strong></span> 
     </span>
    </p>
   </div>
   <div class='ocr_carea' id='block_1_92' title="bbox 1033 2228 1056 2256">
    <p class='ocr_par' dir='ltr' id='par_1_92' title="bbox 1033 2228 1056 2256">
     <span class='ocr_line' id='line_1_92' title="bbox 1033 2228 1056 2256; baseline 0 0"><span class='ocrx_word' id='word_1_644' title='bbox 1033 2228 1056 2256; x_wconf 89' lang='lat' dir='ltr'><strong>D</strong></span> 
     </span>
    </p>
   </div>
   <div class='ocr_carea' id='block_1_93' title="bbox 1068 1590 1860 1625">
    <p class='ocr_par' dir='ltr' id='par_1_93' title="bbox 1068 1590 1860 1625">
     <span class='ocr_line' id='line_1_93' title="bbox 1068 1590 1860 1625; baseline -0.006 -5"><span class='ocrx_word' id='word_1_645' title='bbox 1068 1594 1142 1621; x_wconf 88' lang='lat' dir='ltr'><strong>tione</strong></span> <span class='ocrx_word' id='word_1_646' title='bbox 1152 1592 1312 1621; x_wconf 86' lang='lat' dir='ltr'><strong>Oxoniensi.</strong></span> <span class='ocrx_word' id='word_1_647' title='bbox 1333 1591 1457 1620; x_wconf 89' lang='lat' dir='ltr'><strong>Primum</strong></span> <span class='ocrx_word' id='word_1_648' title='bbox 1481 1599 1544 1619; x_wconf 88' lang='lat' dir='ltr'><strong>vero</strong></span> <span class='ocrx_word' id='word_1_649' title='bbox 1559 1591 1685 1619; x_wconf 59' lang='lat' dir='ltr'><strong>Graecum</strong></span> <span class='ocrx_word' id='word_1_650' title='bbox 1706 1590 1860 1625; x_wconf 77' lang='lat' dir='ltr'><strong>exemplar,</strong></span> 
     </span>
    </p>
   </div>
   <div class='ocr_carea' id='block_1_94' title="bbox 1069 1636 1861 1674">
    <p class='ocr_par' dir='ltr' id='par_1_94' title="bbox 1069 1636 1861 1674">
     <span class='ocr_line' id='line_1_94' title="bbox 1069 1636 1861 1674; baseline -0.005 -7"><span class='ocrx_word' id='word_1_651' title='bbox 1069 1640 1092 1667; x_wconf 91' lang='lat' dir='ltr'><strong>si</strong></span> <span class='ocrx_word' id='word_1_652' title='bbox 1105 1639 1173 1667; x_wconf 81' lang='lat' dir='ltr'><strong>ﬁdes</strong></span> <span class='ocrx_word' id='word_1_653' title='bbox 1184 1638 1312 1666; x_wconf 76' lang='lat' dir='ltr'><strong>Mattlneo</strong></span> <span class='ocrx_word' id='word_1_654' title='bbox 1326 1638 1405 1666; x_wconf 86' lang='lat' dir='ltr'><strong>Paris</strong></span> <span class='ocrx_word' id='word_1_655' title='bbox 1419 1638 1487 1674; x_wconf 74' lang='grc'><strong>(46).</strong></span> <span class='ocrx_word' id='word_1_656' title='bbox 1496 1638 1631 1666; x_wconf 85' lang='lat' dir='ltr'><strong>detectum</strong></span> <span class='ocrx_word' id='word_1_657' title='bbox 1647 1638 1683 1664; x_wconf 85' lang='lat' dir='ltr'><strong>ita</strong></span> <span class='ocrx_word' id='word_1_658' title='bbox 1698 1636 1786 1665; x_wconf 80' lang='lat' dir='ltr'><strong>fuisse</strong></span> <span class='ocrx_word' id='word_1_659' title='bbox 1798 1644 1861 1671; x_wconf 68' lang='lat' dir='ltr'><strong>pe:-</strong></span> 
     </span>
    </p>
   </div>
   <div class='ocr_carea' id='block_1_95' title="bbox 1069 1682 1860 1720">
    <p class='ocr_par' dir='ltr' id='par_1_95' title="bbox 1069 1682 1860 1720">
     <span class='ocr_line' id='line_1_95' title="bbox 1069 1682 1860 1720; baseline -0.005 -7"><span class='ocrx_word' id='word_1_660' title='bbox 1069 1686 1187 1713; x_wconf 87' lang='lat' dir='ltr'><strong>hibetur.</strong></span> <span class='ocrx_word' id='word_1_661' title='bbox 1205 1684 1343 1720; x_wconf 80' lang='lat' dir='ltr'><strong>Magister,</strong></span> <span class='ocrx_word' id='word_1_662' title='bbox 1357 1684 1456 1720; x_wconf 88' lang='lat' dir='ltr'><strong>inquit,</strong></span> <span class='ocrx_word' id='word_1_663' title='bbox 1468 1684 1586 1711; x_wconf 78' lang='lat' dir='ltr'><strong>Joannes</strong></span> <span class='ocrx_word' id='word_1_664' title='bbox 1599 1684 1631 1711; x_wconf 86' lang='lat' dir='ltr'><strong>de</strong></span> <span class='ocrx_word' id='word_1_665' title='bbox 1641 1682 1860 1718; x_wconf 69' lang='lat' dir='ltr'><strong>Basingestokes,</strong></span> 
     </span>
    </p>
   </div>
   <div class='ocr_carea' id='block_1_96' title="bbox 1069 1728 1859 1766">
    <p class='ocr_par' dir='ltr' id='par_1_96' title="bbox 1069 1728 1859 1766">
     <span class='ocr_line' id='line_1_96' title="bbox 1069 1728 1859 1766; baseline -0.008 -7"><span class='ocrx_word' id='word_1_666' title='bbox 1069 1732 1270 1759; x_wconf 73' lang='lat' dir='ltr'><strong>archidiaconus</strong></span> <span class='ocrx_word' id='word_1_667' title='bbox 1289 1731 1403 1766; x_wconf 77' lang='lat' dir='ltr'><strong>Legrite,</strong></span> <span class='ocrx_word' id='word_1_668' title='bbox 1418 1731 1458 1757; x_wconf 83' lang='lat' dir='ltr'><strong>vir</strong></span> <span class='ocrx_word' id='word_1_669' title='bbox 1469 1731 1496 1756; x_wconf 88' lang='lat' dir='ltr'><strong>in</strong></span> <span class='ocrx_word' id='word_1_670' title='bbox 1511 1730 1589 1756; x_wconf 82' lang='lat' dir='ltr'><strong>trivio</strong></span> <span class='ocrx_word' id='word_1_671' title='bbox 1614 1733 1639 1756; x_wconf 87' lang='lat' dir='ltr'><strong>et</strong></span> <span class='ocrx_word' id='word_1_672' title='bbox 1652 1728 1796 1764; x_wconf 77' lang='lat' dir='ltr'><strong>quadrivio</strong></span> <span class='ocrx_word' id='word_1_673' title='bbox 1809 1736 1859 1754; x_wconf 72' lang='grc' dir='ltr'><strong>επ-</strong></span> 
     </span>
    </p>
   </div>
   <div class='ocr_carea' id='block_1_97' title="bbox 1067 1775 1862 1813">
    <p class='ocr_par' dir='ltr' id='par_1_97' title="bbox 1067 1775 1862 1813">
     <span class='ocr_line' id='line_1_97' title="bbox 1067 1775 1862 1813; baseline -0.008 -8"><span class='ocrx_word' id='word_1_674' title='bbox 1067 1778 1288 1813; x_wconf 78' lang='lat' dir='ltr'><strong>perientissimus,</strong></span> <span class='ocrx_word' id='word_1_675' title='bbox 1304 1777 1403 1805; x_wconf 79' lang='lat' dir='ltr'><strong>ercis</strong></span> <span class='ocrx_word' id='word_1_676' title='bbox 1420 1785 1450 1803; x_wconf 89' lang='lat' dir='ltr'><strong>ac</strong></span> <span class='ocrx_word' id='word_1_677' title='bbox 1462 1775 1567 1803; x_wconf 76' lang='lat' dir='ltr'><strong>Latinis</strong></span> <span class='ocrx_word' id='word_1_678' title='bbox 1583 1775 1680 1802; x_wconf 79' lang='lat' dir='ltr'><strong>litteris</strong></span> <span class='ocrx_word' id='word_1_679' title='bbox 1696 1775 1732 1801; x_wconf 88' lang='lat' dir='ltr'><strong>ad</strong></span> <span class='ocrx_word' id='word_1_680' title='bbox 1751 1775 1862 1808; x_wconf 71' lang='lat' dir='ltr'><strong>plcitum</strong></span> 
     </span>
    </p>
   </div>
   <div class='ocr_carea' id='block_1_98' title="bbox 1069 1820 1862 1858">
    <p class='ocr_par' dir='ltr' id='par_1_98' title="bbox 1069 1820 1862 1858">
     <span class='ocr_line' id='line_1_98' title="bbox 1069 1820 1862 1858; baseline -0.008 -6"><span class='ocrx_word' id='word_1_681' title='bbox 1069 1825 1250 1858; x_wconf 75' lang='lat' dir='ltr'><strong>eruditus.....</strong></span> <span class='ocrx_word' id='word_1_682' title='bbox 1280 1824 1448 1852; x_wconf 79' lang='lat' dir='ltr'><strong>intimavcrat</strong></span> <span class='ocrx_word' id='word_1_683' title='bbox 1463 1823 1583 1858; x_wconf 78' lang='lat' dir='ltr'><strong>episcopo</strong></span> <span class='ocrx_word' id='word_1_684' title='bbox 1605 1821 1785 1849; x_wconf 80' lang='lat' dir='ltr'><strong>Lincolniensi</strong></span> <span class='ocrx_word' id='word_1_685' title='bbox 1809 1820 1862 1846; x_wconf 81' lang='lat' dir='ltr'><strong>Ro—</strong></span> 
     </span>
    </p>
   </div>
   <div class='ocr_carea' id='block_1_99' title="bbox 1069 1867 1860 1906">
    <p class='ocr_par' dir='ltr' id='par_1_99' title="bbox 1069 1867 1860 1906">
     <span class='ocr_line' id='line_1_99' title="bbox 1069 1867 1860 1906; baseline -0.008 -8"><span class='ocrx_word' id='word_1_686' title='bbox 1069 1872 1152 1904; x_wconf 85' lang='lat' dir='ltr'><strong>berto,</strong></span> <span class='ocrx_word' id='word_1_687' title='bbox 1167 1872 1236 1906; x_wconf 83' lang='lat' dir='ltr'><strong>quod</strong></span> <span class='ocrx_word' id='word_1_688' title='bbox 1250 1871 1355 1906; x_wconf 84' lang='lat' dir='ltr'><strong>quando</strong></span> <span class='ocrx_word' id='word_1_689' title='bbox 1366 1870 1469 1897; x_wconf 78' lang='lat' dir='ltr'><strong>studuit</strong></span> <span class='ocrx_word' id='word_1_690' title='bbox 1482 1869 1603 1899; x_wconf 76' lang='lat' dir='ltr'><strong>Athenis,</strong></span> <span class='ocrx_word' id='word_1_691' title='bbox 1615 1868 1716 1895; x_wconf 79' lang='lat' dir='ltr'><strong>viderat</strong></span> <span class='ocrx_word' id='word_1_692' title='bbox 1728 1872 1752 1894; x_wconf 82' lang='lat' dir='ltr'><strong>et</strong></span> <span class='ocrx_word' id='word_1_693' title='bbox 1763 1867 1860 1893; x_wconf 83' lang='lat' dir='ltr'><strong>audie-</strong></span> 
     </span>
    </p>
   </div>
   <div class='ocr_carea' id='block_1_100' title="bbox 1070 1912 1862 1951">
    <p class='ocr_par' dir='ltr' id='par_1_100' title="bbox 1070 1912 1862 1951">
     <span class='ocr_line' id='line_1_100' title="bbox 1070 1912 1862 1951; baseline -0.009 -6"><span class='ocrx_word' id='word_1_694' title='bbox 1070 1923 1110 1945; x_wconf 87' lang='lat' dir='ltr'><strong>rat</strong></span> <span class='ocrx_word' id='word_1_695' title='bbox 1127 1918 1158 1945; x_wconf 87' lang='lat' dir='ltr'><strong><em>ab</em></strong></span> <span class='ocrx_word' id='word_1_696' title='bbox 1171 1918 1262 1951; x_wconf 81' lang='lat' dir='ltr'><strong>peritis</strong></span> <span class='ocrx_word' id='word_1_697' title='bbox 1281 1916 1432 1944; x_wconf 72' lang='lat' dir='ltr'><strong>Gra&#39;corum</strong></span> <span class='ocrx_word' id='word_1_698' title='bbox 1444 1915 1596 1942; x_wconf 85' lang='lat' dir='ltr'><strong>doctoribus</strong></span> <span class='ocrx_word' id='word_1_699' title='bbox 1616 1914 1739 1949; x_wconf 71' lang='lat' dir='ltr'><strong>quwdam</strong></span> <span class='ocrx_word' id='word_1_700' title='bbox 1753 1912 1862 1940; x_wconf 81' lang='lat' dir='ltr'><strong>Latinis</strong></span> 
     </span>
    </p>
   </div>
   <div class='ocr_carea' id='block_1_101' title="bbox 1069 1960 1861 2000">
    <p class='ocr_par' dir='ltr' id='par_1_101' title="bbox 1069 1960 1861 2000">
     <span class='ocr_line' id='line_1_101' title="bbox 1069 1960 1861 2000; baseline -0.009 -9"><span class='ocrx_word' id='word_1_701' title='bbox 1069 1965 1214 2000; x_wconf 87' lang='lat' dir='ltr'><strong>incognita.</strong></span> <span class='ocrx_word' id='word_1_702' title='bbox 1230 1963 1305 1990; x_wconf 86' lang='lat' dir='ltr'><strong>Inter</strong></span> <span class='ocrx_word' id='word_1_703' title='bbox 1317 1971 1377 1998; x_wconf 65' lang='lat' dir='ltr'><strong>qua:</strong></span> <span class='ocrx_word' id='word_1_704' title='bbox 1397 1962 1495 1997; x_wconf 79' lang='lat' dir='ltr'><strong>reperit</strong></span> <span class='ocrx_word' id='word_1_705' title='bbox 1514 1969 1553 1988; x_wconf 79' lang='lat' dir='ltr'><strong>xu</strong></span> <span class='ocrx_word' id='word_1_706' title='bbox 1571 1960 1806 1992; x_wconf 79' lang='lat' dir='ltr'><strong>Patriarcliarum,</strong></span> <span class='ocrx_word' id='word_1_707' title='bbox 1825 1960 1861 1993; x_wconf 80' lang='lat' dir='ltr'><strong>ﬁ-</strong></span> 
     </span>
    </p>
   </div>
   <div class='ocr_carea' id='block_1_102' title="bbox 1069 2008 1860 2042">
    <p class='ocr_par' dir='ltr' id='par_1_102' title="bbox 1069 2008 1860 2042">
     <span class='ocr_line' id='line_1_102' title="bbox 1069 2008 1860 2042; baseline -0.009 -3"><span class='ocrx_word' id='word_1_708' title='bbox 1069 2012 1166 2038; x_wconf 87' lang='lat' dir='ltr'><strong>liorum</strong></span> <span class='ocrx_word' id='word_1_709' title='bbox 1186 2010 1306 2038; x_wconf 79' lang='lat' dir='ltr'><strong>uidelicet</strong></span> <span class='ocrx_word' id='word_1_710' title='bbox 1328 2009 1430 2042; x_wconf 74' lang='lat' dir='ltr'><strong>Iacob,</strong></span> <span class='ocrx_word' id='word_1_711' title='bbox 1458 2008 1646 2035; x_wconf 82' lang='lat' dir='ltr'><strong>Testamenta:</strong></span> <span class='ocrx_word' id='word_1_712' title='bbox 1671 2015 1732 2042; x_wconf 65' lang='lat' dir='ltr'><strong>quae</strong></span> <span class='ocrx_word' id='word_1_713' title='bbox 1755 2012 1860 2033; x_wconf 81' lang='lat' dir='ltr'><strong>constat</strong></span> 
     </span>
    </p>
   </div>
   <div class='ocr_carea' id='block_1_103' title="bbox 1068 2052 1859 2088">
    <p class='ocr_par' dir='ltr' id='par_1_103' title="bbox 1068 2052 1859 2088">
     <span class='ocr_line' id='line_1_103' title="bbox 1068 2052 1859 2088; baseline -0.008 -3"><span class='ocrx_word' id='word_1_714' title='bbox 1068 2066 1124 2085; x_wconf 75' lang='lat' dir='ltr'><strong>esse</strong></span> <span class='ocrx_word' id='word_1_715' title='bbox 1135 2058 1166 2085; x_wconf 89' lang='lat' dir='ltr'><strong>de</strong></span> <span class='ocrx_word' id='word_1_716' title='bbox 1181 2057 1330 2084; x_wconf 81' lang='lat' dir='ltr'><strong>substantia</strong></span> <span class='ocrx_word' id='word_1_717' title='bbox 1348 2055 1511 2083; x_wconf 79' lang='lat' dir='ltr'><strong>bibliotheca:</strong></span> <span class='ocrx_word' id='word_1_718' title='bbox 1524 2061 1532 2084; x_wconf 87' lang='grc'><strong><em>;</em></strong></span> <span class='ocrx_word' id='word_1_719' title='bbox 1543 2054 1588 2082; x_wconf 83' lang='lat' dir='ltr'><strong>sed</strong></span> <span class='ocrx_word' id='word_1_720' title='bbox 1603 2062 1649 2088; x_wconf 79' lang='lat' dir='ltr'><strong>per</strong></span> <span class='ocrx_word' id='word_1_721' title='bbox 1661 2053 1793 2080; x_wconf 82' lang='lat' dir='ltr'><strong>invidiam</strong></span> <span class='ocrx_word' id='word_1_722' title='bbox 1806 2052 1859 2079; x_wconf 80' lang='lat' dir='ltr'><strong>Ju-</strong></span> 
     </span>
    </p>
   </div>
   <div class='ocr_carea' id='block_1_104' title="bbox 1069 2100 1859 2136">
    <p class='ocr_par' dir='ltr' id='par_1_104' title="bbox 1069 2100 1859 2136">
     <span class='ocr_line' id='line_1_104' title="bbox 1069 2100 1859 2136; baseline -0.009 -4"><span class='ocrx_word' id='word_1_723' title='bbox 1069 2106 1189 2132; x_wconf 70' lang='lat' dir='ltr'><strong>dazorum</strong></span> <span class='ocrx_word' id='word_1_724' title='bbox 1207 2104 1308 2130; x_wconf 89' lang='lat' dir='ltr'><strong>dudum</strong></span> <span class='ocrx_word' id='word_1_725' title='bbox 1325 2102 1407 2136; x_wconf 80' lang='lat' dir='ltr'><strong>fuisse</strong></span> <span class='ocrx_word' id='word_1_726' title='bbox 1424 2101 1569 2136; x_wconf 86' lang='lat' dir='ltr'><strong>incognita,</strong></span> <span class='ocrx_word' id='word_1_727' title='bbox 1583 2105 1690 2135; x_wconf 82' lang='lat' dir='ltr'><strong>propter</strong></span> <span class='ocrx_word' id='word_1_728' title='bbox 1701 2100 1859 2134; x_wconf 75' lang='lat' dir='ltr'><strong>nianifestas</strong></span> 
     </span>
    </p>
   </div>
   <div class='ocr_carea' id='block_1_105' title="bbox 1070 2146 1859 2187">
    <p class='ocr_par' dir='ltr' id='par_1_105' title="bbox 1070 2146 1859 2187">
     <span class='ocr_line' id='line_1_105' title="bbox 1070 2146 1859 2187; baseline -0.009 -8"><span class='ocrx_word' id='word_1_729' title='bbox 1070 2160 1129 2187; x_wconf 67' lang='lat' dir='ltr'><strong>qua:</strong></span> <span class='ocrx_word' id='word_1_730' title='bbox 1155 2151 1182 2178; x_wconf 84' lang='lat' dir='ltr'><strong>in</strong></span> <span class='ocrx_word' id='word_1_731' title='bbox 1199 2150 1297 2178; x_wconf 80' lang='lat' dir='ltr'><strong>eisdem</strong></span> <span class='ocrx_word' id='word_1_732' title='bbox 1322 2154 1424 2184; x_wconf 85' lang='lat' dir='ltr'><strong>patent,</strong></span> <span class='ocrx_word' id='word_1_733' title='bbox 1439 2149 1472 2174; x_wconf 79' lang='lat' dir='ltr'><strong>de</strong></span> <span class='ocrx_word' id='word_1_734' title='bbox 1484 2147 1588 2175; x_wconf 76' lang='lat' dir='ltr'><strong>Christo</strong></span> <span class='ocrx_word' id='word_1_735' title='bbox 1603 2147 1767 2182; x_wconf 84' lang='lat' dir='ltr'><strong>prophetias.</strong></span> <span class='ocrx_word' id='word_1_736' title='bbox 1787 2146 1859 2173; x_wconf 73' lang='grc' dir='ltr'>υιιάι</span> 
     </span>
    </p>
   </div>
   <div class='ocr_carea' id='block_1_106' title="bbox 1070 2192 1859 2230">
    <p class='ocr_par' dir='ltr' id='par_1_106' title="bbox 1070 2192 1859 2230">
     <span class='ocr_line' id='line_1_106' title="bbox 1070 2192 1859 2230; baseline -0.005 -8"><span class='ocrx_word' id='word_1_737' title='bbox 1070 2196 1138 2222; x_wconf 83' lang='lat' dir='ltr'><strong>idem</strong></span> <span class='ocrx_word' id='word_1_738' title='bbox 1150 2196 1286 2230; x_wconf 82' lang='lat' dir='ltr'><strong>episcopus</strong></span> <span class='ocrx_word' id='word_1_739' title='bbox 1300 2194 1372 2220; x_wconf 82' lang='lat' dir='ltr'><strong>misit</strong></span> <span class='ocrx_word' id='word_1_740' title='bbox 1385 2194 1412 2219; x_wconf 87' lang='lat' dir='ltr'><strong>in</strong></span> <span class='ocrx_word' id='word_1_741' title='bbox 1430 2192 1560 2219; x_wconf 79' lang='lat' dir='ltr'><strong>erciam</strong></span> <span class='ocrx_word' id='word_1_742' title='bbox 1571 2201 1580 2224; x_wconf 85' lang='lat'><em>;</em></span> <span class='ocrx_word' id='word_1_743' title='bbox 1592 2197 1617 2219; x_wconf 86' lang='lat' dir='ltr'><strong>et</strong></span> <span class='ocrx_word' id='word_1_744' title='bbox 1633 2200 1692 2218; x_wconf 86' lang='lat' dir='ltr'><strong>cum</strong></span> <span class='ocrx_word' id='word_1_745' title='bbox 1707 2201 1738 2219; x_wconf 82' lang='lat' dir='ltr'><strong>ca</strong></span> <span class='ocrx_word' id='word_1_746' title='bbox 1751 2192 1859 2218; x_wconf 77' lang='lat' dir='ltr'><strong>habuis-</strong></span> 
     </span>
    </p>
   </div>
   <div class='ocr_carea' id='block_1_107' title="bbox 1069 2236 1859 2274">
    <p class='ocr_par' dir='ltr' id='par_1_107' title="bbox 1069 2236 1859 2274">
     <span class='ocr_line' id='line_1_107' title="bbox 1069 2236 1859 2274; baseline -0.004 -7"><span class='ocrx_word' id='word_1_747' title='bbox 1069 2245 1123 2274; x_wconf 80' lang='lat' dir='ltr'><strong>set,</strong></span> <span class='ocrx_word' id='word_1_748' title='bbox 1139 2239 1277 2267; x_wconf 82' lang='lat' dir='ltr'><strong>transtulit</strong></span> <span class='ocrx_word' id='word_1_749' title='bbox 1292 2239 1324 2266; x_wconf 72' lang='lat' dir='ltr'><strong>de</strong></span> <span class='ocrx_word' id='word_1_750' title='bbox 1339 2238 1431 2266; x_wconf 74' lang='lat' dir='ltr'><strong>Gra&#39;co</strong></span> <span class='ocrx_word' id='word_1_751' title='bbox 1446 2239 1472 2265; x_wconf 88' lang='lat' dir='ltr'><strong>in</strong></span> <span class='ocrx_word' id='word_1_752' title='bbox 1489 2237 1616 2264; x_wconf 86' lang='lat' dir='ltr'><strong>Latinum</strong></span> <span class='ocrx_word' id='word_1_753' title='bbox 1629 2246 1787 2264; x_wconf 77' lang='lat' dir='ltr'><strong>sermonem.</strong></span> <span class='ocrx_word' id='word_1_754' title='bbox 1799 2236 1859 2265; x_wconf 69' lang='lat' dir='ltr'><strong>Han:</strong></span> 
     </span>
    </p>
   </div>
   <div class='ocr_carea' id='block_1_108' title="bbox 1070 2283 1857 2320">
    <p class='ocr_par' dir='ltr' id='par_1_108' title="bbox 1070 2283 1857 2320">
     <span class='ocr_line' id='line_1_108' title="bbox 1070 2283 1857 2320; baseline -0.006 -6"><span class='ocrx_word' id='word_1_755' title='bbox 1070 2287 1115 2314; x_wconf 89' lang='lat' dir='ltr'><strong>ille</strong></span> <span class='ocrx_word' id='word_1_756' title='bbox 1131 2286 1283 2313; x_wconf 84' lang='lat' dir='ltr'><strong>monachus</strong></span> <span class='ocrx_word' id='word_1_757' title='bbox 1296 2284 1400 2320; x_wconf 84' lang='lat' dir='ltr'><strong>Anglus</strong></span> <span class='ocrx_word' id='word_1_758' title='bbox 1411 2304 1418 2317; x_wconf 91' lang='lat'><strong>,</strong></span> <span class='ocrx_word' id='word_1_759' title='bbox 1433 2284 1478 2311; x_wconf 92' lang='lat' dir='ltr'><strong>ubi</strong></span> <span class='ocrx_word' id='word_1_760' title='bbox 1496 2283 1564 2310; x_wconf 86' lang='lat' dir='ltr'><strong>nihil</strong></span> <span class='ocrx_word' id='word_1_761' title='bbox 1579 2283 1614 2310; x_wconf 85' lang='lat' dir='ltr'><strong>de</strong></span> <span class='ocrx_word' id='word_1_762' title='bbox 1625 2287 1707 2310; x_wconf 73' lang='lat' dir='ltr'><strong>textu</strong></span> <span class='ocrx_word' id='word_1_763' title='bbox 1721 2283 1836 2310; x_wconf 67' lang='lat' dir='ltr'><strong>Hebrao</strong></span> <span class='ocrx_word' id='word_1_764' title='bbox 1850 2304 1857 2314; x_wconf 85' lang='grc'><em>,</em></span> 
     </span>
    </p>
   </div>
   <div class='ocr_carea' id='block_1_109' title="bbox 1070 2328 1857 2365">
    <p class='ocr_par' dir='ltr' id='par_1_109' title="bbox 1070 2328 1857 2365">
     <span class='ocr_line' id='line_1_109' title="bbox 1070 2328 1857 2365; baseline -0.005 -7"><span class='ocrx_word' id='word_1_765' title='bbox 1070 2336 1099 2358; x_wconf 90' lang='lat' dir='ltr'><strong>ut</strong></span> <span class='ocrx_word' id='word_1_766' title='bbox 1116 2331 1191 2363; x_wconf 84' lang='lat' dir='ltr'><strong>alibi,</strong></span> <span class='ocrx_word' id='word_1_767' title='bbox 1203 2337 1284 2365; x_wconf 91' lang='lat' dir='ltr'><strong>quem</strong></span> <span class='ocrx_word' id='word_1_768' title='bbox 1297 2329 1379 2356; x_wconf 85' lang='lat' dir='ltr'><strong>etiam</strong></span> <span class='ocrx_word' id='word_1_769' title='bbox 1395 2329 1523 2364; x_wconf 81' lang='lat' dir='ltr'><strong>superius</strong></span> <span class='ocrx_word' id='word_1_770' title='bbox 1535 2328 1655 2356; x_wconf 88' lang='lat' dir='ltr'><strong>vidimus</strong></span> <span class='ocrx_word' id='word_1_771' title='bbox 1670 2334 1857 2360; x_wconf 82' lang='lat' dir='ltr'><strong>cnarrantem,</strong></span> 
     </span>
    </p>
   </div>
   <div class='ocr_carea' id='block_1_110' title="bbox 1069 2375 1859 2411">
    <p class='ocr_par' dir='ltr' id='par_1_110' title="bbox 1069 2375 1859 2411">
     <span class='ocr_line' id='line_1_110' title="bbox 1069 2375 1859 2411; baseline -0.003 -7"><span class='ocrx_word' id='word_1_772' title='bbox 1069 2379 1104 2404; x_wconf 90' lang='lat' dir='ltr'><strong>ab</strong></span> <span class='ocrx_word' id='word_1_773' title='bbox 1119 2377 1215 2404; x_wconf 87' lang='lat' dir='ltr'><strong>eodem</strong></span> <span class='ocrx_word' id='word_1_774' title='bbox 1227 2377 1336 2411; x_wconf 87' lang='lat' dir='ltr'><strong>quidem</strong></span> <span class='ocrx_word' id='word_1_775' title='bbox 1353 2375 1539 2403; x_wconf 79' lang='lat' dir='ltr'><strong>Lincolniensi</strong></span> <span class='ocrx_word' id='word_1_776' title='bbox 1549 2375 1680 2410; x_wconf 88' lang='lat' dir='ltr'><strong>episcopo</strong></span> <span class='ocrx_word' id='word_1_777' title='bbox 1692 2375 1751 2403; x_wconf 54' lang='lat' dir='ltr'><strong>haec</strong></span> <span class='ocrx_word' id='word_1_778' title='bbox 1764 2375 1859 2402; x_wconf 82' lang='lat' dir='ltr'><strong>Testa-</strong></span> 
     </span>
    </p>
   </div>
   <div class='ocr_carea' id='block_1_111' title="bbox 1070 2420 1859 2455">
    <p class='ocr_par' dir='ltr' id='par_1_111' title="bbox 1070 2420 1859 2455">
     <span class='ocr_line' id='line_1_111' title="bbox 1070 2420 1859 2455; baseline -0.004 -6"><span class='ocrx_word' id='word_1_779' title='bbox 1070 2427 1161 2449; x_wconf 87' lang='lat' dir='ltr'><strong>menta</strong></span> <span class='ocrx_word' id='word_1_780' title='bbox 1179 2429 1195 2449; x_wconf 88' lang='lat' dir='ltr'><strong>e</strong></span> <span class='ocrx_word' id='word_1_781' title='bbox 1208 2421 1304 2449; x_wconf 64' lang='lat' dir='ltr'><strong>erco</strong></span> <span class='ocrx_word' id='word_1_782' title='bbox 1323 2420 1419 2448; x_wconf 89' lang='lat' dir='ltr'><strong>Latine</strong></span> <span class='ocrx_word' id='word_1_783' title='bbox 1433 2420 1519 2448; x_wconf 84' lang='lat' dir='ltr'><strong>fuisse</strong></span> <span class='ocrx_word' id='word_1_784' title='bbox 1538 2420 1643 2448; x_wconf 86' lang='lat' dir='ltr'><strong>reddita</strong></span> <span class='ocrx_word' id='word_1_785' title='bbox 1655 2441 1662 2453; x_wconf 85' lang='lat'><strong>,</strong></span> <span class='ocrx_word' id='word_1_786' title='bbox 1685 2421 1859 2455; x_wconf 74' lang='lat' dir='ltr'><strong>cuadjuvantc</strong></span> 
     </span>
    </p>
   </div>
   <div class='ocr_carea' id='block_1_112' title="bbox 1070 2466 1856 2502">
    <p class='ocr_par' dir='ltr' id='par_1_112' title="bbox 1070 2466 1856 2502">
     <span class='ocr_line' id='line_1_112' title="bbox 1070 2466 1856 2502; baseline -0.003 -7"><span class='ocrx_word' id='word_1_787' title='bbox 1070 2473 1159 2495; x_wconf 87' lang='lat' dir='ltr'><strong>tamen</strong></span> <span class='ocrx_word' id='word_1_788' title='bbox 1186 2468 1313 2502; x_wconf 84' lang='lat' dir='ltr'><strong>magistro</strong></span> <span class='ocrx_word' id='word_1_789' title='bbox 1343 2466 1457 2494; x_wconf 85' lang='lat' dir='ltr'><strong>Nicolao</strong></span> <span class='ocrx_word' id='word_1_790' title='bbox 1472 2467 1564 2494; x_wconf 79' lang='lat' dir='ltr'><strong>Grch</strong></span> <span class='ocrx_word' id='word_1_791' title='bbox 1578 2487 1585 2498; x_wconf 86' lang='lat'><strong>,</strong></span> <span class='ocrx_word' id='word_1_792' title='bbox 1598 2467 1696 2493; x_wconf 78' lang='lat' dir='ltr'><strong>clerico</strong></span> <span class='ocrx_word' id='word_1_793' title='bbox 1708 2467 1812 2493; x_wconf 83' lang='lat' dir='ltr'><strong>abbatis</strong></span> <span class='ocrx_word' id='word_1_794' title='bbox 1827 2466 1856 2494; x_wconf 80' lang='lat' dir='ltr'><strong>S.</strong></span> 
     </span>
    </p>
   </div>
   <div class='ocr_carea' id='block_1_113' title="bbox 1070 2514 1859 2550">
    <p class='ocr_par' dir='ltr' id='par_1_113' title="bbox 1070 2514 1859 2550">
     <span class='ocr_line' id='line_1_113' title="bbox 1070 2514 1859 2550; baseline -0.003 -7"><span class='ocrx_word' id='word_1_795' title='bbox 1070 2516 1175 2543; x_wconf 69' lang='lat' dir='ltr'><strong>Albani.</strong></span> <span class='ocrx_word' id='word_1_796' title='bbox 1197 2515 1233 2543; x_wconf 81' lang='lat' dir='ltr'><strong>De</strong></span> <span class='ocrx_word' id='word_1_797' title='bbox 1258 2520 1377 2550; x_wconf 84' lang='lat' dir='ltr'><strong>utroque</strong></span> <span class='ocrx_word' id='word_1_798' title='bbox 1399 2515 1547 2548; x_wconf 87' lang='lat' dir='ltr'><strong>interprete</strong></span> <span class='ocrx_word' id='word_1_799' title='bbox 1566 2514 1728 2542; x_wconf 87' lang='lat' dir='ltr'><strong>distinctius</strong></span> <span class='ocrx_word' id='word_1_800' title='bbox 1740 2515 1795 2550; x_wconf 74' lang='lat' dir='ltr'><strong>agit</strong></span> <span class='ocrx_word' id='word_1_801' title='bbox 1809 2514 1859 2541; x_wconf 75' lang='lat' dir='ltr'><strong>Ba-</strong></span> 
     </span>
    </p>
   </div>
   <div class='ocr_carea' id='block_1_114' title="bbox 1070 2561 1213 2596">
    <p class='ocr_par' dir='ltr' id='par_1_114' title="bbox 1070 2561 1213 2596">
     <span class='ocr_line' id='line_1_114' title="bbox 1070 2561 1213 2596; baseline -0.007 -8"><span class='ocrx_word' id='word_1_802' title='bbox 1070 2563 1128 2590; x_wconf 88' lang='lat' dir='ltr'><strong>leus</strong></span> <span class='ocrx_word' id='word_1_803' title='bbox 1146 2561 1213 2596; x_wconf 72' lang='lat'><strong>(47).</strong></span> 
     </span>
    </p>
   </div>
   <div class='ocr_carea' id='block_1_115' title="bbox 1077 2637 1858 2682">
    <p class='ocr_par' dir='ltr' id='par_1_115' title="bbox 1077 2637 1858 2682">
     <span class='ocr_line' id='line_1_115' title="bbox 1077 2637 1858 2682; baseline 0.004 -18"><span class='ocrx_word' id='word_1_804' title='bbox 1077 2639 1167 2682; x_wconf 33' lang='lat' dir='ltr'><strong>ut“)</strong></span> <span class='ocrx_word' id='word_1_805' title='bbox 1177 2638 1271 2665; x_wconf 71' lang='lat' dir='ltr'><strong>Montl‘.</strong></span> <span class='ocrx_word' id='word_1_806' title='bbox 1283 2637 1356 2665; x_wconf 83' lang='lat' dir='ltr'><strong>Bibl.</strong></span> <span class='ocrx_word' id='word_1_807' title='bbox 1369 2637 1502 2672; x_wconf 85' lang='lat' dir='ltr'><strong>biblioth.,</strong></span> <span class='ocrx_word' id='word_1_808' title='bbox 1519 2644 1584 2665; x_wconf 87' lang='lat' dir='ltr'><strong>tom.</strong></span> <span class='ocrx_word' id='word_1_809' title='bbox 1602 2639 1630 2672; x_wconf 79' lang='lat' dir='ltr'><strong>l,</strong></span> <span class='ocrx_word' id='word_1_810' title='bbox 1645 2647 1709 2675; x_wconf 79' lang='lat' dir='ltr'><strong>pag.</strong></span> <span class='ocrx_word' id='word_1_811' title='bbox 1728 2639 1762 2667; x_wconf 72' lang='grc' dir='ltr'><strong>ιι</strong></span> <span class='ocrx_word' id='word_1_812' title='bbox 1774 2660 1783 2672; x_wconf 81' lang='lat'><strong>,</strong></span> <span class='ocrx_word' id='word_1_813' title='bbox 1797 2639 1858 2671; x_wconf 74' lang='lat'><strong>685.</strong></span> 
     </span>
    </p>
   </div>
   <div class='ocr_carea' id='block_1_116' title="bbox 1069 2675 1858 2746">
    <p class='ocr_par' dir='ltr' id='par_1_116' title="bbox 1069 2675 1858 2746">
     <span class='ocr_line' id='line_1_116' title="bbox 1069 2675 1858 2746; baseline 0.003 -10"><span class='ocrx_word' id='word_1_814' title='bbox 1069 2675 1297 2746; x_wconf 33' lang='lat' dir='ltr'><strong>982253wli‘abric.</strong></span> <span class='ocrx_word' id='word_1_815' title='bbox 1332 2708 1397 2736; x_wconf 89' lang='lat' dir='ltr'><strong>Cod.</strong></span> <span class='ocrx_word' id='word_1_816' title='bbox 1423 2709 1515 2743; x_wconf 79' lang='lat' dir='ltr'><strong>pseud.</strong></span> <span class='ocrx_word' id='word_1_817' title='bbox 1547 2707 1578 2735; x_wconf 86' lang='lat' dir='ltr'><strong>V.</strong></span> <span class='ocrx_word' id='word_1_818' title='bbox 1598 2708 1643 2741; x_wconf 86' lang='lat' dir='ltr'><strong>T.,</strong></span> <span class='ocrx_word' id='word_1_819' title='bbox 1660 2715 1732 2737; x_wconf 86' lang='lat' dir='ltr'><strong>tom.</strong></span> <span class='ocrx_word' id='word_1_820' title='bbox 1747 2709 1781 2743; x_wconf 87' lang='lat' dir='ltr'><strong>ll,</strong></span> <span class='ocrx_word' id='word_1_821' title='bbox 1797 2719 1858 2746; x_wconf 79' lang='lat' dir='ltr'><strong>pag.</strong></span> 
     </span>
    </p>
   </div>
   <div class='ocr_carea' id='block_1_117' title="bbox 1068 2745 1857 2843">
    <p class='ocr_par' dir='ltr' id='par_1_117' title="bbox 1068 2745 1857 2843">
     <span class='ocr_line' id='line_1_117' title="bbox 1068 2745 1857 2843; baseline -0.001 -35"><span class='ocrx_word' id='word_1_822' title='bbox 1068 2745 1160 2843; x_wconf 40' lang='lat'><strong>:96)</strong></span> <span class='ocrx_word' id='word_1_823' title='bbox 1180 2780 1274 2808; x_wconf 86' lang='lat' dir='ltr'><strong>Matth.</strong></span> <span class='ocrx_word' id='word_1_824' title='bbox 1292 2779 1354 2807; x_wconf 81' lang='lat' dir='ltr'><strong>Par.</strong></span> <span class='ocrx_word' id='word_1_825' title='bbox 1372 2779 1444 2807; x_wconf 82' lang='lat' dir='ltr'><strong>Hist.</strong></span> <span class='ocrx_word' id='word_1_826' title='bbox 1459 2780 1561 2814; x_wconf 85' lang='lat' dir='ltr'><strong>major,</strong></span> <span class='ocrx_word' id='word_1_827' title='bbox 1576 2781 1609 2806; x_wconf 83' lang='lat' dir='ltr'><strong>ad</strong></span> <span class='ocrx_word' id='word_1_828' title='bbox 1633 2788 1700 2808; x_wconf 90' lang='lat' dir='ltr'><strong>ann.</strong></span> <span class='ocrx_word' id='word_1_829' title='bbox 1720 2781 1806 2812; x_wconf 68' lang='lat'><strong>1952,</strong></span> <span class='ocrx_word' id='word_1_830' title='bbox 1830 2786 1857 2816; x_wconf 77' lang='grc' dir='ltr'><strong>ι).</strong></span> 
     </span>
     <span class='ocr_line' id='line_1_118' title="bbox 1133 2821 1604 2843; baseline -0.002 -1"><span class='ocrx_word' id='word_1_831' title='bbox 1133 2824 1190 2843; x_wconf 78' lang='lat' dir='ltr'><strong>sm.</strong></span> <span class='ocrx_word' id='word_1_832' title='bbox 1598 2821 1604 2826; x_wconf 88' lang='lat'>&#39;</span> 
     </span>
    </p>
   </div>
   <div class='ocr_carea' id='block_1_118' title="bbox 1133 2821 1604 2850">
    <p class='ocr_par' dir='ltr' id='par_1_118' title="bbox 1133 2821 1604 2850">
     <span class='ocr_line' id='line_1_119' title="bbox 1133 2821 1604 2850; baseline -0.002 -8"><span class='ocrx_word' id='word_1_833' title='bbox 1133 2824 1179 2850; x_wconf 65' lang='grc' dir='ltr'><strong>δρα</strong></span> <span class='ocrx_word' id='word_1_834' title='bbox 1184 2837 1190 2843; x_wconf 92' lang='grc'>.</span> <span class='ocrx_word' id='word_1_835' title='bbox 1598 2821 1604 2826; x_wconf 92' lang='grc'><strong>·</strong></span> 
     </span>
    </p>
   </div>
   <div class='ocr_carea' id='block_1_119' title="bbox 1069 2850 1858 2921">
    <p class='ocr_par' dir='ltr' id='par_1_119' title="bbox 1069 2850 1858 2921">
     <span class='ocr_line' id='line_1_120' title="bbox 1069 2850 1858 2921; baseline 0 -43"><span class='ocrx_word' id='word_1_836' title='bbox 1069 2895 1086 2921; x_wconf 60' lang='grc' dir='ltr'><strong>ν</strong></span> <span class='ocrx_word' id='word_1_837' title='bbox 1104 2850 1160 2914; x_wconf 60' lang='grc' dir='ltr'><strong>(ἒέ)</strong></span> <span class='ocrx_word' id='word_1_838' title='bbox 1182 2852 1237 2880; x_wconf 81' lang='lat' dir='ltr'><strong>Bal.</strong></span> <span class='ocrx_word' id='word_1_839' title='bbox 1255 2851 1328 2879; x_wconf 82' lang='lat' dir='ltr'><strong>Hist.</strong></span> <span class='ocrx_word' id='word_1_840' title='bbox 1343 2852 1374 2879; x_wconf 85' lang='lat' dir='ltr'><strong>de</strong></span> <span class='ocrx_word' id='word_1_841' title='bbox 1393 2853 1485 2885; x_wconf 82' lang='lat' dir='ltr'><strong>script.</strong></span> <span class='ocrx_word' id='word_1_842' title='bbox 1513 2850 1654 2883; x_wconf 81' lang='lat' dir='ltr'><strong>Britann.,</strong></span> <span class='ocrx_word' id='word_1_843' title='bbox 1670 2855 1779 2878; x_wconf 81' lang='lat' dir='ltr'><strong>ecutur.</strong></span> <span class='ocrx_word' id='word_1_844' title='bbox 1797 2858 1858 2883; x_wconf 79' lang='lat' dir='ltr'><strong>nu,</strong></span> 
     </span>
    </p>
   </div>
  </div>
