  <div class='ocr_page' id='page_1' title='image "/cluster/home/n/w/nwhite01/storage/ocr_20150623/2/njp.32101077772349/689.png"; bbox 0 0 1913 3102; ppageno 0'>
   <div class='ocr_carea' id='block_1_1' title="bbox 182 135 251 165">
    <p class='ocr_par' dir='ltr' id='par_1_1' title="bbox 182 135 251 165">
     <span class='ocr_line' id='line_1_1' title="bbox 182 135 251 165; baseline 0.014 -1"><span class='ocrx_word' id='word_1_1' title='bbox 182 136 193 164; x_wconf 88' lang='grc' dir='ltr'><strong>Ι</strong></span> <span class='ocrx_word' id='word_1_2' title='bbox 198 135 251 165; x_wconf 74' lang='lat' dir='ltr'><strong>O59</strong></span> 
     </span>
    </p>
   </div>
   <div class='ocr_carea' id='block_1_2' title="bbox 680 136 1302 168">
    <p class='ocr_par' dir='ltr' id='par_1_2' title="bbox 680 136 1302 168">
     <span class='ocr_line' id='line_1_2' title="bbox 680 136 1302 168; baseline 0.003 -3"><span class='ocrx_word' id='word_1_3' title='bbox 680 136 912 166; x_wconf 79' lang='lat' dir='ltr'><strong>TESTAMENTA</strong></span> <span class='ocrx_word' id='word_1_4' title='bbox 929 138 976 166; x_wconf 70' lang='lat' dir='ltr'><strong>XII</strong></span> <span class='ocrx_word' id='word_1_5' title='bbox 993 137 1302 168; x_wconf 68' lang='lat' dir='ltr'><strong>PATRIARCHARUM.</strong></span> 
     </span>
    </p>
   </div>
   <div class='ocr_carea' id='block_1_3' title="bbox 1739 146 1804 174">
    <p class='ocr_par' dir='ltr' id='par_1_3' title="bbox 1739 146 1804 174">
     <span class='ocr_line' id='line_1_3' title="bbox 1739 146 1804 174; baseline 0.031 -2"><span class='ocrx_word' id='word_1_6' title='bbox 1739 146 1804 174; x_wconf 82' lang='grc' dir='ltr'>ιοιο</span> 
     </span>
    </p>
   </div>
   <div class='ocr_carea' id='block_1_4' title="bbox 181 195 957 234">
    <p class='ocr_par' dir='ltr' id='par_1_4' title="bbox 181 195 957 229">
     <span class='ocr_line' id='line_1_4' title="bbox 181 195 957 229; baseline 0 -5"><span class='ocrx_word' id='word_1_7' title='bbox 181 197 235 225; x_wconf 88' lang='lat' dir='ltr'><strong>illic</strong></span> <span class='ocrx_word' id='word_1_8' title='bbox 247 195 356 228; x_wconf 73' lang='lat' dir='ltr'><strong>ludam,</strong></span> <span class='ocrx_word' id='word_1_9' title='bbox 368 201 393 223; x_wconf 90' lang='lat' dir='ltr'><strong>et</strong></span> <span class='ocrx_word' id='word_1_10' title='bbox 413 195 482 228; x_wconf 83' lang='lat' dir='ltr'><strong>Gad,</strong></span> <span class='ocrx_word' id='word_1_11' title='bbox 495 199 522 222; x_wconf 83' lang='lat' dir='ltr'><strong>et</strong></span> <span class='ocrx_word' id='word_1_12' title='bbox 537 196 614 227; x_wconf 79' lang='lat' dir='ltr'><strong>Aser,</strong></span> <span class='ocrx_word' id='word_1_13' title='bbox 628 195 726 224; x_wconf 75' lang='lat' dir='ltr'><strong>fratres</strong></span> <span class='ocrx_word' id='word_1_14' title='bbox 739 204 815 229; x_wconf 86' lang='lat' dir='ltr'><strong>suos,</strong></span> <span class='ocrx_word' id='word_1_15' title='bbox 826 196 895 224; x_wconf 81' lang='lat' dir='ltr'><strong>dixit</strong></span> <span class='ocrx_word' id='word_1_16' title='bbox 905 197 957 224; x_wconf 79' lang='lat' dir='ltr'><strong>eis:</strong></span> 
     </span>
    </p>
   </div>
   <div class='ocr_carea' id='block_1_5' title="bbox 1021 195 1805 234">
    <p class='ocr_par' dir='ltr' id='par_1_5' title="bbox 1021 195 1805 234">
     <span class='ocr_line' id='line_1_5' title="bbox 1021 195 1805 234; baseline 0.013 -13"><span class='ocrx_word' id='word_1_17' title='bbox 1021 203 1066 230; x_wconf 81' lang='grc' dir='ltr'><strong>μαι</strong></span> <span class='ocrx_word' id='word_1_18' title='bbox 1080 195 1139 222; x_wconf 83' lang='grc' dir='ltr'>ὁδὸν</span> <span class='ocrx_word' id='word_1_19' title='bbox 1156 197 1284 232; x_wconf 82' lang='grc' dir='ltr'><strong>πατέρων</strong></span> <span class='ocrx_word' id='word_1_20' title='bbox 1299 206 1359 232; x_wconf 79' lang='grc' dir='ltr'>μου.</span> <span class='ocrx_word' id='word_1_21' title='bbox 1375 207 1384 224; x_wconf 71' lang='grc' dir='ltr'><strong>ι</strong></span> <span class='ocrx_word' id='word_1_22' title='bbox 1399 198 1454 225; x_wconf 79' lang='grc' dir='ltr'><strong>Καὶ</strong></span> <span class='ocrx_word' id='word_1_23' title='bbox 1469 198 1530 226; x_wconf 82' lang='grc' dir='ltr'>ίδὼν</span> <span class='ocrx_word' id='word_1_24' title='bbox 1545 201 1604 228; x_wconf 76' lang='grc' dir='ltr'>ἐκεῖ</span> <span class='ocrx_word' id='word_1_25' title='bbox 1624 201 1740 234; x_wconf 81' lang='grc' dir='ltr'><strong>Ἰούδαν,</strong></span> <span class='ocrx_word' id='word_1_26' title='bbox 1761 205 1805 231; x_wconf 75' lang='grc' dir='ltr'>καὶ</span> 
     </span>
    </p>
   </div>
   <div class='ocr_carea' id='block_1_6' title="bbox 183 243 967 280">
    <p class='ocr_par' dir='ltr' id='par_1_6' title="bbox 183 243 967 280">
     <span class='ocr_line' id='line_1_6' title="bbox 183 243 967 280; baseline 0 -8"><span class='ocrx_word' id='word_1_27' title='bbox 183 254 193 271; x_wconf 78' lang='grc' dir='ltr'><strong>ι</strong></span> <span class='ocrx_word' id='word_1_28' title='bbox 204 244 307 280; x_wconf 71' lang='lat' dir='ltr'><strong>Erigite</strong></span> <span class='ocrx_word' id='word_1_29' title='bbox 318 251 372 277; x_wconf 85' lang='lat' dir='ltr'><strong>me,</strong></span> <span class='ocrx_word' id='word_1_30' title='bbox 385 243 495 277; x_wconf 77' lang='lat' dir='ltr'><strong>fratres,</strong></span> <span class='ocrx_word' id='word_1_31' title='bbox 510 248 539 270; x_wconf 88' lang='lat' dir='ltr'><strong>ut</strong></span> <span class='ocrx_word' id='word_1_32' title='bbox 555 244 644 271; x_wconf 87' lang='lat' dir='ltr'><strong>dicam</strong></span> <span class='ocrx_word' id='word_1_33' title='bbox 663 244 794 272; x_wconf 73' lang='lat' dir='ltr'><strong>fratribus</strong></span> <span class='ocrx_word' id='word_1_34' title='bbox 808 245 877 273; x_wconf 89' lang='lat' dir='ltr'><strong>meis</strong></span> <span class='ocrx_word' id='word_1_35' title='bbox 895 250 922 273; x_wconf 92' lang='lat' dir='ltr'><strong>et</strong></span> <span class='ocrx_word' id='word_1_36' title='bbox 936 245 967 272; x_wconf 83' lang='lat' dir='ltr'><strong>ii-</strong></span> 
     </span>
    </p>
   </div>
   <div class='ocr_carea' id='block_1_7' title="bbox 180 289 968 324">
    <p class='ocr_par' dir='ltr' id='par_1_7' title="bbox 180 289 968 324">
     <span class='ocr_line' id='line_1_7' title="bbox 180 289 968 324; baseline 0 -6"><span class='ocrx_word' id='word_1_37' title='bbox 180 290 224 318; x_wconf 88' lang='lat' dir='ltr'><strong>liis</strong></span> <span class='ocrx_word' id='word_1_38' title='bbox 235 290 314 323; x_wconf 88' lang='lat' dir='ltr'><strong>meis,</strong></span> <span class='ocrx_word' id='word_1_39' title='bbox 327 296 497 324; x_wconf 69' lang='lat' dir='ltr'><strong>quaecunque</strong></span> <span class='ocrx_word' id='word_1_40' title='bbox 513 289 600 316; x_wconf 83' lang='lat' dir='ltr'><strong>habeo</strong></span> <span class='ocrx_word' id='word_1_41' title='bbox 612 289 639 316; x_wconf 80' lang='lat' dir='ltr'><strong>in</strong></span> <span class='ocrx_word' id='word_1_42' title='bbox 653 290 736 318; x_wconf 89' lang='lat' dir='ltr'><strong>corde</strong></span> <span class='ocrx_word' id='word_1_43' title='bbox 751 298 811 318; x_wconf 90' lang='lat' dir='ltr'><strong>meo</strong></span> <span class='ocrx_word' id='word_1_44' title='bbox 822 290 968 318; x_wconf 81' lang='lat' dir='ltr'><strong>abscondi-</strong></span> 
     </span>
    </p>
   </div>
   <div class='ocr_carea' id='block_1_8' title="bbox 179 335 965 372">
    <p class='ocr_par' dir='ltr' id='par_1_8' title="bbox 179 335 965 372">
     <span class='ocr_line' id='line_1_8' title="bbox 179 335 965 372; baseline -0.003 -8"><span class='ocrx_word' id='word_1_45' title='bbox 179 342 206 364; x_wconf 92' lang='lat' dir='ltr'><strong>ta</strong></span> <span class='ocrx_word' id='word_1_46' title='bbox 219 345 225 362; x_wconf 96' lang='lat'><strong>:</strong></span> <span class='ocrx_word' id='word_1_47' title='bbox 236 336 294 372; x_wconf 87' lang='lat' dir='ltr'><strong>jam</strong></span> <span class='ocrx_word' id='word_1_48' title='bbox 306 336 378 363; x_wconf 87' lang='lat' dir='ltr'><strong>enim</strong></span> <span class='ocrx_word' id='word_1_49' title='bbox 392 336 498 363; x_wconf 85' lang='lat' dir='ltr'><strong>deﬁcio.</strong></span> <span class='ocrx_word' id='word_1_50' title='bbox 513 345 522 362; x_wconf 68' lang='grc' dir='ltr'><strong>ι</strong></span> <span class='ocrx_word' id='word_1_51' title='bbox 539 335 572 363; x_wconf 85' lang='grc' dir='ltr'><strong>Ει</strong></span> <span class='ocrx_word' id='word_1_52' title='bbox 582 341 689 364; x_wconf 89' lang='lat' dir='ltr'><strong>erectus</strong></span> <span class='ocrx_word' id='word_1_53' title='bbox 702 336 842 364; x_wconf 86' lang='lat' dir='ltr'><strong>osculatus</strong></span> <span class='ocrx_word' id='word_1_54' title='bbox 855 340 897 364; x_wconf 87' lang='lat' dir='ltr'><strong>est</strong></span> <span class='ocrx_word' id='word_1_55' title='bbox 907 342 965 368; x_wconf 89' lang='lat' dir='ltr'><strong>eos,</strong></span> 
     </span>
    </p>
   </div>
   <div class='ocr_carea' id='block_1_9' title="bbox 177 381 966 418">
    <p class='ocr_par' dir='ltr' id='par_1_9' title="bbox 177 381 966 418">
     <span class='ocr_line' id='line_1_9' title="bbox 177 381 966 418; baseline -0.001 -8"><span class='ocrx_word' id='word_1_56' title='bbox 177 388 205 410; x_wconf 90' lang='lat' dir='ltr'><strong>et</strong></span> <span class='ocrx_word' id='word_1_57' title='bbox 214 383 325 418; x_wconf 85' lang='lat' dir='ltr'><strong>plorans</strong></span> <span class='ocrx_word' id='word_1_58' title='bbox 335 382 404 410; x_wconf 79' lang='lat' dir='ltr'><strong>dixit</strong></span> <span class='ocrx_word' id='word_1_59' title='bbox 419 390 426 408; x_wconf 92' lang='lat'>:</span> <span class='ocrx_word' id='word_1_60' title='bbox 441 390 451 407; x_wconf 71' lang='grc' dir='ltr'>ί</span> <span class='ocrx_word' id='word_1_61' title='bbox 466 381 577 414; x_wconf 81' lang='lat' dir='ltr'><strong>Audite,</strong></span> <span class='ocrx_word' id='word_1_62' title='bbox 596 381 694 410; x_wconf 78' lang='lat' dir='ltr'><strong>fratres</strong></span> <span class='ocrx_word' id='word_1_63' title='bbox 706 383 759 410; x_wconf 91' lang='lat' dir='ltr'><strong>mei</strong></span> <span class='ocrx_word' id='word_1_64' title='bbox 774 386 800 410; x_wconf 87' lang='lat' dir='ltr'><strong>et</strong></span> <span class='ocrx_word' id='word_1_65' title='bbox 816 381 876 415; x_wconf 80' lang='lat' dir='ltr'><strong>ﬁlii,</strong></span> <span class='ocrx_word' id='word_1_66' title='bbox 889 382 966 409; x_wconf 90' lang='lat' dir='ltr'><strong>auri-</strong></span> 
     </span>
    </p>
   </div>
   <div class='ocr_carea' id='block_1_10' title="bbox 177 427 966 464">
    <p class='ocr_par' dir='ltr' id='par_1_10' title="bbox 177 427 966 464">
     <span class='ocr_line' id='line_1_10' title="bbox 177 427 966 464; baseline 0 -8"><span class='ocrx_word' id='word_1_67' title='bbox 177 429 229 457; x_wconf 86' lang='lat' dir='ltr'><strong>bus</strong></span> <span class='ocrx_word' id='word_1_68' title='bbox 244 428 375 464; x_wconf 83' lang='lat' dir='ltr'><strong>percipite</strong></span> <span class='ocrx_word' id='word_1_69' title='bbox 387 427 482 455; x_wconf 83' lang='lat' dir='ltr'><strong>Ruben</strong></span> <span class='ocrx_word' id='word_1_70' title='bbox 496 433 600 463; x_wconf 80' lang='lat' dir='ltr'><strong>patrem</strong></span> <span class='ocrx_word' id='word_1_71' title='bbox 615 433 737 456; x_wconf 88' lang='lat' dir='ltr'><strong>vestrum</strong></span> <span class='ocrx_word' id='word_1_72' title='bbox 754 428 823 464; x_wconf 84' lang='grc'>(51),</span> <span class='ocrx_word' id='word_1_73' title='bbox 836 436 966 464; x_wconf 68' lang='lat' dir='ltr'><strong>quazcun-</strong></span> 
     </span>
    </p>
   </div>
   <div class='ocr_carea' id='block_1_11' title="bbox 1019 240 1803 281">
    <p class='ocr_par' dir='ltr' id='par_1_11' title="bbox 1019 240 1803 281">
     <span class='ocr_line' id='line_1_11' title="bbox 1019 240 1803 281; baseline 0.011 -14"><span class='ocrx_word' id='word_1_74' title='bbox 1019 240 1082 273; x_wconf 82' lang='grc' dir='ltr'>Γὰδ,</span> <span class='ocrx_word' id='word_1_75' title='bbox 1099 242 1146 268; x_wconf 82' lang='grc' dir='ltr'><strong>καὶ</strong></span> <span class='ocrx_word' id='word_1_76' title='bbox 1167 242 1260 278; x_wconf 84' lang='grc' dir='ltr'>Ἀσὴρ,</span> <span class='ocrx_word' id='word_1_77' title='bbox 1275 243 1339 275; x_wconf 81' lang='grc' dir='ltr'>τοὺς</span> <span class='ocrx_word' id='word_1_78' title='bbox 1350 244 1482 279; x_wconf 79' lang='grc' dir='ltr'>ἀδελφοὺς</span> <span class='ocrx_word' id='word_1_79' title='bbox 1497 247 1589 278; x_wconf 77' lang='grc' dir='ltr'>αὑτοῦ,</span> <span class='ocrx_word' id='word_1_80' title='bbox 1607 245 1684 275; x_wconf 77' lang='grc' dir='ltr'>εἶπεν</span> <span class='ocrx_word' id='word_1_81' title='bbox 1704 249 1803 281; x_wconf 70' lang='grc' dir='ltr'>αὐτοῖς·</span> 
     </span>
    </p>
   </div>
   <div class='ocr_carea' id='block_1_12' title="bbox 1021 287 1806 331">
    <p class='ocr_par' dir='ltr' id='par_1_12' title="bbox 1021 287 1806 331">
     <span class='ocr_line' id='line_1_12' title="bbox 1021 287 1806 331; baseline 0.013 -19"><span class='ocrx_word' id='word_1_82' title='bbox 1021 295 1030 312; x_wconf 76' lang='grc' dir='ltr'><strong>ι</strong></span> <span class='ocrx_word' id='word_1_83' title='bbox 1052 287 1234 324; x_wconf 75' lang='grc' dir='ltr'>’Δναστῆσατὲ</span> <span class='ocrx_word' id='word_1_84' title='bbox 1248 298 1292 325; x_wconf 87' lang='grc' dir='ltr'><strong>με,</strong></span> <span class='ocrx_word' id='word_1_85' title='bbox 1308 289 1429 325; x_wconf 78' lang='grc' dir='ltr'>ἀδελφοὶ,</span> <span class='ocrx_word' id='word_1_86' title='bbox 1444 291 1518 324; x_wconf 77' lang='grc' dir='ltr'>ὅπως</span> <span class='ocrx_word' id='word_1_87' title='bbox 1529 292 1600 319; x_wconf 73' lang='grc' dir='ltr'>εἴπω</span> <span class='ocrx_word' id='word_1_88' title='bbox 1610 295 1666 326; x_wconf 86' lang='grc' dir='ltr'>τοῖς</span> <span class='ocrx_word' id='word_1_89' title='bbox 1683 295 1806 331; x_wconf 73' lang='grc' dir='ltr'><strong>ἀδελφοῖς</strong></span> 
     </span>
    </p>
   </div>
   <div class='ocr_carea' id='block_1_13' title="bbox 1019 335 1807 378">
    <p class='ocr_par' dir='ltr' id='par_1_13' title="bbox 1019 335 1807 378">
     <span class='ocr_line' id='line_1_13' title="bbox 1019 335 1807 378; baseline 0.011 -18"><span class='ocrx_word' id='word_1_90' title='bbox 1019 342 1081 370; x_wconf 84' lang='grc' dir='ltr'>μου,</span> <span class='ocrx_word' id='word_1_91' title='bbox 1098 335 1146 361; x_wconf 75' lang='grc' dir='ltr'>καὶ</span> <span class='ocrx_word' id='word_1_92' title='bbox 1161 337 1217 368; x_wconf 86' lang='grc' dir='ltr'>τοῖς</span> <span class='ocrx_word' id='word_1_93' title='bbox 1228 335 1333 367; x_wconf 86' lang='grc' dir='ltr'>τέκνοις</span> <span class='ocrx_word' id='word_1_94' title='bbox 1348 345 1409 372; x_wconf 85' lang='grc' dir='ltr'>μου,</span> <span class='ocrx_word' id='word_1_95' title='bbox 1425 337 1475 364; x_wconf 82' lang='grc' dir='ltr'>ὅσα</span> <span class='ocrx_word' id='word_1_96' title='bbox 1490 337 1544 374; x_wconf 74' lang='grc' dir='ltr'><strong>ἔχω</strong></span> <span class='ocrx_word' id='word_1_97' title='bbox 1557 340 1586 366; x_wconf 76' lang='grc' dir='ltr'>ὲν</span> <span class='ocrx_word' id='word_1_98' title='bbox 1594 342 1627 376; x_wconf 83' lang='grc' dir='ltr'>τῇ</span> <span class='ocrx_word' id='word_1_99' title='bbox 1640 341 1742 377; x_wconf 78' lang='grc' dir='ltr'>καρδίᾳ</span> <span class='ocrx_word' id='word_1_100' title='bbox 1758 351 1807 378; x_wconf 78' lang='grc' dir='ltr'><strong>μου</strong></span> 
     </span>
    </p>
   </div>
   <div class='ocr_carea' id='block_1_14' title="bbox 1017 382 1805 422">
    <p class='ocr_par' dir='ltr' id='par_1_14' title="bbox 1017 382 1805 422">
     <span class='ocr_line' id='line_1_14' title="bbox 1017 382 1805 422; baseline 0.009 -15"><span class='ocrx_word' id='word_1_101' title='bbox 1017 382 1136 417; x_wconf 84' lang='grc' dir='ltr'>κρυπτά·</span> <span class='ocrx_word' id='word_1_102' title='bbox 1158 382 1277 410; x_wconf 76' lang='grc' dir='ltr'>ἐκλιπὼν</span> <span class='ocrx_word' id='word_1_103' title='bbox 1293 384 1348 421; x_wconf 85' lang='grc' dir='ltr'><strong>γὰρ</strong></span> <span class='ocrx_word' id='word_1_104' title='bbox 1364 384 1419 419; x_wconf 78' lang='grc' dir='ltr'>ἐγώ</span> <span class='ocrx_word' id='word_1_105' title='bbox 1435 386 1492 422; x_wconf 83' lang='grc' dir='ltr'>εἰμι</span> <span class='ocrx_word' id='word_1_106' title='bbox 1508 386 1562 413; x_wconf 83' lang='grc' dir='ltr'><strong>ἀπὸ</strong></span> <span class='ocrx_word' id='word_1_107' title='bbox 1577 385 1624 412; x_wconf 77' lang='grc' dir='ltr'>τοῦ</span> <span class='ocrx_word' id='word_1_108' title='bbox 1639 386 1687 413; x_wconf 80' lang='grc' dir='ltr'>νῦν</span> <span class='ocrx_word' id='word_1_109' title='bbox 1709 388 1777 422; x_wconf 78' lang='grc'>(50).</span> <span class='ocrx_word' id='word_1_110' title='bbox 1796 399 1805 414; x_wconf 71' lang='grc' dir='ltr'><strong>ι</strong></span> 
     </span>
    </p>
   </div>
   <div class='ocr_carea' id='block_1_15' title="bbox 1016 426 1806 466">
    <p class='ocr_par' dir='ltr' id='par_1_15' title="bbox 1016 426 1806 466">
     <span class='ocr_line' id='line_1_15' title="bbox 1016 426 1806 466; baseline 0.011 -14"><span class='ocrx_word' id='word_1_111' title='bbox 1016 426 1071 453; x_wconf 77' lang='grc' dir='ltr'><strong>Καὶ</strong></span> <span class='ocrx_word' id='word_1_112' title='bbox 1084 426 1203 461; x_wconf 81' lang='grc' dir='ltr'>ἀναστὰς</span> <span class='ocrx_word' id='word_1_113' title='bbox 1218 430 1398 466; x_wconf 83' lang='grc' dir='ltr'>κατεφίλησεν</span> <span class='ocrx_word' id='word_1_114' title='bbox 1408 431 1516 464; x_wconf 76' lang='grc' dir='ltr'>αὐτοὺς,</span> <span class='ocrx_word' id='word_1_115' title='bbox 1531 433 1579 460; x_wconf 80' lang='grc' dir='ltr'>καὶ</span> <span class='ocrx_word' id='word_1_116' title='bbox 1586 432 1710 465; x_wconf 74' lang='grc' dir='ltr'>κλαύσας</span> <span class='ocrx_word' id='word_1_117' title='bbox 1722 431 1806 461; x_wconf 84' lang='grc' dir='ltr'>εἶπεν·</span> 
     </span>
    </p>
   </div>
   <div class='ocr_carea' id='block_1_16' title="bbox 178 471 957 516">
    <p class='ocr_par' dir='ltr' id='par_1_16' title="bbox 178 474 954 512">
     <span class='ocr_line' id='line_1_16' title="bbox 178 474 954 512; baseline 0 -9"><span class='ocrx_word' id='word_1_118' title='bbox 178 484 232 512; x_wconf 91' lang='lat' dir='ltr'><strong>que</strong></span> <span class='ocrx_word' id='word_1_119' title='bbox 243 476 343 503; x_wconf 90' lang='lat' dir='ltr'><strong>mando</strong></span> <span class='ocrx_word' id='word_1_120' title='bbox 360 475 447 503; x_wconf 88' lang='lat' dir='ltr'><strong>vobis.</strong></span> <span class='ocrx_word' id='word_1_121' title='bbox 460 474 539 508; x_wconf 87' lang='lat' dir='ltr'><strong>Ecce,</strong></span> <span class='ocrx_word' id='word_1_122' title='bbox 558 475 690 503; x_wconf 78' lang='lat' dir='ltr'><strong>testiﬁcor</strong></span> <span class='ocrx_word' id='word_1_123' title='bbox 706 475 785 503; x_wconf 85' lang='lat' dir='ltr'><strong>vobis</strong></span> <span class='ocrx_word' id='word_1_124' title='bbox 798 474 884 504; x_wconf 88' lang='lat' dir='ltr'><strong>Deum</strong></span> <span class='ocrx_word' id='word_1_125' title='bbox 902 475 954 503; x_wconf 81' lang='lat' dir='ltr'><strong>ccel</strong></span> 
     </span>
    </p>
   </div>
   <div class='ocr_carea' id='block_1_17' title="bbox 1021 471 1807 516">
    <p class='ocr_par' dir='ltr' id='par_1_17' title="bbox 1024 471 1807 516">
     <span class='ocr_line' id='line_1_17' title="bbox 1024 471 1807 516; baseline 0.011 -18"><span class='ocrx_word' id='word_1_126' title='bbox 1024 471 1184 506; x_wconf 84' lang='grc' dir='ltr'>Ἀκούσατε,</span> <span class='ocrx_word' id='word_1_127' title='bbox 1208 474 1317 511; x_wconf 81' lang='grc' dir='ltr'>ἀδελφοί</span> <span class='ocrx_word' id='word_1_128' title='bbox 1337 485 1398 512; x_wconf 72' lang='grc' dir='ltr'>μου,</span> <span class='ocrx_word' id='word_1_129' title='bbox 1412 477 1575 505; x_wconf 76' lang='grc' dir='ltr'><strong>ἐνωτίσασθε</strong></span> <span class='ocrx_word' id='word_1_130' title='bbox 1592 479 1664 514; x_wconf 76' lang='grc'>(52)</span> <span class='ocrx_word' id='word_1_131' title='bbox 1688 479 1807 516; x_wconf 76' lang='grc' dir='ltr'>Ῥουΰὴμ</span> 
     </span>
    </p>
   </div>
   <div class='ocr_carea' id='block_1_18' title="bbox 178 520 963 557">
    <p class='ocr_par' dir='ltr' id='par_1_18' title="bbox 178 520 963 557">
     <span class='ocr_line' id='line_1_18' title="bbox 178 520 963 557; baseline -0.001 -7"><span class='ocrx_word' id='word_1_132' title='bbox 178 523 270 556; x_wconf 88' lang='lat' dir='ltr'><strong>hodie,</strong></span> <span class='ocrx_word' id='word_1_133' title='bbox 295 527 325 549; x_wconf 90' lang='lat' dir='ltr'><strong>ut</strong></span> <span class='ocrx_word' id='word_1_134' title='bbox 346 529 401 549; x_wconf 91' lang='lat' dir='ltr'><strong>non</strong></span> <span class='ocrx_word' id='word_1_135' title='bbox 420 521 566 548; x_wconf 86' lang='lat' dir='ltr'><strong>ambuletis</strong></span> <span class='ocrx_word' id='word_1_136' title='bbox 584 520 611 548; x_wconf 91' lang='lat' dir='ltr'><strong>in</strong></span> <span class='ocrx_word' id='word_1_137' title='bbox 629 521 784 556; x_wconf 79' lang='lat' dir='ltr'><strong>ignorantia</strong></span> <span class='ocrx_word' id='word_1_138' title='bbox 799 521 963 557; x_wconf 85' lang='lat' dir='ltr'><strong>juventutis,</strong></span> 
     </span>
    </p>
   </div>
   <div class='ocr_carea' id='block_1_19' title="bbox 176 567 965 603">
    <p class='ocr_par' dir='ltr' id='par_1_19' title="bbox 176 567 965 603">
     <span class='ocr_line' id='line_1_19' title="bbox 176 567 965 603; baseline -0.001 -6"><span class='ocrx_word' id='word_1_139' title='bbox 176 574 204 597; x_wconf 91' lang='lat' dir='ltr'><strong>et</strong></span> <span class='ocrx_word' id='word_1_140' title='bbox 214 568 395 596; x_wconf 84' lang='lat' dir='ltr'><strong>fornicatione</strong></span> <span class='ocrx_word' id='word_1_141' title='bbox 410 568 437 595; x_wconf 92' lang='lat' dir='ltr'><strong>in</strong></span> <span class='ocrx_word' id='word_1_142' title='bbox 452 575 506 603; x_wconf 85' lang='lat' dir='ltr'><strong>qua</strong></span> <span class='ocrx_word' id='word_1_143' title='bbox 517 567 621 596; x_wconf 83' lang='lat' dir='ltr'><strong>eﬂ‘usus</strong></span> <span class='ocrx_word' id='word_1_144' title='bbox 635 575 696 596; x_wconf 87' lang='lat' dir='ltr'><strong>sum</strong></span> <span class='ocrx_word' id='word_1_145' title='bbox 707 575 768 603; x_wconf 81' lang='lat' dir='ltr'><strong>ego,</strong></span> <span class='ocrx_word' id='word_1_146' title='bbox 790 572 817 595; x_wconf 90' lang='lat' dir='ltr'><strong>ct</strong></span> <span class='ocrx_word' id='word_1_147' title='bbox 837 568 965 603; x_wconf 87' lang='lat' dir='ltr'><strong>inquina-</strong></span> 
     </span>
    </p>
   </div>
   <div class='ocr_carea' id='block_1_20' title="bbox 176 613 962 650">
    <p class='ocr_par' dir='ltr' id='par_1_20' title="bbox 176 613 962 650">
     <span class='ocr_line' id='line_1_20' title="bbox 176 613 962 650; baseline 0 -7"><span class='ocrx_word' id='word_1_148' title='bbox 176 616 202 643; x_wconf 82' lang='lat' dir='ltr'><strong>vi</strong></span> <span class='ocrx_word' id='word_1_149' title='bbox 215 615 314 643; x_wconf 87' lang='lat' dir='ltr'><strong>lectum</strong></span> <span class='ocrx_word' id='word_1_150' title='bbox 338 615 425 650; x_wconf 91' lang='lat' dir='ltr'><strong>patris</strong></span> <span class='ocrx_word' id='word_1_151' title='bbox 452 615 505 642; x_wconf 90' lang='lat' dir='ltr'><strong>mei</strong></span> <span class='ocrx_word' id='word_1_152' title='bbox 536 614 630 642; x_wconf 80' lang='lat' dir='ltr'><strong>Jacob.</strong></span> <span class='ocrx_word' id='word_1_153' title='bbox 661 613 728 642; x_wconf 86' lang='lat' dir='ltr'><strong>Dico</strong></span> <span class='ocrx_word' id='word_1_154' title='bbox 761 614 834 642; x_wconf 87' lang='lat' dir='ltr'><strong>enim</strong></span> <span class='ocrx_word' id='word_1_155' title='bbox 863 615 962 647; x_wconf 88' lang='lat' dir='ltr'><strong>vobis,</strong></span> 
     </span>
    </p>
   </div>
   <div class='ocr_carea' id='block_1_21' title="bbox 176 660 963 698">
    <p class='ocr_par' dir='ltr' id='par_1_21' title="bbox 176 660 963 698">
     <span class='ocr_line' id='line_1_21' title="bbox 176 660 963 698; baseline -0.001 -8"><span class='ocrx_word' id='word_1_156' title='bbox 176 662 306 698; x_wconf 81' lang='lat' dir='ltr'><strong>quoniam</strong></span> <span class='ocrx_word' id='word_1_157' title='bbox 325 661 461 697; x_wconf 84' lang='lat' dir='ltr'><strong>percussit</strong></span> <span class='ocrx_word' id='word_1_158' title='bbox 477 669 521 689; x_wconf 84' lang='lat' dir='ltr'><strong>me</strong></span> <span class='ocrx_word' id='word_1_159' title='bbox 540 660 708 697; x_wconf 72' lang='lat' dir='ltr'><strong>(Dominus)</strong></span> <span class='ocrx_word' id='word_1_160' title='bbox 726 661 805 697; x_wconf 81' lang='lat' dir='ltr'><strong>plaga</strong></span> <span class='ocrx_word' id='word_1_161' title='bbox 822 669 921 698; x_wconf 76' lang='lat' dir='ltr'><strong>magna</strong></span> <span class='ocrx_word' id='word_1_162' title='bbox 936 662 963 689; x_wconf 90' lang='lat' dir='ltr'><strong>in</strong></span> 
     </span>
    </p>
   </div>
   <div class='ocr_carea' id='block_1_22' title="bbox 175 707 963 744">
    <p class='ocr_par' dir='ltr' id='par_1_22' title="bbox 175 707 963 744">
     <span class='ocr_line' id='line_1_22' title="bbox 175 707 963 744; baseline -0.001 -8"><span class='ocrx_word' id='word_1_163' title='bbox 175 709 232 736; x_wconf 89' lang='lat' dir='ltr'><strong>iliis</strong></span> <span class='ocrx_word' id='word_1_164' title='bbox 246 709 315 737; x_wconf 88' lang='lat' dir='ltr'><strong>meis</strong></span> <span class='ocrx_word' id='word_1_165' title='bbox 335 715 383 744; x_wconf 87' lang='lat' dir='ltr'><strong>per</strong></span> <span class='ocrx_word' id='word_1_166' title='bbox 398 715 506 736; x_wconf 88' lang='lat' dir='ltr'><strong>menses</strong></span> <span class='ocrx_word' id='word_1_167' title='bbox 523 712 644 743; x_wconf 79' lang='lat' dir='ltr'><strong>septem;</strong></span> <span class='ocrx_word' id='word_1_168' title='bbox 664 713 691 736; x_wconf 91' lang='lat' dir='ltr'><strong>et</strong></span> <span class='ocrx_word' id='word_1_169' title='bbox 711 707 764 736; x_wconf 87' lang='lat' dir='ltr'><strong>nisi</strong></span> <span class='ocrx_word' id='word_1_170' title='bbox 786 707 871 736; x_wconf 82' lang='lat' dir='ltr'><strong>Jacob</strong></span> <span class='ocrx_word' id='word_1_171' title='bbox 888 712 963 743; x_wconf 87' lang='lat' dir='ltr'><strong>pater</strong></span> 
     </span>
    </p>
   </div>
   <div class='ocr_carea' id='block_1_23' title="bbox 175 753 962 790">
    <p class='ocr_par' dir='ltr' id='par_1_23' title="bbox 175 753 962 790">
     <span class='ocr_line' id='line_1_23' title="bbox 175 753 962 790; baseline -0.001 -8"><span class='ocrx_word' id='word_1_172' title='bbox 175 759 270 782; x_wconf 85' lang='lat' dir='ltr'><strong>noster</strong></span> <span class='ocrx_word' id='word_1_173' title='bbox 287 759 394 782; x_wconf 84' lang='lat' dir='ltr'><strong>orasset</strong></span> <span class='ocrx_word' id='word_1_174' title='bbox 417 762 467 790; x_wconf 89' lang='lat' dir='ltr'><strong>pro</strong></span> <span class='ocrx_word' id='word_1_175' title='bbox 482 761 525 782; x_wconf 89' lang='lat' dir='ltr'><strong>me</strong></span> <span class='ocrx_word' id='word_1_176' title='bbox 540 754 574 782; x_wconf 87' lang='lat' dir='ltr'><strong>ad</strong></span> <span class='ocrx_word' id='word_1_177' title='bbox 587 753 745 788; x_wconf 87' lang='lat' dir='ltr'><strong>Dominum,</strong></span> <span class='ocrx_word' id='word_1_178' title='bbox 761 754 847 782; x_wconf 88' lang='lat' dir='ltr'><strong>voluit</strong></span> <span class='ocrx_word' id='word_1_179' title='bbox 868 753 962 781; x_wconf 86' lang='lat' dir='ltr'><strong>Domi—</strong></span> 
     </span>
    </p>
   </div>
   <div class='ocr_carea' id='block_1_24' title="bbox 176 799 962 836">
    <p class='ocr_par' dir='ltr' id='par_1_24' title="bbox 176 799 962 836">
     <span class='ocr_line' id='line_1_24' title="bbox 176 799 962 836; baseline -0.001 -8"><span class='ocrx_word' id='word_1_180' title='bbox 176 808 229 828; x_wconf 83' lang='lat' dir='ltr'><strong>nus</strong></span> <span class='ocrx_word' id='word_1_181' title='bbox 244 800 369 829; x_wconf 88' lang='lat' dir='ltr'><strong>occidere</strong></span> <span class='ocrx_word' id='word_1_182' title='bbox 384 808 438 827; x_wconf 91' lang='lat' dir='ltr'><strong>me.</strong></span> <span class='ocrx_word' id='word_1_183' title='bbox 463 799 544 827; x_wconf 84' lang='lat' dir='ltr'><strong>Eram</strong></span> <span class='ocrx_word' id='word_1_184' title='bbox 573 800 646 828; x_wconf 86' lang='lat' dir='ltr'><strong>enim</strong></span> <span class='ocrx_word' id='word_1_185' title='bbox 671 808 805 828; x_wconf 88' lang='lat' dir='ltr'><strong>annorum</strong></span> <span class='ocrx_word' id='word_1_186' title='bbox 829 800 962 836; x_wconf 78' lang='lat' dir='ltr'><strong>triginta,</strong></span> 
     </span>
    </p>
   </div>
   <div class='ocr_carea' id='block_1_25' title="bbox 175 845 960 882">
    <p class='ocr_par' dir='ltr' id='par_1_25' title="bbox 175 845 960 882">
     <span class='ocr_line' id='line_1_25' title="bbox 175 845 960 882; baseline -0.003 -7"><span class='ocrx_word' id='word_1_187' title='bbox 175 847 286 882; x_wconf 87' lang='lat' dir='ltr'><strong>quando</strong></span> <span class='ocrx_word' id='word_1_188' title='bbox 306 846 357 875; x_wconf 85' lang='lat' dir='ltr'><strong>feci</strong></span> <span class='ocrx_word' id='word_1_189' title='bbox 372 847 425 875; x_wconf 91' lang='lat' dir='ltr'><strong>hoc</strong></span> <span class='ocrx_word' id='word_1_190' title='bbox 440 847 541 874; x_wconf 88' lang='lat' dir='ltr'><strong>malum</strong></span> <span class='ocrx_word' id='word_1_191' title='bbox 555 854 648 874; x_wconf 85' lang='lat' dir='ltr'><strong>coram</strong></span> <span class='ocrx_word' id='word_1_192' title='bbox 671 845 801 879; x_wconf 89' lang='lat' dir='ltr'><strong>Domino;</strong></span> <span class='ocrx_word' id='word_1_193' title='bbox 816 851 843 874; x_wconf 92' lang='lat' dir='ltr'><strong>et</strong></span> <span class='ocrx_word' id='word_1_194' title='bbox 859 851 960 882; x_wconf 87' lang='lat' dir='ltr'><strong>septem</strong></span> 
     </span>
    </p>
   </div>
   <div class='ocr_carea' id='block_1_26' title="bbox 176 893 962 928">
    <p class='ocr_par' dir='ltr' id='par_1_26' title="bbox 176 893 962 928">
     <span class='ocr_line' id='line_1_26' title="bbox 176 893 962 928; baseline -0.001 -7"><span class='ocrx_word' id='word_1_195' title='bbox 176 894 317 922; x_wconf 81' lang='lat' dir='ltr'><strong>mensibus</strong></span> <span class='ocrx_word' id='word_1_196' title='bbox 332 893 487 921; x_wconf 84' lang='lat' dir='ltr'><strong>intirmatus</strong></span> <span class='ocrx_word' id='word_1_197' title='bbox 503 901 564 921; x_wconf 88' lang='lat' dir='ltr'><strong>sum</strong></span> <span class='ocrx_word' id='word_1_198' title='bbox 585 900 673 928; x_wconf 90' lang='lat' dir='ltr'><strong>usque</strong></span> <span class='ocrx_word' id='word_1_199' title='bbox 687 893 722 920; x_wconf 89' lang='lat' dir='ltr'><strong>ad</strong></span> <span class='ocrx_word' id='word_1_200' title='bbox 739 897 870 926; x_wconf 88' lang='lat' dir='ltr'><strong>mortem;</strong></span> <span class='ocrx_word' id='word_1_201' title='bbox 887 898 914 920; x_wconf 93' lang='lat' dir='ltr'><strong>et</strong></span> <span class='ocrx_word' id='word_1_202' title='bbox 927 900 962 920; x_wconf 81' lang='lat' dir='ltr'><strong>ex</strong></span> 
     </span>
    </p>
   </div>
   <div class='ocr_carea' id='block_1_27' title="bbox 175 939 962 976">
    <p class='ocr_par' dir='ltr' id='par_1_27' title="bbox 175 939 962 976">
     <span class='ocr_line' id='line_1_27' title="bbox 175 939 962 976; baseline -0.001 -8"><span class='ocrx_word' id='word_1_203' title='bbox 175 941 315 975; x_wconf 90' lang='lat' dir='ltr'><strong>proposito</strong></span> <span class='ocrx_word' id='word_1_204' title='bbox 325 940 424 968; x_wconf 67' lang='lat' dir='ltr'><strong>animae</strong></span> <span class='ocrx_word' id='word_1_205' title='bbox 438 948 505 968; x_wconf 81' lang='lat' dir='ltr'><strong>meae</strong></span> <span class='ocrx_word' id='word_1_206' title='bbox 521 945 623 976; x_wconf 86' lang='lat' dir='ltr'><strong>septem</strong></span> <span class='ocrx_word' id='word_1_207' title='bbox 646 940 726 968; x_wconf 91' lang='lat' dir='ltr'><strong>annis</strong></span> <span class='ocrx_word' id='word_1_208' title='bbox 740 939 855 975; x_wconf 72' lang='lat' dir='ltr'><strong>pt&#39;enitui</strong></span> <span class='ocrx_word' id='word_1_209' title='bbox 869 947 962 968; x_wconf 90' lang='lat' dir='ltr'><strong>coram</strong></span> 
     </span>
    </p>
   </div>
   <div class='ocr_carea' id='block_1_28' title="bbox 175 986 961 1020">
    <p class='ocr_par' dir='ltr' id='par_1_28' title="bbox 175 986 961 1020">
     <span class='ocr_line' id='line_1_28' title="bbox 175 986 961 1020; baseline 0 -6"><span class='ocrx_word' id='word_1_210' title='bbox 175 986 303 1015; x_wconf 79' lang='lat' dir='ltr'><strong>Domino.</strong></span> <span class='ocrx_word' id='word_1_211' title='bbox 317 986 417 1015; x_wconf 81' lang='lat' dir='ltr'><strong>Vinum</strong></span> <span class='ocrx_word' id='word_1_212' title='bbox 440 991 468 1015; x_wconf 89' lang='lat' dir='ltr'><strong>et</strong></span> <span class='ocrx_word' id='word_1_213' title='bbox 483 987 598 1015; x_wconf 80' lang='lat' dir='ltr'><strong>siceram</strong></span> <span class='ocrx_word' id='word_1_214' title='bbox 620 995 675 1014; x_wconf 90' lang='lat' dir='ltr'><strong>non</strong></span> <span class='ocrx_word' id='word_1_215' title='bbox 696 986 766 1020; x_wconf 83' lang='lat' dir='ltr'><strong>bibi,</strong></span> <span class='ocrx_word' id='word_1_216' title='bbox 779 991 806 1014; x_wconf 91' lang='lat' dir='ltr'><strong>et</strong></span> <span class='ocrx_word' id='word_1_217' title='bbox 819 994 885 1014; x_wconf 89' lang='lat' dir='ltr'><strong>caro</strong></span> <span class='ocrx_word' id='word_1_218' title='bbox 907 994 961 1014; x_wconf 90' lang='lat' dir='ltr'><strong>non</strong></span> 
     </span>
    </p>
   </div>
   <div class='ocr_carea' id='block_1_29' title="bbox 174 1032 962 1068">
    <p class='ocr_par' dir='ltr' id='par_1_29' title="bbox 174 1032 962 1068">
     <span class='ocr_line' id='line_1_29' title="bbox 174 1032 962 1068; baseline -0.001 -8"><span class='ocrx_word' id='word_1_219' title='bbox 174 1032 286 1060; x_wconf 83' lang='lat' dir='ltr'><strong>intravit</strong></span> <span class='ocrx_word' id='word_1_220' title='bbox 299 1039 331 1060; x_wconf 89' lang='lat' dir='ltr'><strong>os</strong></span> <span class='ocrx_word' id='word_1_221' title='bbox 353 1040 459 1066; x_wconf 86' lang='lat' dir='ltr'><strong>meum;</strong></span> <span class='ocrx_word' id='word_1_222' title='bbox 473 1037 501 1060; x_wconf 90' lang='lat' dir='ltr'><strong>et</strong></span> <span class='ocrx_word' id='word_1_223' title='bbox 515 1040 624 1060; x_wconf 85' lang='lat' dir='ltr'><strong>omnem</strong></span> <span class='ocrx_word' id='word_1_224' title='bbox 645 1040 742 1068; x_wconf 82' lang='lat' dir='ltr'><strong>panem</strong></span> <span class='ocrx_word' id='word_1_225' title='bbox 759 1032 888 1061; x_wconf 85' lang='lat' dir='ltr'><strong>desiderii</strong></span> <span class='ocrx_word' id='word_1_226' title='bbox 907 1039 962 1060; x_wconf 91' lang='lat' dir='ltr'><strong>non</strong></span> 
     </span>
    </p>
   </div>
   <div class='ocr_carea' id='block_1_30' title="bbox 174 1079 960 1115">
    <p class='ocr_par' dir='ltr' id='par_1_30' title="bbox 174 1079 960 1115">
     <span class='ocr_line' id='line_1_30' title="bbox 174 1079 960 1115; baseline 0 -9"><span class='ocrx_word' id='word_1_227' title='bbox 174 1079 282 1114; x_wconf 76' lang='lat' dir='ltr'><strong>gustavi</strong></span> <span class='ocrx_word' id='word_1_228' title='bbox 295 1079 391 1114; x_wconf 81' lang='lat' dir='ltr'><strong>lugens</strong></span> <span class='ocrx_word' id='word_1_229' title='bbox 403 1086 453 1114; x_wconf 92' lang='lat' dir='ltr'><strong>pro</strong></span> <span class='ocrx_word' id='word_1_230' title='bbox 463 1083 574 1113; x_wconf 79' lang='lat' dir='ltr'><strong>peccato</strong></span> <span class='ocrx_word' id='word_1_231' title='bbox 588 1086 659 1110; x_wconf 88' lang='lat' dir='ltr'><strong>meo,</strong></span> <span class='ocrx_word' id='word_1_232' title='bbox 667 1086 796 1115; x_wconf 78' lang='lat' dir='ltr'><strong>magnum</strong></span> <span class='ocrx_word' id='word_1_233' title='bbox 809 1079 881 1106; x_wconf 92' lang='lat' dir='ltr'><strong>enim</strong></span> <span class='ocrx_word' id='word_1_234' title='bbox 889 1083 960 1107; x_wconf 83' lang='lat' dir='ltr'><strong>erat.</strong></span> 
     </span>
    </p>
   </div>
   <div class='ocr_carea' id='block_1_31' title="bbox 174 1125 519 1154">
    <p class='ocr_par' dir='ltr' id='par_1_31' title="bbox 174 1125 519 1154">
     <span class='ocr_line' id='line_1_31' title="bbox 174 1125 519 1154; baseline 0.006 -2"><span class='ocrx_word' id='word_1_235' title='bbox 174 1125 208 1153; x_wconf 81' lang='lat' dir='ltr'><strong>Et</strong></span> <span class='ocrx_word' id='word_1_236' title='bbox 220 1134 254 1154; x_wconf 88' lang='lat' dir='ltr'><strong>ne</strong></span> <span class='ocrx_word' id='word_1_237' title='bbox 266 1126 314 1154; x_wconf 78' lang='lat' dir='ltr'><strong>fiat</strong></span> <span class='ocrx_word' id='word_1_238' title='bbox 328 1126 355 1153; x_wconf 89' lang='lat' dir='ltr'><strong>in</strong></span> <span class='ocrx_word' id='word_1_239' title='bbox 376 1126 459 1154; x_wconf 84' lang='lat' dir='ltr'><strong>Israel</strong></span> <span class='ocrx_word' id='word_1_240' title='bbox 471 1127 519 1154; x_wconf 88' lang='lat' dir='ltr'><strong>ita.</strong></span> 
     </span>
    </p>
   </div>
   <div class='ocr_carea' id='block_1_32' title="bbox 210 1281 960 1316">
    <p class='ocr_par' dir='ltr' id='par_1_32' title="bbox 210 1281 960 1316">
     <span class='ocr_line' id='line_1_32' title="bbox 210 1281 960 1316; baseline 0.003 -6"><span class='ocrx_word' id='word_1_241' title='bbox 210 1281 292 1310; x_wconf 74' lang='grc' dir='ltr'><strong>ιι.«Ει</strong></span> <span class='ocrx_word' id='word_1_242' title='bbox 304 1289 377 1310; x_wconf 90' lang='lat' dir='ltr'><strong>nunc</strong></span> <span class='ocrx_word' id='word_1_243' title='bbox 390 1282 482 1310; x_wconf 85' lang='lat' dir='ltr'><strong>audite</strong></span> <span class='ocrx_word' id='word_1_244' title='bbox 500 1289 545 1310; x_wconf 87' lang='lat' dir='ltr'><strong>me</strong></span> <span class='ocrx_word' id='word_1_245' title='bbox 556 1302 564 1315; x_wconf 83' lang='lat'><strong>,</strong></span> <span class='ocrx_word' id='word_1_246' title='bbox 578 1282 638 1316; x_wconf 81' lang='lat' dir='ltr'><strong>ﬁlii,</strong></span> <span class='ocrx_word' id='word_1_247' title='bbox 651 1286 682 1310; x_wconf 90' lang='lat' dir='ltr'><strong>ut</strong></span> <span class='ocrx_word' id='word_1_248' title='bbox 695 1283 866 1311; x_wconf 83' lang='lat' dir='ltr'><strong>manifestem</strong></span> <span class='ocrx_word' id='word_1_249' title='bbox 884 1283 960 1312; x_wconf 84' lang='lat' dir='ltr'><strong>vobis</strong></span> 
     </span>
    </p>
   </div>
   <div class='ocr_carea' id='block_1_33' title="bbox 173 1328 959 1364">
    <p class='ocr_par' dir='ltr' id='par_1_33' title="bbox 173 1328 959 1364">
     <span class='ocr_line' id='line_1_33' title="bbox 173 1328 959 1364; baseline 0.003 -8"><span class='ocrx_word' id='word_1_250' title='bbox 173 1328 318 1364; x_wconf 62' lang='lat' dir='ltr'><strong>t58),quat</strong></span> <span class='ocrx_word' id='word_1_251' title='bbox 343 1328 398 1356; x_wconf 85' lang='lat' dir='ltr'><strong>vidi</strong></span> <span class='ocrx_word' id='word_1_252' title='bbox 430 1329 465 1356; x_wconf 87' lang='lat' dir='ltr'><strong>de</strong></span> <span class='ocrx_word' id='word_1_253' title='bbox 491 1333 596 1364; x_wconf 84' lang='lat' dir='ltr'><strong>septem</strong></span> <span class='ocrx_word' id='word_1_254' title='bbox 628 1328 770 1364; x_wconf 82' lang='lat' dir='ltr'><strong>spiritibus</strong></span> <span class='ocrx_word' id='word_1_255' title='bbox 802 1330 906 1358; x_wconf 87' lang='lat' dir='ltr'><strong>erroris</strong></span> <span class='ocrx_word' id='word_1_256' title='bbox 931 1330 959 1358; x_wconf 88' lang='lat' dir='ltr'><strong>in</strong></span> 
     </span>
    </p>
   </div>
   <div class='ocr_carea' id='block_1_34' title="bbox 172 1374 960 1410">
    <p class='ocr_par' dir='ltr' id='par_1_34' title="bbox 172 1374 960 1410">
     <span class='ocr_line' id='line_1_34' title="bbox 172 1374 960 1410; baseline 0.003 -8"><span class='ocrx_word' id='word_1_257' title='bbox 172 1375 334 1410; x_wconf 66' lang='lat' dir='ltr'><strong>poenitentia</strong></span> <span class='ocrx_word' id='word_1_258' title='bbox 349 1381 421 1402; x_wconf 88' lang='lat' dir='ltr'><strong>mea.</strong></span> <span class='ocrx_word' id='word_1_259' title='bbox 437 1374 545 1410; x_wconf 81' lang='lat' dir='ltr'><strong>Septem</strong></span> <span class='ocrx_word' id='word_1_260' title='bbox 557 1375 671 1410; x_wconf 76' lang='lat' dir='ltr'><strong>spiritus</strong></span> <span class='ocrx_word' id='word_1_261' title='bbox 685 1375 740 1403; x_wconf 78' lang='lat' dir='ltr'><strong>dati</strong></span> <span class='ocrx_word' id='word_1_262' title='bbox 756 1380 820 1404; x_wconf 88' lang='lat' dir='ltr'><strong>sunt</strong></span> <span class='ocrx_word' id='word_1_263' title='bbox 830 1376 960 1404; x_wconf 82' lang='lat' dir='ltr'><strong>adversus</strong></span> 
     </span>
    </p>
   </div>
   <div class='ocr_carea' id='block_1_35' title="bbox 173 1421 959 1458">
    <p class='ocr_par' dir='ltr' id='par_1_35' title="bbox 173 1421 959 1458">
     <span class='ocr_line' id='line_1_35' title="bbox 173 1421 959 1458; baseline 0.003 -9"><span class='ocrx_word' id='word_1_264' title='bbox 173 1422 313 1450; x_wconf 86' lang='lat' dir='ltr'><strong>hominem</strong></span> <span class='ocrx_word' id='word_1_265' title='bbox 327 1421 457 1455; x_wconf 87' lang='lat' dir='ltr'><strong>aBeliar;</strong></span> <span class='ocrx_word' id='word_1_266' title='bbox 469 1428 496 1449; x_wconf 88' lang='lat' dir='ltr'><strong>et</strong></span> <span class='ocrx_word' id='word_1_267' title='bbox 507 1422 559 1458; x_wconf 86' lang='lat' dir='ltr'><strong>ipsi</strong></span> <span class='ocrx_word' id='word_1_268' title='bbox 576 1427 640 1450; x_wconf 87' lang='lat' dir='ltr'><strong>sunt</strong></span> <span class='ocrx_word' id='word_1_269' title='bbox 649 1427 730 1458; x_wconf 88' lang='lat' dir='ltr'><strong>caput</strong></span> <span class='ocrx_word' id='word_1_270' title='bbox 741 1430 854 1458; x_wconf 81' lang='lat' dir='ltr'><strong>operum</strong></span> <span class='ocrx_word' id='word_1_271' title='bbox 862 1424 959 1458; x_wconf 87' lang='lat' dir='ltr'><strong>juven-</strong></span> 
     </span>
    </p>
   </div>
   <div class='ocr_carea' id='block_1_36' title="bbox 172 1468 958 1504">
    <p class='ocr_par' dir='ltr' id='par_1_36' title="bbox 172 1468 958 1504">
     <span class='ocr_line' id='line_1_36' title="bbox 172 1468 958 1504; baseline 0.003 -9"><span class='ocrx_word' id='word_1_272' title='bbox 172 1468 261 1495; x_wconf 87' lang='lat' dir='ltr'><strong>tutis:</strong></span> <span class='ocrx_word' id='word_1_273' title='bbox 279 1473 305 1495; x_wconf 93' lang='lat' dir='ltr'><strong>et</strong></span> <span class='ocrx_word' id='word_1_274' title='bbox 324 1472 427 1504; x_wconf 86' lang='lat' dir='ltr'><strong>septem</strong></span> <span class='ocrx_word' id='word_1_275' title='bbox 446 1469 560 1504; x_wconf 87' lang='lat' dir='ltr'><strong>spiritus</strong></span> <span class='ocrx_word' id='word_1_276' title='bbox 574 1469 630 1497; x_wconf 87' lang='lat' dir='ltr'><strong>dati</strong></span> <span class='ocrx_word' id='word_1_277' title='bbox 646 1474 711 1497; x_wconf 87' lang='lat' dir='ltr'><strong>sunt</strong></span> <span class='ocrx_word' id='word_1_278' title='bbox 726 1469 752 1497; x_wconf 90' lang='lat' dir='ltr'><strong>ei</strong></span> <span class='ocrx_word' id='word_1_279' title='bbox 769 1469 797 1497; x_wconf 94' lang='lat' dir='ltr'><strong>ln</strong></span> <span class='ocrx_word' id='word_1_280' title='bbox 807 1470 958 1503; x_wconf 86' lang='lat' dir='ltr'><strong>creatione,</strong></span> 
     </span>
    </p>
   </div>
   <div class='ocr_carea' id='block_1_37' title="bbox 172 1515 959 1552">
    <p class='ocr_par' dir='ltr' id='par_1_37' title="bbox 172 1515 959 1552">
     <span class='ocr_line' id='line_1_37' title="bbox 172 1515 959 1552; baseline 0.003 -10"><span class='ocrx_word' id='word_1_281' title='bbox 172 1519 204 1542; x_wconf 92' lang='lat' dir='ltr'><strong>ut</strong></span> <span class='ocrx_word' id='word_1_282' title='bbox 215 1515 252 1542; x_wconf 89' lang='lat' dir='ltr'><strong>sit</strong></span> <span class='ocrx_word' id='word_1_283' title='bbox 265 1515 292 1542; x_wconf 93' lang='lat' dir='ltr'><strong>in</strong></span> <span class='ocrx_word' id='word_1_284' title='bbox 308 1515 347 1543; x_wconf 90' lang='lat' dir='ltr'><strong>eis</strong></span> <span class='ocrx_word' id='word_1_285' title='bbox 365 1523 447 1543; x_wconf 90' lang='lat' dir='ltr'><strong>omne</strong></span> <span class='ocrx_word' id='word_1_286' title='bbox 466 1523 536 1550; x_wconf 88' lang='lat' dir='ltr'><strong>opus</strong></span> <span class='ocrx_word' id='word_1_287' title='bbox 554 1516 686 1543; x_wconf 83' lang='lat' dir='ltr'><strong>hominis.</strong></span> <span class='ocrx_word' id='word_1_288' title='bbox 710 1516 819 1544; x_wconf 87' lang='lat' dir='ltr'><strong>Primus</strong></span> <span class='ocrx_word' id='word_1_289' title='bbox 845 1515 959 1552; x_wconf 80' lang='lat' dir='ltr'><strong>spiritus</strong></span> 
     </span>
    </p>
   </div>
   <div class='ocr_carea' id='block_1_38' title="bbox 173 1561 959 1596">
    <p class='ocr_par' dir='ltr' id='par_1_38' title="bbox 173 1561 959 1596">
     <span class='ocr_line' id='line_1_38' title="bbox 173 1561 959 1596; baseline 0.003 -8"><span class='ocrx_word' id='word_1_290' title='bbox 173 1565 215 1589; x_wconf 85' lang='lat' dir='ltr'><strong>est</strong></span> <span class='ocrx_word' id='word_1_291' title='bbox 233 1561 307 1594; x_wconf 66' lang='lat' dir='ltr'><strong>vitae,</strong></span> <span class='ocrx_word' id='word_1_292' title='bbox 321 1569 384 1589; x_wconf 92' lang='lat' dir='ltr'><strong>cum</strong></span> <span class='ocrx_word' id='word_1_293' title='bbox 404 1569 458 1596; x_wconf 82' lang='lat' dir='ltr'><strong>qua</strong></span> <span class='ocrx_word' id='word_1_294' title='bbox 473 1561 651 1589; x_wconf 84' lang='lat' dir='ltr'><strong>consistentia</strong></span> <span class='ocrx_word' id='word_1_295' title='bbox 676 1566 795 1589; x_wconf 84' lang='lat' dir='ltr'><strong>creatur.</strong></span> <span class='ocrx_word' id='word_1_296' title='bbox 817 1561 959 1591; x_wconf 87' lang='lat' dir='ltr'><strong>Secundus</strong></span> 
     </span>
    </p>
   </div>
   <div class='ocr_carea' id='block_1_39' title="bbox 172 1606 960 1642">
    <p class='ocr_par' dir='ltr' id='par_1_39' title="bbox 172 1606 960 1642">
     <span class='ocr_line' id='line_1_39' title="bbox 172 1606 960 1642; baseline 0.005 -9"><span class='ocrx_word' id='word_1_297' title='bbox 172 1606 286 1642; x_wconf 88' lang='lat' dir='ltr'><strong>spiritus</strong></span> <span class='ocrx_word' id='word_1_298' title='bbox 304 1611 347 1634; x_wconf 88' lang='lat' dir='ltr'><strong>est</strong></span> <span class='ocrx_word' id='word_1_299' title='bbox 367 1607 453 1640; x_wconf 89' lang='lat' dir='ltr'><strong>visus,</strong></span> <span class='ocrx_word' id='word_1_300' title='bbox 468 1615 531 1635; x_wconf 89' lang='lat' dir='ltr'><strong>cum</strong></span> <span class='ocrx_word' id='word_1_301' title='bbox 546 1615 602 1642; x_wconf 90' lang='lat' dir='ltr'><strong>quo</strong></span> <span class='ocrx_word' id='word_1_302' title='bbox 616 1607 647 1635; x_wconf 77' lang='lat' dir='ltr'><strong>ﬁt</strong></span> <span class='ocrx_word' id='word_1_303' title='bbox 660 1608 836 1636; x_wconf 83' lang='lat' dir='ltr'><strong>desiderium.</strong></span> <span class='ocrx_word' id='word_1_304' title='bbox 849 1608 960 1637; x_wconf 81' lang='lat' dir='ltr'><strong>Tertius</strong></span> 
     </span>
    </p>
   </div>
   <div class='ocr_carea' id='block_1_40' title="bbox 172 1652 959 1689">
    <p class='ocr_par' dir='ltr' id='par_1_40' title="bbox 172 1652 959 1689">
     <span class='ocr_line' id='line_1_40' title="bbox 172 1652 959 1689; baseline 0.003 -9"><span class='ocrx_word' id='word_1_305' title='bbox 172 1652 287 1687; x_wconf 87' lang='lat' dir='ltr'><strong>spiritus</strong></span> <span class='ocrx_word' id='word_1_306' title='bbox 300 1656 342 1681; x_wconf 87' lang='lat' dir='ltr'><strong>est</strong></span> <span class='ocrx_word' id='word_1_307' title='bbox 363 1652 482 1686; x_wconf 84' lang='lat' dir='ltr'><strong>auditus,</strong></span> <span class='ocrx_word' id='word_1_308' title='bbox 499 1661 561 1681; x_wconf 89' lang='lat' dir='ltr'><strong>cum</strong></span> <span class='ocrx_word' id='word_1_309' title='bbox 576 1661 631 1689; x_wconf 89' lang='lat' dir='ltr'><strong>quo</strong></span> <span class='ocrx_word' id='word_1_310' title='bbox 650 1655 680 1682; x_wconf 82' lang='lat' dir='ltr'><strong>tit</strong></span> <span class='ocrx_word' id='word_1_311' title='bbox 688 1653 823 1682; x_wconf 89' lang='lat' dir='ltr'><strong>doctrina.</strong></span> <span class='ocrx_word' id='word_1_312' title='bbox 838 1652 959 1688; x_wconf 79' lang='lat' dir='ltr'><strong>Quartus</strong></span> 
     </span>
    </p>
   </div>
   <div class='ocr_carea' id='block_1_41' title="bbox 171 1698 957 1735">
    <p class='ocr_par' dir='ltr' id='par_1_41' title="bbox 171 1698 957 1735">
     <span class='ocr_line' id='line_1_41' title="bbox 171 1698 957 1735; baseline 0.003 -9"><span class='ocrx_word' id='word_1_313' title='bbox 171 1698 285 1734; x_wconf 87' lang='lat' dir='ltr'><strong>spiritus</strong></span> <span class='ocrx_word' id='word_1_314' title='bbox 298 1701 341 1727; x_wconf 87' lang='lat' dir='ltr'><strong>est</strong></span> <span class='ocrx_word' id='word_1_315' title='bbox 356 1698 489 1732; x_wconf 87' lang='lat' dir='ltr'><strong>olfactus,</strong></span> <span class='ocrx_word' id='word_1_316' title='bbox 511 1707 574 1727; x_wconf 91' lang='lat' dir='ltr'><strong>cum</strong></span> <span class='ocrx_word' id='word_1_317' title='bbox 592 1707 648 1735; x_wconf 90' lang='lat' dir='ltr'><strong>quo</strong></span> <span class='ocrx_word' id='word_1_318' title='bbox 661 1706 704 1728; x_wconf 87' lang='lat' dir='ltr'><strong>est</strong></span> <span class='ocrx_word' id='word_1_319' title='bbox 726 1704 823 1735; x_wconf 66' lang='lat' dir='ltr'><strong>gustus</strong></span> <span class='ocrx_word' id='word_1_320' title='bbox 835 1701 915 1729; x_wconf 87' lang='lat' dir='ltr'><strong>datus</strong></span> <span class='ocrx_word' id='word_1_321' title='bbox 929 1701 957 1728; x_wconf 94' lang='lat' dir='ltr'><strong>in</strong></span> 
     </span>
    </p>
   </div>
   <div class='ocr_carea' id='block_1_42' title="bbox 169 1746 959 1783">
    <p class='ocr_par' dir='ltr' id='par_1_42' title="bbox 169 1746 959 1783">
     <span class='ocr_line' id='line_1_42' title="bbox 169 1746 959 1783; baseline 0.003 -10"><span class='ocrx_word' id='word_1_322' title='bbox 169 1746 362 1774; x_wconf 76' lang='lat' dir='ltr'><strong>sttractionem</strong></span> <span class='ocrx_word' id='word_1_323' title='bbox 381 1747 454 1775; x_wconf 88' lang='lat' dir='ltr'><strong>aeris</strong></span> <span class='ocrx_word' id='word_1_324' title='bbox 473 1751 500 1774; x_wconf 92' lang='lat' dir='ltr'><strong>et</strong></span> <span class='ocrx_word' id='word_1_325' title='bbox 514 1747 683 1782; x_wconf 87' lang='lat' dir='ltr'><strong>spirationis.</strong></span> <span class='ocrx_word' id='word_1_326' title='bbox 702 1747 821 1781; x_wconf 83' lang='lat' dir='ltr'><strong>Quintus</strong></span> <span class='ocrx_word' id='word_1_327' title='bbox 845 1748 959 1783; x_wconf 87' lang='lat' dir='ltr'><strong>spiritus</strong></span> 
     </span>
    </p>
   </div>
   <div class='ocr_carea' id='block_1_43' title="bbox 170 1792 958 1830">
    <p class='ocr_par' dir='ltr' id='par_1_43' title="bbox 170 1792 958 1830">
     <span class='ocr_line' id='line_1_43' title="bbox 170 1792 958 1830; baseline 0.004 -11"><span class='ocrx_word' id='word_1_328' title='bbox 170 1795 213 1820; x_wconf 84' lang='lat' dir='ltr'><strong>est</strong></span> <span class='ocrx_word' id='word_1_329' title='bbox 226 1792 382 1826; x_wconf 85' lang='lat' dir='ltr'><strong>locutionis,</strong></span> <span class='ocrx_word' id='word_1_330' title='bbox 399 1800 463 1820; x_wconf 89' lang='lat' dir='ltr'><strong>cum</strong></span> <span class='ocrx_word' id='word_1_331' title='bbox 478 1801 534 1828; x_wconf 90' lang='lat' dir='ltr'><strong>qua</strong></span> <span class='ocrx_word' id='word_1_332' title='bbox 548 1793 578 1820; x_wconf 86' lang='lat' dir='ltr'><strong>ﬁt</strong></span> <span class='ocrx_word' id='word_1_333' title='bbox 588 1794 717 1829; x_wconf 83' lang='lat' dir='ltr'><strong>cognitio.</strong></span> <span class='ocrx_word' id='word_1_334' title='bbox 732 1793 832 1822; x_wconf 78' lang='lat' dir='ltr'><strong>Sextus</strong></span> <span class='ocrx_word' id='word_1_335' title='bbox 844 1794 958 1830; x_wconf 86' lang='lat' dir='ltr'><strong>spiritus</strong></span> 
     </span>
    </p>
   </div>
   <div class='ocr_carea' id='block_1_44' title="bbox 170 1839 958 1873">
    <p class='ocr_par' dir='ltr' id='par_1_44' title="bbox 170 1839 958 1873">
     <span class='ocr_line' id='line_1_44' title="bbox 170 1839 958 1873; baseline 0.006 -9"><span class='ocrx_word' id='word_1_336' title='bbox 170 1841 212 1865; x_wconf 85' lang='lat' dir='ltr'><strong>est</strong></span> <span class='ocrx_word' id='word_1_337' title='bbox 233 1841 347 1873; x_wconf 74' lang='lat' dir='ltr'><strong>gustus,</strong></span> <span class='ocrx_word' id='word_1_338' title='bbox 369 1846 432 1866; x_wconf 90' lang='lat' dir='ltr'><strong>cum</strong></span> <span class='ocrx_word' id='word_1_339' title='bbox 456 1846 512 1873; x_wconf 93' lang='lat' dir='ltr'><strong>quo</strong></span> <span class='ocrx_word' id='word_1_340' title='bbox 528 1841 558 1866; x_wconf 88' lang='lat' dir='ltr'><strong>tit</strong></span> <span class='ocrx_word' id='word_1_341' title='bbox 574 1839 675 1867; x_wconf 91' lang='lat' dir='ltr'><strong>cibatio</strong></span> <span class='ocrx_word' id='word_1_342' title='bbox 696 1840 909 1868; x_wconf 89' lang='lat' dir='ltr'><strong>comestibilium</strong></span> <span class='ocrx_word' id='word_1_343' title='bbox 929 1846 958 1869; x_wconf 87' lang='lat' dir='ltr'><strong>et</strong></span> 
     </span>
    </p>
   </div>
   <div class='ocr_carea' id='block_1_45' title="bbox 170 1884 958 1922">
    <p class='ocr_par' dir='ltr' id='par_1_45' title="bbox 170 1884 958 1922">
     <span class='ocr_line' id='line_1_45' title="bbox 170 1884 958 1922; baseline 0.004 -11"><span class='ocrx_word' id='word_1_344' title='bbox 170 1884 346 1919; x_wconf 87' lang='lat' dir='ltr'><strong>potabilium,</strong></span> <span class='ocrx_word' id='word_1_345' title='bbox 363 1889 389 1912; x_wconf 93' lang='lat' dir='ltr'><strong>et</strong></span> <span class='ocrx_word' id='word_1_346' title='bbox 408 1884 541 1913; x_wconf 82' lang='lat' dir='ltr'><strong>fortitudo</strong></span> <span class='ocrx_word' id='word_1_347' title='bbox 558 1886 585 1912; x_wconf 94' lang='lat' dir='ltr'><strong>in</strong></span> <span class='ocrx_word' id='word_1_348' title='bbox 598 1886 666 1921; x_wconf 86' lang='lat' dir='ltr'><strong>ipsis</strong></span> <span class='ocrx_word' id='word_1_349' title='bbox 683 1890 811 1920; x_wconf 83' lang='lat' dir='ltr'><strong>creatur;</strong></span> <span class='ocrx_word' id='word_1_350' title='bbox 827 1888 958 1922; x_wconf 88' lang='lat' dir='ltr'><strong>quoniam</strong></span> 
     </span>
    </p>
   </div>
   <div class='ocr_carea' id='block_1_46' title="bbox 170 1929 958 1968">
    <p class='ocr_par' dir='ltr' id='par_1_46' title="bbox 170 1929 958 1968">
     <span class='ocr_line' id='line_1_46' title="bbox 170 1929 958 1968; baseline 0.005 -12"><span class='ocrx_word' id='word_1_351' title='bbox 170 1929 199 1956; x_wconf 91' lang='lat' dir='ltr'><strong>in</strong></span> <span class='ocrx_word' id='word_1_352' title='bbox 214 1929 283 1958; x_wconf 90' lang='lat' dir='ltr'><strong>cibis</strong></span> <span class='ocrx_word' id='word_1_353' title='bbox 296 1930 450 1958; x_wconf 86' lang='lat' dir='ltr'><strong>substantia</strong></span> <span class='ocrx_word' id='word_1_354' title='bbox 465 1935 507 1958; x_wconf 88' lang='lat' dir='ltr'><strong>est</strong></span> <span class='ocrx_word' id='word_1_355' title='bbox 521 1930 701 1960; x_wconf 89' lang='lat' dir='ltr'><strong>fortitudinis.</strong></span> <span class='ocrx_word' id='word_1_356' title='bbox 719 1930 857 1968; x_wconf 82' lang='lat' dir='ltr'><strong>Septimus</strong></span> <span class='ocrx_word' id='word_1_357' title='bbox 873 1932 958 1968; x_wconf 86' lang='lat' dir='ltr'><strong>spiri-</strong></span> 
     </span>
    </p>
   </div>
   <div class='ocr_carea' id='block_1_47' title="bbox 171 1976 958 2014">
    <p class='ocr_par' dir='ltr' id='par_1_47' title="bbox 171 1976 958 2014">
     <span class='ocr_line' id='line_1_47' title="bbox 171 1976 958 2014; baseline 0.005 -12"><span class='ocrx_word' id='word_1_358' title='bbox 171 1979 216 2002; x_wconf 85' lang='lat' dir='ltr'><strong>tus</strong></span> <span class='ocrx_word' id='word_1_359' title='bbox 227 1979 270 2003; x_wconf 86' lang='lat' dir='ltr'><strong>est</strong></span> <span class='ocrx_word' id='word_1_360' title='bbox 288 1976 403 2004; x_wconf 88' lang='lat' dir='ltr'><strong>seminis</strong></span> <span class='ocrx_word' id='word_1_361' title='bbox 417 1981 444 2004; x_wconf 89' lang='lat' dir='ltr'><strong>et</strong></span> <span class='ocrx_word' id='word_1_362' title='bbox 454 1977 553 2010; x_wconf 87' lang='lat' dir='ltr'><strong>coitus,</strong></span> <span class='ocrx_word' id='word_1_363' title='bbox 569 1985 631 2004; x_wconf 90' lang='lat' dir='ltr'><strong>cum</strong></span> <span class='ocrx_word' id='word_1_364' title='bbox 644 1985 700 2012; x_wconf 87' lang='lat' dir='ltr'><strong>quo</strong></span> <span class='ocrx_word' id='word_1_365' title='bbox 713 1977 898 2013; x_wconf 82' lang='lat' dir='ltr'><strong>coingreditur</strong></span> <span class='ocrx_word' id='word_1_366' title='bbox 909 1984 958 2014; x_wconf 91' lang='lat' dir='ltr'><strong>per</strong></span> 
     </span>
    </p>
   </div>
   <div class='ocr_carea' id='block_1_48' title="bbox 170 2021 957 2060">
    <p class='ocr_par' dir='ltr' id='par_1_48' title="bbox 170 2021 957 2060">
     <span class='ocr_line' id='line_1_48' title="bbox 170 2021 957 2060; baseline 0.006 -12"><span class='ocrx_word' id='word_1_367' title='bbox 170 2021 419 2057; x_wconf 81' lang='lat' dir='ltr'><strong>concupiscentiam</strong></span> <span class='ocrx_word' id='word_1_368' title='bbox 437 2023 585 2058; x_wconf 89' lang='lat' dir='ltr'><strong>voluptatis</strong></span> <span class='ocrx_word' id='word_1_369' title='bbox 608 2027 761 2058; x_wconf 86' lang='lat' dir='ltr'><strong>peccatum.</strong></span> <span class='ocrx_word' id='word_1_370' title='bbox 777 2023 890 2060; x_wconf 85' lang='lat' dir='ltr'><strong>Propter</strong></span> <span class='ocrx_word' id='word_1_371' title='bbox 904 2025 957 2054; x_wconf 88' lang='lat' dir='ltr'><strong>hoc</strong></span> 
     </span>
    </p>
   </div>
   <div class='ocr_carea' id='block_1_49' title="bbox 170 2065 955 2105">
    <p class='ocr_par' dir='ltr' id='par_1_49' title="bbox 170 2065 955 2105">
     <span class='ocr_line' id='line_1_49' title="bbox 170 2065 955 2105; baseline 0.008 -13"><span class='ocrx_word' id='word_1_372' title='bbox 170 2065 284 2095; x_wconf 89' lang='lat' dir='ltr'><strong>ultimus</strong></span> <span class='ocrx_word' id='word_1_373' title='bbox 295 2071 338 2094; x_wconf 86' lang='lat' dir='ltr'><strong>est</strong></span> <span class='ocrx_word' id='word_1_374' title='bbox 349 2067 497 2095; x_wconf 90' lang='lat' dir='ltr'><strong>creationis</strong></span> <span class='ocrx_word' id='word_1_375' title='bbox 507 2087 515 2100; x_wconf 95' lang='lat'><strong>,</strong></span> <span class='ocrx_word' id='word_1_376' title='bbox 536 2072 564 2096; x_wconf 88' lang='lat' dir='ltr'><strong>et</strong></span> <span class='ocrx_word' id='word_1_377' title='bbox 578 2068 684 2103; x_wconf 93' lang='lat' dir='ltr'><strong>primus</strong></span> <span class='ocrx_word' id='word_1_378' title='bbox 701 2068 869 2104; x_wconf 74' lang='lat' dir='ltr'><strong>iuventutis,</strong></span> <span class='ocrx_word' id='word_1_379' title='bbox 884 2078 955 2105; x_wconf 92' lang='lat' dir='ltr'><strong>quo-</strong></span> 
     </span>
    </p>
   </div>
   <div class='ocr_carea' id='block_1_50' title="bbox 169 2111 956 2150">
    <p class='ocr_par' dir='ltr' id='par_1_50' title="bbox 169 2111 956 2150">
     <span class='ocr_line' id='line_1_50' title="bbox 169 2111 956 2150; baseline 0.006 -11"><span class='ocrx_word' id='word_1_380' title='bbox 169 2111 244 2139; x_wconf 87' lang='lat' dir='ltr'><strong>niam</strong></span> <span class='ocrx_word' id='word_1_381' title='bbox 262 2112 417 2147; x_wconf 76' lang='lat' dir='ltr'><strong>ignorantia</strong></span> <span class='ocrx_word' id='word_1_382' title='bbox 432 2114 529 2148; x_wconf 88' lang='lat' dir='ltr'><strong>plenus</strong></span> <span class='ocrx_word' id='word_1_383' title='bbox 543 2118 601 2147; x_wconf 82' lang='lat' dir='ltr'><strong>est;</strong></span> <span class='ocrx_word' id='word_1_384' title='bbox 617 2118 645 2142; x_wconf 91' lang='lat' dir='ltr'><strong>et</strong></span> <span class='ocrx_word' id='word_1_385' title='bbox 656 2115 715 2150; x_wconf 90' lang='lat' dir='ltr'><strong>ipsa</strong></span> <span class='ocrx_word' id='word_1_386' title='bbox 727 2115 864 2150; x_wconf 72' lang='lat' dir='ltr'><strong>iuniorem</strong></span> <span class='ocrx_word' id='word_1_387' title='bbox 879 2116 956 2145; x_wconf 90' lang='lat' dir='ltr'><strong>ducit</strong></span> 
     </span>
    </p>
   </div>
   <div class='ocr_carea' id='block_1_51' title="bbox 169 2157 952 2198">
    <p class='ocr_par' dir='ltr' id='par_1_51' title="bbox 169 2157 952 2198">
     <span class='ocr_line' id='line_1_51' title="bbox 169 2157 952 2198; baseline 0.006 -13"><span class='ocrx_word' id='word_1_388' title='bbox 169 2162 200 2185; x_wconf 92' lang='lat' dir='ltr'><strong>ut</strong></span> <span class='ocrx_word' id='word_1_389' title='bbox 210 2165 313 2186; x_wconf 60' lang='lat' dir='ltr'><strong>caacum</strong></span> <span class='ocrx_word' id='word_1_390' title='bbox 324 2159 351 2186; x_wconf 92' lang='lat' dir='ltr'><strong>in</strong></span> <span class='ocrx_word' id='word_1_391' title='bbox 361 2157 478 2193; x_wconf 85' lang='lat' dir='ltr'><strong>foveam,</strong></span> <span class='ocrx_word' id='word_1_392' title='bbox 487 2165 515 2187; x_wconf 87' lang='lat' dir='ltr'><strong>et</strong></span> <span class='ocrx_word' id='word_1_393' title='bbox 524 2165 554 2187; x_wconf 92' lang='lat' dir='ltr'><strong>ut</strong></span> <span class='ocrx_word' id='word_1_394' title='bbox 561 2160 716 2195; x_wconf 85' lang='lat' dir='ltr'><strong>jumentum</strong></span> <span class='ocrx_word' id='word_1_395' title='bbox 726 2162 753 2189; x_wconf 92' lang='lat' dir='ltr'><strong>in</strong></span> <span class='ocrx_word' id='word_1_396' title='bbox 760 2163 952 2198; x_wconf 62' lang='lat' dir='ltr'><strong>praecipitium.</strong></span> 
     </span>
    </p>
   </div>
   <div class='ocr_carea' id='block_1_52' title="bbox 204 2234 952 2276">
    <p class='ocr_par' dir='ltr' id='par_1_52' title="bbox 204 2234 952 2276">
     <span class='ocr_line' id='line_1_52' title="bbox 204 2234 952 2276; baseline 0.009 -14"><span class='ocrx_word' id='word_1_397' title='bbox 204 2234 249 2263; x_wconf 82' lang='grc' dir='ltr'><strong>ΙΙΙ.</strong></span> <span class='ocrx_word' id='word_1_398' title='bbox 269 2245 279 2262; x_wconf 75' lang='grc' dir='ltr'><strong>ι</strong></span> <span class='ocrx_word' id='word_1_399' title='bbox 291 2237 322 2264; x_wconf 92' lang='lat' dir='ltr'><strong>ln</strong></span> <span class='ocrx_word' id='word_1_400' title='bbox 338 2236 466 2265; x_wconf 90' lang='lat' dir='ltr'><strong>omnibus</strong></span> <span class='ocrx_word' id='word_1_401' title='bbox 481 2237 524 2266; x_wconf 91' lang='lat' dir='ltr'><strong>his</strong></span> <span class='ocrx_word' id='word_1_402' title='bbox 542 2242 655 2267; x_wconf 86' lang='lat' dir='ltr'><strong>octavus</strong></span> <span class='ocrx_word' id='word_1_403' title='bbox 668 2240 781 2275; x_wconf 83' lang='lat' dir='ltr'><strong>spiritus</strong></span> <span class='ocrx_word' id='word_1_404' title='bbox 797 2241 888 2269; x_wconf 86' lang='lat' dir='ltr'><strong>somni</strong></span> <span class='ocrx_word' id='word_1_405' title='bbox 900 2246 952 2276; x_wconf 89' lang='lat' dir='ltr'><strong>est,</strong></span> 
     </span>
    </p>
   </div>
   <div class='ocr_carea' id='block_1_53' title="bbox 202 2313 953 2356">
    <p class='ocr_par' dir='ltr' id='par_1_53' title="bbox 202 2313 953 2356">
     <span class='ocr_line' id='line_1_53' title="bbox 202 2313 953 2356; baseline 0.007 -14"><span class='ocrx_word' id='word_1_406' title='bbox 202 2313 430 2356; x_wconf 57' lang='grc' dir='ltr'>(59λᾝκλιζτὰξν</span> <span class='ocrx_word' id='word_1_407' title='bbox 443 2315 498 2356; x_wconf 56' lang='grc' dir='ltr'>γᾴρ</span> <span class='ocrx_word' id='word_1_408' title='bbox 585 2317 651 2356; x_wconf 47' lang='grc' dir='ltr'>εἰμί</span> <span class='ocrx_word' id='word_1_409' title='bbox 658 2317 717 2345; x_wconf 76' lang='grc' dir='ltr'><strong>ἀπὸ</strong></span> <span class='ocrx_word' id='word_1_410' title='bbox 734 2318 788 2345; x_wconf 82' lang='grc' dir='ltr'>τοῦ</span> <span class='ocrx_word' id='word_1_411' title='bbox 802 2319 869 2347; x_wconf 72' lang='grc' dir='ltr'><em>νῦν.</em></span> <span class='ocrx_word' id='word_1_412' title='bbox 888 2319 953 2347; x_wconf 85' lang='grc' dir='ltr'>Ἰδοὺ</span> 
     </span>
    </p>
   </div>
   <div class='ocr_carea' id='block_1_54' title="bbox 185 2348 717 2385">
    <p class='ocr_par' dir='ltr' id='par_1_54' title="bbox 185 2348 717 2385">
     <span class='ocr_line' id='line_1_54' title="bbox 185 2348 717 2385; baseline 0.009 -10"><span class='ocrx_word' id='word_1_413' title='bbox 185 2348 221 2385; x_wconf 83' lang='grc' dir='ltr'>ἀρ</span> <span class='ocrx_word' id='word_1_414' title='bbox 233 2348 350 2376; x_wconf 77' lang='grc' dir='ltr'>ἐκλείπω</span> <span class='ocrx_word' id='word_1_415' title='bbox 365 2350 419 2377; x_wconf 81' lang='grc' dir='ltr'>ἀπὸ</span> <span class='ocrx_word' id='word_1_416' title='bbox 430 2348 539 2378; x_wconf 68' lang='grc' dir='ltr'>τοῦνῢν</span> <span class='ocrx_word' id='word_1_417' title='bbox 550 2348 617 2385; x_wconf 69' lang='grc' dir='ltr'><strong>ἐγώξ</strong></span> <span class='ocrx_word' id='word_1_418' title='bbox 631 2351 717 2381; x_wconf 71' lang='grc' dir='ltr'>ϐιωῑ.</span> 
     </span>
    </p>
   </div>
   <div class='ocr_carea' id='block_1_55' title="bbox 202 2385 951 2420">
    <p class='ocr_par' dir='ltr' id='par_1_55' title="bbox 202 2385 951 2420">
     <span class='ocr_line' id='line_1_55' title="bbox 202 2385 951 2420; baseline 0.009 -9"><span class='ocrx_word' id='word_1_419' title='bbox 202 2385 259 2419; x_wconf 80' lang='grc'>(51)</span> <span class='ocrx_word' id='word_1_420' title='bbox 276 2385 366 2412; x_wconf 82' lang='lat' dir='ltr'><strong>Ruben</strong></span> <span class='ocrx_word' id='word_1_421' title='bbox 380 2390 482 2420; x_wconf 80' lang='lat' dir='ltr'><strong>patrem</strong></span> <span class='ocrx_word' id='word_1_422' title='bbox 500 2391 622 2414; x_wconf 84' lang='lat' dir='ltr'><strong>vestrum.</strong></span> <span class='ocrx_word' id='word_1_423' title='bbox 650 2387 734 2417; x_wconf 81' lang='lat' dir='ltr'><strong>Verba</strong></span> <span class='ocrx_word' id='word_1_424' title='bbox 749 2389 838 2416; x_wconf 80' lang='lat' dir='ltr'><strong>Ruben</strong></span> <span class='ocrx_word' id='word_1_425' title='bbox 859 2390 951 2417; x_wconf 80' lang='lat' dir='ltr'><strong>Patris</strong></span> 
     </span>
    </p>
   </div>
   <div class='ocr_carea' id='block_1_56' title="bbox 165 2419 772 2456">
    <p class='ocr_par' dir='ltr' id='par_1_56' title="bbox 165 2419 772 2456">
     <span class='ocr_line' id='line_1_56' title="bbox 165 2419 772 2456; baseline 0.005 -9"><span class='ocrx_word' id='word_1_426' title='bbox 165 2420 255 2456; x_wconf 67' lang='lat' dir='ltr'><strong>usuri.</strong></span> <span class='ocrx_word' id='word_1_427' title='bbox 268 2419 348 2448; x_wconf 85' lang='lat' dir='ltr'><strong>Prior</strong></span> <span class='ocrx_word' id='word_1_428' title='bbox 357 2419 452 2448; x_wconf 80' lang='lat' dir='ltr'><strong>Grabii</strong></span> <span class='ocrx_word' id='word_1_429' title='bbox 463 2421 558 2455; x_wconf 89' lang='lat' dir='ltr'><strong>editio,</strong></span> <span class='ocrx_word' id='word_1_430' title='bbox 574 2423 644 2456; x_wconf 90' lang='lat' dir='ltr'><strong>apud</strong></span> <span class='ocrx_word' id='word_1_431' title='bbox 663 2422 772 2452; x_wconf 73' lang='lat' dir='ltr'><strong>FABRIC.</strong></span> 
     </span>
    </p>
   </div>
   <div class='ocr_carea' id='block_1_57' title="bbox 200 2455 913 2491">
    <p class='ocr_par' dir='ltr' id='par_1_57' title="bbox 200 2455 913 2491">
     <span class='ocr_line' id='line_1_57' title="bbox 200 2455 913 2491; baseline 0.007 -8"><span class='ocrx_word' id='word_1_432' title='bbox 200 2455 258 2491; x_wconf 62' lang='lat'><strong>(53)</strong></span> <span class='ocrx_word' id='word_1_433' title='bbox 276 2456 481 2484; x_wconf 79' lang='grc' dir='ltr'>Ὲνωτισασθε.</span> <span class='ocrx_word' id='word_1_434' title='bbox 493 2455 663 2491; x_wconf 78' lang='lat' dir='ltr'><strong>Addendum,</strong></span> <span class='ocrx_word' id='word_1_435' title='bbox 683 2459 732 2486; x_wconf 81' lang='grc' dir='ltr'>καὶ</span> <span class='ocrx_word' id='word_1_436' title='bbox 745 2458 808 2487; x_wconf 79' lang='grc' dir='ltr'>υἱοί.</span> <span class='ocrx_word' id='word_1_437' title='bbox 829 2460 913 2489; x_wconf 68' lang='grc' dir='ltr'>ϐιιλιι.</span> 
     </span>
    </p>
   </div>
   <div class='ocr_carea' id='block_1_58' title="bbox 200 2490 948 2529">
    <p class='ocr_par' dir='ltr' id='par_1_58' title="bbox 200 2490 948 2529">
     <span class='ocr_line' id='line_1_58' title="bbox 200 2490 948 2529; baseline 0.011 -12"><span class='ocrx_word' id='word_1_438' title='bbox 200 2490 258 2529; x_wconf 75' lang='grc'>(55)</span> <span class='ocrx_word' id='word_1_439' title='bbox 274 2491 354 2529; x_wconf 50' lang='grc' dir='ltr'>Ὅσοι</span> <span class='ocrx_word' id='word_1_440' title='bbox 362 2491 548 2527; x_wconf 56' lang='grc' dir='ltr'>ἐντέλλομαι.</span> <span class='ocrx_word' id='word_1_441' title='bbox 565 2493 635 2520; x_wconf 86' lang='grc' dir='ltr'>Ὅσα</span> <span class='ocrx_word' id='word_1_442' title='bbox 655 2494 711 2529; x_wconf 69' lang='grc' dir='ltr'>ἐγὼ</span> <span class='ocrx_word' id='word_1_443' title='bbox 721 2495 822 2522; x_wconf 65' lang='lat' dir='ltr'><strong>mm.</strong></span> <span class='ocrx_word' id='word_1_444' title='bbox 841 2497 948 2526; x_wconf 84' lang='lat' dir='ltr'><strong>melius.</strong></span> 
     </span>
    </p>
   </div>
   <div class='ocr_carea' id='block_1_59' title="bbox 165 2525 444 2561">
    <p class='ocr_par' dir='ltr' id='par_1_59' title="bbox 165 2525 444 2561">
     <span class='ocr_line' id='line_1_59' title="bbox 165 2525 444 2561; baseline 0.007 -9"><span class='ocrx_word' id='word_1_445' title='bbox 165 2525 319 2561; x_wconf 19' lang='lat' dir='ltr'><strong>lbid.rapud</strong></span> <span class='ocrx_word' id='word_1_446' title='bbox 333 2525 444 2554; x_wconf 74' lang='lat' dir='ltr'><strong>FABRlC.</strong></span> 
     </span>
    </p>
   </div>
   <div class='ocr_carea' id='block_1_60' title="bbox 194 2560 950 2624">
    <p class='ocr_par' dir='ltr' id='par_1_60' title="bbox 194 2560 950 2624">
     <span class='ocr_line' id='line_1_60' title="bbox 194 2560 950 2624; baseline 0.001 -30"><span class='ocrx_word' id='word_1_447' title='bbox 194 2560 441 2624; x_wconf 24' lang='grc' dir='ltr'><strong>,(⁵4)ίίἓξεχύθῃν</strong></span> <span class='ocrx_word' id='word_1_448' title='bbox 455 2563 521 2604; x_wconf 62' lang='grc' dir='ltr'><strong>ἐγῷ.</strong></span> <span class='ocrx_word' id='word_1_449' title='bbox 543 2562 607 2606; x_wconf 73' lang='lat' dir='ltr'><strong>Haec</strong></span> <span class='ocrx_word' id='word_1_450' title='bbox 624 2566 792 2594; x_wconf 85' lang='lat' dir='ltr'><strong>conveniunt</strong></span> <span class='ocrx_word' id='word_1_451' title='bbox 805 2572 867 2593; x_wconf 90' lang='lat' dir='ltr'><strong>cum</strong></span> <span class='ocrx_word' id='word_1_452' title='bbox 886 2568 950 2595; x_wconf 90' lang='lat' dir='ltr'><strong>ulti-</strong></span> 
     </span>
     <span class='ocr_line' id='line_1_61' title="bbox 194 2597 948 2624; baseline 0.003 -2"><span class='ocrx_word' id='word_1_453' title='bbox 194 2603 217 2622; x_wconf 85' lang='lat' dir='ltr'><strong>Is</strong></span> <span class='ocrx_word' id='word_1_454' title='bbox 232 2597 394 2624; x_wconf 69' lang='lat' dir='ltr'><strong>patriarchae</strong></span> <span class='ocrx_word' id='word_1_455' title='bbox 421 2599 500 2624; x_wconf 81' lang='lat' dir='ltr'><strong>acoln</strong></span> <span class='ocrx_word' id='word_1_456' title='bbox 516 2600 606 2624; x_wconf 77' lang='lat' dir='ltr'><strong>verbis</strong></span> <span class='ocrx_word' id='word_1_457' title='bbox 616 2621 623 2624; x_wconf 93' lang='lat'><strong><em>_</em></strong></span> <span class='ocrx_word' id='word_1_458' title='bbox 639 2608 701 2624; x_wconf 69' lang='lat' dir='ltr'><strong>num</strong></span> <span class='ocrx_word' id='word_1_459' title='bbox 716 2601 750 2624; x_wconf 65' lang='lat' dir='ltr'><strong>de.</strong></span> <span class='ocrx_word' id='word_1_460' title='bbox 768 2601 863 2624; x_wconf 71' lang='lat' dir='ltr'><strong>Ruben</strong></span> <span class='ocrx_word' id='word_1_461' title='bbox 885 2610 948 2624; x_wconf 82' lang='lat' dir='ltr'><strong>nm-</strong></span> 
     </span>
    </p>
   </div>
   <div class='ocr_carea' id='block_1_61' title="bbox 164 2597 948 2638">
    <p class='ocr_par' dir='ltr' id='par_1_61' title="bbox 164 2597 948 2638">
     <span class='ocr_line' id='line_1_62' title="bbox 164 2597 948 2638; baseline 0.01 -16"><span class='ocrx_word' id='word_1_462' title='bbox 164 2597 394 2638; x_wconf 39' lang='lat' dir='ltr'><strong>iniis‘pa‘triarchae</strong></span> <span class='ocrx_word' id='word_1_463' title='bbox 405 2597 500 2638; x_wconf 68' lang='lat' dir='ltr'><strong>Jacobi</strong></span> <span class='ocrx_word' id='word_1_464' title='bbox 516 2600 606 2628; x_wconf 86' lang='lat' dir='ltr'><strong>verbis</strong></span> <span class='ocrx_word' id='word_1_465' title='bbox 616 2621 624 2634; x_wconf 90' lang='lat'><strong>,</strong></span> <span class='ocrx_word' id='word_1_466' title='bbox 639 2608 701 2635; x_wconf 65' lang='lat' dir='ltr'><strong>quae</strong></span> <span class='ocrx_word' id='word_1_467' title='bbox 716 2601 750 2629; x_wconf 90' lang='lat' dir='ltr'><strong>de</strong></span> <span class='ocrx_word' id='word_1_468' title='bbox 767 2601 863 2628; x_wconf 77' lang='lat' dir='ltr'><strong>Ruben</strong></span> <span class='ocrx_word' id='word_1_469' title='bbox 884 2610 948 2638; x_wconf 87' lang='lat' dir='ltr'><strong>pro-</strong></span> 
     </span>
    </p>
   </div>
   <div class='ocr_carea' id='block_1_62' title="bbox 165 2630 553 2665">
    <p class='ocr_par' dir='ltr' id='par_1_62' title="bbox 165 2630 553 2665">
     <span class='ocr_line' id='line_1_63' title="bbox 165 2630 553 2665; baseline 0.015 -9"><span class='ocrx_word' id='word_1_470' title='bbox 165 2631 237 2663; x_wconf 84' lang='lat' dir='ltr'><strong>tulit,</strong></span> <span class='ocrx_word' id='word_1_471' title='bbox 252 2630 320 2658; x_wconf 86' lang='lat' dir='ltr'><strong>Gen.</strong></span> <span class='ocrx_word' id='word_1_472' title='bbox 340 2640 414 2665; x_wconf 81' lang='lat' dir='ltr'><strong>xux,</strong></span> <span class='ocrx_word' id='word_1_473' title='bbox 430 2634 456 2661; x_wconf 73' lang='grc'><strong>4.</strong></span> <span class='ocrx_word' id='word_1_474' title='bbox 469 2633 553 2661; x_wconf 76' lang='lat' dir='ltr'><strong>Gm.</strong></span> 
     </span>
    </p>
   </div>
   <div class='ocr_carea' id='block_1_63' title="bbox 200 2664 949 2706">
    <p class='ocr_par' dir='ltr' id='par_1_63' title="bbox 200 2664 949 2706">
     <span class='ocr_line' id='line_1_64' title="bbox 200 2664 949 2706; baseline 0.015 -15"><span class='ocrx_word' id='word_1_475' title='bbox 200 2664 257 2699; x_wconf 87' lang='grc'>(55)</span> <span class='ocrx_word' id='word_1_476' title='bbox 279 2664 440 2706; x_wconf 50' lang='grc' dir='ltr'><strong>Ὲκέ-θξίπῃξέ</strong></span> <span class='ocrx_word' id='word_1_477' title='bbox 450 2678 491 2706; x_wconf 66' lang='grc' dir='ltr'><strong>με</strong></span> <span class='ocrx_word' id='word_1_478' title='bbox 507 2669 629 2706; x_wconf 71' lang='grc' dir='ltr'>πληγὴν</span> <span class='ocrx_word' id='word_1_479' title='bbox 639 2671 889 2706; x_wconf 76' lang='grc' dir='ltr'>μετάληνὲνταῖς</span> <span class='ocrx_word' id='word_1_480' title='bbox 895 2675 949 2701; x_wconf 64' lang='grc' dir='ltr'><strong>λαμ</strong></span> 
     </span>
    </p>
   </div>
   <div class='ocr_carea' id='block_1_64' title="bbox 164 2700 947 2744">
    <p class='ocr_par' dir='ltr' id='par_1_64' title="bbox 164 2700 947 2744">
     <span class='ocr_line' id='line_1_65' title="bbox 164 2700 947 2744; baseline 0.013 -18"><span class='ocrx_word' id='word_1_481' title='bbox 164 2700 232 2744; x_wconf 44' lang='lat' dir='ltr'><strong>fdus</strong></span> <span class='ocrx_word' id='word_1_482' title='bbox 242 2709 312 2744; x_wconf 58' lang='lat' dir='ltr'><strong>you:</strong></span> <span class='ocrx_word' id='word_1_483' title='bbox 321 2702 327 2710; x_wconf 94' lang='lat'><em>‘</em></span> <span class='ocrx_word' id='word_1_484' title='bbox 338 2700 475 2738; x_wconf 75' lang='grc' dir='ltr'>Εξέπληξέ</span> <span class='ocrx_word' id='word_1_485' title='bbox 489 2712 523 2739; x_wconf 91' lang='grc' dir='ltr'><strong>με</strong></span> <span class='ocrx_word' id='word_1_486' title='bbox 535 2700 624 2741; x_wconf 78' lang='grc' dir='ltr'>πληγῇ</span> <span class='ocrx_word' id='word_1_487' title='bbox 634 2700 740 2743; x_wconf 76' lang='grc' dir='ltr'>μεγάλῃ</span> <span class='ocrx_word' id='word_1_488' title='bbox 749 2700 795 2734; x_wconf 63' lang='grc' dir='ltr'>ἐπὶ</span> <span class='ocrx_word' id='word_1_489' title='bbox 807 2707 856 2743; x_wconf 88' lang='grc' dir='ltr'>τῆς</span> <span class='ocrx_word' id='word_1_490' title='bbox 866 2700 947 2744; x_wconf 67' lang='grc' dir='ltr'>λαγό-</span> 
     </span>
    </p>
   </div>
   <div class='ocr_carea' id='block_1_65' title="bbox 163 2737 376 2766">
    <p class='ocr_par' dir='ltr' id='par_1_65' title="bbox 163 2737 376 2766">
     <span class='ocr_line' id='line_1_66' title="bbox 163 2737 376 2766; baseline 0.023 -7"><span class='ocrx_word' id='word_1_491' title='bbox 163 2743 208 2766; x_wconf 85' lang='grc' dir='ltr'><strong>νος</strong></span> <span class='ocrx_word' id='word_1_492' title='bbox 221 2744 281 2766; x_wconf 83' lang='grc' dir='ltr'>μου.</span> <span class='ocrx_word' id='word_1_493' title='bbox 299 2737 376 2764; x_wconf 76' lang='lat' dir='ltr'><strong>lusit.</strong></span> 
     </span>
    </p>
   </div>
   <div class='ocr_carea' id='block_1_66' title="bbox 200 2744 946 2814">
    <p class='ocr_par' dir='ltr' id='par_1_66' title="bbox 200 2744 946 2814">
     <span class='ocr_line' id='line_1_67' title="bbox 200 2744 946 2814; baseline 0.016 -18"><span class='ocrx_word' id='word_1_494' title='bbox 453 2773 576 2814; x_wconf 58' lang='grc' dir='ltr'>ςίξερα,</span> <span class='ocrx_word' id='word_1_495' title='bbox 593 2784 620 2802; x_wconf 90' lang='grc' dir='ltr'>κ.</span> <span class='ocrx_word' id='word_1_496' title='bbox 638 2784 663 2802; x_wconf 85' lang='grc' dir='ltr'>τ.</span> <span class='ocrx_word' id='word_1_497' title='bbox 682 2777 711 2814; x_wconf 83' lang='grc' dir='ltr'>λ.</span> <span class='ocrx_word' id='word_1_498' title='bbox 732 2777 805 2805; x_wconf 85' lang='lat' dir='ltr'><strong>Idem</strong></span> <span class='ocrx_word' id='word_1_499' title='bbox 826 2783 946 2814; x_wconf 82' lang='lat' dir='ltr'><strong>tempore</strong></span> 
     </span>
    </p>
   </div>
   <div class='ocr_carea' id='block_1_67' title="bbox 165 2807 945 2847">
    <p class='ocr_par' dir='ltr' id='par_1_67' title="bbox 165 2807 945 2847">
     <span class='ocr_line' id='line_1_68' title="bbox 165 2807 945 2847; baseline 0.018 -18"><span class='ocrx_word' id='word_1_500' title='bbox 165 2807 330 2847; x_wconf 48' lang='lat' dir='ltr'><strong>“(enitentiaa</strong></span> <span class='ocrx_word' id='word_1_501' title='bbox 344 2814 400 2846; x_wconf 72' lang='lat' dir='ltr'><strong>sua:</strong></span> <span class='ocrx_word' id='word_1_502' title='bbox 414 2807 477 2847; x_wconf 76' lang='lat' dir='ltr'><strong>fecit</strong></span> <span class='ocrx_word' id='word_1_503' title='bbox 486 2808 581 2847; x_wconf 49' lang='lat' dir='ltr'><strong>{iuben</strong></span> <span class='ocrx_word' id='word_1_504' title='bbox 593 2830 599 2841; x_wconf 91' lang='lat'><strong>,</strong></span> <span class='ocrx_word' id='word_1_505' title='bbox 611 2812 689 2847; x_wconf 14' lang='lat' dir='ltr'><strong>‘quod</strong></span> <span class='ocrx_word' id='word_1_506' title='bbox 705 2814 834 2847; x_wconf 86' lang='lat' dir='ltr'><strong>propheta</strong></span> <span class='ocrx_word' id='word_1_507' title='bbox 852 2807 945 2843; x_wconf 68' lang='lat' dir='ltr'><strong>Daniel</strong></span> 
     </span>
    </p>
   </div>
   <div class='ocr_carea' id='block_1_68' title="bbox 165 2839 944 2886">
    <p class='ocr_par' dir='ltr' id='par_1_68' title="bbox 165 2839 944 2886">
     <span class='ocr_line' id='line_1_69' title="bbox 165 2839 944 2886; baseline 0.015 -21"><span class='ocrx_word' id='word_1_508' title='bbox 165 2839 198 2866; x_wconf 85' lang='lat' dir='ltr'><strong>dc</strong></span> <span class='ocrx_word' id='word_1_509' title='bbox 213 2840 358 2874; x_wconf 83' lang='lat' dir='ltr'><strong>semetipso</strong></span> <span class='ocrx_word' id='word_1_510' title='bbox 371 2841 466 2870; x_wconf 83' lang='lat' dir='ltr'><strong>iisdem</strong></span> <span class='ocrx_word' id='word_1_511' title='bbox 485 2843 541 2872; x_wconf 87' lang='lat' dir='ltr'><strong>fere</strong></span> <span class='ocrx_word' id='word_1_512' title='bbox 562 2839 651 2873; x_wconf 75' lang='lat' dir='ltr'><strong>verbis</strong></span> <span class='ocrx_word' id='word_1_513' title='bbox 670 2839 944 2886; x_wconf 49' lang='lat' dir='ltr'><strong>remug&#39;éﬁfz&#39;y}</strong></span> 
     </span>
    </p>
   </div>
   <div class='ocr_carea' id='block_1_69' title="bbox 1014 517 1809 560">
    <p class='ocr_par' dir='ltr' id='par_1_69' title="bbox 1014 517 1809 560">
     <span class='ocr_line' id='line_1_70' title="bbox 1014 517 1809 560; baseline 0.01 -16"><span class='ocrx_word' id='word_1_514' title='bbox 1014 517 1062 544; x_wconf 84' lang='grc' dir='ltr'><strong>τοῦ</strong></span> <span class='ocrx_word' id='word_1_515' title='bbox 1086 519 1189 555; x_wconf 85' lang='grc' dir='ltr'>πατρὸς</span> <span class='ocrx_word' id='word_1_516' title='bbox 1207 519 1304 556; x_wconf 84' lang='grc' dir='ltr'>ὑμῶν,</span> <span class='ocrx_word' id='word_1_517' title='bbox 1320 521 1370 548; x_wconf 80' lang='grc' dir='ltr'>ὅσα</span> <span class='ocrx_word' id='word_1_518' title='bbox 1394 521 1551 558; x_wconf 74' lang='grc' dir='ltr'>ἐντέλλομαι</span> <span class='ocrx_word' id='word_1_519' title='bbox 1571 523 1628 559; x_wconf 83' lang='grc'>(55)</span> <span class='ocrx_word' id='word_1_520' title='bbox 1649 524 1726 560; x_wconf 77' lang='grc' dir='ltr'>ὑμῖν.</span> <span class='ocrx_word' id='word_1_521' title='bbox 1756 525 1809 552; x_wconf 79' lang='grc' dir='ltr'><strong>Καὶ</strong></span> 
     </span>
    </p>
   </div>
   <div class='ocr_carea' id='block_1_70' title="bbox 1017 563 1807 607">
    <p class='ocr_par' dir='ltr' id='par_1_70' title="bbox 1017 563 1807 607">
     <span class='ocr_line' id='line_1_71' title="bbox 1017 563 1807 607; baseline 0.011 -17"><span class='ocrx_word' id='word_1_522' title='bbox 1017 563 1070 591; x_wconf 82' lang='grc' dir='ltr'>ἰδοὺ</span> <span class='ocrx_word' id='word_1_523' title='bbox 1082 564 1305 603; x_wconf 71' lang='grc' dir='ltr'><strong>ἐπιμαρτύρομαι</strong></span> <span class='ocrx_word' id='word_1_524' title='bbox 1321 568 1385 604; x_wconf 84' lang='grc' dir='ltr'>ὑμῖν</span> <span class='ocrx_word' id='word_1_525' title='bbox 1398 568 1443 596; x_wconf 83' lang='grc' dir='ltr'>τὸν</span> <span class='ocrx_word' id='word_1_526' title='bbox 1456 569 1522 596; x_wconf 75' lang='grc' dir='ltr'>Θεὸν</span> <span class='ocrx_word' id='word_1_527' title='bbox 1534 569 1581 596; x_wconf 81' lang='grc' dir='ltr'>τοῦ</span> <span class='ocrx_word' id='word_1_528' title='bbox 1595 570 1712 606; x_wconf 77' lang='grc' dir='ltr'>οὐρανοῦ</span> <span class='ocrx_word' id='word_1_529' title='bbox 1726 572 1758 607; x_wconf 86' lang='grc' dir='ltr'>σή</span> <span class='ocrx_word' id='word_1_530' title='bbox 1763 580 1807 606; x_wconf 83' lang='grc' dir='ltr'>με·</span> 
     </span>
    </p>
   </div>
   <div class='ocr_carea' id='block_1_71' title="bbox 1016 610 1807 653">
    <p class='ocr_par' dir='ltr' id='par_1_71' title="bbox 1016 610 1807 653">
     <span class='ocr_line' id='line_1_72' title="bbox 1016 610 1807 653; baseline 0.01 -17"><span class='ocrx_word' id='word_1_531' title='bbox 1016 618 1061 644; x_wconf 88' lang='grc' dir='ltr'><strong>ρον</strong></span> <span class='ocrx_word' id='word_1_532' title='bbox 1075 610 1122 637; x_wconf 82' lang='grc' dir='ltr'>τοῦ</span> <span class='ocrx_word' id='word_1_533' title='bbox 1140 611 1177 647; x_wconf 83' lang='grc' dir='ltr'>μὴ</span> <span class='ocrx_word' id='word_1_534' title='bbox 1197 613 1362 648; x_wconf 88' lang='grc' dir='ltr'>πορευθῆναι</span> <span class='ocrx_word' id='word_1_535' title='bbox 1374 614 1402 641; x_wconf 81' lang='grc' dir='ltr'>ἐν</span> <span class='ocrx_word' id='word_1_536' title='bbox 1416 615 1512 651; x_wconf 68' lang='grc' dir='ltr'>ἀγνοίᾳ</span> <span class='ocrx_word' id='word_1_537' title='bbox 1523 616 1658 651; x_wconf 84' lang='grc' dir='ltr'>νεότητος,</span> <span class='ocrx_word' id='word_1_538' title='bbox 1676 617 1726 643; x_wconf 80' lang='grc' dir='ltr'>καὶ</span> <span class='ocrx_word' id='word_1_539' title='bbox 1742 626 1807 653; x_wconf 80' lang='grc' dir='ltr'>πορ-</span> 
     </span>
    </p>
   </div>
   <div class='ocr_carea' id='block_1_72' title="bbox 1013 656 1808 699">
    <p class='ocr_par' dir='ltr' id='par_1_72' title="bbox 1013 656 1808 699">
     <span class='ocr_line' id='line_1_73' title="bbox 1013 656 1808 699; baseline 0.01 -16"><span class='ocrx_word' id='word_1_540' title='bbox 1013 657 1083 693; x_wconf 71' lang='grc' dir='ltr'>νείᾳ,</span> <span class='ocrx_word' id='word_1_541' title='bbox 1097 659 1127 684; x_wconf 82' lang='grc' dir='ltr'>ἐν</span> <span class='ocrx_word' id='word_1_542' title='bbox 1172 659 1303 696; x_wconf 81' lang='grc' dir='ltr'><strong>ἐξεχύθην</strong></span> <span class='ocrx_word' id='word_1_543' title='bbox 1319 660 1373 695; x_wconf 81' lang='grc' dir='ltr'><strong>ἐγὼ</strong></span> <span class='ocrx_word' id='word_1_544' title='bbox 1387 661 1454 696; x_wconf 68' lang='grc'>(54),</span> <span class='ocrx_word' id='word_1_545' title='bbox 1469 662 1516 688; x_wconf 76' lang='grc' dir='ltr'>καὶ</span> <span class='ocrx_word' id='word_1_546' title='bbox 1531 662 1631 698; x_wconf 80' lang='grc' dir='ltr'>ὲμίανα</span> <span class='ocrx_word' id='word_1_547' title='bbox 1647 663 1699 699; x_wconf 83' lang='grc' dir='ltr'>τὴν</span> <span class='ocrx_word' id='word_1_548' title='bbox 1716 664 1808 699; x_wconf 80' lang='grc' dir='ltr'>κοίτην</span> 
     </span>
    </p>
   </div>
   <div class='ocr_carea' id='block_1_73' title="bbox 1012 702 1808 745">
    <p class='ocr_par' dir='ltr' id='par_1_73' title="bbox 1012 702 1808 745">
     <span class='ocr_line' id='line_1_74' title="bbox 1012 702 1808 745; baseline 0.01 -17"><span class='ocrx_word' id='word_1_549' title='bbox 1012 702 1059 728; x_wconf 80' lang='grc' dir='ltr'>τοῦ</span> <span class='ocrx_word' id='word_1_550' title='bbox 1072 705 1176 740; x_wconf 81' lang='grc' dir='ltr'>πατρός</span> <span class='ocrx_word' id='word_1_551' title='bbox 1188 714 1240 740; x_wconf 88' lang='grc' dir='ltr'><strong>μου</strong></span> <span class='ocrx_word' id='word_1_552' title='bbox 1260 705 1367 733; x_wconf 80' lang='grc' dir='ltr'><strong>Ἰακώϐ.</strong></span> <span class='ocrx_word' id='word_1_553' title='bbox 1376 707 1457 741; x_wconf 83' lang='grc' dir='ltr'><strong>Λέγω</strong></span> <span class='ocrx_word' id='word_1_554' title='bbox 1465 707 1520 743; x_wconf 87' lang='grc' dir='ltr'><strong>γὰρ</strong></span> <span class='ocrx_word' id='word_1_555' title='bbox 1530 709 1605 744; x_wconf 81' lang='grc' dir='ltr'>ὑμῖν,</span> <span class='ocrx_word' id='word_1_556' title='bbox 1617 709 1660 735; x_wconf 79' lang='grc' dir='ltr'><strong>ὅτι</strong></span> <span class='ocrx_word' id='word_1_557' title='bbox 1676 710 1808 745; x_wconf 78' lang='grc' dir='ltr'>ἐνέπληξέ</span> 
     </span>
    </p>
   </div>
   <div class='ocr_carea' id='block_1_74' title="bbox 1015 748 1809 791">
    <p class='ocr_par' dir='ltr' id='par_1_74' title="bbox 1015 748 1809 791">
     <span class='ocr_line' id='line_1_75' title="bbox 1015 748 1809 791; baseline 0.01 -17"><span class='ocrx_word' id='word_1_558' title='bbox 1015 755 1048 782; x_wconf 91' lang='grc' dir='ltr'><strong>με</strong></span> <span class='ocrx_word' id='word_1_559' title='bbox 1066 748 1172 785; x_wconf 86' lang='grc' dir='ltr'>πληγὴν</span> <span class='ocrx_word' id='word_1_560' title='bbox 1190 751 1312 787; x_wconf 81' lang='grc' dir='ltr'><strong>μεγάλην</strong></span> <span class='ocrx_word' id='word_1_561' title='bbox 1328 752 1357 778; x_wconf 85' lang='grc' dir='ltr'>ὲν</span> <span class='ocrx_word' id='word_1_562' title='bbox 1370 754 1430 784; x_wconf 88' lang='grc' dir='ltr'>ταῖς</span> <span class='ocrx_word' id='word_1_563' title='bbox 1447 753 1542 787; x_wconf 83' lang='grc' dir='ltr'>λαγόσι</span> <span class='ocrx_word' id='word_1_564' title='bbox 1566 763 1616 789; x_wconf 84' lang='grc' dir='ltr'><strong>μου</strong></span> <span class='ocrx_word' id='word_1_565' title='bbox 1631 754 1688 790; x_wconf 89' lang='grc'>(55)</span> <span class='ocrx_word' id='word_1_566' title='bbox 1701 755 1748 781; x_wconf 77' lang='grc' dir='ltr'><strong>ἐπὶ</strong></span> <span class='ocrx_word' id='word_1_567' title='bbox 1762 756 1809 791; x_wconf 74' lang='grc' dir='ltr'><strong>μή-</strong></span> 
     </span>
    </p>
   </div>
   <div class='ocr_carea' id='block_1_75' title="bbox 1013 795 1808 836">
    <p class='ocr_par' dir='ltr' id='par_1_75' title="bbox 1013 795 1808 836">
     <span class='ocr_line' id='line_1_76' title="bbox 1013 795 1808 836; baseline 0.01 -16"><span class='ocrx_word' id='word_1_568' title='bbox 1013 802 1061 826; x_wconf 88' lang='grc' dir='ltr'><strong>νας</strong></span> <span class='ocrx_word' id='word_1_569' title='bbox 1075 795 1154 823; x_wconf 79' lang='grc' dir='ltr'>ἑπτά·</span> <span class='ocrx_word' id='word_1_570' title='bbox 1172 796 1220 822; x_wconf 79' lang='grc' dir='ltr'><strong>καὶ</strong></span> <span class='ocrx_word' id='word_1_571' title='bbox 1231 797 1255 823; x_wconf 91' lang='grc' dir='ltr'><strong>εί</strong></span> <span class='ocrx_word' id='word_1_572' title='bbox 1277 798 1314 833; x_wconf 84' lang='grc' dir='ltr'>μὴ</span> <span class='ocrx_word' id='word_1_573' title='bbox 1338 798 1435 824; x_wconf 74' lang='grc' dir='ltr'>Ἰακὼϐ</span> <span class='ocrx_word' id='word_1_574' title='bbox 1451 799 1466 825; x_wconf 83' lang='grc' dir='ltr'>ὁ</span> <span class='ocrx_word' id='word_1_575' title='bbox 1481 799 1573 836; x_wconf 79' lang='grc' dir='ltr'>πατὴρ</span> <span class='ocrx_word' id='word_1_576' title='bbox 1588 800 1666 836; x_wconf 75' lang='grc' dir='ltr'>ἡμῶν</span> <span class='ocrx_word' id='word_1_577' title='bbox 1689 801 1808 836; x_wconf 73' lang='grc' dir='ltr'>προσηύ-</span> 
     </span>
    </p>
   </div>
   <div class='ocr_carea' id='block_1_76' title="bbox 1013 839 1808 883">
    <p class='ocr_par' dir='ltr' id='par_1_76' title="bbox 1013 839 1808 883">
     <span class='ocr_line' id='line_1_77' title="bbox 1013 839 1808 883; baseline 0.01 -16"><span class='ocrx_word' id='word_1_578' title='bbox 1013 839 1078 874; x_wconf 81' lang='grc' dir='ltr'>ξατο</span> <span class='ocrx_word' id='word_1_579' title='bbox 1095 842 1159 878; x_wconf 75' lang='grc' dir='ltr'>περὶ</span> <span class='ocrx_word' id='word_1_580' title='bbox 1178 842 1246 878; x_wconf 85' lang='grc' dir='ltr'>ὲμοῦ</span> <span class='ocrx_word' id='word_1_581' title='bbox 1263 844 1331 879; x_wconf 85' lang='grc' dir='ltr'>πρὸς</span> <span class='ocrx_word' id='word_1_582' title='bbox 1355 844 1456 881; x_wconf 86' lang='grc' dir='ltr'>Κύριον</span> <span class='ocrx_word' id='word_1_583' title='bbox 1467 865 1473 877; x_wconf 88' lang='grc'><strong>,</strong></span> <span class='ocrx_word' id='word_1_584' title='bbox 1491 845 1570 882; x_wconf 77' lang='grc' dir='ltr'>ἤθελε</span> <span class='ocrx_word' id='word_1_585' title='bbox 1585 847 1690 883; x_wconf 82' lang='grc' dir='ltr'>Κύριος</span> <span class='ocrx_word' id='word_1_586' title='bbox 1706 847 1808 875; x_wconf 78' lang='grc' dir='ltr'><strong>ἀνελεῖν</strong></span> 
     </span>
    </p>
   </div>
   <div class='ocr_carea' id='block_1_77' title="bbox 1015 888 1808 929">
    <p class='ocr_par' dir='ltr' id='par_1_77' title="bbox 1015 888 1808 929">
     <span class='ocr_line' id='line_1_78' title="bbox 1015 888 1808 929; baseline 0.01 -16"><span class='ocrx_word' id='word_1_587' title='bbox 1015 895 1060 922; x_wconf 86' lang='grc' dir='ltr'>με.</span> <span class='ocrx_word' id='word_1_588' title='bbox 1080 888 1173 923; x_wconf 87' lang='grc' dir='ltr'>Ἠμην</span> <span class='ocrx_word' id='word_1_589' title='bbox 1187 888 1242 925; x_wconf 84' lang='grc' dir='ltr'><strong>γὰρ</strong></span> <span class='ocrx_word' id='word_1_590' title='bbox 1263 889 1331 916; x_wconf 79' lang='grc' dir='ltr'>ἐτῶν</span> <span class='ocrx_word' id='word_1_591' title='bbox 1352 891 1508 926; x_wconf 78' lang='grc' dir='ltr'>τριάκοντα,</span> <span class='ocrx_word' id='word_1_592' title='bbox 1526 893 1571 919; x_wconf 82' lang='grc' dir='ltr'>ὅτε</span> <span class='ocrx_word' id='word_1_593' title='bbox 1589 893 1698 929; x_wconf 75' lang='grc' dir='ltr'>ἔπραξα</span> <span class='ocrx_word' id='word_1_594' title='bbox 1715 893 1747 920; x_wconf 70' lang='grc' dir='ltr'>τὸ</span> <span class='ocrx_word' id='word_1_595' title='bbox 1761 903 1808 921; x_wconf 84' lang='grc' dir='ltr'>πο-</span> 
     </span>
    </p>
   </div>
   <div class='ocr_carea' id='block_1_78' title="bbox 1013 933 1808 975">
    <p class='ocr_par' dir='ltr' id='par_1_78' title="bbox 1013 933 1808 975">
     <span class='ocr_line' id='line_1_79' title="bbox 1013 933 1808 975; baseline 0.01 -16"><span class='ocrx_word' id='word_1_596' title='bbox 1013 933 1095 969; x_wconf 81' lang='grc' dir='ltr'>νηρὸν</span> <span class='ocrx_word' id='word_1_597' title='bbox 1119 933 1234 961; x_wconf 79' lang='grc' dir='ltr'>ἐνώπιον</span> <span class='ocrx_word' id='word_1_598' title='bbox 1258 935 1371 971; x_wconf 86' lang='grc' dir='ltr'>Κυρίου·</span> <span class='ocrx_word' id='word_1_599' title='bbox 1395 937 1443 964; x_wconf 79' lang='grc' dir='ltr'>καὶ</span> <span class='ocrx_word' id='word_1_600' title='bbox 1463 937 1532 964; x_wconf 81' lang='grc' dir='ltr'>ἑπτὰ</span> <span class='ocrx_word' id='word_1_601' title='bbox 1561 938 1650 973; x_wconf 82' lang='grc' dir='ltr'>μῆνας</span> <span class='ocrx_word' id='word_1_602' title='bbox 1679 939 1808 975; x_wconf 83' lang='grc' dir='ltr'>ἐμαλακί-</span> 
     </span>
    </p>
   </div>
   <div class='ocr_carea' id='block_1_79' title="bbox 1014 979 1808 1021">
    <p class='ocr_par' dir='ltr' id='par_1_79' title="bbox 1014 979 1808 1021">
     <span class='ocr_line' id='line_1_80' title="bbox 1014 979 1808 1021; baseline 0.009 -16"><span class='ocrx_word' id='word_1_603' title='bbox 1014 979 1080 1015; x_wconf 87' lang='grc' dir='ltr'>σθην</span> <span class='ocrx_word' id='word_1_604' title='bbox 1097 979 1149 1012; x_wconf 75' lang='grc' dir='ltr'>ἕως</span> <span class='ocrx_word' id='word_1_605' title='bbox 1160 979 1285 1007; x_wconf 82' lang='grc' dir='ltr'>θανάτου·</span> <span class='ocrx_word' id='word_1_606' title='bbox 1301 982 1348 1009; x_wconf 82' lang='grc' dir='ltr'>καὶ</span> <span class='ocrx_word' id='word_1_607' title='bbox 1359 982 1387 1009; x_wconf 83' lang='grc' dir='ltr'>ἐν</span> <span class='ocrx_word' id='word_1_608' title='bbox 1398 983 1558 1020; x_wconf 83' lang='grc' dir='ltr'>προαιρέσει</span> <span class='ocrx_word' id='word_1_609' title='bbox 1572 984 1660 1021; x_wconf 71' lang='grc' dir='ltr'>ψυχῆς</span> <span class='ocrx_word' id='word_1_610' title='bbox 1673 993 1725 1020; x_wconf 82' lang='grc' dir='ltr'><strong>μου</strong></span> <span class='ocrx_word' id='word_1_611' title='bbox 1740 986 1808 1012; x_wconf 74' lang='grc' dir='ltr'>ἑπτὰ</span> 
     </span>
    </p>
   </div>
   <div class='ocr_carea' id='block_1_80' title="bbox 1013 1025 1807 1065">
    <p class='ocr_par' dir='ltr' id='par_1_80' title="bbox 1013 1025 1807 1065">
     <span class='ocr_line' id='line_1_81' title="bbox 1013 1025 1807 1065; baseline 0.01 -14"><span class='ocrx_word' id='word_1_612' title='bbox 1013 1025 1060 1061; x_wconf 77' lang='grc' dir='ltr'>ἔτη</span> <span class='ocrx_word' id='word_1_613' title='bbox 1088 1027 1238 1063; x_wconf 83' lang='grc' dir='ltr'><strong>μετενόησα</strong></span> <span class='ocrx_word' id='word_1_614' title='bbox 1261 1027 1376 1056; x_wconf 77' lang='grc' dir='ltr'>ἐνώπιον</span> <span class='ocrx_word' id='word_1_615' title='bbox 1400 1029 1513 1065; x_wconf 82' lang='grc' dir='ltr'><strong>Κυρίου.</strong></span> <span class='ocrx_word' id='word_1_616' title='bbox 1538 1028 1615 1057; x_wconf 82' lang='grc' dir='ltr'>Οἶνον</span> <span class='ocrx_word' id='word_1_617' title='bbox 1635 1032 1682 1058; x_wconf 75' lang='grc' dir='ltr'>καὶ</span> <span class='ocrx_word' id='word_1_618' title='bbox 1712 1033 1807 1065; x_wconf 76' lang='grc' dir='ltr'>σίκερα</span> 
     </span>
    </p>
   </div>
   <div class='ocr_carea' id='block_1_81' title="bbox 1013 1070 1806 1114">
    <p class='ocr_par' dir='ltr' id='par_1_81' title="bbox 1013 1070 1806 1114">
     <span class='ocr_line' id='line_1_82' title="bbox 1013 1070 1806 1114; baseline 0.01 -17"><span class='ocrx_word' id='word_1_619' title='bbox 1013 1070 1069 1107; x_wconf 81' lang='grc'>(56)</span> <span class='ocrx_word' id='word_1_620' title='bbox 1085 1072 1135 1099; x_wconf 82' lang='grc' dir='ltr'>οὐκ</span> <span class='ocrx_word' id='word_1_621' title='bbox 1155 1072 1241 1105; x_wconf 75' lang='grc' dir='ltr'>ἔπιον,</span> <span class='ocrx_word' id='word_1_622' title='bbox 1258 1074 1306 1100; x_wconf 77' lang='grc' dir='ltr'><strong>καὶ</strong></span> <span class='ocrx_word' id='word_1_623' title='bbox 1320 1074 1404 1111; x_wconf 82' lang='grc' dir='ltr'>κρέας</span> <span class='ocrx_word' id='word_1_624' title='bbox 1418 1076 1467 1102; x_wconf 81' lang='grc' dir='ltr'>οὐκ</span> <span class='ocrx_word' id='word_1_625' title='bbox 1480 1076 1603 1112; x_wconf 71' lang='grc' dir='ltr'>εἰσῆλθεν</span> <span class='ocrx_word' id='word_1_626' title='bbox 1617 1077 1658 1109; x_wconf 77' lang='grc' dir='ltr'>εἰς</span> <span class='ocrx_word' id='word_1_627' title='bbox 1676 1078 1709 1104; x_wconf 85' lang='grc' dir='ltr'><strong>τὺ</strong></span> <span class='ocrx_word' id='word_1_628' title='bbox 1721 1078 1806 1114; x_wconf 81' lang='grc' dir='ltr'>στόμα</span> 
     </span>
    </p>
   </div>
   <div class='ocr_carea' id='block_1_82' title="bbox 1015 1119 1805 1160">
    <p class='ocr_par' dir='ltr' id='par_1_82' title="bbox 1015 1119 1805 1160">
     <span class='ocr_line' id='line_1_83' title="bbox 1015 1119 1805 1160; baseline 0.009 -16"><span class='ocrx_word' id='word_1_629' title='bbox 1015 1126 1077 1153; x_wconf 88' lang='grc' dir='ltr'>μου·</span> <span class='ocrx_word' id='word_1_630' title='bbox 1093 1119 1140 1145; x_wconf 78' lang='grc' dir='ltr'>καὶ</span> <span class='ocrx_word' id='word_1_631' title='bbox 1152 1120 1206 1146; x_wconf 83' lang='grc' dir='ltr'>πᾶν</span> <span class='ocrx_word' id='word_1_632' title='bbox 1222 1120 1279 1155; x_wconf 83' lang='grc'>(57)</span> <span class='ocrx_word' id='word_1_633' title='bbox 1299 1121 1381 1156; x_wconf 75' lang='grc' dir='ltr'>ἄρτον</span> <span class='ocrx_word' id='word_1_634' title='bbox 1403 1122 1550 1158; x_wconf 80' lang='grc' dir='ltr'>ἐπιθυμίας</span> <span class='ocrx_word' id='word_1_635' title='bbox 1564 1124 1615 1150; x_wconf 79' lang='grc' dir='ltr'>οὐκ</span> <span class='ocrx_word' id='word_1_636' title='bbox 1635 1123 1805 1160; x_wconf 76' lang='grc' dir='ltr'>ἐγευσάμην.</span> 
     </span>
    </p>
   </div>
   <div class='ocr_carea' id='block_1_83' title="bbox 1012 1163 1804 1206">
    <p class='ocr_par' dir='ltr' id='par_1_83' title="bbox 1012 1163 1804 1206">
     <span class='ocr_line' id='line_1_84' title="bbox 1012 1163 1804 1206; baseline 0.01 -17"><span class='ocrx_word' id='word_1_637' title='bbox 1012 1163 1118 1190; x_wconf 79' lang='grc' dir='ltr'>πενθῶν</span> <span class='ocrx_word' id='word_1_638' title='bbox 1129 1164 1176 1190; x_wconf 76' lang='grc' dir='ltr'><strong>ἐπὶ</strong></span> <span class='ocrx_word' id='word_1_639' title='bbox 1192 1166 1225 1201; x_wconf 84' lang='grc' dir='ltr'>τῇ</span> <span class='ocrx_word' id='word_1_640' title='bbox 1240 1166 1364 1202; x_wconf 76' lang='grc' dir='ltr'>ἁμαρτίᾳ</span> <span class='ocrx_word' id='word_1_641' title='bbox 1382 1176 1444 1202; x_wconf 85' lang='grc' dir='ltr'>μου,</span> <span class='ocrx_word' id='word_1_642' title='bbox 1461 1169 1566 1206; x_wconf 79' lang='grc' dir='ltr'><strong>μεγάλη</strong></span> <span class='ocrx_word' id='word_1_643' title='bbox 1586 1169 1641 1206; x_wconf 84' lang='grc' dir='ltr'><strong>γὰρ</strong></span> <span class='ocrx_word' id='word_1_644' title='bbox 1652 1167 1698 1206; x_wconf 78' lang='grc' dir='ltr'><strong>ἦν.</strong></span> <span class='ocrx_word' id='word_1_645' title='bbox 1712 1170 1804 1197; x_wconf 74' lang='grc' dir='ltr'>Καὶοὺ</span> 
     </span>
    </p>
   </div>
   <div class='ocr_carea' id='block_1_84' title="bbox 1013 1208 1508 1249">
    <p class='ocr_par' dir='ltr' id='par_1_84' title="bbox 1013 1208 1508 1249">
     <span class='ocr_line' id='line_1_85' title="bbox 1013 1208 1508 1249; baseline 0.016 -15"><span class='ocrx_word' id='word_1_646' title='bbox 1013 1208 1051 1244; x_wconf 87' lang='grc' dir='ltr'>μὴ</span> <span class='ocrx_word' id='word_1_647' title='bbox 1063 1209 1175 1246; x_wconf 83' lang='grc' dir='ltr'>γένηται</span> <span class='ocrx_word' id='word_1_648' title='bbox 1191 1211 1222 1237; x_wconf 83' lang='grc' dir='ltr'>ἐν</span> <span class='ocrx_word' id='word_1_649' title='bbox 1231 1211 1270 1247; x_wconf 84' lang='grc' dir='ltr'>τῷ</span> <span class='ocrx_word' id='word_1_650' title='bbox 1294 1212 1401 1249; x_wconf 85' lang='grc' dir='ltr'>Ἰσραὴλ</span> <span class='ocrx_word' id='word_1_651' title='bbox 1412 1214 1508 1247; x_wconf 80' lang='grc' dir='ltr'>οὕτως.</span> 
     </span>
    </p>
   </div>
   <div class='ocr_carea' id='block_1_85' title="bbox 1050 1278 1804 1321">
    <p class='ocr_par' dir='ltr' id='par_1_85' title="bbox 1050 1278 1804 1321">
     <span class='ocr_line' id='line_1_86' title="bbox 1050 1278 1804 1321; baseline 0.012 -17"><span class='ocrx_word' id='word_1_652' title='bbox 1050 1278 1079 1304; x_wconf 84' lang='lat' dir='ltr'><strong>B’</strong></span> <span class='ocrx_word' id='word_1_653' title='bbox 1101 1287 1111 1304; x_wconf 75' lang='grc' dir='ltr'><strong>ι</strong></span> <span class='ocrx_word' id='word_1_654' title='bbox 1124 1278 1180 1306; x_wconf 82' lang='grc' dir='ltr'><strong>Καὶ</strong></span> <span class='ocrx_word' id='word_1_655' title='bbox 1200 1279 1248 1306; x_wconf 83' lang='grc' dir='ltr'>νῦν</span> <span class='ocrx_word' id='word_1_656' title='bbox 1269 1280 1405 1309; x_wconf 82' lang='grc' dir='ltr'>ἀκούσατέ</span> <span class='ocrx_word' id='word_1_657' title='bbox 1423 1291 1491 1318; x_wconf 83' lang='grc' dir='ltr'>μου,</span> <span class='ocrx_word' id='word_1_658' title='bbox 1503 1284 1596 1313; x_wconf 85' lang='grc' dir='ltr'>τέκνα.</span> <span class='ocrx_word' id='word_1_659' title='bbox 1613 1284 1632 1312; x_wconf 78' lang='grc' dir='ltr'>ἃ</span> <span class='ocrx_word' id='word_1_660' title='bbox 1651 1282 1723 1312; x_wconf 80' lang='grc' dir='ltr'>εἶδον</span> <span class='ocrx_word' id='word_1_661' title='bbox 1742 1287 1804 1321; x_wconf 74' lang='grc' dir='ltr'>περὶ</span> 
     </span>
    </p>
   </div>
   <div class='ocr_carea' id='block_1_86' title="bbox 1010 1323 1804 1366">
    <p class='ocr_par' dir='ltr' id='par_1_86' title="bbox 1010 1323 1804 1366">
     <span class='ocr_line' id='line_1_87' title="bbox 1010 1323 1804 1366; baseline 0.01 -16"><span class='ocrx_word' id='word_1_662' title='bbox 1010 1323 1065 1351; x_wconf 83' lang='grc' dir='ltr'><strong>τῶν</strong></span> <span class='ocrx_word' id='word_1_663' title='bbox 1087 1324 1157 1351; x_wconf 79' lang='grc' dir='ltr'>ἑπτὰ</span> <span class='ocrx_word' id='word_1_664' title='bbox 1171 1325 1334 1361; x_wconf 80' lang='grc' dir='ltr'><strong>πνευμάτων</strong></span> <span class='ocrx_word' id='word_1_665' title='bbox 1351 1327 1401 1362; x_wconf 86' lang='grc' dir='ltr'>τῆς</span> <span class='ocrx_word' id='word_1_666' title='bbox 1417 1328 1522 1365; x_wconf 85' lang='grc' dir='ltr'>πλάνης</span> <span class='ocrx_word' id='word_1_667' title='bbox 1536 1329 1593 1365; x_wconf 82' lang='grc'>(59)</span> <span class='ocrx_word' id='word_1_668' title='bbox 1611 1331 1641 1356; x_wconf 81' lang='grc' dir='ltr'>ὲν</span> <span class='ocrx_word' id='word_1_669' title='bbox 1662 1332 1697 1366; x_wconf 84' lang='grc' dir='ltr'><strong>τῇ</strong></span> <span class='ocrx_word' id='word_1_670' title='bbox 1723 1340 1804 1366; x_wconf 81' lang='grc' dir='ltr'>μετα-</span> 
     </span>
    </p>
   </div>
   <div class='ocr_carea' id='block_1_87' title="bbox 1011 1369 1804 1413">
    <p class='ocr_par' dir='ltr' id='par_1_87' title="bbox 1011 1369 1804 1413">
     <span class='ocr_line' id='line_1_88' title="bbox 1011 1369 1804 1413; baseline 0.011 -17"><span class='ocrx_word' id='word_1_671' title='bbox 1011 1369 1070 1405; x_wconf 75' lang='grc' dir='ltr'>νοίᾳ.</span> <span class='ocrx_word' id='word_1_672' title='bbox 1084 1379 1145 1406; x_wconf 88' lang='grc' dir='ltr'>μου.</span> <span class='ocrx_word' id='word_1_673' title='bbox 1161 1371 1247 1399; x_wconf 80' lang='grc' dir='ltr'>Ἑπτὰ</span> <span class='ocrx_word' id='word_1_674' title='bbox 1260 1372 1404 1409; x_wconf 86' lang='grc' dir='ltr'>πνεύματα</span> <span class='ocrx_word' id='word_1_675' title='bbox 1413 1373 1490 1411; x_wconf 81' lang='grc' dir='ltr'>ὲδόθη</span> <span class='ocrx_word' id='word_1_676' title='bbox 1507 1375 1578 1402; x_wconf 82' lang='grc' dir='ltr'>κατὰ</span> <span class='ocrx_word' id='word_1_677' title='bbox 1594 1375 1642 1403; x_wconf 82' lang='grc' dir='ltr'>τοῦ</span> <span class='ocrx_word' id='word_1_678' title='bbox 1658 1376 1804 1413; x_wconf 72' lang='grc' dir='ltr'>ἀνοριίητου</span> 
     </span>
    </p>
   </div>
   <div class='ocr_carea' id='block_1_88' title="bbox 1010 1415 1806 1459">
    <p class='ocr_par' dir='ltr' id='par_1_88' title="bbox 1010 1415 1806 1459">
     <span class='ocr_line' id='line_1_89' title="bbox 1010 1415 1806 1459; baseline 0.011 -18"><span class='ocrx_word' id='word_1_679' title='bbox 1010 1415 1065 1441; x_wconf 73' lang='grc' dir='ltr'>ἀπὸ</span> <span class='ocrx_word' id='word_1_680' title='bbox 1079 1416 1128 1443; x_wconf 82' lang='grc' dir='ltr'><strong>τοῦ</strong></span> <span class='ocrx_word' id='word_1_681' title='bbox 1146 1417 1256 1454; x_wconf 80' lang='grc' dir='ltr'>Βελιὰρ,</span> <span class='ocrx_word' id='word_1_682' title='bbox 1274 1419 1324 1446; x_wconf 75' lang='grc' dir='ltr'>καὶ</span> <span class='ocrx_word' id='word_1_683' title='bbox 1346 1420 1415 1447; x_wconf 78' lang='grc' dir='ltr'>αὐτὰ</span> <span class='ocrx_word' id='word_1_684' title='bbox 1437 1420 1491 1448; x_wconf 68' lang='lat' dir='ltr'><strong>sla:</strong></span> <span class='ocrx_word' id='word_1_685' title='bbox 1513 1420 1619 1458; x_wconf 78' lang='grc' dir='ltr'>κεφαλὴ</span> <span class='ocrx_word' id='word_1_686' title='bbox 1637 1422 1693 1449; x_wconf 85' lang='grc' dir='ltr'><strong>τῶν</strong></span> <span class='ocrx_word' id='word_1_687' title='bbox 1715 1423 1806 1459; x_wconf 81' lang='grc' dir='ltr'>ἔργων</span> 
     </span>
    </p>
   </div>
   <div class='ocr_carea' id='block_1_89' title="bbox 1010 1461 1805 1505">
    <p class='ocr_par' dir='ltr' id='par_1_89' title="bbox 1010 1461 1805 1505">
     <span class='ocr_line' id='line_1_90' title="bbox 1010 1461 1805 1505; baseline 0.011 -17"><span class='ocrx_word' id='word_1_688' title='bbox 1010 1461 1058 1488; x_wconf 79' lang='grc' dir='ltr'>τοῦ</span> <span class='ocrx_word' id='word_1_689' title='bbox 1075 1463 1271 1499; x_wconf 70' lang='grc' dir='ltr'><strong>νειιγτερισμοῦ⁸</strong></span> <span class='ocrx_word' id='word_1_690' title='bbox 1289 1465 1338 1492; x_wconf 82' lang='grc' dir='ltr'>καὶ</span> <span class='ocrx_word' id='word_1_691' title='bbox 1364 1465 1435 1493; x_wconf 79' lang='grc' dir='ltr'>ἑπτὰ</span> <span class='ocrx_word' id='word_1_692' title='bbox 1460 1467 1602 1503; x_wconf 76' lang='grc' dir='ltr'>πνεύματα</span> <span class='ocrx_word' id='word_1_693' title='bbox 1625 1467 1704 1504; x_wconf 60' lang='grc' dir='ltr'>ἐδόθη</span> <span class='ocrx_word' id='word_1_694' title='bbox 1730 1470 1805 1505; x_wconf 78' lang='grc' dir='ltr'>αὐτῷ</span> 
     </span>
    </p>
   </div>
   <div class='ocr_carea' id='block_1_90' title="bbox 1011 1508 1805 1551">
    <p class='ocr_par' dir='ltr' id='par_1_90' title="bbox 1011 1508 1805 1551">
     <span class='ocr_line' id='line_1_91' title="bbox 1011 1508 1805 1551; baseline 0.01 -16"><span class='ocrx_word' id='word_1_695' title='bbox 1011 1508 1058 1535; x_wconf 74' lang='grc' dir='ltr'><strong>ἐπὶ</strong></span> <span class='ocrx_word' id='word_1_696' title='bbox 1077 1508 1128 1545; x_wconf 85' lang='grc' dir='ltr'>τῆς</span> <span class='ocrx_word' id='word_1_697' title='bbox 1143 1511 1268 1544; x_wconf 81' lang='grc' dir='ltr'><strong>κτίσεως,</strong></span> <span class='ocrx_word' id='word_1_698' title='bbox 1287 1511 1335 1539; x_wconf 80' lang='grc' dir='ltr'><strong>τοῦ</strong></span> <span class='ocrx_word' id='word_1_699' title='bbox 1351 1511 1420 1539; x_wconf 75' lang='grc' dir='ltr'>εἶναι</span> <span class='ocrx_word' id='word_1_700' title='bbox 1432 1513 1461 1540; x_wconf 79' lang='grc' dir='ltr'>ὲν</span> <span class='ocrx_word' id='word_1_701' title='bbox 1473 1514 1564 1546; x_wconf 74' lang='grc' dir='ltr'>αὐτοῖς</span> <span class='ocrx_word' id='word_1_702' title='bbox 1578 1515 1633 1541; x_wconf 81' lang='grc' dir='ltr'>πᾶν</span> <span class='ocrx_word' id='word_1_703' title='bbox 1655 1515 1737 1551; x_wconf 81' lang='grc' dir='ltr'>ἔργον</span> <span class='ocrx_word' id='word_1_704' title='bbox 1757 1517 1805 1543; x_wconf 85' lang='grc' dir='ltr'><strong>ἀν-</strong></span> 
     </span>
    </p>
   </div>
   <div class='ocr_carea' id='block_1_91' title="bbox 973 1546 1805 1597">
    <p class='ocr_par' dir='ltr' id='par_1_91' title="bbox 973 1546 1805 1597">
     <span class='ocr_line' id='line_1_92' title="bbox 973 1546 1805 1597; baseline 0.011 -17"><span class='ocrx_word' id='word_1_705' title='bbox 973 1546 996 1578; x_wconf 78' lang='lat' dir='ltr'><strong>c</strong></span> <span class='ocrx_word' id='word_1_706' title='bbox 1012 1553 1133 1590; x_wconf 83' lang='grc' dir='ltr'>θρώπου.</span> <span class='ocrx_word' id='word_1_707' title='bbox 1150 1557 1262 1593; x_wconf 82' lang='grc' dir='ltr'>Πρῶτον</span> <span class='ocrx_word' id='word_1_708' title='bbox 1274 1558 1382 1594; x_wconf 81' lang='grc' dir='ltr'>πνεῦμα</span> <span class='ocrx_word' id='word_1_709' title='bbox 1400 1558 1482 1594; x_wconf 81' lang='grc' dir='ltr'>ζωῆς,</span> <span class='ocrx_word' id='word_1_710' title='bbox 1506 1560 1565 1595; x_wconf 78' lang='grc' dir='ltr'>μεθ’</span> <span class='ocrx_word' id='word_1_711' title='bbox 1579 1558 1612 1597; x_wconf 79' lang='grc' dir='ltr'>ἧς</span> <span class='ocrx_word' id='word_1_712' title='bbox 1635 1561 1651 1597; x_wconf 80' lang='grc' dir='ltr'>ἡ</span> <span class='ocrx_word' id='word_1_713' title='bbox 1671 1546 1805 1595; x_wconf 46' lang='lat' dir='ltr'><strong>ist-istam;</strong></span> 
     </span>
    </p>
   </div>
   <div class='ocr_carea' id='block_1_92' title="bbox 1010 1601 1805 1646">
    <p class='ocr_par' dir='ltr' id='par_1_92' title="bbox 1010 1601 1805 1646">
     <span class='ocr_line' id='line_1_93' title="bbox 1010 1601 1805 1646; baseline 0.011 -18"><span class='ocrx_word' id='word_1_714' title='bbox 1010 1601 1067 1636; x_wconf 78' lang='grc'>(60)</span> <span class='ocrx_word' id='word_1_715' title='bbox 1081 1602 1213 1636; x_wconf 75' lang='grc' dir='ltr'>κτίζεται.</span> <span class='ocrx_word' id='word_1_716' title='bbox 1231 1604 1361 1640; x_wconf 83' lang='grc' dir='ltr'><strong>Δεύτερον</strong></span> <span class='ocrx_word' id='word_1_717' title='bbox 1372 1605 1482 1642; x_wconf 82' lang='grc' dir='ltr'>πνεῦμα</span> <span class='ocrx_word' id='word_1_718' title='bbox 1495 1608 1627 1643; x_wconf 78' lang='grc' dir='ltr'>ὁράσεως,</span> <span class='ocrx_word' id='word_1_719' title='bbox 1640 1609 1702 1644; x_wconf 88' lang='grc' dir='ltr'>μεθ’</span> <span class='ocrx_word' id='word_1_720' title='bbox 1718 1607 1754 1646; x_wconf 78' lang='grc' dir='ltr'>ἧς</span> <span class='ocrx_word' id='word_1_721' title='bbox 1761 1611 1805 1644; x_wconf 76' lang='grc' dir='ltr'><strong>τί-</strong></span> 
     </span>
    </p>
   </div>
   <div class='ocr_carea' id='block_1_93' title="bbox 1010 1647 1803 1691">
    <p class='ocr_par' dir='ltr' id='par_1_93' title="bbox 1010 1647 1803 1691">
     <span class='ocr_line' id='line_1_94' title="bbox 1010 1647 1803 1691; baseline 0.011 -17"><span class='ocrx_word' id='word_1_722' title='bbox 1010 1654 1088 1675; x_wconf 85' lang='grc' dir='ltr'>νεται</span> <span class='ocrx_word' id='word_1_723' title='bbox 1100 1647 1241 1684; x_wconf 75' lang='grc' dir='ltr'>ἐπιθυμία.</span> <span class='ocrx_word' id='word_1_724' title='bbox 1255 1650 1352 1686; x_wconf 81' lang='grc' dir='ltr'>Τρίτον</span> <span class='ocrx_word' id='word_1_725' title='bbox 1369 1650 1476 1687; x_wconf 82' lang='grc' dir='ltr'>πνεῦμα</span> <span class='ocrx_word' id='word_1_726' title='bbox 1493 1652 1588 1689; x_wconf 82' lang='grc' dir='ltr'>ἀκοῆς,</span> <span class='ocrx_word' id='word_1_727' title='bbox 1602 1654 1661 1689; x_wconf 77' lang='grc' dir='ltr'>μεθ’</span> <span class='ocrx_word' id='word_1_728' title='bbox 1678 1652 1714 1691; x_wconf 78' lang='grc' dir='ltr'>ἧς</span> <span class='ocrx_word' id='word_1_729' title='bbox 1727 1656 1803 1690; x_wconf 85' lang='grc' dir='ltr'>γίνε-</span> 
     </span>
    </p>
   </div>
   <div class='ocr_carea' id='block_1_94' title="bbox 1007 1694 1805 1738">
    <p class='ocr_par' dir='ltr' id='par_1_94' title="bbox 1007 1694 1805 1738">
     <span class='ocr_line' id='line_1_95' title="bbox 1007 1694 1805 1738; baseline 0.014 -19"><span class='ocrx_word' id='word_1_730' title='bbox 1007 1702 1053 1738; x_wconf 69' lang='grc' dir='ltr'><strong>ται</strong></span> <span class='ocrx_word' id='word_1_731' title='bbox 1080 1694 1248 1722; x_wconf 81' lang='grc' dir='ltr'>διδασκαλία.</span> <span class='ocrx_word' id='word_1_732' title='bbox 1270 1697 1405 1733; x_wconf 83' lang='grc' dir='ltr'>Τέταρτον</span> <span class='ocrx_word' id='word_1_733' title='bbox 1423 1698 1532 1735; x_wconf 81' lang='grc' dir='ltr'>πνεῦμα</span> <span class='ocrx_word' id='word_1_734' title='bbox 1555 1700 1727 1737; x_wconf 79' lang='grc' dir='ltr'>ὀσφρήσεως,</span> <span class='ocrx_word' id='word_1_735' title='bbox 1742 1703 1805 1738; x_wconf 80' lang='grc' dir='ltr'>μεθ’</span> 
     </span>
    </p>
   </div>
   <div class='ocr_carea' id='block_1_95' title="bbox 1007 1737 1805 1784">
    <p class='ocr_par' dir='ltr' id='par_1_95' title="bbox 1007 1737 1805 1784">
     <span class='ocr_line' id='line_1_96' title="bbox 1007 1737 1805 1784; baseline 0.014 -18"><span class='ocrx_word' id='word_1_736' title='bbox 1007 1737 1042 1775; x_wconf 86' lang='grc' dir='ltr'>ἧς</span> <span class='ocrx_word' id='word_1_737' title='bbox 1053 1740 1126 1768; x_wconf 77' lang='grc' dir='ltr'>ἐστιν</span> <span class='ocrx_word' id='word_1_738' title='bbox 1140 1741 1234 1776; x_wconf 82' lang='grc' dir='ltr'>γεῦσις</span> <span class='ocrx_word' id='word_1_739' title='bbox 1246 1742 1375 1780; x_wconf 82' lang='grc' dir='ltr'>δεδομένη</span> <span class='ocrx_word' id='word_1_740' title='bbox 1389 1745 1430 1776; x_wconf 83' lang='grc' dir='ltr'><strong>εἰς</strong></span> <span class='ocrx_word' id='word_1_741' title='bbox 1447 1745 1578 1782; x_wconf 82' lang='grc' dir='ltr'>συνολκὴν</span> <span class='ocrx_word' id='word_1_742' title='bbox 1592 1737 1805 1784; x_wconf 18' lang='grc' dir='ltr'><strong>(’6Ι)ἀέροςγχαὶ</strong></span> 
     </span>
    </p>
   </div>
   <div class='ocr_carea' id='block_1_96' title="bbox 1008 1787 1803 1831">
    <p class='ocr_par' dir='ltr' id='par_1_96' title="bbox 1008 1787 1803 1831">
     <span class='ocr_line' id='line_1_97' title="bbox 1008 1787 1803 1831; baseline 0.011 -18"><span class='ocrx_word' id='word_1_743' title='bbox 1008 1787 1102 1823; x_wconf 85' lang='grc' dir='ltr'>πνοῆς.</span> <span class='ocrx_word' id='word_1_744' title='bbox 1116 1787 1244 1823; x_wconf 79' lang='grc' dir='ltr'>Πέμπτον</span> <span class='ocrx_word' id='word_1_745' title='bbox 1257 1788 1367 1825; x_wconf 77' lang='grc' dir='ltr'>πνεῦμα</span> <span class='ocrx_word' id='word_1_746' title='bbox 1378 1790 1481 1823; x_wconf 78' lang='grc' dir='ltr'>λαλιᾶς,</span> <span class='ocrx_word' id='word_1_747' title='bbox 1501 1789 1603 1829; x_wconf 80' lang='grc' dir='ltr'>μεθ’ἧς</span> <span class='ocrx_word' id='word_1_748' title='bbox 1610 1793 1716 1828; x_wconf 89' lang='grc' dir='ltr'>γίνεται</span> <span class='ocrx_word' id='word_1_749' title='bbox 1729 1796 1803 1831; x_wconf 83' lang='grc' dir='ltr'><strong>γνῶ-</strong></span> 
     </span>
    </p>
   </div>
   <div class='ocr_carea' id='block_1_97' title="bbox 1009 1834 1805 1877">
    <p class='ocr_par' dir='ltr' id='par_1_97' title="bbox 1009 1834 1805 1877">
     <span class='ocr_line' id='line_1_98' title="bbox 1009 1834 1805 1877; baseline 0.011 -17"><span class='ocrx_word' id='word_1_750' title='bbox 1009 1840 1060 1866; x_wconf 86' lang='grc' dir='ltr'>σις.</span> <span class='ocrx_word' id='word_1_751' title='bbox 1075 1834 1175 1861; x_wconf 82' lang='grc' dir='ltr'>Ἕκτον</span> <span class='ocrx_word' id='word_1_752' title='bbox 1188 1835 1298 1871; x_wconf 77' lang='grc' dir='ltr'>πνεῦμα</span> <span class='ocrx_word' id='word_1_753' title='bbox 1308 1836 1438 1870; x_wconf 83' lang='grc' dir='ltr'>γεύσεως,</span> <span class='ocrx_word' id='word_1_754' title='bbox 1456 1838 1516 1873; x_wconf 74' lang='grc' dir='ltr'>μεθ’</span> <span class='ocrx_word' id='word_1_755' title='bbox 1528 1836 1562 1874; x_wconf 81' lang='grc' dir='ltr'>ἦς</span> <span class='ocrx_word' id='word_1_756' title='bbox 1576 1839 1680 1873; x_wconf 82' lang='grc' dir='ltr'>γίνεται</span> <span class='ocrx_word' id='word_1_757' title='bbox 1699 1842 1805 1877; x_wconf 80' lang='grc' dir='ltr'>βρῶσις</span> 
     </span>
    </p>
   </div>
   <div class='ocr_carea' id='block_1_98' title="bbox 1008 1880 1803 1920">
    <p class='ocr_par' dir='ltr' id='par_1_98' title="bbox 1008 1880 1803 1920">
     <span class='ocr_line' id='line_1_99' title="bbox 1008 1880 1803 1920; baseline 0.011 -14"><span class='ocrx_word' id='word_1_758' title='bbox 1008 1880 1120 1916; x_wconf 88' lang='grc' dir='ltr'>βρωτῶν</span> <span class='ocrx_word' id='word_1_759' title='bbox 1132 1881 1179 1908; x_wconf 73' lang='grc' dir='ltr'><strong>κα)¹</strong></span> <span class='ocrx_word' id='word_1_760' title='bbox 1190 1881 1280 1908; x_wconf 85' lang='grc' dir='ltr'>ποτῶν</span> <span class='ocrx_word' id='word_1_761' title='bbox 1291 1882 1357 1917; x_wconf 66' lang='grc'>(62),</span> <span class='ocrx_word' id='word_1_762' title='bbox 1369 1884 1416 1910; x_wconf 76' lang='grc' dir='ltr'><strong>καὶ</strong></span> <span class='ocrx_word' id='word_1_763' title='bbox 1430 1884 1506 1919; x_wconf 79' lang='grc' dir='ltr'>ἰσχὺς</span> <span class='ocrx_word' id='word_1_764' title='bbox 1518 1885 1546 1911; x_wconf 77' lang='grc' dir='ltr'>ἐν</span> <span class='ocrx_word' id='word_1_765' title='bbox 1562 1886 1654 1918; x_wconf 78' lang='grc' dir='ltr'>αὐτοῖς</span> <span class='ocrx_word' id='word_1_766' title='bbox 1666 1887 1803 1920; x_wconf 65' lang='grc' dir='ltr'>κτίζεταιν</span> 
     </span>
    </p>
   </div>
   <div class='ocr_carea' id='block_1_99' title="bbox 1007 1927 1803 1970">
    <p class='ocr_par' dir='ltr' id='par_1_99' title="bbox 1007 1927 1803 1970">
     <span class='ocr_line' id='line_1_100' title="bbox 1007 1927 1803 1970; baseline 0.011 -17"><span class='ocrx_word' id='word_1_767' title='bbox 1007 1927 1048 1954; x_wconf 78' lang='grc' dir='ltr'>ὅτι</span> <span class='ocrx_word' id='word_1_768' title='bbox 1074 1927 1103 1954; x_wconf 76' lang='grc' dir='ltr'>ιν</span> <span class='ocrx_word' id='word_1_769' title='bbox 1130 1927 1269 1964; x_wconf 85' lang='grc' dir='ltr'>βρώμασίν</span> <span class='ocrx_word' id='word_1_770' title='bbox 1300 1930 1374 1957; x_wconf 77' lang='grc' dir='ltr'>ἐστιν</span> <span class='ocrx_word' id='word_1_771' title='bbox 1400 1930 1417 1966; x_wconf 79' lang='grc' dir='ltr'><strong>ἠ</strong></span> <span class='ocrx_word' id='word_1_772' title='bbox 1439 1931 1586 1964; x_wconf 76' lang='grc' dir='ltr'>ὑπόστασις</span> <span class='ocrx_word' id='word_1_773' title='bbox 1616 1933 1667 1968; x_wconf 86' lang='grc' dir='ltr'>τῆς</span> <span class='ocrx_word' id='word_1_774' title='bbox 1696 1935 1803 1970; x_wconf 66' lang='grc' dir='ltr'><strong>ἰσχύος.</strong></span> 
     </span>
    </p>
   </div>
   <div class='ocr_carea' id='block_1_100' title="bbox 1008 1973 1803 2015">
    <p class='ocr_par' dir='ltr' id='par_1_100' title="bbox 1008 1973 1803 2015">
     <span class='ocr_line' id='line_1_101' title="bbox 1008 1973 1803 2015; baseline 0.01 -16"><span class='ocrx_word' id='word_1_775' title='bbox 1008 1973 1143 2009; x_wconf 79' lang='grc' dir='ltr'>Ἕόδομον</span> <span class='ocrx_word' id='word_1_776' title='bbox 1152 1974 1260 2011; x_wconf 82' lang='grc' dir='ltr'>πνεῦμα</span> <span class='ocrx_word' id='word_1_777' title='bbox 1271 1975 1375 2011; x_wconf 71' lang='grc' dir='ltr'>σπορᾶς</span> <span class='ocrx_word' id='word_1_778' title='bbox 1384 1977 1431 2003; x_wconf 73' lang='grc' dir='ltr'>καὶ</span> <span class='ocrx_word' id='word_1_779' title='bbox 1443 1977 1596 2010; x_wconf 74' lang='grc' dir='ltr'>συνουσίας,</span> <span class='ocrx_word' id='word_1_780' title='bbox 1611 1979 1671 2013; x_wconf 86' lang='grc' dir='ltr'>μεθ’</span> <span class='ocrx_word' id='word_1_781' title='bbox 1685 1977 1722 2015; x_wconf 82' lang='grc' dir='ltr'>ἧς</span> <span class='ocrx_word' id='word_1_782' title='bbox 1736 1989 1803 2007; x_wconf 82' lang='grc' dir='ltr'>συν-</span> 
     </span>
    </p>
   </div>
   <div class='ocr_carea' id='block_1_101' title="bbox 1011 2018 1803 2059">
    <p class='ocr_par' dir='ltr' id='par_1_101' title="bbox 1011 2018 1803 2059">
     <span class='ocr_line' id='line_1_102' title="bbox 1011 2018 1803 2059; baseline 0.01 -14"><span class='ocrx_word' id='word_1_783' title='bbox 1011 2018 1164 2054; x_wconf 81' lang='grc' dir='ltr'>εισέρχεται</span> <span class='ocrx_word' id='word_1_784' title='bbox 1182 2019 1228 2047; x_wconf 82' lang='grc' dir='ltr'><strong>διὰ</strong></span> <span class='ocrx_word' id='word_1_785' title='bbox 1243 2021 1294 2056; x_wconf 88' lang='grc' dir='ltr'><strong>τῆς</strong></span> <span class='ocrx_word' id='word_1_786' title='bbox 1305 2021 1460 2057; x_wconf 82' lang='grc' dir='ltr'>φιληδονίας</span> <span class='ocrx_word' id='word_1_787' title='bbox 1473 2023 1489 2058; x_wconf 89' lang='grc' dir='ltr'><strong>ή</strong></span> <span class='ocrx_word' id='word_1_788' title='bbox 1501 2023 1633 2059; x_wconf 83' lang='grc' dir='ltr'>ἁμαρτία,</span> <span class='ocrx_word' id='word_1_789' title='bbox 1653 2025 1704 2052; x_wconf 78' lang='grc' dir='ltr'><strong>Διὰ</strong></span> <span class='ocrx_word' id='word_1_790' title='bbox 1721 2026 1803 2053; x_wconf 76' lang='grc' dir='ltr'>τοῦτο</span> 
     </span>
    </p>
   </div>
   <div class='ocr_carea' id='block_1_102' title="bbox 1005 2063 1802 2107">
    <p class='ocr_par' dir='ltr' id='par_1_102' title="bbox 1005 2063 1802 2107">
     <span class='ocr_line' id='line_1_103' title="bbox 1005 2063 1802 2107; baseline 0.01 -17"><span class='ocrx_word' id='word_1_791' title='bbox 1005 2063 1118 2099; x_wconf 74' lang='grc' dir='ltr'>ἔσχατόν</span> <span class='ocrx_word' id='word_1_792' title='bbox 1135 2065 1193 2092; x_wconf 74' lang='grc' dir='ltr'>ἐστι</span> <span class='ocrx_word' id='word_1_793' title='bbox 1206 2066 1256 2101; x_wconf 86' lang='grc' dir='ltr'>τῆς</span> <span class='ocrx_word' id='word_1_794' title='bbox 1270 2066 1396 2099; x_wconf 86' lang='grc' dir='ltr'>κτίσεως,</span> <span class='ocrx_word' id='word_1_795' title='bbox 1410 2067 1458 2094; x_wconf 76' lang='grc' dir='ltr'>καὶ</span> <span class='ocrx_word' id='word_1_796' title='bbox 1469 2069 1576 2103; x_wconf 84' lang='grc' dir='ltr'>πρῶτον</span> <span class='ocrx_word' id='word_1_797' title='bbox 1587 2069 1638 2104; x_wconf 85' lang='grc' dir='ltr'>τῆς</span> <span class='ocrx_word' id='word_1_798' title='bbox 1651 2071 1781 2107; x_wconf 79' lang='grc' dir='ltr'>νεότητος</span> <span class='ocrx_word' id='word_1_799' title='bbox 1794 2093 1802 2104; x_wconf 83' lang='grc'><strong>,</strong></span> 
     </span>
    </p>
   </div>
   <div class='ocr_carea' id='block_1_103' title="bbox 1006 2109 1802 2153">
    <p class='ocr_par' dir='ltr' id='par_1_103' title="bbox 1006 2109 1802 2153">
     <span class='ocr_line' id='line_1_104' title="bbox 1006 2109 1802 2153; baseline 0.011 -18"><span class='ocrx_word' id='word_1_800' title='bbox 1006 2109 1048 2135; x_wconf 62' lang='lat' dir='ltr'><strong>Mt</strong></span> <span class='ocrx_word' id='word_1_801' title='bbox 1061 2109 1174 2144; x_wconf 79' lang='grc' dir='ltr'>ἀγνοίας</span> <span class='ocrx_word' id='word_1_802' title='bbox 1187 2111 1376 2147; x_wconf 80' lang='grc' dir='ltr'>πεπλήρωται,</span> <span class='ocrx_word' id='word_1_803' title='bbox 1389 2112 1437 2139; x_wconf 80' lang='grc' dir='ltr'>καὶ</span> <span class='ocrx_word' id='word_1_804' title='bbox 1450 2113 1519 2149; x_wconf 73' lang='grc' dir='ltr'>αὑτὴ</span> <span class='ocrx_word' id='word_1_805' title='bbox 1536 2114 1582 2140; x_wconf 76' lang='grc' dir='ltr'>τὸν</span> <span class='ocrx_word' id='word_1_806' title='bbox 1594 2115 1729 2152; x_wconf 84' lang='grc' dir='ltr'>νεώτερον</span> <span class='ocrx_word' id='word_1_807' title='bbox 1743 2117 1802 2153; x_wconf 82' lang='grc'>(65)</span> 
     </span>
    </p>
   </div>
   <div class='ocr_carea' id='block_1_104' title="bbox 1004 2155 1802 2200">
    <p class='ocr_par' dir='ltr' id='par_1_104' title="bbox 1004 2155 1802 2200">
     <span class='ocr_line' id='line_1_105' title="bbox 1004 2155 1802 2200; baseline 0.011 -18"><span class='ocrx_word' id='word_1_808' title='bbox 1004 2156 1099 2191; x_wconf 71' lang='grc' dir='ltr'>ὁδηγεῖ</span> <span class='ocrx_word' id='word_1_809' title='bbox 1112 2155 1150 2189; x_wconf 86' lang='grc' dir='ltr'><strong>ὡς</strong></span> <span class='ocrx_word' id='word_1_810' title='bbox 1161 2157 1261 2192; x_wconf 80' lang='grc' dir='ltr'>τυφλὸν</span> <span class='ocrx_word' id='word_1_811' title='bbox 1277 2158 1324 2185; x_wconf 75' lang='grc' dir='ltr'><strong>ἐπὶ</strong></span> <span class='ocrx_word' id='word_1_812' title='bbox 1337 2158 1443 2196; x_wconf 82' lang='grc' dir='ltr'>βόθρον,</span> <span class='ocrx_word' id='word_1_813' title='bbox 1455 2160 1503 2186; x_wconf 80' lang='grc' dir='ltr'>καὶ</span> <span class='ocrx_word' id='word_1_814' title='bbox 1515 2160 1554 2193; x_wconf 84' lang='grc' dir='ltr'>ὡς</span> <span class='ocrx_word' id='word_1_815' title='bbox 1566 2161 1665 2197; x_wconf 85' lang='grc' dir='ltr'>κτῆνος</span> <span class='ocrx_word' id='word_1_816' title='bbox 1674 2163 1723 2190; x_wconf 74' lang='grc' dir='ltr'><strong>ἐπὶ</strong></span> <span class='ocrx_word' id='word_1_817' title='bbox 1734 2173 1802 2200; x_wconf 76' lang='grc' dir='ltr'>κρη-</span> 
     </span>
    </p>
   </div>
   <div class='ocr_carea' id='block_1_105' title="bbox 969 2202 1083 2250">
    <p class='ocr_par' dir='ltr' id='par_1_105' title="bbox 969 2202 1083 2250">
     <span class='ocr_line' id='line_1_106' title="bbox 969 2202 1083 2250; baseline 0.009 -23"><span class='ocrx_word' id='word_1_818' title='bbox 969 2222 992 2250; x_wconf 77' lang='lat' dir='ltr'><strong><em>D</em></strong></span> <span class='ocrx_word' id='word_1_819' title='bbox 1008 2202 1083 2250; x_wconf 52' lang='grc' dir='ltr'>μνον.</span> 
     </span>
    </p>
   </div>
   <div class='ocr_carea' id='block_1_106' title="bbox 1042 2248 1800 2290">
    <p class='ocr_par' dir='ltr' id='par_1_106' title="bbox 1042 2248 1800 2290">
     <span class='ocr_line' id='line_1_107' title="bbox 1042 2248 1800 2290; baseline 0.013 -16"><span class='ocrx_word' id='word_1_820' title='bbox 1042 2248 1078 2275; x_wconf 88' lang='grc' dir='ltr'><strong>Γ’.</strong></span> <span class='ocrx_word' id='word_1_821' title='bbox 1100 2248 1182 2276; x_wconf 76' lang='grc' dir='ltr'><strong>«Ἐπὶ</strong></span> <span class='ocrx_word' id='word_1_822' title='bbox 1192 2250 1259 2277; x_wconf 82' lang='grc' dir='ltr'>πᾶσι</span> <span class='ocrx_word' id='word_1_823' title='bbox 1277 2251 1382 2284; x_wconf 83' lang='grc' dir='ltr'>τούτοις</span> <span class='ocrx_word' id='word_1_824' title='bbox 1402 2251 1494 2287; x_wconf 76' lang='grc' dir='ltr'>δγδοσν</span> <span class='ocrx_word' id='word_1_825' title='bbox 1514 2253 1622 2290; x_wconf 83' lang='grc' dir='ltr'>πνεῦμα</span> <span class='ocrx_word' id='word_1_826' title='bbox 1638 2255 1688 2282; x_wconf 81' lang='grc' dir='ltr'><strong>τοῦ</strong></span> <span class='ocrx_word' id='word_1_827' title='bbox 1715 2257 1800 2284; x_wconf 72' lang='grc' dir='ltr'>ὕπνου</span> 
     </span>
    </p>
   </div>
   <div class='ocr_carea' id='block_1_107' title="bbox 1004 2325 1800 2366">
    <p class='ocr_par' dir='ltr' id='par_1_107' title="bbox 1004 2325 1800 2366">
     <span class='ocr_line' id='line_1_108' title="bbox 1004 2325 1800 2366; baseline 0.011 -14"><span class='ocrx_word' id='word_1_828' title='bbox 1004 2325 1032 2366; x_wconf 65' lang='grc' dir='ltr'>ξ,</span> <span class='ocrx_word' id='word_1_829' title='bbox 1044 2325 1122 2361; x_wconf 82' lang='lat' dir='ltr'><strong>juxta</strong></span> <span class='ocrx_word' id='word_1_830' title='bbox 1137 2326 1223 2366; x_wconf 51' lang='grc' dir='ltr'><strong>ΙέξΧε</strong></span> <span class='ocrx_word' id='word_1_831' title='bbox 1297 2330 1356 2366; x_wconf 65' lang='grc' dir='ltr'>ταῖς</span> <span class='ocrx_word' id='word_1_832' title='bbox 1370 2330 1487 2366; x_wconf 81' lang='grc' dir='ltr'>ἡμέραις</span> <span class='ocrx_word' id='word_1_833' title='bbox 1500 2330 1618 2363; x_wconf 78' lang='grc' dir='ltr'>ἐκείναις</span> <span class='ocrx_word' id='word_1_834' title='bbox 1628 2332 1685 2366; x_wconf 77' lang='grc' dir='ltr'><strong>ἐγὼ</strong></span> <span class='ocrx_word' id='word_1_835' title='bbox 1697 2334 1800 2366; x_wconf 74' lang='grc' dir='ltr'>Δανιὴλ</span> 
     </span>
    </p>
   </div>
   <div class='ocr_carea' id='block_1_108' title="bbox 1003 2338 1799 2403">
    <p class='ocr_par' dir='ltr' id='par_1_108' title="bbox 1003 2338 1799 2403">
     <span class='ocr_line' id='line_1_109' title="bbox 1004 2338 1799 2366; baseline 0.01 -14"><span class='ocrx_word' id='word_1_836' title='bbox 1004 2338 1032 2359; x_wconf 79' lang='lat' dir='ltr'><strong>o,</strong></span> <span class='ocrx_word' id='word_1_837' title='bbox 1044 2338 1122 2361; x_wconf 68' lang='lat' dir='ltr'><strong>Juxta</strong></span> <span class='ocrx_word' id='word_1_838' title='bbox 1137 2338 1223 2353; x_wconf 72' lang='lat' dir='ltr'><strong>mm:</strong></span> <span class='ocrx_word' id='word_1_839' title='bbox 1248 2338 1285 2355; x_wconf 63' lang='grc' dir='ltr'><strong>ειν</strong></span> <span class='ocrx_word' id='word_1_840' title='bbox 1297 2338 1356 2361; x_wconf 89' lang='grc' dir='ltr'>ταις</span> <span class='ocrx_word' id='word_1_841' title='bbox 1370 2338 1386 2365; x_wconf 90' lang='grc' dir='ltr'><strong>η</strong></span> <span class='ocrx_word' id='word_1_842' title='bbox 1410 2338 1487 2364; x_wconf 86' lang='grc' dir='ltr'>εραις</span> <span class='ocrx_word' id='word_1_843' title='bbox 1500 2338 1618 2363; x_wconf 80' lang='grc' dir='ltr'>εκειναις</span> <span class='ocrx_word' id='word_1_844' title='bbox 1628 2338 1685 2366; x_wconf 76' lang='grc' dir='ltr'><strong>εγω</strong></span> <span class='ocrx_word' id='word_1_845' title='bbox 1697 2338 1799 2360; x_wconf 62' lang='grc' dir='ltr'>Δανιὶλ</span> 
     </span>
     <span class='ocr_line' id='line_1_110' title="bbox 1003 2338 1799 2403; baseline 0.011 -16"><span class='ocrx_word' id='word_1_846' title='bbox 1003 2361 1077 2402; x_wconf 62' lang='grc' dir='ltr'>ἥμην</span> <span class='ocrx_word' id='word_1_847' title='bbox 1093 2362 1198 2403; x_wconf 72' lang='grc' dir='ltr'>πενθῶν</span> <span class='ocrx_word' id='word_1_848' title='bbox 1208 2364 1283 2399; x_wconf 85' lang='grc' dir='ltr'>τρεῖς</span> <span class='ocrx_word' id='word_1_849' title='bbox 1300 2338 1585 2403; x_wconf 38' lang='grc' dir='ltr'>εὸὣμὶὲας-ὴμερῶν·</span> <span class='ocrx_word' id='word_1_850' title='bbox 1602 2366 1686 2403; x_wconf 77' lang='grc' dir='ltr'>ἄρτον</span> <span class='ocrx_word' id='word_1_851' title='bbox 1703 2356 1799 2396; x_wconf 64' lang='grc' dir='ltr'>ἐπιθυ-</span> 
     </span>
    </p>
   </div>
   <div class='ocr_carea' id='block_1_109' title="bbox 1004 2374 1799 2438">
    <p class='ocr_par' dir='ltr' id='par_1_109' title="bbox 1004 2374 1799 2438">
     <span class='ocr_line' id='line_1_111' title="bbox 1004 2374 1799 2428; baseline 0.011 -41"><span class='ocrx_word' id='word_1_852' title='bbox 1004 2374 1077 2402; x_wconf 62' lang='grc' dir='ltr'>ημῃν</span> <span class='ocrx_word' id='word_1_853' title='bbox 1093 2374 1198 2389; x_wconf 78' lang='grc' dir='ltr'>πενυων</span> <span class='ocrx_word' id='word_1_854' title='bbox 1208 2374 1283 2399; x_wconf 82' lang='grc' dir='ltr'>τρεις</span> <span class='ocrx_word' id='word_1_855' title='bbox 1300 2374 1447 2400; x_wconf 81' lang='grc' dir='ltr'>εοοομαοας</span> <span class='ocrx_word' id='word_1_856' title='bbox 1464 2374 1585 2428; x_wconf 42' lang='grc' dir='ltr'>ηιῖερωνι·</span> <span class='ocrx_word' id='word_1_857' title='bbox 1602 2374 1686 2408; x_wconf 53' lang='lat' dir='ltr'><strong>ap“:th</strong></span> <span class='ocrx_word' id='word_1_858' title='bbox 1703 2374 1799 2396; x_wconf 69' lang='grc' dir='ltr'>ἐπιθυ-</span> 
     </span>
     <span class='ocr_line' id='line_1_112' title="bbox 1004 2397 1799 2438; baseline 0.011 -16"><span class='ocrx_word' id='word_1_859' title='bbox 1004 2405 1074 2438; x_wconf 59' lang='grc' dir='ltr'>μιων</span> <span class='ocrx_word' id='word_1_860' title='bbox 1083 2398 1133 2438; x_wconf 74' lang='grc' dir='ltr'>οὐκ</span> <span class='ocrx_word' id='word_1_861' title='bbox 1144 2397 1256 2438; x_wconf 58' lang='grc' dir='ltr'>ἔφαγον,</span> <span class='ocrx_word' id='word_1_862' title='bbox 1269 2400 1317 2426; x_wconf 76' lang='grc' dir='ltr'>καὶ</span> <span class='ocrx_word' id='word_1_863' title='bbox 1329 2399 1413 2435; x_wconf 77' lang='grc' dir='ltr'>κρέας</span> <span class='ocrx_word' id='word_1_864' title='bbox 1421 2401 1491 2427; x_wconf 81' lang='grc' dir='ltr'>καὶο</span> <span class='ocrx_word' id='word_1_865' title='bbox 1502 2409 1546 2432; x_wconf 85' lang='grc' dir='ltr'><strong>νος</strong></span> <span class='ocrx_word' id='word_1_866' title='bbox 1554 2409 1605 2428; x_wconf 84' lang='grc' dir='ltr'><strong>ουκ</strong></span> <span class='ocrx_word' id='word_1_867' title='bbox 1617 2403 1745 2438; x_wconf 80' lang='grc' dir='ltr'>εἰσηλθεν</span> <span class='ocrx_word' id='word_1_868' title='bbox 1758 2405 1799 2436; x_wconf 85' lang='grc' dir='ltr'><strong>εἰς</strong></span> 
     </span>
    </p>
   </div>
   <div class='ocr_carea' id='block_1_110' title="bbox 1000 2431 1266 2472">
    <p class='ocr_par' dir='ltr' id='par_1_110' title="bbox 1000 2431 1266 2472">
     <span class='ocr_line' id='line_1_113' title="bbox 1000 2431 1266 2472; baseline 0 0"><span class='ocrx_word' id='word_1_869' title='bbox 1000 2431 1266 2472; x_wconf 39' lang='lat' dir='ltr'><strong>«agemus!»-</strong></span> 
     </span>
    </p>
   </div>
   <div class='ocr_carea' id='block_1_111' title="bbox 1049 2467 1475 2499">
    <p class='ocr_par' dir='ltr' id='par_1_111' title="bbox 1049 2467 1475 2499">
     <span class='ocr_line' id='line_1_114' title="bbox 1049 2467 1475 2499; baseline 0.012 -6"><span class='ocrx_word' id='word_1_870' title='bbox 1049 2467 1100 2499; x_wconf 77' lang='grc'><strong>57)</strong></span> <span class='ocrx_word' id='word_1_871' title='bbox 1111 2467 1186 2495; x_wconf 77' lang='grc' dir='ltr'><strong>Πᾶν.</strong></span> <span class='ocrx_word' id='word_1_872' title='bbox 1200 2469 1292 2497; x_wconf 82' lang='grc' dir='ltr'>Πάντα</span> <span class='ocrx_word' id='word_1_873' title='bbox 1309 2469 1417 2498; x_wconf 89' lang='lat' dir='ltr'><strong>melius.</strong></span> <span class='ocrx_word' id='word_1_874' title='bbox 1436 2471 1475 2499; x_wconf 79' lang='lat' dir='ltr'><strong>In.</strong></span> 
     </span>
    </p>
   </div>
   <div class='ocr_carea' id='block_1_112' title="bbox 1049 2501 1795 2543">
    <p class='ocr_par' dir='ltr' id='par_1_112' title="bbox 1049 2501 1795 2543">
     <span class='ocr_line' id='line_1_115' title="bbox 1049 2501 1795 2543; baseline 0.012 -14"><span class='ocrx_word' id='word_1_875' title='bbox 1117 2502 1151 2530; x_wconf 83' lang='lat' dir='ltr'><strong>Ut</strong></span> <span class='ocrx_word' id='word_1_876' title='bbox 1172 2505 1340 2539; x_wconf 68' lang='lat' dir='ltr'><strong>manifestam</strong></span> <span class='ocrx_word' id='word_1_877' title='bbox 1358 2506 1441 2534; x_wconf 73' lang='lat' dir='ltr'><strong>vobis.</strong></span> <span class='ocrx_word' id='word_1_878' title='bbox 1469 2505 1579 2535; x_wconf 73' lang='lat' dir='ltr'><strong>Omissa</strong></span> <span class='ocrx_word' id='word_1_879' title='bbox 1598 2513 1675 2536; x_wconf 78' lang='lat' dir='ltr'><strong>sunt.</strong></span> <span class='ocrx_word' id='word_1_880' title='bbox 1705 2510 1795 2543; x_wconf 85' lang='lat' dir='ltr'><strong>lbid.,</strong></span> 
     </span>
    </p>
   </div>
   <div class='ocr_carea' id='block_1_113' title="bbox 1000 2537 1196 2572">
    <p class='ocr_par' dir='ltr' id='par_1_113' title="bbox 1000 2537 1196 2572">
     <span class='ocr_line' id='line_1_116' title="bbox 1000 2537 1196 2572; baseline 0.005 -8"><span class='ocrx_word' id='word_1_881' title='bbox 1000 2537 1072 2572; x_wconf 77' lang='lat' dir='ltr'><strong>apud</strong></span> <span class='ocrx_word' id='word_1_882' title='bbox 1087 2537 1196 2566; x_wconf 72' lang='lat' dir='ltr'><strong>FABRIC.</strong></span> 
     </span>
    </p>
   </div>
   <div class='ocr_carea' id='block_1_114' title="bbox 1013 2572 1795 2616">
    <p class='ocr_par' dir='ltr' id='par_1_114' title="bbox 1013 2572 1795 2616">
     <span class='ocr_line' id='line_1_117' title="bbox 1013 2572 1795 2616; baseline 0.009 -17"><span class='ocrx_word' id='word_1_883' title='bbox 1013 2572 1094 2616; x_wconf 41' lang='grc' dir='ltr'><strong>ειβιδ)</strong></span> <span class='ocrx_word' id='word_1_884' title='bbox 1103 2573 1285 2616; x_wconf 68' lang='grc' dir='ltr'>ῌνεψιάτῳν</span> <span class='ocrx_word' id='word_1_885' title='bbox 1297 2575 1357 2616; x_wconf 44' lang='grc' dir='ltr'>’τῆς</span> <span class='ocrx_word' id='word_1_886' title='bbox 1369 2576 1498 2616; x_wconf 44' lang='grc' dir='ltr'>πῇάνηςῖ</span> <span class='ocrx_word' id='word_1_887' title='bbox 1515 2576 1584 2616; x_wconf 72' lang='lat' dir='ltr'><strong>_V&#39;ide</strong></span> <span class='ocrx_word' id='word_1_888' title='bbox 1595 2586 1657 2613; x_wconf 62' lang='lat' dir='ltr'><strong>quae</strong></span> <span class='ocrx_word' id='word_1_889' title='bbox 1669 2580 1703 2616; x_wconf 83' lang='lat' dir='ltr'><strong>de</strong></span> <span class='ocrx_word' id='word_1_890' title='bbox 1713 2581 1795 2616; x_wconf 86' lang='lat' dir='ltr'><strong>spiri-</strong></span> 
     </span>
    </p>
   </div>
   <div class='ocr_carea' id='block_1_115' title="bbox 1000 2607 1795 2649">
    <p class='ocr_par' dir='ltr' id='par_1_115' title="bbox 1000 2607 1795 2649">
     <span class='ocr_line' id='line_1_118' title="bbox 1000 2607 1795 2649; baseline 0.011 -15"><span class='ocrx_word' id='word_1_891' title='bbox 1000 2607 1218 2649; x_wconf 33' lang='lat' dir='ltr'><strong>tih&#39;us‘erroris2</strong></span> <span class='ocrx_word' id='word_1_892' title='bbox 1237 2615 1264 2649; x_wconf 67' lang='lat' dir='ltr'><strong>et</strong></span> <span class='ocrx_word' id='word_1_893' title='bbox 1287 2607 1747 2649; x_wconf 45' lang='lat' dir='ltr'><strong>datinonihus&#39;vitiorum&#39;erudite:</strong></span> <span class='ocrx_word' id='word_1_894' title='bbox 1765 2621 1795 2643; x_wconf 88' lang='lat' dir='ltr'><strong>ut</strong></span> 
     </span>
    </p>
   </div>
   <div class='ocr_carea' id='block_1_116' title="bbox 999 2642 1794 2687">
    <p class='ocr_par' dir='ltr' id='par_1_116' title="bbox 999 2642 1794 2687">
     <span class='ocr_line' id='line_1_119' title="bbox 999 2642 1794 2687; baseline 0.013 -18"><span class='ocrx_word' id='word_1_895' title='bbox 999 2642 1080 2687; x_wconf 61' lang='lat' dir='ltr'><strong>solet3</strong></span> <span class='ocrx_word' id='word_1_896' title='bbox 1093 2644 1230 2687; x_wconf 50' lang='lat' dir='ltr'><strong>congesnsit</strong></span> <span class='ocrx_word' id='word_1_897' title='bbox 1239 2644 1390 2675; x_wconf 81' lang='lat' dir='ltr'><strong>Cotelerius</strong></span> <span class='ocrx_word' id='word_1_898' title='bbox 1403 2647 1431 2674; x_wconf 93' lang='lat' dir='ltr'><strong>in</strong></span> <span class='ocrx_word' id='word_1_899' title='bbox 1443 2647 1520 2676; x_wconf 84' lang='lat' dir='ltr'><strong>Notis</strong></span> <span class='ocrx_word' id='word_1_900' title='bbox 1534 2648 1568 2676; x_wconf 83' lang='lat' dir='ltr'><strong>ad</strong></span> <span class='ocrx_word' id='word_1_901' title='bbox 1579 2647 1690 2678; x_wconf 68' lang='lat' dir='ltr'><strong>Hel-uia</strong></span> <span class='ocrx_word' id='word_1_902' title='bbox 1699 2642 1747 2679; x_wconf 60' lang='lat' dir='ltr'><strong>lib:</strong></span> <span class='ocrx_word' id='word_1_903' title='bbox 1762 2660 1794 2687; x_wconf 77' lang='lat' dir='ltr'><strong>it,</strong></span> 
     </span>
    </p>
   </div>
   <div class='ocr_carea' id='block_1_117' title="bbox 999 2678 1267 2707">
    <p class='ocr_par' dir='ltr' id='par_1_117' title="bbox 999 2678 1267 2707">
     <span class='ocr_line' id='line_1_120' title="bbox 999 2678 1267 2707; baseline 0.011 -3"><span class='ocrx_word' id='word_1_904' title='bbox 999 2678 1122 2705; x_wconf 86' lang='lat' dir='ltr'><strong>mandat.</strong></span> <span class='ocrx_word' id='word_1_905' title='bbox 1140 2679 1167 2706; x_wconf 77' lang='grc'><strong>2.</strong></span> <span class='ocrx_word' id='word_1_906' title='bbox 1183 2679 1267 2707; x_wconf 72' lang='grc' dir='ltr'>ϐιωι.</span> 
     </span>
    </p>
   </div>
   <div class='ocr_carea' id='block_1_118' title="bbox 1045 2712 1461 2752">
    <p class='ocr_par' dir='ltr' id='par_1_118' title="bbox 1045 2712 1461 2752">
     <span class='ocr_line' id='line_1_121' title="bbox 1045 2712 1461 2752; baseline 0.017 -13"><span class='ocrx_word' id='word_1_907' title='bbox 1106 2715 1267 2752; x_wconf 61' lang='grc' dir='ltr'>ξύστασις.</span> <span class='ocrx_word' id='word_1_908' title='bbox 1280 2716 1404 2752; x_wconf 74' lang='grc' dir='ltr'>Κίνησις.</span> <span class='ocrx_word' id='word_1_909' title='bbox 1422 2717 1461 2747; x_wconf 80' lang='lat' dir='ltr'><strong>In.</strong></span> 
     </span>
    </p>
   </div>
   <div class='ocr_carea' id='block_1_119' title="bbox 1045 2747 1445 2788">
    <p class='ocr_par' dir='ltr' id='par_1_119' title="bbox 1045 2747 1445 2788">
     <span class='ocr_line' id='line_1_122' title="bbox 1045 2747 1445 2788; baseline 0.018 -15"><span class='ocrx_word' id='word_1_910' title='bbox 1106 2749 1275 2788; x_wconf 51' lang='lat' dir='ltr'><strong>{vv-0.112571%</strong></span> <span class='ocrx_word' id='word_1_911' title='bbox 1285 2747 1391 2788; x_wconf 52' lang='lat' dir='ltr'><strong>{mimi</strong></span> <span class='ocrx_word' id='word_1_912' title='bbox 1407 2754 1445 2781; x_wconf 84' lang='lat' dir='ltr'><strong>In.</strong></span> 
     </span>
    </p>
   </div>
   <div class='ocr_carea' id='block_1_120' title="bbox 1046 2750 1790 2845">
    <p class='ocr_par' dir='ltr' id='par_1_120' title="bbox 1046 2750 1790 2845">
     <span class='ocr_line' id='line_1_123' title="bbox 1046 2750 1445 2788; baseline 0.018 -15"><span class='ocrx_word' id='word_1_913' title='bbox 1046 2750 1076 2774; x_wconf 85' lang='grc'>61</span> <span class='ocrx_word' id='word_1_914' title='bbox 1106 2750 1390 2788; x_wconf 77' lang='grc' dir='ltr'><strong>Συνολκήν.¹ολκήν.</strong></span> <span class='ocrx_word' id='word_1_915' title='bbox 1407 2754 1445 2781; x_wconf 85' lang='lat' dir='ltr'><strong>ID.</strong></span> 
     </span>
     <span class='ocr_line' id='line_1_124' title="bbox 1046 2750 1790 2845; baseline 0.015 -36"><span class='ocrx_word' id='word_1_916' title='bbox 1046 2750 1231 2845; x_wconf 41' lang='grc' dir='ltr'><strong>ῗῖἔῡίὶρωτῶν</strong></span> <span class='ocrx_word' id='word_1_917' title='bbox 1246 2786 1295 2813; x_wconf 81' lang='grc' dir='ltr'>καὶ</span> <span class='ocrx_word' id='word_1_918' title='bbox 1305 2787 1411 2815; x_wconf 77' lang='grc' dir='ltr'>ποτῶν.</span> <span class='ocrx_word' id='word_1_919' title='bbox 1430 2789 1586 2825; x_wconf 82' lang='grc' dir='ltr'>Βρωμάτων</span> <span class='ocrx_word' id='word_1_920' title='bbox 1597 2800 1628 2818; x_wconf 88' lang='grc' dir='ltr'><strong>τε</strong></span> <span class='ocrx_word' id='word_1_921' title='bbox 1641 2792 1689 2818; x_wconf 81' lang='grc' dir='ltr'>καὶ</span> <span class='ocrx_word' id='word_1_922' title='bbox 1705 2790 1790 2827; x_wconf 71' lang='grc' dir='ltr'>πομά-</span> 
     </span>
    </p>
   </div>
   <div class='ocr_carea' id='block_1_121' title="bbox 997 2826 1113 2845">
    <p class='ocr_par' dir='ltr' id='par_1_121' title="bbox 997 2826 1113 2845">
     <span class='ocr_line' id='line_1_125' title="bbox 997 2826 1113 2845; baseline 0.009 -1"><span class='ocrx_word' id='word_1_923' title='bbox 997 2826 1060 2845; x_wconf 89' lang='grc' dir='ltr'>των.</span> <span class='ocrx_word' id='word_1_924' title='bbox 1075 2826 1113 2845; x_wconf 86' lang='lat' dir='ltr'><strong>ID.</strong></span> 
     </span>
    </p>
   </div>
   <div class='ocr_carea' id='block_1_122' title="bbox 1033 2853 1547 2894">
    <p class='ocr_par' dir='ltr' id='par_1_122' title="bbox 1033 2853 1547 2894">
     <span class='ocr_line' id='line_1_126' title="bbox 1033 2853 1547 2894; baseline 0.014 -14"><span class='ocrx_word' id='word_1_925' title='bbox 1033 2853 1088 2889; x_wconf 83' lang='grc'>(65)</span> <span class='ocrx_word' id='word_1_926' title='bbox 1104 2854 1263 2889; x_wconf 79' lang='grc' dir='ltr'>Νεώτερον.</span> <span class='ocrx_word' id='word_1_927' title='bbox 1281 2857 1483 2894; x_wconf 84' lang='grc' dir='ltr'>Νεωτερισμόν.</span> <span class='ocrx_word' id='word_1_928' title='bbox 1508 2861 1547 2891; x_wconf 82' lang='lat' dir='ltr'><strong>In.</strong></span> 
     </span>
    </p>
   </div>
  </div>
