1913 3102
115 171 178 200 1061

714 179 976 211 TESTAMENTUM
1004 181 1129 212 RUBEN.

1669 190 1740 218 1οη

110 232 177 286 isti,
197 234 258 285 μεθ’
274 229 306 262 οὗ
315 236 428 274 ἐκτίσθη
443 238 500 275 (64)
513 240 642 274 ἔκστασις
663 242 780 278 φύσεως,
799 246 846 272 καὶ
862 255 874 272 ε

935 274 937 278 ,
952 256 1014 276 cum
1031 257 1086 285 quo
1098 254 1189 277 creata
1205 255 1247 279 est
1258 252 1377 282 exstasis
1390 258 1506 287 natum,
1520 258 1547 282 et
1561 254 1652 291 imago
1667 261 1740 281 mor-

109 277 163 304 κὼν
178 279 227 306 τοῦ
241 280 365 310 θανάτου.
384 284 495 318 Τούτοις
512 288 569 319 τοῖς
589 288 725 324 πνεύμασι
749 291 900 327 συμμίγνυ-

107 333 150 374 ται
164 326 195 352 τὸ
207 327 316 364 πνεῦμα
333 329 391 366 (65)
407 332 456 367 τῆς
471 333 583 370 πλάνης.
599 335 711 371 Πρῶτον
727 336 758 363 τὸ
768 337 818 373 τῆς
832 347 898 374 πορ-

105 372 177 405 νείας
189 373 219 400 ὲν
237 376 270 410 τῇ
288 375 368 410 φύσει
385 377 433 404 καὶ
444 381 504 412 ταῖς
520 380 679 417 αἰσθήσεσιν
691 372 822 416 ἔγκειται.
838 372 900 411 Δεύ-

104 425 181 454 τερον
199 420 309 456 πνεῦμα
320 421 473 458 ἀπληστίας
488 425 517 451 ὲν
529 427 562 462 τῇ
577 427 685 463 γαστρί.
703 427 800 464 Τρίτον
814 429 897 456 πνεῦ-

106 473 143 500 μα
161 465 255 502 μάχης
279 468 307 494 ἐν
326 468 364 504 τῷ
375 469 461 505 ἥπατι
474 471 522 498 καὶ
533 473 567 508 τῇ
580 472 656 508 χολῇ.
669 473 805 509 Τέταρτον
817 475 898 502 πνεῦ-

104 520 142 546 μα
169 512 318 547 ἀρεσκείας
342 515 390 542 καὶ
415 517 594 552 μαγγανείας,
614 518 657 546 ῐνα
674 519 718 546 διὰ
738 521 898 557 περιεργίας

101 557 201 593 ὡραῖος
216 559 297 596 ὀφθῇ.
316 561 444 597 Πέμπτον
462 563 570 599 πνεῦμα
584 565 782 601 ὑπερηφανίας,
795 567 839 594 ἴνα
856 576 898 594 κι-

101 604 178 649 νῆται
201 605 270 639 (66),
293 608 339 634 καὶ
364 609 564 646 μεγαλοφρονῇ.
582 611 681 639 ’Ἕκτον
701 612 809 648 πνεῦμα
835 613 898 649 ψεύ-

98 648 167 682 δους,
181 651 212 677 ὲν
224 651 346 689 ἀπωλείᾳ.
362 654 410 681 καὶ
427 653 500 691 ζήλῳ
512 655 559 682 τοῦ
576 656 702 683 πλάττειν
726 657 831 693 λόγους,
849 659 896 686 καὶ

99 696 232 731 κρύπτειν
245 697 341 732 λόγους
352 699 434 727 αὑτοῦ
447 701 501 728 ἀπὸ
512 701 607 735 γένους
615 703 786 731 καὶοίκείων.
799 705 895 732 Ἕϐδο-

101 748 149 774 μον
166 741 279 777 πνεῦμα
293 743 410 777 ἀδικίας,
424 745 483 780 μεθ’
498 744 532 782 ἧς
547 746 634 783 κλοπὴ
646 747 692 774 καὶ
704 749 893 785 γρυπίσματα,

99 785 141 812 ῐνα
158 788 264 824 ποιήσῃ
277 789 431 825 φιληδονίαν
443 792 557 827 καρδίας
574 792 668 820 αὐτοῦ.
693 793 725 820 Ἦ
736 793 790 831 γὰρ
803 795 894 823 ἀδικία

98 835 227 868 συνεργεῖ
247 835 428 876 τοῖςνλοιποῖς
446 838 583 874 πνεύμασι
601 838 645 866 διὰ
663 840 712 875 τῆς
724 839 892 876 δολοληψίας.

104 876 164 904 Ἐπὶ
179 879 249 905 πᾶσι
271 875 378 913 τούτοις
395 881 426 908 τδ
447 882 555 919 πνεῦμα
580 883 627 910 τοῦ
644 883 739 916 ὕπνου,
757 884 788 911 τὺ
799 875 892 920 ὄγδοον

97 922 218 959 πνεῦμα,
243 926 408 954 συνάπτεται
430 927 517 964 πλάνῃ
542 928 598 965 (67)
615 930 662 956 καὶ
674 930 818 966 φαντασίᾳ.
837 931 893 958 Καὶ
908 934 929 962 Β

95 968 181 1002 οὕτως
206 971 354 999 ἀπόλλυται
374 974 428 1005 πᾶς
445 973 586 1011 νεώτερος,
610 974 741 1007 σκοτίζων
760 975 807 1003 τὸν
830 976 893 1004 νοῦν

95 1015 149 1043 ἀπὸ
166 1018 220 1053 τῆς
238 1018 377 1055 ἀληθείας,
404 1020 451 1047 καὶ
469 1020 507 1057 μὴ
530 1020 629 1048 συνιὼν
645 1022 675 1049 ἐν
693 1022 733 1058 τῷ
752 1022 828 1058 νόμῳ
844 1022 891 1050 τοῦ

94 1061 171 1094 Θεοῦ,
183 1064 408 1099 μήτεὺπακούων
415 1066 556 1099 νουθεσίας
564 1067 690 1104 πατέρων
697 1067 790 1100 αὐτοῦ,
797 1067 872 1095 ὥσπε
876 1077 892 1105 ρ

94 1108 172 1142 κάγὼ
189 1108 291 1136 ἔπαθον
303 1110 332 1137 έν
344 1111 383 1146 τῷ
396 1112 573 1148 νεωτερισμῷ
588 1113 714 1148 μου.Καὶ
725 1112 783 1145 νῦν,
796 1114 889 1148 τέκνα,

93 1153 141 1188 τὴν
157 1154 289 1190 ἀλήθειαν
301 1156 476 1193 ἀγαπήσατε,
494 1158 543 1185 καὶ
560 1157 629 1193 αὕτη
643 1157 789 1192 φυλάξεται
805 1159 888 1195 ὑμᾶς.

92 1199 217 1227 Διδάσκω
236 1201 323 1237 ὑμᾶς,
336 1201 472 1230 ἀκούσατε
485 1203 607 1239 Ῥουϐὴμ
618 1203 665 1230 τοῦ
682 1204 784 1240 πατρὸς
800 1205 887 1241 ὑμῶν.

92 1245 137 1281 Μὴ
154 1246 304 1282 προσέχετε
323 1248 352 1275 ὲν
370 1248 430 1284 ὖψει
446 1249 575 1284 γυναικὸς
595 1249 651 1285 (68)
662 1270 669 1282 ,
684 1250 752 1286 μηδὲ
773 1251 888 1283 mecm

93 1291 162 1325 μετὰ
173 1291 285 1328 θηλείας
304 1293 450 1330 ύπάνδρου,
469 1295 536 1330 μηδὲ
549 1295 766 1331 περιεργάζεσθε
788 1297 888 1334 πρᾶξιν

91 1337 238 1370 γυναικῶν.
253 1339 286 1365 Et
299 1338 336 1375 μὴ
349 1339 403 1376 γὰρ
420 1338 490 1367 εἶδον
507 1340 562 1375 ἐγὼ
573 1341 680 1369 Βάλλαν
697 1341 849 1379 λουομένην
856 1343 887 1370 ιν

92 1383 220 1419 σκεπηνῷ
232 1384 317 1420 τόπῳ,
331 1385 381 1412 οὐκ
391 1386 534 1414 ἐνέπιπτον
544 1388 585 1419 εἰς
593 1387 642 1423 τὴν
654 1387 770 1422 ἀνομίαν
779 1388 829 1424 τὴν
839 1398 887 1425 με-

91 1426 185 1462 γάλην.
201 1427 375 1457 Συλλαϐοῠσα
383 1430 463 1467 γὰρὴ
474 1431 579 1459 διάνοιά
596 1440 648 1467 μου
662 1432 713 1468 τὴν
726 1434 886 1467 γυναικείαν

90 1471 240 1507 γύμνωσιν,
258 1474 309 1502 οὐκ
321 1475 397 1503 εἴασέ
416 1485 450 1512 με
468 1476 602 1510 ὕπνῶσαι,
620 1476 673 1509 ἕως
691 1473 721 1504 οὗ
738 1477 844 1514 ἔπραξα
854 1480 886 1507 τὸ

91 1517 239 1554 βδέλυγμα.
266 1521 392 1554 Ἀπόντος
412 1522 467 1557 γὰρ
490 1522 588 1550 ’ἰακὼὸ
610 1522 658 1550 τοῦ
679 1523 785 1561 πατρὸς
805 1524 884 1560 ἡμῶν

90 1563 156 1599 πρὸς
175 1565 268 1593 Ἰσαὰκ
284 1567 330 1593 τὸν
343 1568 450 1604 πατέρα
462 1568 555 1602 αὐτοῦ,
567 1569 653 1598 ὅντων
663 1570 741 1607 ήμῶν
749 1571 778 1597 ὲν
785 1569 881 1606 Γαδὲρ,

89 1609 201 1645 πλησίον
219 1611 343 1648 Ἐφραθὰ
361 1613 417 1650 (69)
434 1612 507 1642 οἷκον
524 1615 648 1652 Βηθλεὲμ
665 1617 732 1653 (70),
747 1614 881 1654 Βάλλαῆν
895 1611 917 1639 c

91 1656 226 1690 μεθύουσα
242 1658 289 1684 καὶ
302 1660 472 1696 κοιεμυμένη,
491 1661 538 1688 καὶ
556 1662 722 1694 ἀκαλύπτως
737 1662 881 1690 κατέκειτο

88 1701 115 1727 ὲν
126 1701 164 1737 τῷ
178 1702 297 1730 κοιτῶνι·
315 1703 403 1738 κάγὼ,
421 1705 560 1739 εἰσελθὼν,
574 1707 624 1734 καὶ
637 1706 698 1734 ἰδὼν
709 1708 760 1743 τὴν
769 1707 880 1744 γύμνω-

89 1754 129 1773 σιν
141 1748 238 1784 αὑτῆς,
251 1748 358 1785 ἔπραξα
373 1750 422 1786 τὴν
440 1751 577 1785 ἀσέϐειαν,
597 1753 643 1779 καὶ
658 1753 814 1780 καταλιπὼν
831 1754 880 1780 αὐ-

86 1791 133 1827 τὴν
153 1794 340 1831 κοιμωμένην,
363 1795 482 1831 ἐξῆλθον.
501 1798 555 1824 Καὶ
574 1797 676 1831 εὐθέως
694 1799 808 1834 άγγελος
830 1799 878 1826 τοῦ

87 1836 151 1864 Θεοῦ
169 1839 330 1876 ἀπεκάλυψε
343 1841 382 1877 τῷ
394 1842 478 1877 πατρί
495 1851 546 1878 μου
566 1843 663 1871 Ἰακὼϐ
675 1845 740 1880 περὶ¹
753 1845 803 1881 τῆς
815 1846 878 1872 ἀσε-

87 1881 161 1915 ϐείας
173 1893 235 1919 μου·
251 1886 298 1912 καὶ
314 1886 399 1914 ἐλθὼν
409 1887 516 1915 ἐπένθει
528 1888 571 1915 ἐπ’
584 1889 644 1925 ἐμὲ,
660 1890 758 1926 μηκέτι
770 1890 877 1926 ἁψάμε-

88 1936 130 1960 νος
141 1930 237 1966 αὐτῆς.

119 1986 155 2013 Δ¹.
171 1996 181 2012 ‹
193 1987 240 2023 Μὴ
251 1985 299 2015 οὖν
315 1989 462 2025 προσέχετε
475 1991 573 2024 κάλλος
584 1993 732 2027 γυναικῶν,
752 1993 820 2029 μηδὲ
838 1993 877 2020 έν-

85 2034 186 2060 νοεῐσθε
203 2034 252 2066 τὰς
270 2035 384 2071 πράξεις
395 2037 493 2064 αὐτῶν·
508 2037 576 2065 ἀλλὰ
592 2039 740 2075 πορεύεσθε
755 2041 785 2066 ὲν
797 2040 878 2067 ἁπλό-

85 2086 143 2114 τητι
159 2080 291 2116 καρδίας,
313 2082 342 2109 ὲν
359 2082 434 2119 φόὸῳ
455 2084 557 2119 Κυρίου
570 2103 577 2117 ,
595 2085 643 2112 καὶ
670 2086 832 2121 μοχθοῦντες
847 2087 876 2113 ἐν

85 2125 184 2160 ἔργοις,
203 2126 250 2153 καὶ
262 2127 489 2164 ἀποπλανώμενοι
505 2129 534 2156 ὲν
550 2130 706 2166 γράμμασι,
719 2131 766 2158 καὶ
778 2132 807 2158 ὲν
819 2132 876 2164 τοῖς

85 2171 218 2206 ποιμνίοις
230 2172 318 2207 ὑμῶν,
331 2173 384 2205 ἓως
396 2174 410 2200 ὁ
423 2174 525 2210 Κύριος
541 2175 598 2212 δώῃ
618 2175 683 2212 ὑμῖν
697 2177 823 2211 σύζυγον,
841 2179 875 2214 ἢν

83 2216 162 2249 αὐτὸς
176 2217 259 2250 θέλει,
277 2218 319 2245 ἵνα
338 2219 375 2255 μὴ
389 2219 505 2255 πάθητε,
521 2221 561 2253 ὼς
571 2221 658 2256 κάγώ.
675 2221 756 2258 'Axpt
765 2223 821 2259 (72)
830 2232 876 2250 τε-

82 2259 177 2297 λευτῆς
193 2262 240 2289 τοῦ
252 2264 356 2300 πατρὸς
374 2264 452 2300 ἡμῶν
465 2265 515 2292 οὐκ
527 2264 600 2302 εῐχον
613 2268 771 2303 παρρησίαν
783 2268 872 2295 άτενί-
887 2283 910 2310 D

83 2315 124 2333 σαι
136 2308 177 2340 είς
185 2308 331 2343 πρόσωπον
349 2310 454 2342 Ἰακὼϐ,
463 2311 480 2347 ἢ
489 2311 603 2348 λαλῆσαί
610 2321 663 2340 τινι
673 2313 728 2340 τῶν
738 2313 870 2350 ἀδελφῶν,

81 2351 122 2378 διὰ
133 2354 196 2385 τοὺς
207 2353 384 2389 ὀνειδισμοὺς.
410 2355 466 2381 Καὶ
482 2355 535 2388 ἕως
552 2356 629 2394 νῦνή
651 2359 802 2395 συνείδησις
820 2369 871 2396 μου

82 2399 190 2435 συνέχει
199 2409 232 2435 με
245 2402 309 2437 περὶ
318 2402 368 2437 τῆς
376 2402 514 2438 ἁμαρτίας
523 2413 584 2439 μου.
597 2405 686 2439 Καίγε
699 2408 871 2442 παρεκάλεσέ

82 2451 114 2477 με
125 2445 139 2470 ὸ
151 2446 244 2482 πατήρ
263 2455 324 2482 μου,
336 2448 376 2474 ὅτι
397 2448 498 2484 ηὔξατο
509 2450 573 2486 περὶ
587 2450 656 2486 ἐμοῦ
669 2452 736 2488 πρὸς
751 2453 798 2480 τὸν
812 2454 869 2480 Κύ-

192 2523 337 2563 Ὲκτίσθῃ.
362 2525 586 2563 Emathii-(1.10.

187 2559 227 2601 χι)
241 2558 419 2601 πνεῦραπὰ-
423 2558 569 2601 πνεύματα
587 2565 693 2592 melius.
709 2567 748 2593 Io.

187 2595 252 2633 Ἄτα
264 2594 391 2633 κινῆται.
410 2594 562 2633 Καυκᾶται.
578 2600 617 2626 In.

187 2630 341 2669 (ἐλάτῃ-’Ὀ
357 2633 416 2659 ἐστι
430 2628 529 2669 πλᾶνη.
548 2634 583 2661 In.

192 2665 239 2705 Er
251 2663 319 2705 ὃῃίξει
336 2669 486 2705 πεπτωκόςἐ
498 2663 544 2701 Et;
554 2670 615 2705 ὄψιν
630 2672 794 2704 γυναικείαν.
809 2673 846 2701 In.

125 2699 169 2742 (i9)
193 2699 407 2742 Ἐξηράθιζςίίωε
420 2711 454 2730 ex
465 2699 541 2742 Cen;
553 2699 693 2742 κξίχνξῖί,
709 2715 786 2742 seqq.
802 2699 868 2735 nar-

80 2739 194 2776 rant-un:
218 2736 340 2771 ἘφραΟά
353 2742 442 2776 autem
455 2741 556 2776 mentio
568 2740 597 2767 lit
610 2736 774 2774 praecedenti
785 2751 810 2769 v.
821 2744 866 2776 19,

80 2768 369 2806 nhiHebraaus'textus
382 2774 416 2800 de
431 2782 462 2801 ea
478 2775 516 2801 ait
531 2784 537 2801 ι
553 2768 673 2805 clm-n7:
685 2768 815 2806 millch
823 2768 866 2806 Eii

79 2801 235 2848 Eetr‘hlettept:
253 2805 465 2848 SitnilitethXX
481 2801 581 2848 artiﬁcii
803 2801 866 2841 'S'eud

78 2837 270 2882 etipemetrius
287 2843 368 2882 apud
380 2842 541 2882 Eusebtglib.
559 2837 584 2872 ii
600 2837 864 2882 ρνιυραῖὶιὶῗὲιᾶὶηῖᾱζ

79 2857 103 2864 ν.
118 2857 270 2868 vnn-muns
287 2857 358 2876 alvuu
380 2857 481 2871 υιιδυυ.
496 2857 541 2871 Ιιυ.
559 2857 584 2872 lx
601 2857 749 2881 ’τωρωι-(ιι.
762 2857 824 2875 evan
846 2870 864 2882 .,

79 2874 199 2918 capmﬂ,
209 2877 405 2918 cpnsentit'his
416 2880 531 2918 verbis:
547 2880 643 2918 ᾜνθεν
661 2857 864 2918 παραγενέσθαι

78 2907 114 2939 ε¹ς
136 2909 266 2945 Ἑφραθὰ,
286 2911 318 2946 ἢν
331 2911 400 2940 εἶναι
415 2914 547 2950 Βηθλεέμ.
563 2907 691 2952 ludoque

112 2595 123 2733 ξ

158 2630 169 2733 ξ

952 294 998 322 tis.
1011 293 1059 323 His
1071 295 1212 331 spiritibus
1222 299 1417 327 commiscetur
1431 300 1543 336 spiritus
1556 302 1667 329 erroris.
1680 299 1740 327 Prl-

951 347 1015 368 mus
1028 340 1218 370 fornicationis
1230 343 1256 370 in
1275 349 1372 372 natura
1388 349 1415 373 et
1430 346 1556 375 sensibus
1566 347 1674 375 insidet.
1686 347 1736 375 Se-

950 386 1058 414 cundus
1082 387 1195 422 spiritus
1219 388 1434 418 insatiabilitatis
1456 391 1482 418 in
1498 395 1601 419 ventre.
1626 392 1736 420 Tertius

950 432 1063 467 spiritus
1077 441 1175 469 pugnae
1195 434 1222 462 in
1243 435 1342 471 bepate
1364 440 1390 463 et
1408 435 1472 463 bile.
1488 435 1608 470 Quartus
1622 437 1737 472 spiritus

950 479 1094 515 placentiae
1107 485 1132 507 et
1149 480 1318 515 imposturaa,
1332 486 1416 517 utper
1425 482 1639 517 superﬂuitatem
1653 483 1735 511 deco-

948 533 997 553 rus
1012 530 1152 561 appareat.
1166 525 1285 559 Quintus
1302 527 1415 562 spiritus
1428 529 1572 563 superbiae,
1587 534 1617 556 ut
1630 537 1736 556 movea~

948 574 1003 604 tur,
1019 577 1046 599 et
1060 580 1158 608 magna
1175 573 1274 608 sapiat.
1297 572 1396 601 Sextus
1418 575 1532 609 spiritus
1546 575 1690 608 mendacii,
1705 576 1734 602 in

946 618 1100 653 perditione
1114 623 1141 646 et
1156 619 1215 646 zelo
1230 619 1348 654 ﬁngendi
1360 628 1513 653 sermones,
1526 628 1628 656 eosque
1642 622 1734 649 celan-

946 665 973 693 di
993 673 1008 692 a
1022 672 1120 700 genere
1131 670 1157 693 et
1172 666 1362 694 familiaribus.
1379 666 1518 701 Septimus
1533 667 1645 702 spiritus
1660 667 1733 702 inju-

946 712 1036 745 stitiae,
1051 719 1114 739 cum
1127 721 1181 748 qua
1194 713 1262 741 ﬁunt
1279 713 1382 741 furtum
1398 718 1426 742 et
1440 714 1629 747 distortiones,
1646 720 1676 743 ut
1690 716 1732 746 fa-

945 758 1000 786 ciat
1015 758 1262 793 concupiscentiam
1277 760 1425 794 voluptatis
1436 761 1527 789 cordis
1540 762 1594 789 sui.
1619 761 1733 797 lnjusti--

944 805 983 832 tia
997 805 1070 832 enim
1085 809 1248 839 cooperatur
1262 806 1374 841 reliquis
1385 806 1530 838 spiritibus
1550 815 1599 843 per
1613 809 1669 836 doli
1685 817 1731 837 as—

945 850 1137 885 sumptionem.
1152 851 1182 877 ln
1191 851 1318 879 omnibus
1329 851 1372 880 his
1382 852 1494 888 spiritus
1503 854 1603 886 somni,
1617 859 1733 883 octavus

944 895 1066 931 spiritus,
1087 896 1230 931 copulatur
1247 903 1339 924 errore
1353 901 1379 925 et
1387 897 1543 933 phantasia.
1558 898 1592 927 Et
1609 899 1646 927 ita
1660 901 1732 935 perit

943 943 1034 971 omnis
1045 943 1150 977 junior,
1166 943 1349 971 obtenebrans
1371 949 1490 973 mentem
1512 954 1526 973 a
1549 947 1682 981 veritate,
1704 953 1732 976 et

943 997 997 1016 non
1010 989 1163 1024 intelligens
1178 988 1264 1024 legem
1281 989 1340 1023 Dei,
1352 998 1443 1025 neque
1455 991 1586 1020 obediens
1597 992 1730 1021 doctrinae

942 1039 1050 1071 patrum
1066 1043 1192 1069 suorum,
1208 1036 1438 1071 quemadmodum
1452 1042 1479 1065 et
1491 1046 1541 1073 ego
1555 1047 1654 1074 passus
1666 1048 1728 1068 sum

942 1081 969 1108 in
985 1081 1128 1116 juventute
1141 1089 1212 1109 mea.
1228 1081 1261 1109 Et
1275 1090 1357 1114 nunc.
1373 1083 1419 1110 lilii
1432 1103 1441 1118 ,
1456 1084 1597 1113 veritatem
1612 1085 1727 1121 diligite,

940 1130 968 1153 et
981 1127 1040 1161 ipsa
1055 1126 1191 1154 custodiet
1200 1134 1260 1155 vos.
1275 1126 1364 1155 Doceo
1378 1135 1438 1162 vos,
1455 1129 1548 1157 audite
1569 1129 1664 1158 Ruben
1680 1139 1729 1166 pa-

940 1177 1010 1200 trem
1027 1177 1160 1201 vestrum.
1177 1172 1216 1201 Ne
1232 1174 1380 1203 attendatis
1402 1175 1502 1203 visioni
1518 1177 1660 1210 mulieris,
1679 1186 1728 1206 ne-

939 1226 993 1254 que
1011 1219 1039 1246 in
1056 1224 1162 1247 secreto
1179 1219 1238 1247 sitis
1256 1227 1318 1247 cum
1335 1219 1438 1248 femina
1455 1229 1517 1256 quae
1531 1227 1572 1250 est
1588 1222 1641 1250 sub
1655 1223 1726 1257 viro,

939 1272 1028 1300 neque
1055 1265 1323 1293 circumscrutemini
1347 1267 1533 1302 operationem
1567 1269 1725 1297 mulierum.

937 1311 996 1340 Nisi
1008 1311 1082 1340 enim
1095 1312 1224 1341 vidissem
1245 1312 1349 1341 Ballam
1368 1313 1539 1342 balneantem
1552 1314 1582 1342 in
1597 1321 1726 1351 cooperto

937 1359 1009 1392 loco,
1024 1366 1080 1386 non
1095 1359 1255 1388 incidissem
1270 1360 1298 1388 in
1314 1360 1486 1396 iniquitatem
1501 1369 1640 1397 magnam.
1657 1362 1726 1391 Con-

936 1404 1042 1440 cipiens
1052 1405 1126 1433 enim
1137 1413 1215 1433 mens
1230 1413 1291 1433 mea
1313 1406 1474 1435 muliebrem
1492 1407 1654 1440 nuditatem,
1669 1416 1724 1436 non

938 1450 1002 1478 sivit
1018 1458 1063 1478 me
1081 1450 1213 1485 dormire,
1224 1451 1313 1479 donec
1325 1456 1454 1488 operatus
1469 1460 1530 1480 sum
1541 1453 1726 1482 abominatio-

936 1504 1010 1524 nem.
1024 1496 1145 1525 Absente
1155 1498 1227 1525 enim
1241 1497 1326 1526 Jacob
1347 1502 1424 1534 patre
1445 1503 1541 1528 nostro
1559 1500 1630 1534 apud
1647 1501 1724 1528 Isaac

934 1546 1039 1576 patrem
1063 1550 1156 1576 suum,
1171 1543 1352 1572 existentibus
1375 1544 1454 1572 nobis
1471 1545 1500 1572 in
1515 1544 1615 1579 Gader,
1640 1554 1724 1582 prope

935 1587 1055 1623 prrata
1066 1589 1166 1617 domus
1177 1589 1348 1624 Bethlehem,
1365 1590 1438 1619 Balla
1447 1596 1507 1619 erat
1517 1592 1604 1626 ebria,
1617 1597 1645 1620 et
1658 1593 1722 1621 dor-

934 1636 1021 1664 miens
1032 1637 1150 1665 revelata
1157 1637 1264 1672 iacebat
1271 1637 1299 1664 in
1308 1637 1435 1666 cubiculo
1444 1647 1451 1665 :
1460 1643 1488 1666 et
1495 1646 1546 1674 ego
1553 1640 1720 1674 ingrediens.

931 1687 958 1710 et
975 1682 1072 1710 videns
1092 1682 1243 1710 nuditatem
1262 1683 1364 1718 ipsius,
1385 1689 1514 1718 operatus
1542 1692 1602 1713 sum
1629 1685 1722 1721 impie-

932 1731 1025 1761 tatem,
1045 1733 1072 1755 et
1090 1728 1282 1764 derelinquens
1302 1735 1362 1756 eam
1377 1729 1556 1757 dormientem
1567 1750 1575 1761 ,
1592 1738 1720 1766 egressus

931 1781 1004 1802 sum.
1019 1773 1054 1801 Et
1066 1773 1209 1802 confestim
1229 1774 1343 1810 angelus
1361 1773 1408 1802 Dei
1426 1776 1557 1803 revelavit
1573 1778 1643 1811 patri
1659 1785 1719 1805 meo

930 1818 1015 1847 .lacob
1029 1819 1064 1847 de
1082 1819 1223 1855 impietate
1238 1827 1312 1853 mea;
1327 1825 1355 1848 et
1375 1821 1487 1849 veniens
1505 1821 1617 1857 lugebat
1637 1831 1720 1858 super

930 1871 984 1898 me,
1003 1872 1058 1892 non
1074 1865 1194 1901 amplius
1207 1870 1321 1902 tangens
1335 1874 1407 1894 eam.

963 1987 1009 2016 ιν.
1022 1997 1031 2014 ι
1041 1987 1081 2015 Ne
1092 1987 1175 2022 igitur
1183 1987 1330 2017 attendatis
1342 1989 1543 2024 pulchritudini
1557 1991 1715 2026 mulierum,

928 2042 1018 2070 neque
1037 2035 1163 2070 cogitetis
1178 2036 1351 2071 operationes
1373 2044 1467 2065 earum
1483 2046 1490 2071 ;
1515 2037 1561 2066 sed
1577 2039 1717 2067 ambulate

928 2080 955 2108 in
965 2081 1139 2116 simplicitate
1147 2082 1248 2115 cordis,
1263 2082 1291 2110 in
1307 2083 1406 2111 timore
1416 2083 1536 2117 Domini,
1549 2088 1575 2112 et
1589 2084 1716 2113 laboran-

927 2132 968 2155 tes
980 2127 1007 2155 in
1027 2128 1169 2162 operibus,
1183 2133 1210 2156 et
1224 2128 1405 2158 exercitantes
1419 2130 1475 2165 (71)
1491 2131 1610 2167 (vosmet)
1627 2132 1655 2159 in
1670 2132 1715 2159 lit-

927 2173 1004 2207 teris,
1016 2178 1044 2201 et
1055 2182 1082 2201 tn
1096 2174 1223 2210 gregibus
1233 2175 1343 2208 vestris,
1357 2175 1444 2204 donec
1457 2175 1591 2205 Dominus
1605 2178 1650 2206 det
1664 2186 1714 2206 vo-

927 2219 969 2246 bis
982 2219 1126 2255 conjugem
1141 2227 1222 2254 quam
1236 2220 1408 2255 ipsevult,ut
1419 2229 1473 2250 non
1488 2224 1630 2258 patiamini
1642 2225 1714 2252 sicut

925 2269 954 2292 et
967 2273 1028 2300 ego.
1039 2264 1130 2300 Usque
1144 2266 1178 2294 ad
1196 2270 1311 2294 mortem
1319 2267 1405 2301 patris
1419 2269 1506 2296 nostri
1515 2277 1568 2297 non
1578 2270 1712 2298 habebam

924 2312 1051 2340 fiduciam
1067 2313 1217 2348 aspiciendi
1236 2314 1262 2340 in
1278 2313 1376 2342 faciem
1394 2313 1479 2343 Jacob
1492 2336 1500 2348 ,
1520 2316 1563 2343 vel
1584 2317 1712 2352 loquendi

923 2359 1004 2386 alicui
1027 2358 1159 2393 fratrum,
1178 2365 1290 2395 propter
1299 2360 1456 2396 opprobria.
1481 2361 1515 2389 Et
1533 2370 1620 2398 usque
1638 2371 1712 2392 nunc

922 2405 1089 2432 conscientia
1101 2413 1162 2433 mea
1177 2406 1282 2434 cruciat
1290 2414 1333 2434 me
1345 2406 1378 2434 de
1391 2411 1503 2441 peccato
1519 2416 1589 2435 meo.
1601 2408 1634 2436 Et
1645 2416 1712 2436 con-

922 2451 1029 2479 solatus
1041 2456 1084 2478 est
1103 2459 1146 2478 me
1159 2456 1237 2486 pater
1250 2459 1339 2486 meus,
1355 2453 1486 2488 quoniam
1502 2455 1589 2481 oravit
1606 2462 1711 2489 prome

921 2533 983 2572 b_i_us
996 2533 1042 2560 lib.
1054 2541 1093 2572 _le
1114 2533 1352 2572 Demonstrationis
1375 2536 1502 2572 euangcl”
1515 2544 1577 2572 pag.
1597 2537 1659 2570 547,
1675 2547 1709 2566 ex

921 2569 1038 2603 allegato
1054 2569 1116 2595 loco
1132 2568 1271 2597 Geneseos
1293 2571 1364 2597 idem
1380 2568 1471 2598 docet.
1485 2568 1588 2599 contra
1612 2568 1708 2601 auctor

923 2603 1084 2630 Tcstamenti
1103 2603 1193 2631 Ruben
1209 2605 1235 2631 in
1251 2606 1341 2633 citatis
1358 2606 1447 2634 verbis
1462 2607 1569 2634 videtur
1584 2609 1642 2636 haec
1654 2609 1708 2637 duo

919 2638 1105 2674 distinguere,
1128 2644 1153 2666 et
1180 2639 1327 2674 Ephratam
1345 2641 1434 2669 facere
1452 2643 1564 2670 domum
1589 2644 1614 2670 in
1642 2645 1708 2672 urbe

919 2673 1078 2713 Bethlellem
1098 2684 1104 2701 :
1121 2675 1175 2713 nisi
1197 2673 1268 2713 forte
1287 2676 1434 2713 aliquisgad
1457 2679 1607 2713 marginem
1627 2679 1707 2707 inter-

918 2708 1083 2749 pretationis
1097 2711 1182 2744 gratia
1199 2708 1356 2749 ascripserit
1369 2710 1446 2749 οἷκον
1463 2708 1562 2749 ἄρτὸυ,
1585 2719 1613 2741 et
1634 2717 1707 2748 prior

918 2752 970 2771 vox
988 2744 1061 2782 inde_
1076 2745 1102 2771 in
1123 2750 1225 2782 textum
1248 2744 1402 2782 iri-epserit,
1427 2744 1507 2781 quein
1532 2744 1707 2778 correct-urnis

918 2784 1024 2813 postea,
1036 2779 1096 2818 sive
1112 2779 1311 2818 explanaturus
1326 2783 1349 2810 is
1364 2779 1412 2818 qui
1426 2779 1608 2812 Oxoniensem
1630 2786 1706 2813 codi-

918 2814 1109 2852 cemsciipsit,
1126 2815 1155 2841 ἐν
1169 2816 1229 2843 loco
1239 2814 1318 2852 οἶκον
1331 2814 1433 2852 ροὲυίι.
1453 2821 1491 2847 In.

1028 2850 1118 2890 ρῑκονς
1132 2851 1275 2890 Βηθλεεξμ.
1286 2849 1344 2890 ξεν
1358 2854 1490 2890 Βηθλεέμ.
1505 2855 1544 2883 lo.

967 2884 1010 2920 71)
1024 2884 1215 2913 Ererciumtcs.
1234 2884 1262 2913 Ιίι
1281 2887 1376 2917 Graeco
1391 2884 1524 2919 'errm'ues.
1541 2893 1580 2920 in.

952 2919 1008 2956 (72)
1025 2921 1118 2954 Ἀγρι.
1135 2921 1193 2948 Ὅτι
1208 2922 1280 2958 ἄχρι.
1296 2927 1333 2950 In.
