  <div class='ocr_page' id='page_1' title='image "/cluster/home/n/w/nwhite01/storage/ocr_20150623/2/njp.32101077772349/692.png"; bbox 0 0 1913 3102; ppageno 0'>
   <div class='ocr_carea' id='block_1_1' title="bbox 42 130 121 157">
    <p class='ocr_par' dir='ltr' id='par_1_1' title="bbox 42 130 121 157">
     <span class='ocr_line' id='line_1_1' title="bbox 42 130 121 157; baseline 0 0"><span class='ocrx_word' id='word_1_1' title='bbox 42 134 45 136; x_wconf 74' lang='grc'><em>’</em></span> <span class='ocrx_word' id='word_1_2' title='bbox 60 130 121 157; x_wconf 66' lang='grc'><strong>1045</strong></span> 
     </span>
    </p>
   </div>
   <div class='ocr_carea' id='block_1_2' title="bbox 648 121 1152 160">
    <p class='ocr_par' dir='ltr' id='par_1_2' title="bbox 648 121 1152 160">
     <span class='ocr_line' id='line_1_2' title="bbox 648 121 1152 160; baseline 0.002 -1"><span class='ocrx_word' id='word_1_3' title='bbox 648 122 904 160; x_wconf 69' lang='grc' dir='ltr'>τεετΑΜεΝτωι</span> <span class='ocrx_word' id='word_1_4' title='bbox 923 131 1092 160; x_wconf 71' lang='lat' dir='ltr'><strong>summus.</strong></span> <span class='ocrx_word' id='word_1_5' title='bbox 1148 121 1152 125; x_wconf 81' lang='grc'><em>’</em></span> 
     </span>
    </p>
   </div>
   <div class='ocr_carea' id='block_1_3' title="bbox 1593 118 1674 161">
    <p class='ocr_par' dir='ltr' id='par_1_3' title="bbox 1593 118 1674 161">
     <span class='ocr_line' id='line_1_3' title="bbox 1593 118 1674 161; baseline 0.025 -2"><span class='ocrx_word' id='word_1_6' title='bbox 1593 118 1674 161; x_wconf 50' lang='lat' dir='ltr'><strong>tota</strong></span> 
     </span>
    </p>
   </div>
   <div class='ocr_carea' id='block_1_4' title="bbox 55 177 845 232">
    <p class='ocr_par' dir='ltr' id='par_1_4' title="bbox 55 191 838 230">
     <span class='ocr_line' id='line_1_4' title="bbox 55 191 838 230; baseline 0.005 -14"><span class='ocrx_word' id='word_1_7' title='bbox 55 191 118 226; x_wconf 75' lang='grc' dir='ltr'><strong>νοέᾳ.</strong></span> <span class='ocrx_word' id='word_1_8' title='bbox 135 191 166 217; x_wconf 80' lang='grc' dir='ltr'>Δί</span> <span class='ocrx_word' id='word_1_9' title='bbox 183 191 239 227; x_wconf 82' lang='grc' dir='ltr'>γὰρ</span> <span class='ocrx_word' id='word_1_10' title='bbox 262 193 382 227; x_wconf 75' lang='grc' dir='ltr'><strong>συνεχεῖς</strong></span> <span class='ocrx_word' id='word_1_11' title='bbox 396 194 543 229; x_wconf 75' lang='grc' dir='ltr'><strong>συντυχίαι,</strong></span> <span class='ocrx_word' id='word_1_12' title='bbox 567 194 618 220; x_wconf 84' lang='grc' dir='ltr'>κᾶν</span> <span class='ocrx_word' id='word_1_13' title='bbox 636 194 671 230; x_wconf 80' lang='grc' dir='ltr'><strong>μὴ</strong></span> <span class='ocrx_word' id='word_1_14' title='bbox 689 194 796 230; x_wconf 79' lang='grc' dir='ltr'><strong>πραχθῇ</strong></span> <span class='ocrx_word' id='word_1_15' title='bbox 807 194 838 220; x_wconf 73' lang='grc' dir='ltr'>τὺ</span> 
     </span>
    </p>
   </div>
   <div class='ocr_carea' id='block_1_5' title="bbox 900 177 1673 232">
    <p class='ocr_par' dir='ltr' id='par_1_5' title="bbox 901 193 1673 232">
     <span class='ocr_line' id='line_1_5' title="bbox 901 193 1673 232; baseline 0.005 -12"><span class='ocrx_word' id='word_1_16' title='bbox 901 193 1024 222; x_wconf 70' lang='grc' dir='ltr'>ἷοιιῑίηυα</span> <span class='ocrx_word' id='word_1_17' title='bbox 1046 195 1118 222; x_wconf 79' lang='lat' dir='ltr'><strong>enim</strong></span> <span class='ocrx_word' id='word_1_18' title='bbox 1142 196 1289 228; x_wconf 88' lang='lat' dir='ltr'><strong>consortia,</strong></span> <span class='ocrx_word' id='word_1_19' title='bbox 1305 200 1332 224; x_wconf 89' lang='lat' dir='ltr'><strong>et</strong></span> <span class='ocrx_word' id='word_1_20' title='bbox 1347 195 1369 224; x_wconf 90' lang='lat' dir='ltr'><strong>si</strong></span> <span class='ocrx_word' id='word_1_21' title='bbox 1392 203 1444 224; x_wconf 91' lang='lat' dir='ltr'><strong>non</strong></span> <span class='ocrx_word' id='word_1_22' title='bbox 1468 201 1576 232; x_wconf 88' lang='lat' dir='ltr'><strong>peracta</strong></span> <span class='ocrx_word' id='word_1_23' title='bbox 1592 197 1673 225; x_wconf 82' lang='lat' dir='ltr'><strong>fuerit</strong></span> 
     </span>
    </p>
   </div>
   <div class='ocr_carea' id='block_1_6' title="bbox 57 238 837 277">
    <p class='ocr_par' dir='ltr' id='par_1_6' title="bbox 57 238 837 277">
     <span class='ocr_line' id='line_1_6' title="bbox 57 238 837 277; baseline 0.005 -13"><span class='ocrx_word' id='word_1_24' title='bbox 57 238 184 273; x_wconf 70' lang='grc' dir='ltr'>ἀσέῆημα,</span> <span class='ocrx_word' id='word_1_25' title='bbox 209 238 305 272; x_wconf 84' lang='grc' dir='ltr'>αὑταῖς</span> <span class='ocrx_word' id='word_1_26' title='bbox 333 241 382 275; x_wconf 81' lang='grc' dir='ltr'><strong>μέν</strong></span> <span class='ocrx_word' id='word_1_27' title='bbox 406 242 458 267; x_wconf 81' lang='grc' dir='ltr'>εἰσι</span> <span class='ocrx_word' id='word_1_28' title='bbox 481 242 557 274; x_wconf 85' lang='grc' dir='ltr'><strong>νόσος</strong></span> <span class='ocrx_word' id='word_1_29' title='bbox 585 242 702 274; x_wconf 86' lang='grc' dir='ltr'>ἀνίατος,</span> <span class='ocrx_word' id='word_1_30' title='bbox 724 242 788 277; x_wconf 71' lang='grc' dir='ltr'>ὑμῖν</span> <span class='ocrx_word' id='word_1_31' title='bbox 809 241 837 268; x_wconf 79' lang='grc' dir='ltr'><strong>δὲ</strong></span> 
     </span>
    </p>
   </div>
   <div class='ocr_carea' id='block_1_7' title="bbox 56 285 838 324">
    <p class='ocr_par' dir='ltr' id='par_1_7' title="bbox 56 285 838 324">
     <span class='ocr_line' id='line_1_7' title="bbox 56 285 838 324; baseline 0.006 -14"><span class='ocrx_word' id='word_1_32' title='bbox 56 285 148 316; x_wconf 78' lang='grc' dir='ltr'>ὄνειδος</span> <span class='ocrx_word' id='word_1_33' title='bbox 164 285 212 312; x_wconf 83' lang='grc' dir='ltr'>τοῦ</span> <span class='ocrx_word' id='word_1_34' title='bbox 230 286 329 322; x_wconf 84' lang='grc' dir='ltr'>Βελιάρ</span> <span class='ocrx_word' id='word_1_35' title='bbox 344 287 453 314; x_wconf 78' lang='grc' dir='ltr'>αἰώνιον</span> <span class='ocrx_word' id='word_1_36' title='bbox 464 296 470 302; x_wconf 94' lang='grc'><strong>·</strong></span> <span class='ocrx_word' id='word_1_37' title='bbox 489 288 528 315; x_wconf 79' lang='grc' dir='ltr'><strong>ὃτι</strong></span> <span class='ocrx_word' id='word_1_38' title='bbox 545 289 561 324; x_wconf 84' lang='grc' dir='ltr'>ὴ</span> <span class='ocrx_word' id='word_1_39' title='bbox 575 289 686 324; x_wconf 83' lang='grc' dir='ltr'>πορνεία</span> <span class='ocrx_word' id='word_1_40' title='bbox 701 288 762 315; x_wconf 79' lang='grc' dir='ltr'>οὗτε</span> <span class='ocrx_word' id='word_1_41' title='bbox 778 287 838 314; x_wconf 71' lang='grc' dir='ltr'>σύν-</span> 
     </span>
    </p>
   </div>
   <div class='ocr_carea' id='block_1_8' title="bbox 57 331 839 371">
    <p class='ocr_par' dir='ltr' id='par_1_8' title="bbox 57 331 839 371">
     <span class='ocr_line' id='line_1_8' title="bbox 57 331 839 371; baseline 0.004 -14"><span class='ocrx_word' id='word_1_42' title='bbox 57 340 107 357; x_wconf 85' lang='grc' dir='ltr'>εσιν</span> <span class='ocrx_word' id='word_1_43' title='bbox 122 331 182 358; x_wconf 80' lang='grc' dir='ltr'>οὔτε</span> <span class='ocrx_word' id='word_1_44' title='bbox 196 333 339 361; x_wconf 74' lang='grc' dir='ltr'>εὐσέϐειαν</span> <span class='ocrx_word' id='word_1_45' title='bbox 347 334 403 369; x_wconf 73' lang='grc' dir='ltr'>ἔχει</span> <span class='ocrx_word' id='word_1_46' title='bbox 415 335 444 361; x_wconf 86' lang='grc' dir='ltr'><strong>ἐν</strong></span> <span class='ocrx_word' id='word_1_47' title='bbox 454 335 547 371; x_wconf 77' lang='grc' dir='ltr'>ἑαυτῇ,</span> <span class='ocrx_word' id='word_1_48' title='bbox 560 336 607 362; x_wconf 71' lang='grc' dir='ltr'>καὶ</span> <span class='ocrx_word' id='word_1_49' title='bbox 620 336 673 367; x_wconf 77' lang='grc' dir='ltr'>πᾶς</span> <span class='ocrx_word' id='word_1_50' title='bbox 686 335 764 370; x_wconf 85' lang='grc' dir='ltr'><strong>ζῆλος</strong></span> <span class='ocrx_word' id='word_1_51' title='bbox 775 342 839 362; x_wconf 89' lang='grc' dir='ltr'>κατ-</span> 
     </span>
    </p>
   </div>
   <div class='ocr_carea' id='block_1_9' title="bbox 57 379 839 418">
    <p class='ocr_par' dir='ltr' id='par_1_9' title="bbox 57 379 839 418">
     <span class='ocr_line' id='line_1_9' title="bbox 57 379 839 418; baseline 0.006 -15"><span class='ocrx_word' id='word_1_52' title='bbox 57 379 119 404; x_wconf 75' lang='grc' dir='ltr'>οικεῖ</span> <span class='ocrx_word' id='word_1_53' title='bbox 138 379 167 404; x_wconf 81' lang='grc' dir='ltr'><strong>ἐν</strong></span> <span class='ocrx_word' id='word_1_54' title='bbox 183 380 218 414; x_wconf 85' lang='grc' dir='ltr'>τῇ</span> <span class='ocrx_word' id='word_1_55' title='bbox 252 380 385 416; x_wconf 79' lang='grc' dir='ltr'>ἐπιθυμίᾳ</span> <span class='ocrx_word' id='word_1_56' title='bbox 408 381 502 416; x_wconf 82' lang='grc' dir='ltr'>αὐτῆς.</span> <span class='ocrx_word' id='word_1_57' title='bbox 527 382 574 408; x_wconf 75' lang='grc' dir='ltr'><strong>Διὰ</strong></span> <span class='ocrx_word' id='word_1_58' title='bbox 606 382 685 408; x_wconf 77' lang='grc' dir='ltr'>τοῦτο</span> <span class='ocrx_word' id='word_1_59' title='bbox 705 381 839 418; x_wconf 83' lang='grc' dir='ltr'>ζηλώσετε</span> 
     </span>
    </p>
   </div>
   <div class='ocr_carea' id='block_1_10' title="bbox 56 425 840 464">
    <p class='ocr_par' dir='ltr' id='par_1_10' title="bbox 56 425 840 464">
     <span class='ocr_line' id='line_1_10' title="bbox 56 425 840 464; baseline 0.006 -14"><span class='ocrx_word' id='word_1_60' title='bbox 56 425 112 456; x_wconf 82' lang='grc' dir='ltr'>τοὺς</span> <span class='ocrx_word' id='word_1_61' title='bbox 128 425 203 457; x_wconf 83' lang='grc' dir='ltr'>υἱοὺς</span> <span class='ocrx_word' id='word_1_62' title='bbox 220 425 287 453; x_wconf 76' lang='grc' dir='ltr'>Λευῒ</span> <span class='ocrx_word' id='word_1_63' title='bbox 300 426 366 462; x_wconf 84' lang='grc'><strong>(79),</strong></span> <span class='ocrx_word' id='word_1_64' title='bbox 388 428 434 454; x_wconf 67' lang='grc' dir='ltr'>καὶ</span> <span class='ocrx_word' id='word_1_65' title='bbox 457 427 588 463; x_wconf 81' lang='grc' dir='ltr'>ζητήσετε</span> <span class='ocrx_word' id='word_1_66' title='bbox 611 428 748 464; x_wconf 65' lang='grc' dir='ltr'>ὑψωθῆναι</span> <span class='ocrx_word' id='word_1_67' title='bbox 771 428 840 463; x_wconf 82' lang='grc' dir='ltr'>ὑπὲρ</span> 
     </span>
    </p>
   </div>
   <div class='ocr_carea' id='block_1_11' title="bbox 56 471 841 510">
    <p class='ocr_par' dir='ltr' id='par_1_11' title="bbox 56 471 841 510">
     <span class='ocr_line' id='line_1_11' title="bbox 56 471 841 510; baseline 0.006 -14"><span class='ocrx_word' id='word_1_68' title='bbox 56 471 162 502; x_wconf 77' lang='grc' dir='ltr'>αὐτοὺς,</span> <span class='ocrx_word' id='word_1_69' title='bbox 180 471 241 497; x_wconf 80' lang='grc' dir='ltr'>ἀλλ’</span> <span class='ocrx_word' id='word_1_70' title='bbox 257 473 286 499; x_wconf 80' lang='grc' dir='ltr'>οὐ</span> <span class='ocrx_word' id='word_1_71' title='bbox 300 473 456 508; x_wconf 81' lang='grc' dir='ltr'>δυνήσεσθε.</span> <span class='ocrx_word' id='word_1_72' title='bbox 481 474 509 500; x_wconf 92' lang='lat'><strong>&#39;0</strong></span> <span class='ocrx_word' id='word_1_73' title='bbox 524 473 579 510; x_wconf 87' lang='grc' dir='ltr'>γὰρ</span> <span class='ocrx_word' id='word_1_74' title='bbox 594 474 659 506; x_wconf 81' lang='grc' dir='ltr'>Θεὸς</span> <span class='ocrx_word' id='word_1_75' title='bbox 676 476 781 510; x_wconf 87' lang='grc' dir='ltr'>ποιήσει</span> <span class='ocrx_word' id='word_1_76' title='bbox 792 475 841 510; x_wconf 87' lang='grc' dir='ltr'><strong>τὴν</strong></span> 
     </span>
    </p>
   </div>
   <div class='ocr_carea' id='block_1_12' title="bbox 56 515 840 556">
    <p class='ocr_par' dir='ltr' id='par_1_12' title="bbox 56 515 840 556">
     <span class='ocr_line' id='line_1_12' title="bbox 56 515 840 556; baseline 0.008 -15"><span class='ocrx_word' id='word_1_77' title='bbox 56 515 188 551; x_wconf 78' lang='grc' dir='ltr'><strong>ἐκδίκησιν</strong></span> <span class='ocrx_word' id='word_1_78' title='bbox 205 517 307 549; x_wconf 82' lang='grc' dir='ltr'>αὐτῶν,</span> <span class='ocrx_word' id='word_1_79' title='bbox 330 519 377 545; x_wconf 80' lang='grc' dir='ltr'><strong>καὶ</strong></span> <span class='ocrx_word' id='word_1_80' title='bbox 401 518 578 546; x_wconf 83' lang='grc' dir='ltr'><strong>ἀποθανεῖσθε</strong></span> <span class='ocrx_word' id='word_1_81' title='bbox 596 519 703 555; x_wconf 82' lang='grc' dir='ltr'><strong>θανάτῳ</strong></span> <span class='ocrx_word' id='word_1_82' title='bbox 720 519 840 556; x_wconf 83' lang='grc' dir='ltr'>πονηρῷ.</span> 
     </span>
    </p>
   </div>
   <div class='ocr_carea' id='block_1_13' title="bbox 56 562 842 601">
    <p class='ocr_par' dir='ltr' id='par_1_13' title="bbox 56 562 842 601">
     <span class='ocr_line' id='line_1_13' title="bbox 56 562 842 601; baseline 0.006 -14"><span class='ocrx_word' id='word_1_83' title='bbox 56 562 96 596; x_wconf 83' lang='grc' dir='ltr'><strong>Τῷ</strong></span> <span class='ocrx_word' id='word_1_84' title='bbox 121 562 176 598; x_wconf 86' lang='grc' dir='ltr'>γὰρ</span> <span class='ocrx_word' id='word_1_85' title='bbox 201 563 269 589; x_wconf 81' lang='grc' dir='ltr'>Λευῒ</span> <span class='ocrx_word' id='word_1_86' title='bbox 295 564 378 591; x_wconf 71' lang='grc' dir='ltr'>ἔδωκε</span> <span class='ocrx_word' id='word_1_87' title='bbox 404 565 505 601; x_wconf 84' lang='grc' dir='ltr'>Κύριος</span> <span class='ocrx_word' id='word_1_88' title='bbox 530 565 578 601; x_wconf 78' lang='grc' dir='ltr'>τὴν</span> <span class='ocrx_word' id='word_1_89' title='bbox 605 565 705 601; x_wconf 82' lang='grc' dir='ltr'>ἀρχὴν,</span> <span class='ocrx_word' id='word_1_90' title='bbox 731 566 778 594; x_wconf 84' lang='grc' dir='ltr'>καὶ</span> <span class='ocrx_word' id='word_1_91' title='bbox 803 566 842 601; x_wconf 80' lang='grc' dir='ltr'>τῷ</span> 
     </span>
    </p>
   </div>
   <div class='ocr_carea' id='block_1_14' title="bbox 62 607 842 648">
    <p class='ocr_par' dir='ltr' id='par_1_14' title="bbox 62 607 842 648">
     <span class='ocr_line' id='line_1_14' title="bbox 62 607 842 648; baseline 0.006 -14"><span class='ocrx_word' id='word_1_92' title='bbox 62 607 149 643; x_wconf 80' lang='grc' dir='ltr'>Ἰούδᾳ,</span> <span class='ocrx_word' id='word_1_93' title='bbox 169 610 231 644; x_wconf 78' lang='grc' dir='ltr'>μετ’</span> <span class='ocrx_word' id='word_1_94' title='bbox 249 610 339 636; x_wconf 87' lang='grc' dir='ltr'>αὐτῶν</span> <span class='ocrx_word' id='word_1_95' title='bbox 352 611 445 646; x_wconf 80' lang='grc' dir='ltr'>κάμοὶ,</span> <span class='ocrx_word' id='word_1_96' title='bbox 459 611 506 638; x_wconf 77' lang='grc' dir='ltr'>καὶ</span> <span class='ocrx_word' id='word_1_97' title='bbox 522 612 584 644; x_wconf 84' lang='grc' dir='ltr'>Δὰν,</span> <span class='ocrx_word' id='word_1_98' title='bbox 602 613 647 639; x_wconf 76' lang='grc' dir='ltr'><strong>καὶ</strong></span> <span class='ocrx_word' id='word_1_99' title='bbox 670 612 777 648; x_wconf 81' lang='grc' dir='ltr'>Ἰωσὴφ,</span> <span class='ocrx_word' id='word_1_100' title='bbox 795 611 842 638; x_wconf 83' lang='grc' dir='ltr'>τοῦ</span> 
     </span>
    </p>
   </div>
   <div class='ocr_carea' id='block_1_15' title="bbox 57 650 843 693">
    <p class='ocr_par' dir='ltr' id='par_1_15' title="bbox 57 650 843 693">
     <span class='ocr_line' id='line_1_15' title="bbox 57 650 843 693; baseline 0.008 -15"><span class='ocrx_word' id='word_1_101' title='bbox 57 650 119 679; x_wconf 78' lang='grc' dir='ltr'>εῖναι</span> <span class='ocrx_word' id='word_1_102' title='bbox 130 653 176 680; x_wconf 73' lang='grc' dir='ltr'>ἐπὶ</span> <span class='ocrx_word' id='word_1_103' title='bbox 189 653 334 689; x_wconf 77' lang='grc' dir='ltr'>ἄρχοντας.</span> <span class='ocrx_word' id='word_1_104' title='bbox 346 655 479 682; x_wconf 85' lang='grc' dir='ltr'>Διὰτοῠτο</span> <span class='ocrx_word' id='word_1_105' title='bbox 490 656 646 692; x_wconf 75' lang='grc' dir='ltr'>ἐντέλλομαι</span> <span class='ocrx_word' id='word_1_106' title='bbox 659 658 723 693; x_wconf 81' lang='grc' dir='ltr'>ὑμῖν</span> <span class='ocrx_word' id='word_1_107' title='bbox 734 657 843 684; x_wconf 79' lang='grc' dir='ltr'><strong>ἀκούειν</strong></span> 
     </span>
    </p>
   </div>
   <div class='ocr_carea' id='block_1_16' title="bbox 56 699 843 738">
    <p class='ocr_par' dir='ltr' id='par_1_16' title="bbox 56 699 843 738">
     <span class='ocr_line' id='line_1_16' title="bbox 56 699 843 738; baseline 0.006 -14"><span class='ocrx_word' id='word_1_108' title='bbox 56 699 90 734; x_wconf 81' lang='grc' dir='ltr'><strong>τῷ</strong></span> <span class='ocrx_word' id='word_1_109' title='bbox 112 700 187 732; x_wconf 81' lang='grc' dir='ltr'>Λευτ,</span> <span class='ocrx_word' id='word_1_110' title='bbox 213 701 256 727; x_wconf 77' lang='grc' dir='ltr'>ὅτι.</span> <span class='ocrx_word' id='word_1_111' title='bbox 279 701 359 733; x_wconf 70' lang='grc' dir='ltr'>αὐτὸς</span> <span class='ocrx_word' id='word_1_112' title='bbox 382 701 515 736; x_wconf 83' lang='grc' dir='ltr'>γνώσεται</span> <span class='ocrx_word' id='word_1_113' title='bbox 544 702 624 738; x_wconf 85' lang='grc' dir='ltr'>νόμον</span> <span class='ocrx_word' id='word_1_114' title='bbox 656 702 771 738; x_wconf 84' lang='grc' dir='ltr'>Κυρίου,</span> <span class='ocrx_word' id='word_1_115' title='bbox 796 702 843 729; x_wconf 80' lang='grc' dir='ltr'>καὶ</span> 
     </span>
    </p>
   </div>
   <div class='ocr_carea' id='block_1_17' title="bbox 56 746 842 784">
    <p class='ocr_par' dir='ltr' id='par_1_17' title="bbox 56 746 842 784">
     <span class='ocr_line' id='line_1_17' title="bbox 56 746 842 784; baseline 0.003 -12"><span class='ocrx_word' id='word_1_116' title='bbox 56 746 184 773; x_wconf 80' lang='grc' dir='ltr'>ὃιαπελεῖ</span> <span class='ocrx_word' id='word_1_117' title='bbox 208 748 249 779; x_wconf 86' lang='grc' dir='ltr'><strong>είς</strong></span> <span class='ocrx_word' id='word_1_118' title='bbox 266 748 356 783; x_wconf 86' lang='grc' dir='ltr'>κρίσιν</span> <span class='ocrx_word' id='word_1_119' title='bbox 379 749 425 774; x_wconf 77' lang='grc' dir='ltr'><strong>καὶ</strong></span> <span class='ocrx_word' id='word_1_120' title='bbox 448 748 544 779; x_wconf 87' lang='grc' dir='ltr'>θυσίας</span> <span class='ocrx_word' id='word_1_121' title='bbox 569 748 623 783; x_wconf 83' lang='grc'><strong>(80)</strong></span> <span class='ocrx_word' id='word_1_122' title='bbox 648 748 718 784; x_wconf 77' lang='grc' dir='ltr'>ὑπὲρ</span> <span class='ocrx_word' id='word_1_123' title='bbox 744 748 842 780; x_wconf 81' lang='grc' dir='ltr'>παντὸς</span> 
     </span>
    </p>
   </div>
   <div class='ocr_carea' id='block_1_18' title="bbox 63 792 843 830">
    <p class='ocr_par' dir='ltr' id='par_1_18' title="bbox 63 792 843 830">
     <span class='ocr_line' id='line_1_18' title="bbox 63 792 843 830; baseline 0.004 -12"><span class='ocrx_word' id='word_1_124' title='bbox 63 792 163 827; x_wconf 84' lang='grc' dir='ltr'>Ἰσραὴλ</span> <span class='ocrx_word' id='word_1_125' title='bbox 175 813 183 825; x_wconf 85' lang='grc'><strong>,</strong></span> <span class='ocrx_word' id='word_1_126' title='bbox 204 793 288 828; x_wconf 79' lang='grc' dir='ltr'>μέχρι</span> <span class='ocrx_word' id='word_1_127' title='bbox 309 792 475 825; x_wconf 79' lang='grc' dir='ltr'>τελειώσεως</span> <span class='ocrx_word' id='word_1_128' title='bbox 493 794 596 829; x_wconf 87' lang='grc' dir='ltr'><strong>χρόνων</strong></span> <span class='ocrx_word' id='word_1_129' title='bbox 612 795 761 830; x_wconf 84' lang='grc' dir='ltr'><strong>ἀρχιερέως</strong></span> <span class='ocrx_word' id='word_1_130' title='bbox 777 795 843 830; x_wconf 88' lang='grc' dir='ltr'>Χρι-</span> 
     </span>
    </p>
   </div>
   <div class='ocr_carea' id='block_1_19' title="bbox 58 837 843 876">
    <p class='ocr_par' dir='ltr' id='par_1_19' title="bbox 58 837 843 876">
     <span class='ocr_line' id='line_1_19' title="bbox 58 837 843 876; baseline 0.003 -11"><span class='ocrx_word' id='word_1_131' title='bbox 58 839 125 869; x_wconf 79' lang='grc' dir='ltr'>στοῦ,</span> <span class='ocrx_word' id='word_1_132' title='bbox 142 839 172 866; x_wconf 76' lang='grc' dir='ltr'><strong>ὃν</strong></span> <span class='ocrx_word' id='word_1_133' title='bbox 189 837 252 866; x_wconf 79' lang='grc' dir='ltr'>εἶπε</span> <span class='ocrx_word' id='word_1_134' title='bbox 269 839 379 875; x_wconf 85' lang='grc' dir='ltr'>Κύριος.</span> <span class='ocrx_word' id='word_1_135' title='bbox 404 840 492 876; x_wconf 88' lang='grc' dir='ltr'>Ὀρκῶ</span> <span class='ocrx_word' id='word_1_136' title='bbox 509 841 581 876; x_wconf 80' lang='grc' dir='ltr'>ὑμᾶς</span> <span class='ocrx_word' id='word_1_137' title='bbox 593 841 638 867; x_wconf 78' lang='grc' dir='ltr'>τὸν</span> <span class='ocrx_word' id='word_1_138' title='bbox 656 841 721 867; x_wconf 78' lang='grc' dir='ltr'>Θεὸν</span> <span class='ocrx_word' id='word_1_139' title='bbox 740 841 786 867; x_wconf 82' lang='grc' dir='ltr'>τοῦ</span> <span class='ocrx_word' id='word_1_140' title='bbox 797 841 843 867; x_wconf 81' lang='grc' dir='ltr'>οὑ-</span> 
     </span>
    </p>
   </div>
   <div class='ocr_carea' id='block_1_20' title="bbox 58 884 842 923">
    <p class='ocr_par' dir='ltr' id='par_1_20' title="bbox 58 884 842 923">
     <span class='ocr_line' id='line_1_20' title="bbox 58 884 842 923; baseline 0.003 -12"><span class='ocrx_word' id='word_1_141' title='bbox 58 884 132 919; x_wconf 81' lang='grc' dir='ltr'><strong>ρανοῦ</strong></span> <span class='ocrx_word' id='word_1_142' title='bbox 153 885 269 920; x_wconf 84' lang='grc' dir='ltr'>ποιῆσαι</span> <span class='ocrx_word' id='word_1_143' title='bbox 293 885 421 920; x_wconf 84' lang='grc' dir='ltr'>ἀλήθειαν</span> <span class='ocrx_word' id='word_1_144' title='bbox 437 886 550 913; x_wconf 68' lang='grc' dir='ltr'>ἕκαστον</span> <span class='ocrx_word' id='word_1_145' title='bbox 575 887 643 922; x_wconf 83' lang='grc' dir='ltr'>πρὸς</span> <span class='ocrx_word' id='word_1_146' title='bbox 661 887 708 914; x_wconf 81' lang='grc' dir='ltr'>τὸν</span> <span class='ocrx_word' id='word_1_147' title='bbox 732 886 842 923; x_wconf 76' lang='grc' dir='ltr'>πλησίον</span> 
     </span>
    </p>
   </div>
   <div class='ocr_carea' id='block_1_21' title="bbox 57 930 843 968">
    <p class='ocr_par' dir='ltr' id='par_1_21' title="bbox 57 930 843 968">
     <span class='ocr_line' id='line_1_21' title="bbox 57 930 843 968; baseline 0.004 -12"><span class='ocrx_word' id='word_1_148' title='bbox 57 930 143 963; x_wconf 72' lang='grc' dir='ltr'>αὑτοῦ,</span> <span class='ocrx_word' id='word_1_149' title='bbox 153 931 201 958; x_wconf 73' lang='grc' dir='ltr'><strong>καὶ</strong></span> <span class='ocrx_word' id='word_1_150' title='bbox 217 931 285 966; x_wconf 84' lang='grc' dir='ltr'>πρὸς</span> <span class='ocrx_word' id='word_1_151' title='bbox 295 932 340 958; x_wconf 84' lang='grc' dir='ltr'><strong>τὸν</strong></span> <span class='ocrx_word' id='word_1_152' title='bbox 353 932 406 968; x_wconf 74' lang='grc'><strong>(82)</strong></span> <span class='ocrx_word' id='word_1_153' title='bbox 416 932 481 959; x_wconf 84' lang='grc' dir='ltr'>Δευτ</span> <span class='ocrx_word' id='word_1_154' title='bbox 495 933 621 967; x_wconf 76' lang='grc' dir='ltr'><strong>ἐγγίσατε</strong></span> <span class='ocrx_word' id='word_1_155' title='bbox 639 933 668 959; x_wconf 80' lang='grc' dir='ltr'><strong>ὲν</strong></span> <span class='ocrx_word' id='word_1_156' title='bbox 683 932 843 959; x_wconf 79' lang='grc' dir='ltr'><strong>ταπεινώσει</strong></span> 
     </span>
    </p>
   </div>
   <div class='ocr_carea' id='block_1_22' title="bbox 57 976 844 1013">
    <p class='ocr_par' dir='ltr' id='par_1_22' title="bbox 57 976 844 1013">
     <span class='ocr_line' id='line_1_22' title="bbox 57 976 844 1013; baseline 0.006 -13"><span class='ocrx_word' id='word_1_157' title='bbox 57 976 173 1011; x_wconf 75' lang='grc' dir='ltr'>καρδίας,</span> <span class='ocrx_word' id='word_1_158' title='bbox 195 976 242 1003; x_wconf 81' lang='grc' dir='ltr'><strong>ἵνα</strong></span> <span class='ocrx_word' id='word_1_159' title='bbox 264 977 376 1012; x_wconf 78' lang='grc' dir='ltr'><strong>δέξησθε</strong></span> <span class='ocrx_word' id='word_1_160' title='bbox 395 977 519 1012; x_wconf 75' lang='grc' dir='ltr'>εὐλογίαν</span> <span class='ocrx_word' id='word_1_161' title='bbox 535 978 567 1004; x_wconf 81' lang='grc' dir='ltr'><strong>ἐκ</strong></span> <span class='ocrx_word' id='word_1_162' title='bbox 582 977 629 1004; x_wconf 84' lang='grc' dir='ltr'>τοῦ</span> <span class='ocrx_word' id='word_1_163' title='bbox 647 978 779 1013; x_wconf 78' lang='grc' dir='ltr'>στόματος</span> <span class='ocrx_word' id='word_1_164' title='bbox 795 978 844 1005; x_wconf 84' lang='grc' dir='ltr'><strong>αὺ-</strong></span> 
     </span>
    </p>
   </div>
   <div class='ocr_carea' id='block_1_23' title="bbox 57 1021 843 1059">
    <p class='ocr_par' dir='ltr' id='par_1_23' title="bbox 57 1021 843 1059">
     <span class='ocr_line' id='line_1_23' title="bbox 57 1021 843 1059; baseline 0.004 -11"><span class='ocrx_word' id='word_1_165' title='bbox 57 1021 108 1048; x_wconf 76' lang='grc' dir='ltr'>τοῦ.</span> <span class='ocrx_word' id='word_1_166' title='bbox 125 1022 213 1054; x_wconf 75' lang='grc' dir='ltr'>Αὐτὸς</span> <span class='ocrx_word' id='word_1_167' title='bbox 234 1022 288 1058; x_wconf 85' lang='grc' dir='ltr'>γὰρ</span> <span class='ocrx_word' id='word_1_168' title='bbox 301 1023 439 1058; x_wconf 86' lang='grc' dir='ltr'>εὐλογήσει</span> <span class='ocrx_word' id='word_1_169' title='bbox 456 1023 502 1050; x_wconf 86' lang='grc' dir='ltr'><strong>τδν</strong></span> <span class='ocrx_word' id='word_1_170' title='bbox 526 1024 632 1059; x_wconf 82' lang='grc' dir='ltr'>Ἰσραὴλ</span> <span class='ocrx_word' id='word_1_171' title='bbox 649 1024 696 1051; x_wconf 79' lang='grc' dir='ltr'>καὶ</span> <span class='ocrx_word' id='word_1_172' title='bbox 710 1024 755 1050; x_wconf 78' lang='grc' dir='ltr'>τὸν</span> <span class='ocrx_word' id='word_1_173' title='bbox 778 1023 843 1051; x_wconf 82' lang='grc' dir='ltr'><strong>’Ιοὺ-</strong></span> 
     </span>
    </p>
   </div>
   <div class='ocr_carea' id='block_1_24' title="bbox 57 1067 843 1105">
    <p class='ocr_par' dir='ltr' id='par_1_24' title="bbox 57 1067 843 1105">
     <span class='ocr_line' id='line_1_24' title="bbox 57 1067 843 1105; baseline 0.005 -12"><span class='ocrx_word' id='word_1_174' title='bbox 57 1067 114 1093; x_wconf 81' lang='grc' dir='ltr'><strong>δαν’</strong></span> <span class='ocrx_word' id='word_1_175' title='bbox 143 1068 184 1094; x_wconf 77' lang='grc' dir='ltr'><strong>ὅτι</strong></span> <span class='ocrx_word' id='word_1_176' title='bbox 219 1069 249 1094; x_wconf 83' lang='grc' dir='ltr'><strong>ἐν</strong></span> <span class='ocrx_word' id='word_1_177' title='bbox 278 1069 352 1104; x_wconf 77' lang='grc' dir='ltr'>αὐτῷ</span> <span class='ocrx_word' id='word_1_178' title='bbox 383 1069 523 1103; x_wconf 76' lang='grc' dir='ltr'>ἐξελέξατο</span> <span class='ocrx_word' id='word_1_179' title='bbox 552 1070 654 1105; x_wconf 83' lang='grc' dir='ltr'>Κύριος</span> <span class='ocrx_word' id='word_1_180' title='bbox 686 1070 843 1105; x_wconf 82' lang='grc' dir='ltr'>βασιλεῦσαι</span> 
     </span>
    </p>
   </div>
   <div class='ocr_carea' id='block_1_25' title="bbox 58 1113 842 1151">
    <p class='ocr_par' dir='ltr' id='par_1_25' title="bbox 58 1113 842 1151">
     <span class='ocr_line' id='line_1_25' title="bbox 58 1113 842 1151; baseline 0.003 -12"><span class='ocrx_word' id='word_1_181' title='bbox 58 1113 161 1140; x_wconf 82' lang='grc' dir='ltr'>πάντων</span> <span class='ocrx_word' id='word_1_182' title='bbox 176 1114 234 1141; x_wconf 82' lang='grc' dir='ltr'>τῶν</span> <span class='ocrx_word' id='word_1_183' title='bbox 256 1113 335 1142; x_wconf 86' lang='grc' dir='ltr'>λαῶν.</span> <span class='ocrx_word' id='word_1_184' title='bbox 355 1115 410 1141; x_wconf 77' lang='grc' dir='ltr'><strong>Καὶ</strong></span> <span class='ocrx_word' id='word_1_185' title='bbox 426 1116 630 1151; x_wconf 83' lang='grc' dir='ltr'>προσκυνήσετε</span> <span class='ocrx_word' id='word_1_186' title='bbox 650 1115 689 1150; x_wconf 87' lang='grc' dir='ltr'>τῷ</span> <span class='ocrx_word' id='word_1_187' title='bbox 707 1115 842 1150; x_wconf 81' lang='grc' dir='ltr'>σπέρματι</span> 
     </span>
    </p>
   </div>
   <div class='ocr_carea' id='block_1_26' title="bbox 58 1159 843 1197">
    <p class='ocr_par' dir='ltr' id='par_1_26' title="bbox 58 1159 843 1197">
     <span class='ocr_line' id='line_1_26' title="bbox 58 1159 843 1197; baseline 0.004 -12"><span class='ocrx_word' id='word_1_188' title='bbox 58 1159 144 1192; x_wconf 76' lang='grc' dir='ltr'>αὑτοῦ,</span> <span class='ocrx_word' id='word_1_189' title='bbox 161 1160 203 1187; x_wconf 74' lang='grc' dir='ltr'>ὅτι</span> <span class='ocrx_word' id='word_1_190' title='bbox 220 1161 292 1197; x_wconf 80' lang='grc' dir='ltr'>ὑπὲρ</span> <span class='ocrx_word' id='word_1_191' title='bbox 309 1161 385 1196; x_wconf 83' lang='grc' dir='ltr'>ὑμῶν</span> <span class='ocrx_word' id='word_1_192' title='bbox 403 1161 577 1188; x_wconf 80' lang='grc' dir='ltr'>ἀποθανεῖται</span> <span class='ocrx_word' id='word_1_193' title='bbox 594 1162 622 1188; x_wconf 88' lang='grc' dir='ltr'><strong>ἐν</strong></span> <span class='ocrx_word' id='word_1_194' title='bbox 634 1161 762 1196; x_wconf 74' lang='grc' dir='ltr'>πολέμοις</span> <span class='ocrx_word' id='word_1_195' title='bbox 777 1162 843 1197; x_wconf 86' lang='grc' dir='ltr'>ὁρα-</span> 
     </span>
    </p>
   </div>
   <div class='ocr_carea' id='block_1_27' title="bbox 58 1206 843 1242">
    <p class='ocr_par' dir='ltr' id='par_1_27' title="bbox 58 1206 843 1242">
     <span class='ocr_line' id='line_1_27' title="bbox 58 1206 843 1242; baseline 0.003 -11"><span class='ocrx_word' id='word_1_196' title='bbox 58 1206 109 1237; x_wconf 77' lang='grc' dir='ltr'>τοῖς</span> <span class='ocrx_word' id='word_1_197' title='bbox 136 1206 184 1233; x_wconf 79' lang='grc' dir='ltr'>καὶ</span> <span class='ocrx_word' id='word_1_198' title='bbox 211 1206 356 1242; x_wconf 81' lang='grc' dir='ltr'>ἀοράτοις,</span> <span class='ocrx_word' id='word_1_199' title='bbox 388 1207 435 1233; x_wconf 74' lang='grc' dir='ltr'><strong>καὶ</strong></span> <span class='ocrx_word' id='word_1_200' title='bbox 462 1207 537 1234; x_wconf 76' lang='grc' dir='ltr'>ἔσται</span> <span class='ocrx_word' id='word_1_201' title='bbox 566 1208 595 1234; x_wconf 85' lang='grc' dir='ltr'>ἐν</span> <span class='ocrx_word' id='word_1_202' title='bbox 627 1207 690 1242; x_wconf 84' lang='grc' dir='ltr'>ὑμῖν</span> <span class='ocrx_word' id='word_1_203' title='bbox 718 1206 843 1242; x_wconf 82' lang='grc' dir='ltr'>βασιλεὺς</span> 
     </span>
    </p>
   </div>
   <div class='ocr_carea' id='block_1_28' title="bbox 57 1250 200 1278">
    <p class='ocr_par' dir='ltr' id='par_1_28' title="bbox 57 1250 200 1278">
     <span class='ocr_line' id='line_1_28' title="bbox 57 1250 200 1278; baseline 0.021 -3"><span class='ocrx_word' id='word_1_204' title='bbox 57 1250 156 1278; x_wconf 77' lang='grc' dir='ltr'>αἰώνων</span> <span class='ocrx_word' id='word_1_205' title='bbox 161 1272 168 1278; x_wconf 91' lang='grc'>.</span> <span class='ocrx_word' id='word_1_206' title='bbox 191 1262 200 1278; x_wconf 75' lang='grc' dir='ltr'><strong>ι</strong></span> 
     </span>
    </p>
   </div>
   <div class='ocr_carea' id='block_1_29' title="bbox 90 1298 844 1336">
    <p class='ocr_par' dir='ltr' id='par_1_29' title="bbox 90 1298 844 1336">
     <span class='ocr_line' id='line_1_29' title="bbox 90 1298 844 1336; baseline 0.005 -13"><span class='ocrx_word' id='word_1_207' title='bbox 90 1298 122 1324; x_wconf 89' lang='lat' dir='ltr'><strong>Z&#39;.</strong></span> <span class='ocrx_word' id='word_1_208' title='bbox 137 1298 191 1324; x_wconf 73' lang='grc' dir='ltr'><strong>Καὶ</strong></span> <span class='ocrx_word' id='word_1_209' title='bbox 202 1299 321 1326; x_wconf 82' lang='grc' dir='ltr'>ἀπέθανε</span> <span class='ocrx_word' id='word_1_210' title='bbox 345 1299 479 1336; x_wconf 75' lang='grc' dir='ltr'>Ῥουΰὴμ,</span> <span class='ocrx_word' id='word_1_211' title='bbox 496 1300 680 1336; x_wconf 80' lang='grc' dir='ltr'>ἐντειλάμενος</span> <span class='ocrx_word' id='word_1_212' title='bbox 691 1300 776 1327; x_wconf 82' lang='grc' dir='ltr'>ταῦτα</span> <span class='ocrx_word' id='word_1_213' title='bbox 788 1300 844 1332; x_wconf 81' lang='grc' dir='ltr'>τοῖς</span> 
     </span>
    </p>
   </div>
   <div class='ocr_carea' id='block_1_30' title="bbox 60 1343 843 1382">
    <p class='ocr_par' dir='ltr' id='par_1_30' title="bbox 60 1343 843 1382">
     <span class='ocr_line' id='line_1_30' title="bbox 60 1343 843 1382; baseline 0.006 -14"><span class='ocrx_word' id='word_1_214' title='bbox 60 1343 121 1375; x_wconf 83' lang='grc' dir='ltr'>υίοῖς</span> <span class='ocrx_word' id='word_1_215' title='bbox 134 1344 218 1371; x_wconf 82' lang='grc' dir='ltr'>αὐτοῦ</span> <span class='ocrx_word' id='word_1_216' title='bbox 230 1353 236 1359; x_wconf 82' lang='lat'><strong><em>&#39;</em></strong></span> <span class='ocrx_word' id='word_1_217' title='bbox 256 1346 303 1372; x_wconf 78' lang='grc' dir='ltr'><strong>καὶ</strong></span> <span class='ocrx_word' id='word_1_218' title='bbox 319 1345 409 1372; x_wconf 76' lang='grc' dir='ltr'>ἔθεντο</span> <span class='ocrx_word' id='word_1_219' title='bbox 425 1346 504 1372; x_wconf 76' lang='grc' dir='ltr'>αὑτὸν</span> <span class='ocrx_word' id='word_1_220' title='bbox 515 1347 544 1372; x_wconf 87' lang='grc' dir='ltr'><strong>ἐν</strong></span> <span class='ocrx_word' id='word_1_221' title='bbox 559 1346 640 1382; x_wconf 84' lang='grc' dir='ltr'>σορῷ,</span> <span class='ocrx_word' id='word_1_222' title='bbox 661 1346 713 1378; x_wconf 78' lang='grc' dir='ltr'>ἕως</span> <span class='ocrx_word' id='word_1_223' title='bbox 724 1347 768 1373; x_wconf 85' lang='grc' dir='ltr'>ὅτε</span> <span class='ocrx_word' id='word_1_224' title='bbox 781 1347 843 1373; x_wconf 87' lang='grc' dir='ltr'>ἀνε-</span> 
     </span>
    </p>
   </div>
   <div class='ocr_carea' id='block_1_31' title="bbox 61 1389 843 1428">
    <p class='ocr_par' dir='ltr' id='par_1_31' title="bbox 61 1389 843 1428">
     <span class='ocr_line' id='line_1_31' title="bbox 61 1389 843 1428; baseline 0.005 -13"><span class='ocrx_word' id='word_1_225' title='bbox 61 1389 199 1423; x_wconf 81' lang='grc' dir='ltr'>νέγκαντες</span> <span class='ocrx_word' id='word_1_226' title='bbox 210 1391 292 1417; x_wconf 81' lang='grc' dir='ltr'>αὑτὸν</span> <span class='ocrx_word' id='word_1_227' title='bbox 309 1391 338 1424; x_wconf 83' lang='grc' dir='ltr'><strong>ἐξ</strong></span> <span class='ocrx_word' id='word_1_228' title='bbox 353 1391 502 1426; x_wconf 79' lang='grc' dir='ltr'>Αἰγύπτου,</span> <span class='ocrx_word' id='word_1_229' title='bbox 516 1392 617 1426; x_wconf 80' lang='grc' dir='ltr'>ἔθαψαν</span> <span class='ocrx_word' id='word_1_230' title='bbox 633 1393 661 1418; x_wconf 89' lang='grc' dir='ltr'>ἐν</span> <span class='ocrx_word' id='word_1_231' title='bbox 675 1391 798 1428; x_wconf 75' lang='grc' dir='ltr'>Χεϐρὼν,</span> <span class='ocrx_word' id='word_1_232' title='bbox 814 1393 843 1419; x_wconf 87' lang='grc' dir='ltr'><strong>ἐν</strong></span> 
     </span>
    </p>
   </div>
   <div class='ocr_carea' id='block_1_32' title="bbox 60 1435 772 1474">
    <p class='ocr_par' dir='ltr' id='par_1_32' title="bbox 60 1435 772 1474">
     <span class='ocr_line' id='line_1_32' title="bbox 60 1435 772 1474; baseline 0.003 -11"><span class='ocrx_word' id='word_1_233' title='bbox 60 1435 95 1471; x_wconf 81' lang='grc' dir='ltr'>τῷ</span> <span class='ocrx_word' id='word_1_234' title='bbox 109 1438 233 1474; x_wconf 83' lang='grc' dir='ltr'>σπηλαίῳ</span> <span class='ocrx_word' id='word_1_235' title='bbox 251 1438 290 1473; x_wconf 82' lang='grc' dir='ltr'>τῷ</span> <span class='ocrx_word' id='word_1_236' title='bbox 308 1438 404 1473; x_wconf 84' lang='grc' dir='ltr'>διπλῷ,</span> <span class='ocrx_word' id='word_1_237' title='bbox 421 1439 488 1465; x_wconf 81' lang='grc' dir='ltr'>ὄποὺ</span> <span class='ocrx_word' id='word_1_238' title='bbox 505 1440 529 1466; x_wconf 80' lang='lat' dir='ltr'><strong>oi</strong></span> <span class='ocrx_word' id='word_1_239' title='bbox 546 1438 663 1474; x_wconf 82' lang='grc' dir='ltr'>πατέρες</span> <span class='ocrx_word' id='word_1_240' title='bbox 680 1438 772 1465; x_wconf 82' lang='grc' dir='ltr'>αὑτοῦ.</span> 
     </span>
    </p>
   </div>
   <div class='ocr_carea' id='block_1_33' title="bbox 322 1531 575 1557">
    <p class='ocr_par' dir='ltr' id='par_1_33' title="bbox 322 1531 575 1557">
     <span class='ocr_line' id='line_1_33' title="bbox 322 1531 575 1557; baseline 0 0"><span class='ocrx_word' id='word_1_241' title='bbox 322 1531 518 1557; x_wconf 76' lang='grc' dir='ltr'><strong>ΚΕΦΑΛΔΙΟΝ</strong></span> <span class='ocrx_word' id='word_1_242' title='bbox 539 1531 575 1557; x_wconf 86' lang='lat' dir='ltr'><strong>B&#39;.</strong></span> 
     </span>
    </p>
   </div>
   <div class='ocr_carea' id='block_1_34' title="bbox 207 1575 700 1610">
    <p class='ocr_par' dir='ltr' id='par_1_34' title="bbox 207 1575 700 1610">
     <span class='ocr_line' id='line_1_34' title="bbox 207 1575 700 1610; baseline 0.002 -9"><span class='ocrx_word' id='word_1_243' title='bbox 207 1575 336 1610; x_wconf 76' lang='grc' dir='ltr'>Διαθήκη</span> <span class='ocrx_word' id='word_1_244' title='bbox 350 1576 480 1610; x_wconf 69' lang='grc' dir='ltr'><strong>Συμεὼν,</strong></span> <span class='ocrx_word' id='word_1_245' title='bbox 496 1577 561 1610; x_wconf 77' lang='grc' dir='ltr'>περὶ</span> <span class='ocrx_word' id='word_1_246' title='bbox 579 1577 700 1610; x_wconf 73' lang='grc' dir='ltr'><strong>φθόνου.</strong></span> 
     </span>
    </p>
   </div>
   <div class='ocr_carea' id='block_1_35' title="bbox 94 1631 846 1668">
    <p class='ocr_par' dir='ltr' id='par_1_35' title="bbox 94 1631 846 1668">
     <span class='ocr_line' id='line_1_35' title="bbox 94 1631 846 1668; baseline 0.001 -11"><span class='ocrx_word' id='word_1_247' title='bbox 94 1631 129 1657; x_wconf 88' lang='lat' dir='ltr'><strong>A&#39;.</strong></span> <span class='ocrx_word' id='word_1_248' title='bbox 157 1631 335 1668; x_wconf 81' lang='grc' dir='ltr'>Ἀντίγραφον</span> <span class='ocrx_word' id='word_1_249' title='bbox 354 1632 440 1667; x_wconf 86' lang='grc' dir='ltr'>λόγων</span> <span class='ocrx_word' id='word_1_250' title='bbox 456 1632 569 1668; x_wconf 85' lang='grc' dir='ltr'>Συμεὼν</span> <span class='ocrx_word' id='word_1_251' title='bbox 581 1653 588 1663; x_wconf 95' lang='grc'><strong>,</strong></span> <span class='ocrx_word' id='word_1_252' title='bbox 606 1633 623 1660; x_wconf 78' lang='grc' dir='ltr'><strong>ἀ</strong></span> <span class='ocrx_word' id='word_1_253' title='bbox 651 1632 763 1667; x_wconf 85' lang='grc' dir='ltr'>ἐλάλησε</span> <span class='ocrx_word' id='word_1_254' title='bbox 790 1634 846 1664; x_wconf 83' lang='grc' dir='ltr'>τοῖς</span> 
     </span>
    </p>
   </div>
   <div class='ocr_carea' id='block_1_36' title="bbox 63 1676 846 1714">
    <p class='ocr_par' dir='ltr' id='par_1_36' title="bbox 63 1676 846 1714">
     <span class='ocr_line' id='line_1_36' title="bbox 63 1676 846 1714; baseline 0.005 -13"><span class='ocrx_word' id='word_1_255' title='bbox 63 1676 124 1708; x_wconf 74' lang='grc' dir='ltr'>υἱοῖς</span> <span class='ocrx_word' id='word_1_256' title='bbox 147 1676 247 1710; x_wconf 63' lang='grc' dir='ltr'>αὐτοῦ,</span> <span class='ocrx_word' id='word_1_257' title='bbox 269 1678 321 1712; x_wconf 83' lang='grc' dir='ltr'><strong>πρὸ</strong></span> <span class='ocrx_word' id='word_1_258' title='bbox 345 1678 392 1705; x_wconf 80' lang='grc' dir='ltr'>τοῦ</span> <span class='ocrx_word' id='word_1_259' title='bbox 407 1678 497 1705; x_wconf 84' lang='grc' dir='ltr'>θανεῖν</span> <span class='ocrx_word' id='word_1_260' title='bbox 510 1678 590 1705; x_wconf 80' lang='grc' dir='ltr'>αὑτὸν</span> <span class='ocrx_word' id='word_1_261' title='bbox 611 1679 639 1704; x_wconf 87' lang='grc' dir='ltr'><strong>ἐν</strong></span> <span class='ocrx_word' id='word_1_262' title='bbox 664 1681 704 1714; x_wconf 88' lang='grc' dir='ltr'>ρκ’</span> <span class='ocrx_word' id='word_1_263' title='bbox 727 1678 781 1704; x_wconf 77' lang='grc' dir='ltr'>ἔτει</span> <span class='ocrx_word' id='word_1_264' title='bbox 798 1677 846 1712; x_wconf 81' lang='grc' dir='ltr'>τῆς</span> 
     </span>
    </p>
   </div>
   <div class='ocr_carea' id='block_1_37' title="bbox 64 1720 846 1760">
    <p class='ocr_par' dir='ltr' id='par_1_37' title="bbox 64 1720 846 1760">
     <span class='ocr_line' id='line_1_37' title="bbox 64 1720 846 1760; baseline 0.004 -12"><span class='ocrx_word' id='word_1_265' title='bbox 64 1721 129 1758; x_wconf 78' lang='grc' dir='ltr'>ζωῆς</span> <span class='ocrx_word' id='word_1_266' title='bbox 156 1722 251 1755; x_wconf 83' lang='grc' dir='ltr'>αὐτοῦ,</span> <span class='ocrx_word' id='word_1_267' title='bbox 274 1724 303 1750; x_wconf 87' lang='grc' dir='ltr'><strong>ἐν</strong></span> <span class='ocrx_word' id='word_1_268' title='bbox 324 1720 346 1758; x_wconf 86' lang='grc' dir='ltr'>ᾧ</span> <span class='ocrx_word' id='word_1_269' title='bbox 363 1724 418 1751; x_wconf 72' lang='grc' dir='ltr'>ἔτει</span> <span class='ocrx_word' id='word_1_270' title='bbox 441 1724 576 1751; x_wconf 82' lang='grc' dir='ltr'>ἀπέθανεν</span> <span class='ocrx_word' id='word_1_271' title='bbox 609 1725 716 1760; x_wconf 81' lang='grc' dir='ltr'>Ἰωσήφ.</span> <span class='ocrx_word' id='word_1_272' title='bbox 744 1722 846 1751; x_wconf 87' lang='grc' dir='ltr'>Ἦλθον</span> 
     </span>
    </p>
   </div>
   <div class='ocr_carea' id='block_1_38' title="bbox 64 1768 845 1808">
    <p class='ocr_par' dir='ltr' id='par_1_38' title="bbox 64 1768 845 1808">
     <span class='ocr_line' id='line_1_38' title="bbox 64 1768 845 1808; baseline 0.003 -13"><span class='ocrx_word' id='word_1_273' title='bbox 64 1768 112 1804; x_wconf 83' lang='grc' dir='ltr'>γὰρ</span> <span class='ocrx_word' id='word_1_274' title='bbox 140 1769 340 1805; x_wconf 74' lang='grc' dir='ltr'>ἐπισκέψασθαι</span> <span class='ocrx_word' id='word_1_275' title='bbox 371 1772 450 1798; x_wconf 79' lang='grc' dir='ltr'>αὐτὸν</span> <span class='ocrx_word' id='word_1_276' title='bbox 481 1771 675 1808; x_wconf 72' lang='grc' dir='ltr'>ἀρρωστοῦντα</span> <span class='ocrx_word' id='word_1_277' title='bbox 691 1779 698 1787; x_wconf 67' lang='grc' dir='ltr'>δ</span> <span class='ocrx_word' id='word_1_278' title='bbox 728 1771 775 1797; x_wconf 71' lang='grc' dir='ltr'><strong>καὶ</strong></span> <span class='ocrx_word' id='word_1_279' title='bbox 802 1771 845 1797; x_wconf 84' lang='grc' dir='ltr'><strong>ὲν-</strong></span> 
     </span>
    </p>
   </div>
   <div class='ocr_carea' id='block_1_39' title="bbox 65 1814 846 1853">
    <p class='ocr_par' dir='ltr' id='par_1_39' title="bbox 65 1814 846 1853">
     <span class='ocr_line' id='line_1_39' title="bbox 65 1814 846 1853; baseline 0.003 -13"><span class='ocrx_word' id='word_1_280' title='bbox 65 1814 170 1849; x_wconf 81' lang='grc' dir='ltr'>ισχύσας</span> <span class='ocrx_word' id='word_1_281' title='bbox 181 1816 304 1849; x_wconf 76' lang='grc' dir='ltr'>ἐκάθισε,</span> <span class='ocrx_word' id='word_1_282' title='bbox 322 1817 368 1844; x_wconf 75' lang='grc' dir='ltr'><strong>καὶ</strong></span> <span class='ocrx_word' id='word_1_283' title='bbox 386 1817 566 1853; x_wconf 84' lang='grc' dir='ltr'>κατεφίλησεν</span> <span class='ocrx_word' id='word_1_284' title='bbox 582 1817 690 1850; x_wconf 80' lang='grc' dir='ltr'>αὐτοὺς,</span> <span class='ocrx_word' id='word_1_285' title='bbox 712 1817 758 1843; x_wconf 79' lang='grc' dir='ltr'>καὶ</span> <span class='ocrx_word' id='word_1_286' title='bbox 771 1815 846 1843; x_wconf 76' lang='grc' dir='ltr'>εἶπεν</span> 
     </span>
    </p>
   </div>
   <div class='ocr_carea' id='block_1_40' title="bbox 65 1860 171 1893">
    <p class='ocr_par' dir='ltr' id='par_1_40' title="bbox 65 1860 171 1893">
     <span class='ocr_line' id='line_1_40' title="bbox 65 1860 171 1893; baseline 0.019 -8"><span class='ocrx_word' id='word_1_287' title='bbox 65 1860 150 1893; x_wconf 74' lang='grc' dir='ltr'>αὐτοῖς</span> <span class='ocrx_word' id='word_1_288' title='bbox 163 1870 171 1877; x_wconf 85' lang='grc'><strong>·</strong></span> 
     </span>
    </p>
   </div>
   <div class='ocr_carea' id='block_1_41' title="bbox 98 1905 848 1944">
    <p class='ocr_par' dir='ltr' id='par_1_41' title="bbox 98 1905 848 1944">
     <span class='ocr_line' id='line_1_41' title="bbox 98 1905 848 1944; baseline 0.003 -12"><span class='ocrx_word' id='word_1_289' title='bbox 98 1905 131 1933; x_wconf 88' lang='lat' dir='ltr'><strong>B&#39;.</strong></span> <span class='ocrx_word' id='word_1_290' title='bbox 147 1916 156 1932; x_wconf 80' lang='grc' dir='ltr'>ι</span> <span class='ocrx_word' id='word_1_291' title='bbox 180 1907 337 1940; x_wconf 75' lang='grc' dir='ltr'>Ἀκούσατε,</span> <span class='ocrx_word' id='word_1_292' title='bbox 350 1908 442 1939; x_wconf 81' lang='grc' dir='ltr'>τέκνα,</span> <span class='ocrx_word' id='word_1_293' title='bbox 459 1908 593 1936; x_wconf 82' lang='grc' dir='ltr'>ἀκούσατε</span> <span class='ocrx_word' id='word_1_294' title='bbox 610 1908 720 1944; x_wconf 85' lang='grc' dir='ltr'>Συμεὼν</span> <span class='ocrx_word' id='word_1_295' title='bbox 736 1908 783 1935; x_wconf 78' lang='grc' dir='ltr'>τοῦ</span> <span class='ocrx_word' id='word_1_296' title='bbox 796 1916 848 1934; x_wconf 85' lang='grc' dir='ltr'>πα-</span> 
     </span>
    </p>
   </div>
   <div class='ocr_carea' id='block_1_42' title="bbox 65 1951 848 1990">
    <p class='ocr_par' dir='ltr' id='par_1_42' title="bbox 65 1951 848 1990">
     <span class='ocr_line' id='line_1_42' title="bbox 65 1951 848 1990; baseline 0 -11"><span class='ocrx_word' id='word_1_297' title='bbox 65 1951 122 1986; x_wconf 81' lang='grc' dir='ltr'>τρὸς</span> <span class='ocrx_word' id='word_1_298' title='bbox 137 1953 226 1989; x_wconf 86' lang='grc' dir='ltr'>ὑμῶν,</span> <span class='ocrx_word' id='word_1_299' title='bbox 243 1954 293 1980; x_wconf 79' lang='grc' dir='ltr'><strong>ὅσα</strong></span> <span class='ocrx_word' id='word_1_300' title='bbox 313 1953 366 1989; x_wconf 72' lang='grc' dir='ltr'><strong>ἔχω</strong></span> <span class='ocrx_word' id='word_1_301' title='bbox 382 1954 411 1980; x_wconf 81' lang='grc' dir='ltr'><strong>ἐν</strong></span> <span class='ocrx_word' id='word_1_302' title='bbox 426 1955 459 1989; x_wconf 82' lang='grc' dir='ltr'>τῇ</span> <span class='ocrx_word' id='word_1_303' title='bbox 477 1954 576 1990; x_wconf 80' lang='grc' dir='ltr'>καρδίᾳ</span> <span class='ocrx_word' id='word_1_304' title='bbox 590 1963 650 1989; x_wconf 89' lang='grc' dir='ltr'>μου.</span> <span class='ocrx_word' id='word_1_305' title='bbox 675 1952 744 1988; x_wconf 83' lang='grc' dir='ltr'><strong>Ἐγὼ</strong></span> <span class='ocrx_word' id='word_1_306' title='bbox 755 1953 848 1989; x_wconf 80' lang='grc' dir='ltr'>ἐγενή-</span> 
     </span>
    </p>
   </div>
   <div class='ocr_carea' id='block_1_43' title="bbox 67 1996 848 2035">
    <p class='ocr_par' dir='ltr' id='par_1_43' title="bbox 67 1996 848 2035">
     <span class='ocr_line' id='line_1_43' title="bbox 67 1996 848 2035; baseline -0.001 -10"><span class='ocrx_word' id='word_1_307' title='bbox 67 1996 111 2032; x_wconf 79' lang='grc' dir='ltr'><strong>θην</strong></span> <span class='ocrx_word' id='word_1_308' title='bbox 123 1998 151 2032; x_wconf 77' lang='grc' dir='ltr'><strong>ἐξ</strong></span> <span class='ocrx_word' id='word_1_309' title='bbox 171 1999 269 2026; x_wconf 78' lang='grc' dir='ltr'>Ἰακὼϐ</span> <span class='ocrx_word' id='word_1_310' title='bbox 281 1999 327 2025; x_wconf 84' lang='grc' dir='ltr'>τοῦ</span> <span class='ocrx_word' id='word_1_311' title='bbox 344 1999 446 2034; x_wconf 83' lang='grc' dir='ltr'>πατρός</span> <span class='ocrx_word' id='word_1_312' title='bbox 464 2008 513 2034; x_wconf 91' lang='grc' dir='ltr'><strong>μου</strong></span> <span class='ocrx_word' id='word_1_313' title='bbox 525 1999 580 2031; x_wconf 80' lang='grc' dir='ltr'>υἱὸς</span> <span class='ocrx_word' id='word_1_314' title='bbox 591 1999 725 2035; x_wconf 82' lang='grc' dir='ltr'>δεύτερος,</span> <span class='ocrx_word' id='word_1_315' title='bbox 739 1999 785 2026; x_wconf 71' lang='grc' dir='ltr'>καὶ</span> <span class='ocrx_word' id='word_1_316' title='bbox 797 1998 848 2025; x_wconf 83' lang='grc' dir='ltr'>Δία</span> 
     </span>
    </p>
   </div>
   <div class='ocr_carea' id='block_1_44' title="bbox 66 2043 847 2081">
    <p class='ocr_par' dir='ltr' id='par_1_44' title="bbox 66 2043 847 2081">
     <span class='ocr_line' id='line_1_44' title="bbox 66 2043 847 2081; baseline 0.001 -11"><span class='ocrx_word' id='word_1_317' title='bbox 66 2043 81 2078; x_wconf 82' lang='grc' dir='ltr'>ὴ</span> <span class='ocrx_word' id='word_1_318' title='bbox 99 2044 188 2080; x_wconf 80' lang='grc' dir='ltr'>μήτηρ</span> <span class='ocrx_word' id='word_1_319' title='bbox 207 2053 257 2080; x_wconf 84' lang='grc' dir='ltr'>μου</span> <span class='ocrx_word' id='word_1_320' title='bbox 277 2045 390 2072; x_wconf 78' lang='grc' dir='ltr'>ἐκάλεσέ</span> <span class='ocrx_word' id='word_1_321' title='bbox 405 2054 438 2081; x_wconf 89' lang='grc' dir='ltr'>με</span> <span class='ocrx_word' id='word_1_322' title='bbox 456 2045 596 2080; x_wconf 82' lang='grc' dir='ltr'>Συμεῶνα,</span> <span class='ocrx_word' id='word_1_323' title='bbox 614 2045 655 2072; x_wconf 81' lang='grc' dir='ltr'><strong>ὅτι</strong></span> <span class='ocrx_word' id='word_1_324' title='bbox 675 2045 775 2080; x_wconf 89' lang='grc' dir='ltr'>ήκουσε</span> <span class='ocrx_word' id='word_1_325' title='bbox 790 2044 847 2071; x_wconf 86' lang='grc' dir='ltr'><strong>Κύ-</strong></span> 
     </span>
    </p>
   </div>
   <div class='ocr_carea' id='block_1_45' title="bbox 68 2090 847 2127">
    <p class='ocr_par' dir='ltr' id='par_1_45' title="bbox 68 2090 847 2127">
     <span class='ocr_line' id='line_1_45' title="bbox 68 2090 847 2127; baseline -0.003 -9"><span class='ocrx_word' id='word_1_326' title='bbox 68 2097 119 2124; x_wconf 85' lang='grc' dir='ltr'>ριος</span> <span class='ocrx_word' id='word_1_327' title='bbox 132 2090 181 2126; x_wconf 87' lang='grc' dir='ltr'>τῆς</span> <span class='ocrx_word' id='word_1_328' title='bbox 198 2091 316 2126; x_wconf 85' lang='grc' dir='ltr'>δεήσεως</span> <span class='ocrx_word' id='word_1_329' title='bbox 337 2091 431 2127; x_wconf 82' lang='grc' dir='ltr'>αὐτῆς.</span> <span class='ocrx_word' id='word_1_330' title='bbox 453 2091 569 2122; x_wconf 81' lang='grc' dir='ltr'>Δυνατὺς</span> <span class='ocrx_word' id='word_1_331' title='bbox 588 2091 720 2126; x_wconf 83' lang='grc' dir='ltr'><strong>ἐγενόμην</strong></span> <span class='ocrx_word' id='word_1_332' title='bbox 735 2090 847 2126; x_wconf 83' lang='grc' dir='ltr'>σφόδρα,</span> 
     </span>
    </p>
   </div>
   <div class='ocr_carea' id='block_1_46' title="bbox 66 2135 848 2173">
    <p class='ocr_par' dir='ltr' id='par_1_46' title="bbox 66 2135 848 2173">
     <span class='ocr_line' id='line_1_46' title="bbox 66 2135 848 2173; baseline 0.001 -11"><span class='ocrx_word' id='word_1_333' title='bbox 66 2135 112 2162; x_wconf 79' lang='grc' dir='ltr'><strong>οὐκ</strong></span> <span class='ocrx_word' id='word_1_334' title='bbox 132 2137 268 2164; x_wconf 80' lang='grc' dir='ltr'>ἐδειλίασα</span> <span class='ocrx_word' id='word_1_335' title='bbox 293 2137 408 2173; x_wconf 78' lang='grc' dir='ltr'>πρᾶξιν,</span> <span class='ocrx_word' id='word_1_336' title='bbox 432 2137 492 2164; x_wconf 71' lang='grc' dir='ltr'><strong>οὐδὲ</strong></span> <span class='ocrx_word' id='word_1_337' title='bbox 519 2137 654 2172; x_wconf 80' lang='grc' dir='ltr'>ἐφοϐήθην</span> <span class='ocrx_word' id='word_1_338' title='bbox 670 2136 724 2163; x_wconf 78' lang='grc' dir='ltr'><strong>ἀπὸ</strong></span> <span class='ocrx_word' id='word_1_339' title='bbox 749 2137 848 2168; x_wconf 81' lang='grc' dir='ltr'>παντὸς</span> 
     </span>
    </p>
   </div>
   <div class='ocr_carea' id='block_1_47' title="bbox 68 2174 848 2220">
    <p class='ocr_par' dir='ltr' id='par_1_47' title="bbox 68 2174 848 2220">
     <span class='ocr_line' id='line_1_47' title="bbox 68 2174 848 2220; baseline 0.001 -11"><span class='ocrx_word' id='word_1_340' title='bbox 68 2183 232 2219; x_wconf 83' lang='grc' dir='ltr'>πράγματος.</span> <span class='ocrx_word' id='word_1_341' title='bbox 264 2185 295 2211; x_wconf 89' lang='grc' dir='ltr'><em>Ἦ</em></span> <span class='ocrx_word' id='word_1_342' title='bbox 311 2184 365 2220; x_wconf 86' lang='grc' dir='ltr'>γὰρ</span> <span class='ocrx_word' id='word_1_343' title='bbox 381 2185 478 2220; x_wconf 82' lang='grc' dir='ltr'>καρδία</span> <span class='ocrx_word' id='word_1_344' title='bbox 497 2193 546 2220; x_wconf 85' lang='grc' dir='ltr'><strong>μου</strong></span> <span class='ocrx_word' id='word_1_345' title='bbox 559 2174 595 2219; x_wconf 48' lang='grc' dir='ltr'><strong>’ἦν</strong></span> <span class='ocrx_word' id='word_1_346' title='bbox 616 2184 736 2220; x_wconf 83' lang='grc' dir='ltr'>σκληρὰ,</span> <span class='ocrx_word' id='word_1_347' title='bbox 753 2184 800 2210; x_wconf 60' lang='grc' dir='ltr'><strong>καὶ⁸</strong></span> <span class='ocrx_word' id='word_1_348' title='bbox 814 2184 848 2210; x_wconf 86' lang='grc' dir='ltr'>τὰ</span> 
     </span>
    </p>
   </div>
   <div class='ocr_carea' id='block_1_48' title="bbox 67 2229 848 2266">
    <p class='ocr_par' dir='ltr' id='par_1_48' title="bbox 67 2229 848 2266">
     <span class='ocr_line' id='line_1_48' title="bbox 67 2229 848 2266; baseline 0.001 -11"><span class='ocrx_word' id='word_1_349' title='bbox 67 2229 153 2263; x_wconf 68' lang='grc' dir='ltr'>ἥπατα</span> <span class='ocrx_word' id='word_1_350' title='bbox 165 2239 218 2266; x_wconf 86' lang='grc' dir='ltr'>μου</span> <span class='ocrx_word' id='word_1_351' title='bbox 229 2230 354 2265; x_wconf 85' lang='grc' dir='ltr'>ἀκίνητα,</span> <span class='ocrx_word' id='word_1_352' title='bbox 367 2231 414 2257; x_wconf 78' lang='grc' dir='ltr'>καὶ</span> <span class='ocrx_word' id='word_1_353' title='bbox 426 2231 460 2257; x_wconf 84' lang='grc' dir='ltr'>τὰ</span> <span class='ocrx_word' id='word_1_354' title='bbox 472 2230 613 2265; x_wconf 86' lang='grc' dir='ltr'>σπλάγχνα</span> <span class='ocrx_word' id='word_1_355' title='bbox 625 2238 675 2265; x_wconf 87' lang='grc' dir='ltr'><strong>μου</strong></span> <span class='ocrx_word' id='word_1_356' title='bbox 691 2229 848 2265; x_wconf 82' lang='grc' dir='ltr'>ἀσυμπαθῆ·</span> 
     </span>
    </p>
   </div>
   <div class='ocr_carea' id='block_1_49' title="bbox 68 2274 850 2312">
    <p class='ocr_par' dir='ltr' id='par_1_49' title="bbox 68 2274 850 2312">
     <span class='ocr_line' id='line_1_49' title="bbox 68 2274 850 2312; baseline 0.003 -11"><span class='ocrx_word' id='word_1_357' title='bbox 68 2274 104 2301; x_wconf 78' lang='grc' dir='ltr'><strong>ὅτι</strong></span> <span class='ocrx_word' id='word_1_358' title='bbox 116 2277 161 2303; x_wconf 80' lang='grc' dir='ltr'><strong>καὶ</strong></span> <span class='ocrx_word' id='word_1_359' title='bbox 177 2277 195 2312; x_wconf 88' lang='grc' dir='ltr'><strong>ή</strong></span> <span class='ocrx_word' id='word_1_360' title='bbox 210 2276 319 2312; x_wconf 86' lang='grc' dir='ltr'>ἀνδρεία</span> <span class='ocrx_word' id='word_1_361' title='bbox 337 2277 390 2303; x_wconf 71' lang='grc' dir='ltr'><strong>ἀπὸ</strong></span> <span class='ocrx_word' id='word_1_362' title='bbox 410 2276 536 2312; x_wconf 76' lang='grc' dir='ltr'>Ὑψίστου</span> <span class='ocrx_word' id='word_1_363' title='bbox 552 2277 656 2303; x_wconf 81' lang='grc' dir='ltr'>δέδοται</span> <span class='ocrx_word' id='word_1_364' title='bbox 675 2278 732 2308; x_wconf 87' lang='grc' dir='ltr'>τοῖς</span> <span class='ocrx_word' id='word_1_365' title='bbox 745 2276 850 2312; x_wconf 86' lang='grc' dir='ltr'>ἀνθρὼ-</span> 
     </span>
    </p>
   </div>
   <div class='ocr_carea' id='block_1_50' title="bbox 69 2322 852 2359">
    <p class='ocr_par' dir='ltr' id='par_1_50' title="bbox 69 2322 852 2359">
     <span class='ocr_line' id='line_1_50' title="bbox 69 2322 852 2359; baseline 0.001 -11"><span class='ocrx_word' id='word_1_366' title='bbox 69 2329 124 2353; x_wconf 85' lang='grc' dir='ltr'>ποις</span> <span class='ocrx_word' id='word_1_367' title='bbox 135 2322 163 2349; x_wconf 84' lang='grc' dir='ltr'><strong>ὲν</strong></span> <span class='ocrx_word' id='word_1_368' title='bbox 176 2322 275 2357; x_wconf 74' lang='grc' dir='ltr'>ψυχαῖς</span> <span class='ocrx_word' id='word_1_369' title='bbox 287 2323 333 2349; x_wconf 78' lang='grc' dir='ltr'>καὶ</span> <span class='ocrx_word' id='word_1_370' title='bbox 349 2323 378 2348; x_wconf 83' lang='grc' dir='ltr'><strong>ὲν</strong></span> <span class='ocrx_word' id='word_1_371' title='bbox 395 2322 510 2359; x_wconf 85' lang='grc' dir='ltr'>σώμασι.</span> <span class='ocrx_word' id='word_1_372' title='bbox 529 2323 584 2352; x_wconf 80' lang='grc' dir='ltr'><strong>Καὶ</strong></span> <span class='ocrx_word' id='word_1_373' title='bbox 603 2323 631 2349; x_wconf 79' lang='grc' dir='ltr'><strong>ἐν</strong></span> <span class='ocrx_word' id='word_1_374' title='bbox 643 2322 682 2358; x_wconf 87' lang='grc' dir='ltr'><strong>τῷ</strong></span> <span class='ocrx_word' id='word_1_375' title='bbox 694 2322 781 2358; x_wconf 75' lang='grc' dir='ltr'>καιρῷ</span> <span class='ocrx_word' id='word_1_376' title='bbox 794 2323 852 2349; x_wconf 86' lang='grc' dir='ltr'>νεό-</span> 
     </span>
    </p>
   </div>
   <div class='ocr_carea' id='block_1_51' title="bbox 68 2368 852 2405">
    <p class='ocr_par' dir='ltr' id='par_1_51' title="bbox 68 2368 852 2405">
     <span class='ocr_line' id='line_1_51' title="bbox 68 2368 852 2405; baseline 0 -10"><span class='ocrx_word' id='word_1_377' title='bbox 68 2375 142 2401; x_wconf 83' lang='grc' dir='ltr'>τητος</span> <span class='ocrx_word' id='word_1_378' title='bbox 155 2369 282 2405; x_wconf 81' lang='grc' dir='ltr'>ἐζήλωσα</span> <span class='ocrx_word' id='word_1_379' title='bbox 294 2369 339 2396; x_wconf 84' lang='grc' dir='ltr'><strong>τὸν</strong></span> <span class='ocrx_word' id='word_1_380' title='bbox 362 2369 470 2405; x_wconf 80' lang='grc' dir='ltr'>Ἰωσὴφ,</span> <span class='ocrx_word' id='word_1_381' title='bbox 482 2370 522 2396; x_wconf 77' lang='grc' dir='ltr'>ὅτι</span> <span class='ocrx_word' id='word_1_382' title='bbox 534 2369 628 2404; x_wconf 77' lang='grc' dir='ltr'>ἠγάπα</span> <span class='ocrx_word' id='word_1_383' title='bbox 642 2369 721 2396; x_wconf 82' lang='grc' dir='ltr'>αὐτὸν</span> <span class='ocrx_word' id='word_1_384' title='bbox 736 2370 750 2396; x_wconf 86' lang='grc' dir='ltr'>ὁ</span> <span class='ocrx_word' id='word_1_385' title='bbox 760 2368 852 2404; x_wconf 83' lang='grc' dir='ltr'>πατὴρ</span> 
     </span>
    </p>
   </div>
   <div class='ocr_carea' id='block_1_52' title="bbox 69 2414 850 2452">
    <p class='ocr_par' dir='ltr' id='par_1_52' title="bbox 69 2414 850 2452">
     <span class='ocr_line' id='line_1_52' title="bbox 69 2414 850 2452; baseline 0.001 -11"><span class='ocrx_word' id='word_1_386' title='bbox 69 2414 156 2448; x_wconf 82' lang='grc' dir='ltr'><strong>ἡμῶν·</strong></span> <span class='ocrx_word' id='word_1_387' title='bbox 180 2415 227 2442; x_wconf 76' lang='grc' dir='ltr'><strong>καὶ</strong></span> <span class='ocrx_word' id='word_1_388' title='bbox 247 2415 378 2452; x_wconf 85' lang='grc' dir='ltr'>ἐστήρισα</span> <span class='ocrx_word' id='word_1_389' title='bbox 399 2416 443 2442; x_wconf 80' lang='grc' dir='ltr'>ἐπ’</span> <span class='ocrx_word' id='word_1_390' title='bbox 467 2415 547 2442; x_wconf 81' lang='grc' dir='ltr'>αὑτὸν</span> <span class='ocrx_word' id='word_1_391' title='bbox 567 2415 602 2442; x_wconf 85' lang='grc' dir='ltr'>τὰ</span> <span class='ocrx_word' id='word_1_392' title='bbox 615 2415 709 2451; x_wconf 73' lang='grc' dir='ltr'>ἥπατα</span> <span class='ocrx_word' id='word_1_393' title='bbox 727 2424 778 2451; x_wconf 89' lang='grc' dir='ltr'>μου</span> <span class='ocrx_word' id='word_1_394' title='bbox 803 2414 850 2442; x_wconf 75' lang='grc' dir='ltr'>τοῦ</span> 
     </span>
    </p>
   </div>
   <div class='ocr_carea' id='block_1_53' title="bbox 70 2458 852 2496">
    <p class='ocr_par' dir='ltr' id='par_1_53' title="bbox 70 2458 852 2496">
     <span class='ocr_line' id='line_1_53' title="bbox 70 2458 852 2496; baseline 0.003 -11"><span class='ocrx_word' id='word_1_395' title='bbox 70 2458 165 2487; x_wconf 82' lang='grc' dir='ltr'>ἀνελεῖν</span> <span class='ocrx_word' id='word_1_396' title='bbox 181 2460 272 2492; x_wconf 82' lang='grc' dir='ltr'>αὐτὸν,</span> <span class='ocrx_word' id='word_1_397' title='bbox 286 2461 326 2487; x_wconf 81' lang='grc' dir='ltr'>ὅτι</span> <span class='ocrx_word' id='word_1_398' title='bbox 336 2462 350 2487; x_wconf 82' lang='grc' dir='ltr'>ὁ</span> <span class='ocrx_word' id='word_1_399' title='bbox 360 2460 451 2496; x_wconf 78' lang='grc' dir='ltr'>ἄρχων</span> <span class='ocrx_word' id='word_1_400' title='bbox 464 2460 514 2495; x_wconf 85' lang='grc' dir='ltr'>τῆς</span> <span class='ocrx_word' id='word_1_401' title='bbox 528 2459 640 2494; x_wconf 83' lang='grc' dir='ltr'>πλάνης,</span> <span class='ocrx_word' id='word_1_402' title='bbox 653 2460 814 2492; x_wconf 81' lang='grc' dir='ltr'>ἀποστείλας</span> <span class='ocrx_word' id='word_1_403' title='bbox 821 2461 852 2487; x_wconf 81' lang='grc' dir='ltr'><strong>τὸ</strong></span> 
     </span>
    </p>
   </div>
   <div class='ocr_carea' id='block_1_54' title="bbox 70 2504 850 2542">
    <p class='ocr_par' dir='ltr' id='par_1_54' title="bbox 70 2504 850 2542">
     <span class='ocr_line' id='line_1_54' title="bbox 70 2504 850 2542; baseline 0 -11"><span class='ocrx_word' id='word_1_404' title='bbox 70 2506 171 2542; x_wconf 79' lang='grc' dir='ltr'>πνεῦμα</span> <span class='ocrx_word' id='word_1_405' title='bbox 185 2506 232 2533; x_wconf 79' lang='grc' dir='ltr'><strong>τοῦ</strong></span> <span class='ocrx_word' id='word_1_406' title='bbox 249 2506 340 2542; x_wconf 83' lang='grc' dir='ltr'>ζήλου,</span> <span class='ocrx_word' id='word_1_407' title='bbox 352 2505 489 2540; x_wconf 81' lang='grc' dir='ltr'>ἐτύφλωσέ</span> <span class='ocrx_word' id='word_1_408' title='bbox 507 2513 556 2540; x_wconf 86' lang='grc' dir='ltr'>μου</span> <span class='ocrx_word' id='word_1_409' title='bbox 568 2505 613 2532; x_wconf 81' lang='grc' dir='ltr'><strong>τὸν</strong></span> <span class='ocrx_word' id='word_1_410' title='bbox 628 2504 699 2537; x_wconf 83' lang='grc' dir='ltr'>νοῦν,</span> <span class='ocrx_word' id='word_1_411' title='bbox 715 2505 752 2541; x_wconf 82' lang='grc' dir='ltr'>μὴ</span> <span class='ocrx_word' id='word_1_412' title='bbox 765 2513 850 2541; x_wconf 84' lang='grc' dir='ltr'>προσ-</span> 
     </span>
    </p>
   </div>
   <div class='ocr_carea' id='block_1_55' title="bbox 71 2551 850 2590">
    <p class='ocr_par' dir='ltr' id='par_1_55' title="bbox 71 2551 850 2590">
     <span class='ocr_line' id='line_1_55' title="bbox 71 2551 850 2590; baseline -0.003 -11"><span class='ocrx_word' id='word_1_413' title='bbox 71 2553 136 2588; x_wconf 77' lang='grc' dir='ltr'>ἐχειν</span> <span class='ocrx_word' id='word_1_414' title='bbox 147 2554 221 2590; x_wconf 81' lang='grc' dir='ltr'>αὐτῷ</span> <span class='ocrx_word' id='word_1_415' title='bbox 231 2555 269 2586; x_wconf 87' lang='grc' dir='ltr'>ὡς</span> <span class='ocrx_word' id='word_1_416' title='bbox 278 2553 385 2588; x_wconf 86' lang='grc' dir='ltr'>ἀδελφῷ</span> <span class='ocrx_word' id='word_1_417' title='bbox 394 2574 401 2584; x_wconf 82' lang='lat'><strong>,</strong></span> <span class='ocrx_word' id='word_1_418' title='bbox 417 2553 464 2580; x_wconf 75' lang='grc' dir='ltr'>καὶ</span> <span class='ocrx_word' id='word_1_419' title='bbox 480 2553 516 2588; x_wconf 83' lang='grc' dir='ltr'><strong>μὴ</strong></span> <span class='ocrx_word' id='word_1_420' title='bbox 530 2551 673 2587; x_wconf 82' lang='grc' dir='ltr'>φείσασθαι</span> <span class='ocrx_word' id='word_1_421' title='bbox 696 2551 791 2578; x_wconf 78' lang='grc' dir='ltr'>Ἰακὼϐ</span> <span class='ocrx_word' id='word_1_422' title='bbox 802 2551 850 2578; x_wconf 80' lang='grc' dir='ltr'>τοῦ</span> 
     </span>
    </p>
   </div>
   <div class='ocr_carea' id='block_1_56' title="bbox 71 2597 852 2635">
    <p class='ocr_par' dir='ltr' id='par_1_56' title="bbox 71 2597 852 2635">
     <span class='ocr_line' id='line_1_56' title="bbox 71 2597 852 2635; baseline -0.003 -9"><span class='ocrx_word' id='word_1_423' title='bbox 71 2601 166 2635; x_wconf 84' lang='grc' dir='ltr'>πατρός</span> <span class='ocrx_word' id='word_1_424' title='bbox 186 2608 245 2635; x_wconf 88' lang='grc' dir='ltr'>μου.</span> <span class='ocrx_word' id='word_1_425' title='bbox 269 2598 337 2626; x_wconf 81' lang='grc' dir='ltr'>Ἀλλ’</span> <span class='ocrx_word' id='word_1_426' title='bbox 356 2599 370 2624; x_wconf 86' lang='grc' dir='ltr'>ὁ</span> <span class='ocrx_word' id='word_1_427' title='bbox 386 2599 450 2630; x_wconf 74' lang='grc' dir='ltr'>Θεὸς</span> <span class='ocrx_word' id='word_1_428' title='bbox 461 2597 553 2630; x_wconf 77' lang='grc' dir='ltr'>αὑτοῦ,</span> <span class='ocrx_word' id='word_1_429' title='bbox 567 2597 614 2624; x_wconf 77' lang='grc' dir='ltr'><strong>καὶ</strong></span> <span class='ocrx_word' id='word_1_430' title='bbox 628 2598 641 2624; x_wconf 83' lang='grc' dir='ltr'>ὁ</span> <span class='ocrx_word' id='word_1_431' title='bbox 654 2597 720 2629; x_wconf 82' lang='grc' dir='ltr'>Θεὸς</span> <span class='ocrx_word' id='word_1_432' title='bbox 735 2597 789 2624; x_wconf 85' lang='grc' dir='ltr'>τῶν</span> <span class='ocrx_word' id='word_1_433' title='bbox 800 2606 852 2624; x_wconf 85' lang='grc' dir='ltr'>πα-</span> 
     </span>
    </p>
   </div>
   <div class='ocr_carea' id='block_1_57' title="bbox 71 2643 851 2682">
    <p class='ocr_par' dir='ltr' id='par_1_57' title="bbox 71 2643 851 2682">
     <span class='ocr_line' id='line_1_57' title="bbox 71 2643 851 2682; baseline -0.003 -10"><span class='ocrx_word' id='word_1_434' title='bbox 71 2645 149 2682; x_wconf 80' lang='grc' dir='ltr'>τέρων</span> <span class='ocrx_word' id='word_1_435' title='bbox 171 2646 264 2679; x_wconf 83' lang='grc' dir='ltr'>αὑτοῦ,</span> <span class='ocrx_word' id='word_1_436' title='bbox 287 2645 450 2677; x_wconf 80' lang='grc' dir='ltr'>ἀποστείλας</span> <span class='ocrx_word' id='word_1_437' title='bbox 465 2645 510 2671; x_wconf 85' lang='grc' dir='ltr'>τὸν</span> <span class='ocrx_word' id='word_1_438' title='bbox 525 2643 638 2678; x_wconf 79' lang='grc' dir='ltr'>ἄγγελον</span> <span class='ocrx_word' id='word_1_439' title='bbox 655 2643 752 2677; x_wconf 86' lang='grc' dir='ltr'>αὑτοῦ,</span> <span class='ocrx_word' id='word_1_440' title='bbox 771 2644 851 2671; x_wconf 78' lang='grc' dir='ltr'>αὑτὸν</span> 
     </span>
    </p>
   </div>
   <div class='ocr_carea' id='block_1_58' title="bbox 104 2709 852 2748">
    <p class='ocr_par' dir='ltr' id='par_1_58' title="bbox 104 2709 852 2748">
     <span class='ocr_line' id='line_1_58' title="bbox 104 2709 852 2748; baseline -0.001 -8"><span class='ocrx_word' id='word_1_441' title='bbox 104 2713 158 2748; x_wconf 85' lang='lat'><strong>(79)</strong></span> <span class='ocrx_word' id='word_1_442' title='bbox 181 2713 337 2747; x_wconf 75' lang='grc' dir='ltr'>Ζηλώσετε</span> <span class='ocrx_word' id='word_1_443' title='bbox 353 2712 424 2745; x_wconf 82' lang='grc' dir='ltr'>τοὺς</span> <span class='ocrx_word' id='word_1_444' title='bbox 439 2711 524 2744; x_wconf 75' lang='grc' dir='ltr'>υἱοὺς</span> <span class='ocrx_word' id='word_1_445' title='bbox 544 2711 635 2748; x_wconf 45' lang='grc' dir='ltr'><strong>Λευὶ]-</strong></span> <span class='ocrx_word' id='word_1_446' title='bbox 654 2715 705 2738; x_wconf 90' lang='lat' dir='ltr'><strong>etc.</strong></span> <span class='ocrx_word' id='word_1_447' title='bbox 734 2709 852 2746; x_wconf 75' lang='lat' dir='ltr'><strong>Respicit</strong></span> 
     </span>
    </p>
   </div>
   <div class='ocr_carea' id='block_1_59' title="bbox 74 2745 852 2781">
    <p class='ocr_par' dir='ltr' id='par_1_59' title="bbox 74 2745 852 2781">
     <span class='ocr_line' id='line_1_59' title="bbox 74 2745 852 2781; baseline 0.001 -8"><span class='ocrx_word' id='word_1_448' title='bbox 74 2745 294 2776; x_wconf 32' lang='lat' dir='ltr'><strong>ad‘rebellionem</strong></span> <span class='ocrx_word' id='word_1_449' title='bbox 311 2748 426 2781; x_wconf 85' lang='lat' dir='ltr'><strong>Dathan,</strong></span> <span class='ocrx_word' id='word_1_450' title='bbox 448 2747 550 2774; x_wconf 84' lang='lat' dir='ltr'><strong>Abiron</strong></span> <span class='ocrx_word' id='word_1_451' title='bbox 565 2750 593 2774; x_wconf 86' lang='lat' dir='ltr'><strong>et</strong></span> <span class='ocrx_word' id='word_1_452' title='bbox 614 2745 684 2778; x_wconf 90' lang='lat' dir='ltr'><strong>Hon,</strong></span> <span class='ocrx_word' id='word_1_453' title='bbox 702 2745 852 2781; x_wconf 18' lang='lat' dir='ltr'><strong>atqueipm.</strong></span> 
     </span>
    </p>
   </div>
   <div class='ocr_carea' id='block_1_60' title="bbox 74 2781 849 2818">
    <p class='ocr_par' dir='ltr' id='par_1_60' title="bbox 74 2781 849 2818">
     <span class='ocr_line' id='line_1_60' title="bbox 74 2781 849 2818; baseline 0 -9"><span class='ocrx_word' id='word_1_454' title='bbox 74 2790 130 2810; x_wconf 87' lang='lat' dir='ltr'><strong>nam</strong></span> <span class='ocrx_word' id='word_1_455' title='bbox 142 2784 175 2811; x_wconf 88' lang='lat' dir='ltr'><strong>iis</strong></span> <span class='ocrx_word' id='word_1_456' title='bbox 187 2783 326 2813; x_wconf 81' lang='lat' dir='ltr'><strong>inflictam.</strong></span> <span class='ocrx_word' id='word_1_457' title='bbox 341 2783 376 2811; x_wconf 90' lang='lat' dir='ltr'><strong>de</strong></span> <span class='ocrx_word' id='word_1_458' title='bbox 390 2791 443 2818; x_wconf 89' lang='lat' dir='ltr'><strong>qua</strong></span> <span class='ocrx_word' id='word_1_459' title='bbox 455 2782 535 2818; x_wconf 71' lang='lat' dir='ltr'><strong>Num.</strong></span> <span class='ocrx_word' id='word_1_460' title='bbox 558 2789 612 2814; x_wconf 84' lang='lat' dir='ltr'><strong>xw,</strong></span> <span class='ocrx_word' id='word_1_461' title='bbox 629 2781 654 2812; x_wconf 85' lang='grc'>1,</span> <span class='ocrx_word' id='word_1_462' title='bbox 670 2789 746 2817; x_wconf 87' lang='lat' dir='ltr'><strong>seqq.</strong></span> <span class='ocrx_word' id='word_1_463' title='bbox 765 2782 849 2809; x_wconf 78' lang='lat' dir='ltr'><strong>GRAB.</strong></span> 
     </span>
    </p>
   </div>
   <div class='ocr_carea' id='block_1_61' title="bbox 105 2817 506 2853">
    <p class='ocr_par' dir='ltr' id='par_1_61' title="bbox 105 2817 506 2853">
     <span class='ocr_line' id='line_1_61' title="bbox 105 2817 506 2853; baseline 0 -9"><span class='ocrx_word' id='word_1_464' title='bbox 105 2818 159 2853; x_wconf 85' lang='lat'><strong>(80)</strong></span> <span class='ocrx_word' id='word_1_465' title='bbox 175 2819 296 2851; x_wconf 81' lang='grc' dir='ltr'>Θυσίας.</span> <span class='ocrx_word' id='word_1_466' title='bbox 310 2818 453 2853; x_wconf 85' lang='grc' dir='ltr'>Θυμιάσει.</span> <span class='ocrx_word' id='word_1_467' title='bbox 469 2817 506 2844; x_wconf 81' lang='lat' dir='ltr'><strong>In.</strong></span> 
     </span>
    </p>
   </div>
   <div class='ocr_carea' id='block_1_62' title="bbox 107 2820 800 2888">
    <p class='ocr_par' dir='ltr' id='par_1_62' title="bbox 107 2820 800 2888">
     <span class='ocr_line' id='line_1_62' title="bbox 107 2820 506 2886; baseline 0 -42"><span class='ocrx_word' id='word_1_468' title='bbox 107 2820 160 2886; x_wconf 71' lang='grc' dir='ltr'><strong>[8οζ</strong></span> <span class='ocrx_word' id='word_1_469' title='bbox 175 2820 296 2851; x_wconf 80' lang='grc' dir='ltr'>Θυσίας.</span> <span class='ocrx_word' id='word_1_470' title='bbox 310 2820 453 2853; x_wconf 85' lang='grc' dir='ltr'>Θυμιάσει.</span> <span class='ocrx_word' id='word_1_471' title='bbox 469 2820 506 2844; x_wconf 81' lang='lat' dir='ltr'><strong>In.</strong></span> 
     </span>
     <span class='ocr_line' id='line_1_63' title="bbox 107 2852 800 2888; baseline 0.001 -6"><span class='ocrx_word' id='word_1_472' title='bbox 107 2853 145 2882; x_wconf 87' lang='lat' dir='ltr'><strong>l8l</strong></span> <span class='ocrx_word' id='word_1_473' title='bbox 174 2853 279 2881; x_wconf 80' lang='lat' dir='ltr'><strong>Divich</strong></span> <span class='ocrx_word' id='word_1_474' title='bbox 287 2854 404 2888; x_wconf 73' lang='lat' dir='ltr'><strong>judicia.</strong></span> <span class='ocrx_word' id='word_1_475' title='bbox 417 2853 557 2882; x_wconf 86' lang='lat' dir='ltr'><strong>Discemet</strong></span> <span class='ocrx_word' id='word_1_476' title='bbox 571 2853 598 2881; x_wconf 91' lang='lat' dir='ltr'><strong>in</strong></span> <span class='ocrx_word' id='word_1_477' title='bbox 607 2852 751 2888; x_wconf 83' lang='lat' dir='ltr'><strong>judicium.</strong></span> <span class='ocrx_word' id='word_1_478' title='bbox 764 2855 800 2883; x_wconf 80' lang='lat' dir='ltr'><strong>In.</strong></span> 
     </span>
    </p>
   </div>
   <div class='ocr_carea' id='block_1_63' title="bbox 891 240 1673 278">
    <p class='ocr_par' dir='ltr' id='par_1_63' title="bbox 891 240 1673 278">
     <span class='ocr_line' id='line_1_64' title="bbox 891 240 1673 278; baseline 0.005 -12"><span class='ocrx_word' id='word_1_479' title='bbox 891 240 1025 275; x_wconf 80' lang='lat' dir='ltr'><strong>impietas,</strong></span> <span class='ocrx_word' id='word_1_480' title='bbox 1036 247 1125 269; x_wconf 87' lang='lat' dir='ltr'><strong>tamen</strong></span> <span class='ocrx_word' id='word_1_481' title='bbox 1145 242 1210 277; x_wconf 80' lang='lat' dir='ltr'><strong>ipsis</strong></span> <span class='ocrx_word' id='word_1_482' title='bbox 1221 247 1285 270; x_wconf 92' lang='lat' dir='ltr'><strong>sunt</strong></span> <span class='ocrx_word' id='word_1_483' title='bbox 1299 243 1431 278; x_wconf 68' lang='lat' dir='ltr'><strong>aegritudo</strong></span> <span class='ocrx_word' id='word_1_484' title='bbox 1444 243 1612 276; x_wconf 82' lang='lat' dir='ltr'><strong>insanabilis,</strong></span> <span class='ocrx_word' id='word_1_485' title='bbox 1625 250 1673 270; x_wconf 85' lang='lat' dir='ltr'><strong>vo-</strong></span> 
     </span>
    </p>
   </div>
   <div class='ocr_carea' id='block_1_64' title="bbox 890 288 1673 325">
    <p class='ocr_par' dir='ltr' id='par_1_64' title="bbox 890 288 1673 325">
     <span class='ocr_line' id='line_1_65' title="bbox 890 288 1673 325; baseline 0.003 -11"><span class='ocrx_word' id='word_1_486' title='bbox 890 288 932 315; x_wconf 92' lang='lat' dir='ltr'><strong>bis</strong></span> <span class='ocrx_word' id='word_1_487' title='bbox 943 295 1007 315; x_wconf 91' lang='lat' dir='ltr'><strong>vero</strong></span> <span class='ocrx_word' id='word_1_488' title='bbox 1017 289 1191 323; x_wconf 87' lang='lat' dir='ltr'><strong>opprobrium</strong></span> <span class='ocrx_word' id='word_1_489' title='bbox 1207 289 1296 316; x_wconf 88' lang='lat' dir='ltr'><strong>Bcliar</strong></span> <span class='ocrx_word' id='word_1_490' title='bbox 1309 291 1520 324; x_wconf 91' lang='lat' dir='ltr'><strong>sempiternum;</strong></span> <span class='ocrx_word' id='word_1_491' title='bbox 1541 290 1673 325; x_wconf 85' lang='lat' dir='ltr'><strong>quoniam</strong></span> 
     </span>
    </p>
   </div>
   <div class='ocr_carea' id='block_1_65' title="bbox 890 334 1675 370">
    <p class='ocr_par' dir='ltr' id='par_1_65' title="bbox 890 334 1675 370">
     <span class='ocr_line' id='line_1_66' title="bbox 890 334 1675 370; baseline 0.003 -9"><span class='ocrx_word' id='word_1_492' title='bbox 890 334 1034 362; x_wconf 88' lang='lat' dir='ltr'><strong>fornicatio</strong></span> <span class='ocrx_word' id='word_1_493' title='bbox 1053 343 1141 370; x_wconf 88' lang='lat' dir='ltr'><strong>neque</strong></span> <span class='ocrx_word' id='word_1_494' title='bbox 1155 335 1320 363; x_wconf 87' lang='lat' dir='ltr'><strong>intellectum</strong></span> <span class='ocrx_word' id='word_1_495' title='bbox 1343 343 1430 370; x_wconf 92' lang='lat' dir='ltr'><strong>neque</strong></span> <span class='ocrx_word' id='word_1_496' title='bbox 1450 336 1576 370; x_wconf 76' lang='lat' dir='ltr'><strong>pietatem</strong></span> <span class='ocrx_word' id='word_1_497' title='bbox 1593 336 1675 363; x_wconf 87' lang='lat' dir='ltr'><strong>habet</strong></span> 
     </span>
    </p>
   </div>
   <div class='ocr_carea' id='block_1_66' title="bbox 890 381 1673 417">
    <p class='ocr_par' dir='ltr' id='par_1_66' title="bbox 890 381 1673 417">
     <span class='ocr_line' id='line_1_67' title="bbox 890 381 1673 417; baseline 0.003 -10"><span class='ocrx_word' id='word_1_498' title='bbox 890 381 917 407; x_wconf 93' lang='lat' dir='ltr'><strong>in</strong></span> <span class='ocrx_word' id='word_1_499' title='bbox 935 381 1025 416; x_wconf 86' lang='lat' dir='ltr'><strong>seipsa</strong></span> <span class='ocrx_word' id='word_1_500' title='bbox 1037 401 1044 412; x_wconf 85' lang='lat'><strong>,</strong></span> <span class='ocrx_word' id='word_1_501' title='bbox 1061 385 1088 408; x_wconf 86' lang='lat' dir='ltr'><strong>et</strong></span> <span class='ocrx_word' id='word_1_502' title='bbox 1101 382 1190 409; x_wconf 90' lang='lat' dir='ltr'><strong>omnis</strong></span> <span class='ocrx_word' id='word_1_503' title='bbox 1206 382 1280 409; x_wconf 86' lang='lat' dir='ltr'><strong>zelus</strong></span> <span class='ocrx_word' id='word_1_504' title='bbox 1296 381 1400 409; x_wconf 85' lang='lat' dir='ltr'><strong>habitat</strong></span> <span class='ocrx_word' id='word_1_505' title='bbox 1414 382 1440 408; x_wconf 88' lang='lat' dir='ltr'><strong>iu</strong></span> <span class='ocrx_word' id='word_1_506' title='bbox 1455 382 1592 410; x_wconf 89' lang='lat' dir='ltr'><strong>desiderio</strong></span> <span class='ocrx_word' id='word_1_507' title='bbox 1602 382 1673 417; x_wconf 85' lang='lat' dir='ltr'><strong>ejus.</strong></span> 
     </span>
    </p>
   </div>
   <div class='ocr_carea' id='block_1_67' title="bbox 889 426 1674 463">
    <p class='ocr_par' dir='ltr' id='par_1_67' title="bbox 889 426 1674 463">
     <span class='ocr_line' id='line_1_68' title="bbox 889 426 1674 463; baseline 0.004 -10"><span class='ocrx_word' id='word_1_508' title='bbox 889 426 1004 462; x_wconf 77' lang='lat' dir='ltr'><strong>Propter</strong></span> <span class='ocrx_word' id='word_1_509' title='bbox 1028 427 1079 454; x_wconf 87' lang='lat' dir='ltr'><strong>hoc</strong></span> <span class='ocrx_word' id='word_1_510' title='bbox 1111 428 1266 456; x_wconf 87' lang='lat' dir='ltr'><strong>invidebitis</strong></span> <span class='ocrx_word' id='word_1_511' title='bbox 1293 428 1356 456; x_wconf 89' lang='lat' dir='ltr'><strong>ﬁliis</strong></span> <span class='ocrx_word' id='word_1_512' title='bbox 1390 428 1464 461; x_wconf 82' lang='lat' dir='ltr'><strong>Levi,</strong></span> <span class='ocrx_word' id='word_1_513' title='bbox 1492 433 1519 455; x_wconf 87' lang='lat' dir='ltr'><strong>et</strong></span> <span class='ocrx_word' id='word_1_514' title='bbox 1545 429 1674 463; x_wconf 61' lang='lat' dir='ltr'><strong>quaeretis</strong></span> 
     </span>
    </p>
   </div>
   <div class='ocr_carea' id='block_1_68' title="bbox 891 474 1673 509">
    <p class='ocr_par' dir='ltr' id='par_1_68' title="bbox 891 474 1673 509">
     <span class='ocr_line' id='line_1_69' title="bbox 891 474 1673 509; baseline 0.003 -9"><span class='ocrx_word' id='word_1_515' title='bbox 891 474 1005 501; x_wconf 79' lang='lat' dir='ltr'><strong>exaltari</strong></span> <span class='ocrx_word' id='word_1_516' title='bbox 1024 481 1106 509; x_wconf 88' lang='lat' dir='ltr'><strong>super</strong></span> <span class='ocrx_word' id='word_1_517' title='bbox 1126 481 1184 506; x_wconf 88' lang='lat' dir='ltr'><strong>eos,</strong></span> <span class='ocrx_word' id='word_1_518' title='bbox 1208 474 1255 501; x_wconf 84' lang='lat' dir='ltr'><strong>sed</strong></span> <span class='ocrx_word' id='word_1_519' title='bbox 1279 481 1334 501; x_wconf 89' lang='lat' dir='ltr'><strong>non</strong></span> <span class='ocrx_word' id='word_1_520' title='bbox 1353 475 1486 508; x_wconf 85' lang='lat' dir='ltr'><strong>poteritis.</strong></span> <span class='ocrx_word' id='word_1_521' title='bbox 1515 475 1587 502; x_wconf 84' lang='lat' dir='ltr'><strong>Deus</strong></span> <span class='ocrx_word' id='word_1_522' title='bbox 1601 475 1673 503; x_wconf 92' lang='lat' dir='ltr'><strong>enim</strong></span> 
     </span>
    </p>
   </div>
   <div class='ocr_carea' id='block_1_69' title="bbox 893 521 1675 558">
    <p class='ocr_par' dir='ltr' id='par_1_69' title="bbox 893 521 1675 558">
     <span class='ocr_line' id='line_1_70' title="bbox 893 521 1675 558; baseline 0.003 -10"><span class='ocrx_word' id='word_1_523' title='bbox 893 521 973 548; x_wconf 88' lang='lat' dir='ltr'><strong>faciet</strong></span> <span class='ocrx_word' id='word_1_524' title='bbox 996 521 1144 548; x_wconf 75' lang='lat' dir='ltr'><strong>vindictam</strong></span> <span class='ocrx_word' id='word_1_525' title='bbox 1167 528 1275 555; x_wconf 88' lang='lat' dir='ltr'><strong>eorum,</strong></span> <span class='ocrx_word' id='word_1_526' title='bbox 1289 525 1317 549; x_wconf 90' lang='lat' dir='ltr'><strong>et</strong></span> <span class='ocrx_word' id='word_1_527' title='bbox 1332 522 1487 550; x_wconf 89' lang='lat' dir='ltr'><strong>moriemini</strong></span> <span class='ocrx_word' id='word_1_528' title='bbox 1507 528 1595 550; x_wconf 91' lang='lat' dir='ltr'><strong>morte</strong></span> <span class='ocrx_word' id='word_1_529' title='bbox 1613 531 1675 558; x_wconf 88' lang='lat' dir='ltr'><strong>per-</strong></span> 
     </span>
    </p>
   </div>
   <div class='ocr_carea' id='block_1_70' title="bbox 893 567 1678 604">
    <p class='ocr_par' dir='ltr' id='par_1_70' title="bbox 893 567 1678 604">
     <span class='ocr_line' id='line_1_71' title="bbox 893 567 1678 604; baseline 0.004 -10"><span class='ocrx_word' id='word_1_530' title='bbox 893 567 1007 595; x_wconf 85' lang='lat' dir='ltr'><strong>niciosa.</strong></span> <span class='ocrx_word' id='word_1_531' title='bbox 1035 567 1098 594; x_wconf 86' lang='lat' dir='ltr'><strong>Levi</strong></span> <span class='ocrx_word' id='word_1_532' title='bbox 1120 568 1192 595; x_wconf 85' lang='lat' dir='ltr'><strong>enim</strong></span> <span class='ocrx_word' id='word_1_533' title='bbox 1212 568 1286 596; x_wconf 83' lang='lat' dir='ltr'><strong>dedit</strong></span> <span class='ocrx_word' id='word_1_534' title='bbox 1304 568 1437 596; x_wconf 88' lang='lat' dir='ltr'><strong>Dominus</strong></span> <span class='ocrx_word' id='word_1_535' title='bbox 1453 569 1634 604; x_wconf 84' lang='lat' dir='ltr'><strong>principatum</strong></span> <span class='ocrx_word' id='word_1_536' title='bbox 1649 573 1678 597; x_wconf 80' lang='lat' dir='ltr'><strong>et</strong></span> 
     </span>
    </p>
   </div>
   <div class='ocr_carea' id='block_1_71' title="bbox 892 613 1677 650">
    <p class='ocr_par' dir='ltr' id='par_1_71' title="bbox 892 613 1677 650">
     <span class='ocr_line' id='line_1_72' title="bbox 892 613 1677 650; baseline 0.004 -10"><span class='ocrx_word' id='word_1_537' title='bbox 892 613 976 645; x_wconf 72' lang='lat' dir='ltr'><strong>Judaz,</strong></span> <span class='ocrx_word' id='word_1_538' title='bbox 990 621 1052 641; x_wconf 94' lang='lat' dir='ltr'><strong>cum</strong></span> <span class='ocrx_word' id='word_1_539' title='bbox 1067 614 1108 641; x_wconf 91' lang='lat' dir='ltr'><strong>his</strong></span> <span class='ocrx_word' id='word_1_540' title='bbox 1121 619 1147 641; x_wconf 87' lang='lat' dir='ltr'><strong>et</strong></span> <span class='ocrx_word' id='word_1_541' title='bbox 1161 614 1228 641; x_wconf 91' lang='lat' dir='ltr'><strong>mihi</strong></span> <span class='ocrx_word' id='word_1_542' title='bbox 1241 619 1268 642; x_wconf 89' lang='lat' dir='ltr'><strong>et</strong></span> <span class='ocrx_word' id='word_1_543' title='bbox 1280 614 1336 642; x_wconf 85' lang='lat' dir='ltr'><strong>Dan</strong></span> <span class='ocrx_word' id='word_1_544' title='bbox 1351 620 1377 642; x_wconf 91' lang='lat' dir='ltr'><strong>et</strong></span> <span class='ocrx_word' id='word_1_545' title='bbox 1389 614 1500 650; x_wconf 84' lang='lat' dir='ltr'><strong>Joseph,</strong></span> <span class='ocrx_word' id='word_1_546' title='bbox 1511 620 1541 642; x_wconf 87' lang='lat' dir='ltr'><strong>ut</strong></span> <span class='ocrx_word' id='word_1_547' title='bbox 1552 623 1677 643; x_wconf 81' lang='lat' dir='ltr'><strong>essemus</strong></span> 
     </span>
    </p>
   </div>
   <div class='ocr_carea' id='block_1_72' title="bbox 894 659 1673 695">
    <p class='ocr_par' dir='ltr' id='par_1_72' title="bbox 894 659 1673 695">
     <span class='ocr_line' id='line_1_73' title="bbox 894 659 1673 695; baseline 0.004 -10"><span class='ocrx_word' id='word_1_548' title='bbox 894 659 1039 694; x_wconf 87' lang='lat' dir='ltr'><strong>principes.</strong></span> <span class='ocrx_word' id='word_1_549' title='bbox 1065 659 1179 695; x_wconf 85' lang='lat' dir='ltr'><strong>Propter</strong></span> <span class='ocrx_word' id='word_1_550' title='bbox 1201 661 1252 688; x_wconf 88' lang='lat' dir='ltr'><strong>hoe</strong></span> <span class='ocrx_word' id='word_1_551' title='bbox 1272 661 1373 689; x_wconf 88' lang='lat' dir='ltr'><strong>mando</strong></span> <span class='ocrx_word' id='word_1_552' title='bbox 1395 661 1473 689; x_wconf 83' lang='lat' dir='ltr'><strong>vobis</strong></span> <span class='ocrx_word' id='word_1_553' title='bbox 1488 662 1584 689; x_wconf 90' lang='lat' dir='ltr'><strong>audire</strong></span> <span class='ocrx_word' id='word_1_554' title='bbox 1599 661 1673 694; x_wconf 80' lang='lat' dir='ltr'><strong>Levi.</strong></span> 
     </span>
    </p>
   </div>
   <div class='ocr_carea' id='block_1_73' title="bbox 893 706 1678 743">
    <p class='ocr_par' dir='ltr' id='par_1_73' title="bbox 893 706 1678 743">
     <span class='ocr_line' id='line_1_74' title="bbox 893 706 1678 743; baseline 0.004 -10"><span class='ocrx_word' id='word_1_555' title='bbox 893 707 1022 742; x_wconf 91' lang='lat' dir='ltr'><strong>quoniam</strong></span> <span class='ocrx_word' id='word_1_556' title='bbox 1039 706 1097 742; x_wconf 91' lang='lat' dir='ltr'><strong>ipse</strong></span> <span class='ocrx_word' id='word_1_557' title='bbox 1119 712 1213 735; x_wconf 89' lang='lat' dir='ltr'><strong>noscet</strong></span> <span class='ocrx_word' id='word_1_558' title='bbox 1227 708 1312 743; x_wconf 82' lang='lat' dir='ltr'><strong>legem</strong></span> <span class='ocrx_word' id='word_1_559' title='bbox 1328 707 1445 741; x_wconf 89' lang='lat' dir='ltr'><strong>Domini,</strong></span> <span class='ocrx_word' id='word_1_560' title='bbox 1467 713 1494 736; x_wconf 90' lang='lat' dir='ltr'><strong>et</strong></span> <span class='ocrx_word' id='word_1_561' title='bbox 1515 709 1616 736; x_wconf 85' lang='lat' dir='ltr'><strong>dividet</strong></span> <span class='ocrx_word' id='word_1_562' title='bbox 1632 708 1678 743; x_wconf 79' lang='lat' dir='ltr'><strong>ju-</strong></span> 
     </span>
    </p>
   </div>
   <div class='ocr_carea' id='block_1_74' title="bbox 892 753 1677 790">
    <p class='ocr_par' dir='ltr' id='par_1_74' title="bbox 892 753 1677 790">
     <span class='ocr_line' id='line_1_75' title="bbox 892 753 1677 790; baseline 0.003 -10"><span class='ocrx_word' id='word_1_563' title='bbox 892 753 963 780; x_wconf 90' lang='lat' dir='ltr'><strong>dicia</strong></span> <span class='ocrx_word' id='word_1_564' title='bbox 980 753 1036 788; x_wconf 80' lang='grc'><strong>(81)</strong></span> <span class='ocrx_word' id='word_1_565' title='bbox 1057 758 1085 780; x_wconf 91' lang='lat' dir='ltr'><strong>et</strong></span> <span class='ocrx_word' id='word_1_566' title='bbox 1100 754 1233 783; x_wconf 85' lang='lat' dir='ltr'><strong>sacriﬁcia</strong></span> <span class='ocrx_word' id='word_1_567' title='bbox 1247 762 1298 789; x_wconf 91' lang='lat' dir='ltr'><strong>pro</strong></span> <span class='ocrx_word' id='word_1_568' title='bbox 1318 755 1393 782; x_wconf 91' lang='lat' dir='ltr'><strong>omni</strong></span> <span class='ocrx_word' id='word_1_569' title='bbox 1417 754 1517 786; x_wconf 84' lang='lat' dir='ltr'><strong>Israel.</strong></span> <span class='ocrx_word' id='word_1_570' title='bbox 1540 762 1627 790; x_wconf 85' lang='lat' dir='ltr'><strong>usque</strong></span> <span class='ocrx_word' id='word_1_571' title='bbox 1643 754 1677 782; x_wconf 87' lang='lat' dir='ltr'><strong>ad</strong></span> 
     </span>
    </p>
   </div>
   <div class='ocr_carea' id='block_1_75' title="bbox 893 799 1677 836">
    <p class='ocr_par' dir='ltr' id='par_1_75' title="bbox 893 799 1677 836">
     <span class='ocr_line' id='line_1_76' title="bbox 893 799 1677 836; baseline 0.001 -10"><span class='ocrx_word' id='word_1_572' title='bbox 893 799 1155 827; x_wconf 84' lang='lat' dir='ltr'><strong>consummationem</strong></span> <span class='ocrx_word' id='word_1_573' title='bbox 1178 805 1332 835; x_wconf 85' lang='lat' dir='ltr'><strong>temporum</strong></span> <span class='ocrx_word' id='word_1_574' title='bbox 1346 800 1479 836; x_wconf 88' lang='lat' dir='ltr'><strong>principis</strong></span> <span class='ocrx_word' id='word_1_575' title='bbox 1501 801 1677 829; x_wconf 86' lang='lat' dir='ltr'><strong>sacerdotum</strong></span> 
     </span>
    </p>
   </div>
   <div class='ocr_carea' id='block_1_76' title="bbox 894 845 1677 883">
    <p class='ocr_par' dir='ltr' id='par_1_76' title="bbox 894 845 1677 883">
     <span class='ocr_line' id='line_1_77' title="bbox 894 845 1677 883; baseline 0.003 -10"><span class='ocrx_word' id='word_1_576' title='bbox 894 845 1005 879; x_wconf 85' lang='lat' dir='ltr'><strong>Christi,</strong></span> <span class='ocrx_word' id='word_1_577' title='bbox 1018 854 1099 881; x_wconf 89' lang='lat' dir='ltr'><strong>quem</strong></span> <span class='ocrx_word' id='word_1_578' title='bbox 1110 846 1179 874; x_wconf 83' lang='lat' dir='ltr'><strong>dixit</strong></span> <span class='ocrx_word' id='word_1_579' title='bbox 1195 846 1337 875; x_wconf 88' lang='lat' dir='ltr'><strong>Dominus.</strong></span> <span class='ocrx_word' id='word_1_580' title='bbox 1351 847 1456 883; x_wconf 80' lang='lat' dir='ltr'><strong>Adjuro</strong></span> <span class='ocrx_word' id='word_1_581' title='bbox 1470 855 1519 875; x_wconf 85' lang='lat' dir='ltr'><strong>vos</strong></span> <span class='ocrx_word' id='word_1_582' title='bbox 1532 855 1580 882; x_wconf 89' lang='lat' dir='ltr'><strong>per</strong></span> <span class='ocrx_word' id='word_1_583' title='bbox 1591 847 1677 875; x_wconf 88' lang='lat' dir='ltr'><strong>Deum</strong></span> 
     </span>
    </p>
   </div>
   <div class='ocr_carea' id='block_1_77' title="bbox 894 893 1679 928">
    <p class='ocr_par' dir='ltr' id='par_1_77' title="bbox 894 893 1679 928">
     <span class='ocr_line' id='line_1_78' title="bbox 894 893 1679 928; baseline 0.001 -8"><span class='ocrx_word' id='word_1_584' title='bbox 894 893 968 926; x_wconf 75' lang='lat' dir='ltr'><strong>cmli,</strong></span> <span class='ocrx_word' id='word_1_585' title='bbox 989 897 1019 920; x_wconf 84' lang='lat' dir='ltr'><strong>ut</strong></span> <span class='ocrx_word' id='word_1_586' title='bbox 1049 893 1154 921; x_wconf 77' lang='lat' dir='ltr'><strong>faciatis</strong></span> <span class='ocrx_word' id='word_1_587' title='bbox 1178 893 1319 921; x_wconf 82' lang='lat' dir='ltr'><strong>veritatem</strong></span> <span class='ocrx_word' id='word_1_588' title='bbox 1344 894 1535 928; x_wconf 75' lang='lat' dir='ltr'><strong>unusquisque</strong></span> <span class='ocrx_word' id='word_1_589' title='bbox 1554 894 1679 928; x_wconf 84' lang='lat' dir='ltr'><strong>proximo</strong></span> 
     </span>
    </p>
   </div>
   <div class='ocr_carea' id='block_1_78' title="bbox 894 938 1678 974">
    <p class='ocr_par' dir='ltr' id='par_1_78' title="bbox 894 938 1678 974">
     <span class='ocr_line' id='line_1_79' title="bbox 894 938 1678 974; baseline 0 -9"><span class='ocrx_word' id='word_1_590' title='bbox 894 945 955 970; x_wconf 84' lang='lat' dir='ltr'><strong>suo,</strong></span> <span class='ocrx_word' id='word_1_591' title='bbox 974 943 1002 966; x_wconf 91' lang='lat' dir='ltr'><strong>et</strong></span> <span class='ocrx_word' id='word_1_592' title='bbox 1012 939 1045 965; x_wconf 91' lang='lat' dir='ltr'><strong>ad</strong></span> <span class='ocrx_word' id='word_1_593' title='bbox 1059 938 1123 965; x_wconf 88' lang='lat' dir='ltr'><strong>Levi</strong></span> <span class='ocrx_word' id='word_1_594' title='bbox 1139 939 1355 974; x_wconf 87' lang='lat' dir='ltr'><strong>appropinquate</strong></span> <span class='ocrx_word' id='word_1_595' title='bbox 1369 938 1395 965; x_wconf 94' lang='lat' dir='ltr'><strong>in</strong></span> <span class='ocrx_word' id='word_1_596' title='bbox 1411 938 1565 966; x_wconf 87' lang='lat' dir='ltr'><strong>humilitate</strong></span> <span class='ocrx_word' id='word_1_597' title='bbox 1576 939 1678 971; x_wconf 88' lang='lat' dir='ltr'><strong>cordis,</strong></span> 
     </span>
    </p>
   </div>
   <div class='ocr_carea' id='block_1_79' title="bbox 893 984 1679 1020">
    <p class='ocr_par' dir='ltr' id='par_1_79' title="bbox 893 984 1679 1020">
     <span class='ocr_line' id='line_1_80' title="bbox 893 984 1679 1020; baseline -0.001 -8"><span class='ocrx_word' id='word_1_598' title='bbox 893 989 924 1012; x_wconf 88' lang='lat' dir='ltr'><strong>ut</strong></span> <span class='ocrx_word' id='word_1_599' title='bbox 936 985 1074 1020; x_wconf 84' lang='lat' dir='ltr'><strong>recipiatis</strong></span> <span class='ocrx_word' id='word_1_600' title='bbox 1088 985 1305 1012; x_wconf 83' lang='lat' dir='ltr'><strong>benedictionem</strong></span> <span class='ocrx_word' id='word_1_601' title='bbox 1315 992 1349 1012; x_wconf 83' lang='lat' dir='ltr'><strong>ex</strong></span> <span class='ocrx_word' id='word_1_602' title='bbox 1362 992 1409 1012; x_wconf 88' lang='lat' dir='ltr'><strong>ore</strong></span> <span class='ocrx_word' id='word_1_603' title='bbox 1421 984 1516 1020; x_wconf 86' lang='lat' dir='ltr'><strong>ipsius.</strong></span> <span class='ocrx_word' id='word_1_604' title='bbox 1531 984 1590 1019; x_wconf 86' lang='lat' dir='ltr'><strong>Ipse</strong></span> <span class='ocrx_word' id='word_1_605' title='bbox 1604 984 1679 1012; x_wconf 87' lang='lat' dir='ltr'><strong>enim</strong></span> 
     </span>
    </p>
   </div>
   <div class='ocr_carea' id='block_1_80' title="bbox 893 1030 1680 1066">
    <p class='ocr_par' dir='ltr' id='par_1_80' title="bbox 893 1030 1680 1066">
     <span class='ocr_line' id='line_1_81' title="bbox 893 1030 1680 1066; baseline -0.001 -8"><span class='ocrx_word' id='word_1_606' title='bbox 893 1031 1034 1058; x_wconf 89' lang='lat' dir='ltr'><strong>benedicet</strong></span> <span class='ocrx_word' id='word_1_607' title='bbox 1055 1031 1146 1058; x_wconf 83' lang='lat' dir='ltr'><strong>lsraeli</strong></span> <span class='ocrx_word' id='word_1_608' title='bbox 1175 1035 1202 1058; x_wconf 90' lang='lat' dir='ltr'><strong>et</strong></span> <span class='ocrx_word' id='word_1_609' title='bbox 1232 1030 1328 1063; x_wconf 64' lang='lat' dir='ltr'><strong>Iudae:</strong></span> <span class='ocrx_word' id='word_1_610' title='bbox 1357 1031 1487 1066; x_wconf 84' lang='lat' dir='ltr'><strong>quoniam</strong></span> <span class='ocrx_word' id='word_1_611' title='bbox 1513 1038 1576 1058; x_wconf 87' lang='lat' dir='ltr'><strong>eum</strong></span> <span class='ocrx_word' id='word_1_612' title='bbox 1598 1030 1680 1066; x_wconf 83' lang='lat' dir='ltr'><strong>elegit</strong></span> 
     </span>
    </p>
   </div>
   <div class='ocr_carea' id='block_1_81' title="bbox 893 1075 1680 1112">
    <p class='ocr_par' dir='ltr' id='par_1_81' title="bbox 893 1075 1680 1112">
     <span class='ocr_line' id='line_1_82' title="bbox 893 1075 1680 1112; baseline 0 -9"><span class='ocrx_word' id='word_1_613' title='bbox 893 1075 965 1104; x_wconf 90' lang='lat' dir='ltr'><strong>Deus</strong></span> <span class='ocrx_word' id='word_1_614' title='bbox 986 1084 1077 1111; x_wconf 80' lang='lat' dir='ltr'><strong>regem</strong></span> <span class='ocrx_word' id='word_1_615' title='bbox 1096 1076 1152 1111; x_wconf 84' lang='grc'><strong>(85)</strong></span> <span class='ocrx_word' id='word_1_616' title='bbox 1175 1084 1257 1111; x_wconf 72' lang='lat' dir='ltr'><strong>super</strong></span> <span class='ocrx_word' id='word_1_617' title='bbox 1282 1083 1377 1104; x_wconf 89' lang='lat' dir='ltr'><strong>omnes</strong></span> <span class='ocrx_word' id='word_1_618' title='bbox 1394 1076 1518 1112; x_wconf 83' lang='lat' dir='ltr'><strong>populos.</strong></span> <span class='ocrx_word' id='word_1_619' title='bbox 1537 1076 1570 1103; x_wconf 86' lang='lat' dir='ltr'><strong>Et</strong></span> <span class='ocrx_word' id='word_1_620' title='bbox 1584 1076 1680 1104; x_wconf 86' lang='lat' dir='ltr'><strong>adora-</strong></span> 
     </span>
    </p>
   </div>
   <div class='ocr_carea' id='block_1_82' title="bbox 892 1121 1679 1158">
    <p class='ocr_par' dir='ltr' id='par_1_82' title="bbox 892 1121 1679 1158">
     <span class='ocr_line' id='line_1_83' title="bbox 892 1121 1679 1158; baseline -0.001 -9"><span class='ocrx_word' id='word_1_621' title='bbox 892 1122 958 1150; x_wconf 88' lang='lat' dir='ltr'><strong>bitis</strong></span> <span class='ocrx_word' id='word_1_622' title='bbox 975 1130 1067 1150; x_wconf 89' lang='lat' dir='ltr'><strong>semen</strong></span> <span class='ocrx_word' id='word_1_623' title='bbox 1085 1122 1170 1158; x_wconf 91' lang='lat' dir='ltr'><strong>ipsius</strong></span> <span class='ocrx_word' id='word_1_624' title='bbox 1192 1122 1260 1157; x_wconf 74' lang='grc'><strong>(84),</strong></span> <span class='ocrx_word' id='word_1_625' title='bbox 1276 1122 1406 1157; x_wconf 83' lang='lat' dir='ltr'><strong>quoniam</strong></span> <span class='ocrx_word' id='word_1_626' title='bbox 1427 1130 1475 1157; x_wconf 90' lang='lat' dir='ltr'><strong>pro</strong></span> <span class='ocrx_word' id='word_1_627' title='bbox 1489 1122 1567 1150; x_wconf 86' lang='lat' dir='ltr'><strong>vobis</strong></span> <span class='ocrx_word' id='word_1_628' title='bbox 1579 1121 1679 1149; x_wconf 84' lang='lat' dir='ltr'><strong>morie-</strong></span> 
     </span>
    </p>
   </div>
   <div class='ocr_carea' id='block_1_83' title="bbox 893 1168 1679 1202">
    <p class='ocr_par' dir='ltr' id='par_1_83' title="bbox 893 1168 1679 1202">
     <span class='ocr_line' id='line_1_84' title="bbox 893 1168 1679 1202; baseline -0.001 -6"><span class='ocrx_word' id='word_1_629' title='bbox 893 1173 938 1196; x_wconf 89' lang='lat' dir='ltr'><strong>tur</strong></span> <span class='ocrx_word' id='word_1_630' title='bbox 959 1169 986 1195; x_wconf 90' lang='lat' dir='ltr'><strong>in</strong></span> <span class='ocrx_word' id='word_1_631' title='bbox 1011 1168 1087 1196; x_wconf 89' lang='lat' dir='ltr'><strong>bellis</strong></span> <span class='ocrx_word' id='word_1_632' title='bbox 1110 1169 1265 1196; x_wconf 84' lang='lat' dir='ltr'><strong>visibilibus</strong></span> <span class='ocrx_word' id='word_1_633' title='bbox 1279 1173 1305 1195; x_wconf 80' lang='lat' dir='ltr'><strong>et</strong></span> <span class='ocrx_word' id='word_1_634' title='bbox 1327 1168 1509 1196; x_wconf 89' lang='lat' dir='ltr'><strong>invisibilibus</strong></span> <span class='ocrx_word' id='word_1_635' title='bbox 1521 1189 1528 1202; x_wconf 89' lang='lat'><strong>,</strong></span> <span class='ocrx_word' id='word_1_636' title='bbox 1545 1172 1572 1196; x_wconf 88' lang='lat' dir='ltr'><strong>et</strong></span> <span class='ocrx_word' id='word_1_637' title='bbox 1584 1168 1636 1196; x_wconf 89' lang='lat' dir='ltr'><strong>erit</strong></span> <span class='ocrx_word' id='word_1_638' title='bbox 1651 1168 1679 1195; x_wconf 92' lang='lat' dir='ltr'><strong>in</strong></span> 
     </span>
    </p>
   </div>
   <div class='ocr_carea' id='block_1_84' title="bbox 893 1213 1258 1241">
    <p class='ocr_par' dir='ltr' id='par_1_84' title="bbox 893 1213 1258 1241">
     <span class='ocr_line' id='line_1_85' title="bbox 893 1213 1258 1241; baseline 0.003 -2"><span class='ocrx_word' id='word_1_639' title='bbox 893 1213 971 1240; x_wconf 89' lang='lat' dir='ltr'><strong>vobis</strong></span> <span class='ocrx_word' id='word_1_640' title='bbox 990 1221 1037 1240; x_wconf 86' lang='lat' dir='ltr'><strong>rex</strong></span> <span class='ocrx_word' id='word_1_641' title='bbox 1052 1213 1226 1241; x_wconf 61' lang='lat' dir='ltr'><strong>saeculorum.</strong></span> <span class='ocrx_word' id='word_1_642' title='bbox 1249 1225 1258 1240; x_wconf 73' lang='grc' dir='ltr'>ι</span> 
     </span>
    </p>
   </div>
   <div class='ocr_carea' id='block_1_85' title="bbox 928 1303 1681 1339">
    <p class='ocr_par' dir='ltr' id='par_1_85' title="bbox 928 1303 1681 1339">
     <span class='ocr_line' id='line_1_86' title="bbox 928 1303 1681 1339; baseline 0.001 -9"><span class='ocrx_word' id='word_1_643' title='bbox 928 1303 984 1330; x_wconf 85' lang='lat' dir='ltr'><strong>VII.</strong></span> <span class='ocrx_word' id='word_1_644' title='bbox 1004 1303 1038 1331; x_wconf 88' lang='lat' dir='ltr'><strong>Et</strong></span> <span class='ocrx_word' id='word_1_645' title='bbox 1062 1308 1187 1332; x_wconf 90' lang='lat' dir='ltr'><strong>mortuus</strong></span> <span class='ocrx_word' id='word_1_646' title='bbox 1212 1308 1255 1332; x_wconf 87' lang='lat' dir='ltr'><strong>est</strong></span> <span class='ocrx_word' id='word_1_647' title='bbox 1283 1304 1393 1338; x_wconf 77' lang='lat' dir='ltr'><strong>Ruben,</strong></span> <span class='ocrx_word' id='word_1_648' title='bbox 1419 1312 1482 1332; x_wconf 89' lang='lat' dir='ltr'><strong>cum</strong></span> <span class='ocrx_word' id='word_1_649' title='bbox 1507 1304 1681 1339; x_wconf 64' lang='lat' dir='ltr'><strong>prmeepissct</strong></span> 
     </span>
    </p>
   </div>
   <div class='ocr_carea' id='block_1_86' title="bbox 893 1349 1681 1385">
    <p class='ocr_par' dir='ltr' id='par_1_86' title="bbox 893 1349 1681 1385">
     <span class='ocr_line' id='line_1_87' title="bbox 893 1349 1681 1385; baseline 0.001 -9"><span class='ocrx_word' id='word_1_650' title='bbox 893 1350 952 1377; x_wconf 66' lang='lat' dir='ltr'><strong>haec</strong></span> <span class='ocrx_word' id='word_1_651' title='bbox 965 1349 1029 1378; x_wconf 90' lang='lat' dir='ltr'><strong>ﬁliis</strong></span> <span class='ocrx_word' id='word_1_652' title='bbox 1044 1350 1117 1383; x_wconf 87' lang='lat' dir='ltr'><strong>suis;</strong></span> <span class='ocrx_word' id='word_1_653' title='bbox 1134 1354 1162 1378; x_wconf 88' lang='lat' dir='ltr'><strong>et</strong></span> <span class='ocrx_word' id='word_1_654' title='bbox 1176 1356 1330 1385; x_wconf 86' lang='lat' dir='ltr'><strong>posuerunt</strong></span> <span class='ocrx_word' id='word_1_655' title='bbox 1345 1358 1407 1378; x_wconf 90' lang='lat' dir='ltr'><strong>eum</strong></span> <span class='ocrx_word' id='word_1_656' title='bbox 1423 1351 1450 1378; x_wconf 92' lang='lat' dir='ltr'><strong>in</strong></span> <span class='ocrx_word' id='word_1_657' title='bbox 1463 1351 1541 1377; x_wconf 85' lang='lat' dir='ltr'><strong>theca</strong></span> <span class='ocrx_word' id='word_1_658' title='bbox 1551 1371 1559 1383; x_wconf 94' lang='lat'><strong>,</strong></span> <span class='ocrx_word' id='word_1_659' title='bbox 1579 1358 1681 1385; x_wconf 87' lang='lat' dir='ltr'><strong>usque-</strong></span> 
     </span>
    </p>
   </div>
   <div class='ocr_carea' id='block_1_87' title="bbox 893 1395 1681 1432">
    <p class='ocr_par' dir='ltr' id='par_1_87' title="bbox 893 1395 1681 1432">
     <span class='ocr_line' id='line_1_88' title="bbox 893 1395 1681 1432; baseline 0 -10"><span class='ocrx_word' id='word_1_660' title='bbox 893 1402 950 1430; x_wconf 90' lang='lat' dir='ltr'><strong>quo</strong></span> <span class='ocrx_word' id='word_1_661' title='bbox 970 1395 1119 1424; x_wconf 85' lang='lat' dir='ltr'><strong>referentes</strong></span> <span class='ocrx_word' id='word_1_662' title='bbox 1142 1403 1204 1423; x_wconf 90' lang='lat' dir='ltr'><strong>eum</strong></span> <span class='ocrx_word' id='word_1_663' title='bbox 1232 1403 1267 1423; x_wconf 78' lang='lat' dir='ltr'><strong>ex</strong></span> <span class='ocrx_word' id='word_1_664' title='bbox 1289 1395 1426 1432; x_wconf 65' lang='lat' dir='ltr'><strong>Egypto,</strong></span> <span class='ocrx_word' id='word_1_665' title='bbox 1459 1396 1623 1430; x_wconf 81' lang='lat' dir='ltr'><strong>sepelierunt</strong></span> <span class='ocrx_word' id='word_1_666' title='bbox 1653 1395 1681 1422; x_wconf 90' lang='lat' dir='ltr'><strong>in</strong></span> 
     </span>
    </p>
   </div>
   <div class='ocr_carea' id='block_1_88' title="bbox 895 1436 1682 1477">
    <p class='ocr_par' dir='ltr' id='par_1_88' title="bbox 895 1436 1682 1477">
     <span class='ocr_line' id='line_1_89' title="bbox 895 1436 1682 1477; baseline 0.001 -9"><span class='ocrx_word' id='word_1_667' title='bbox 895 1440 1001 1470; x_wconf 88' lang='lat' dir='ltr'><strong>Hebron</strong></span> <span class='ocrx_word' id='word_1_668' title='bbox 1026 1441 1052 1469; x_wconf 92' lang='lat' dir='ltr'><strong>in</strong></span> <span class='ocrx_word' id='word_1_669' title='bbox 1077 1443 1206 1477; x_wconf 84' lang='lat' dir='ltr'><strong>spelunca</strong></span> <span class='ocrx_word' id='word_1_670' title='bbox 1225 1442 1336 1477; x_wconf 81' lang='lat' dir='ltr'><strong>duplici.</strong></span> <span class='ocrx_word' id='word_1_671' title='bbox 1363 1442 1410 1470; x_wconf 86' lang='lat' dir='ltr'><strong>ubi</strong></span> <span class='ocrx_word' id='word_1_672' title='bbox 1426 1446 1517 1477; x_wconf 77' lang='lat' dir='ltr'><strong>patres</strong></span> <span class='ocrx_word' id='word_1_673' title='bbox 1539 1436 1682 1477; x_wconf 85' lang='lat' dir='ltr'><strong>ejus(dor-</strong></span> 
     </span>
    </p>
   </div>
   <div class='ocr_carea' id='block_1_89' title="bbox 894 1488 1031 1522">
    <p class='ocr_par' dir='ltr' id='par_1_89' title="bbox 894 1488 1031 1522">
     <span class='ocr_line' id='line_1_90' title="bbox 894 1488 1031 1522; baseline 0 -7"><span class='ocrx_word' id='word_1_674' title='bbox 894 1488 1031 1522; x_wconf 76' lang='lat' dir='ltr'><strong>inierunt).</strong></span> 
     </span>
    </p>
   </div>
   <div class='ocr_carea' id='block_1_90' title="bbox 1198 1534 1366 1562">
    <p class='ocr_par' dir='ltr' id='par_1_90' title="bbox 1198 1534 1366 1562">
     <span class='ocr_line' id='line_1_91' title="bbox 1198 1534 1366 1562; baseline 0.006 -1"><span class='ocrx_word' id='word_1_675' title='bbox 1198 1534 1313 1562; x_wconf 79' lang='lat' dir='ltr'><strong>CAPUT</strong></span> <span class='ocrx_word' id='word_1_676' title='bbox 1334 1534 1366 1562; x_wconf 91' lang='lat' dir='ltr'><strong>ll.</strong></span> 
     </span>
    </p>
   </div>
   <div class='ocr_carea' id='block_1_91' title="bbox 1025 1578 1558 1613">
    <p class='ocr_par' dir='ltr' id='par_1_91' title="bbox 1025 1578 1558 1613">
     <span class='ocr_line' id='line_1_92' title="bbox 1025 1578 1558 1613; baseline 0.002 -7"><span class='ocrx_word' id='word_1_677' title='bbox 1025 1579 1218 1607; x_wconf 75' lang='lat' dir='ltr'><strong>Testamentum</strong></span> <span class='ocrx_word' id='word_1_678' title='bbox 1234 1578 1376 1613; x_wconf 82' lang='lat' dir='ltr'><strong>Simeom&#39;s,</strong></span> <span class='ocrx_word' id='word_1_679' title='bbox 1397 1581 1428 1608; x_wconf 85' lang='lat' dir='ltr'><strong>de</strong></span> <span class='ocrx_word' id='word_1_680' title='bbox 1448 1580 1558 1608; x_wconf 79' lang='lat' dir='ltr'><strong>invidia.</strong></span> 
     </span>
    </p>
   </div>
   <div class='ocr_carea' id='block_1_92' title="bbox 931 1625 1684 1662">
    <p class='ocr_par' dir='ltr' id='par_1_92' title="bbox 931 1625 1684 1662">
     <span class='ocr_line' id='line_1_93' title="bbox 931 1625 1684 1662; baseline 0.001 -10"><span class='ocrx_word' id='word_1_681' title='bbox 931 1625 950 1653; x_wconf 89' lang='grc'><strong>1.</strong></span> <span class='ocrx_word' id='word_1_682' title='bbox 973 1625 1179 1661; x_wconf 86' lang='lat' dir='ltr'><strong>Transeriptum</strong></span> <span class='ocrx_word' id='word_1_683' title='bbox 1194 1627 1341 1654; x_wconf 87' lang='lat' dir='ltr'><strong>verborum</strong></span> <span class='ocrx_word' id='word_1_684' title='bbox 1359 1626 1481 1660; x_wconf 88' lang='lat' dir='ltr'><strong>Simeon,</strong></span> <span class='ocrx_word' id='word_1_685' title='bbox 1501 1634 1562 1662; x_wconf 78' lang='lat' dir='ltr'><strong>quae</strong></span> <span class='ocrx_word' id='word_1_686' title='bbox 1576 1626 1684 1654; x_wconf 89' lang='lat' dir='ltr'><strong>locutus</strong></span> 
     </span>
    </p>
   </div>
   <div class='ocr_carea' id='block_1_93' title="bbox 897 1671 1684 1706">
    <p class='ocr_par' dir='ltr' id='par_1_93' title="bbox 897 1671 1684 1706">
     <span class='ocr_line' id='line_1_94' title="bbox 897 1671 1684 1706; baseline -0.001 -8"><span class='ocrx_word' id='word_1_687' title='bbox 897 1675 938 1698; x_wconf 88' lang='lat' dir='ltr'><strong>est</strong></span> <span class='ocrx_word' id='word_1_688' title='bbox 967 1671 1030 1698; x_wconf 89' lang='lat' dir='ltr'><strong>ﬁliis</strong></span> <span class='ocrx_word' id='word_1_689' title='bbox 1059 1671 1138 1704; x_wconf 88' lang='lat' dir='ltr'><strong>suis,</strong></span> <span class='ocrx_word' id='word_1_690' title='bbox 1175 1675 1322 1706; x_wconf 88' lang='lat' dir='ltr'><strong>antequam</strong></span> <span class='ocrx_word' id='word_1_691' title='bbox 1350 1676 1503 1699; x_wconf 88' lang='lat' dir='ltr'><strong>moreretur</strong></span> <span class='ocrx_word' id='word_1_692' title='bbox 1533 1671 1684 1699; x_wconf 89' lang='lat' dir='ltr'><strong>centesimo</strong></span> 
     </span>
    </p>
   </div>
   <div class='ocr_carea' id='block_1_94' title="bbox 897 1716 1685 1752">
    <p class='ocr_par' dir='ltr' id='par_1_94' title="bbox 897 1716 1685 1752">
     <span class='ocr_line' id='line_1_95' title="bbox 897 1716 1685 1752; baseline 0 -8"><span class='ocrx_word' id='word_1_693' title='bbox 897 1717 1028 1744; x_wconf 84' lang='lat' dir='ltr'><strong>vicesimo</strong></span> <span class='ocrx_word' id='word_1_694' title='bbox 1050 1724 1123 1744; x_wconf 89' lang='lat' dir='ltr'><strong>anno</strong></span> <span class='ocrx_word' id='word_1_695' title='bbox 1145 1717 1208 1744; x_wconf 69' lang='lat' dir='ltr'><strong>vita:</strong></span> <span class='ocrx_word' id='word_1_696' title='bbox 1223 1725 1289 1750; x_wconf 84' lang='lat' dir='ltr'><strong>suae,</strong></span> <span class='ocrx_word' id='word_1_697' title='bbox 1310 1717 1338 1744; x_wconf 92' lang='lat' dir='ltr'><strong>in</strong></span> <span class='ocrx_word' id='word_1_698' title='bbox 1353 1724 1408 1752; x_wconf 87' lang='lat' dir='ltr'><strong>quo</strong></span> <span class='ocrx_word' id='word_1_699' title='bbox 1429 1721 1554 1744; x_wconf 84' lang='lat' dir='ltr'><strong>mortuus</strong></span> <span class='ocrx_word' id='word_1_700' title='bbox 1574 1721 1616 1744; x_wconf 90' lang='lat' dir='ltr'><strong>est</strong></span> <span class='ocrx_word' id='word_1_701' title='bbox 1637 1716 1685 1744; x_wconf 84' lang='lat' dir='ltr'><strong>Jo-</strong></span> 
     </span>
    </p>
   </div>
   <div class='ocr_carea' id='block_1_95' title="bbox 898 1762 1683 1798">
    <p class='ocr_par' dir='ltr' id='par_1_95' title="bbox 898 1762 1683 1798">
     <span class='ocr_line' id='line_1_96' title="bbox 898 1762 1683 1798; baseline 0 -8"><span class='ocrx_word' id='word_1_702' title='bbox 898 1763 973 1798; x_wconf 90' lang='lat' dir='ltr'><strong>seph.</strong></span> <span class='ocrx_word' id='word_1_703' title='bbox 991 1762 1129 1791; x_wconf 87' lang='lat' dir='ltr'><strong>Venerunt</strong></span> <span class='ocrx_word' id='word_1_704' title='bbox 1150 1763 1223 1790; x_wconf 89' lang='lat' dir='ltr'><strong>enim</strong></span> <span class='ocrx_word' id='word_1_705' title='bbox 1245 1763 1357 1791; x_wconf 88' lang='lat' dir='ltr'><strong>visitare</strong></span> <span class='ocrx_word' id='word_1_706' title='bbox 1380 1763 1468 1798; x_wconf 87' lang='lat' dir='ltr'><strong>ipsum</strong></span> <span class='ocrx_word' id='word_1_707' title='bbox 1484 1767 1658 1798; x_wconf 67' lang='lat' dir='ltr'><strong>aegrotantem</strong></span> <span class='ocrx_word' id='word_1_708' title='bbox 1676 1772 1683 1790; x_wconf 89' lang='lat'>:</span> 
     </span>
    </p>
   </div>
   <div class='ocr_carea' id='block_1_96' title="bbox 896 1810 1686 1843">
    <p class='ocr_par' dir='ltr' id='par_1_96' title="bbox 896 1810 1686 1843">
     <span class='ocr_line' id='line_1_97' title="bbox 896 1810 1686 1843; baseline -0.003 -4"><span class='ocrx_word' id='word_1_709' title='bbox 896 1815 924 1839; x_wconf 81' lang='lat' dir='ltr'><strong>et</strong></span> <span class='ocrx_word' id='word_1_710' title='bbox 938 1811 1037 1839; x_wconf 83' lang='lat' dir='ltr'><strong>enixus</strong></span> <span class='ocrx_word' id='word_1_711' title='bbox 1050 1811 1120 1838; x_wconf 86' lang='lat' dir='ltr'><strong>sedit</strong></span> <span class='ocrx_word' id='word_1_712' title='bbox 1135 1811 1162 1837; x_wconf 90' lang='lat' dir='ltr'><strong>in</strong></span> <span class='ocrx_word' id='word_1_713' title='bbox 1176 1810 1257 1841; x_wconf 83' lang='lat' dir='ltr'><strong>lecto.</strong></span> <span class='ocrx_word' id='word_1_714' title='bbox 1266 1815 1293 1838; x_wconf 88' lang='lat' dir='ltr'><strong>et</strong></span> <span class='ocrx_word' id='word_1_715' title='bbox 1301 1811 1441 1839; x_wconf 88' lang='lat' dir='ltr'><strong>osculatus</strong></span> <span class='ocrx_word' id='word_1_716' title='bbox 1455 1815 1498 1838; x_wconf 91' lang='lat' dir='ltr'><strong>cst</strong></span> <span class='ocrx_word' id='word_1_717' title='bbox 1507 1818 1565 1843; x_wconf 86' lang='lat' dir='ltr'><strong>eos,</strong></span> <span class='ocrx_word' id='word_1_718' title='bbox 1575 1815 1602 1838; x_wconf 86' lang='lat' dir='ltr'><strong>et</strong></span> <span class='ocrx_word' id='word_1_719' title='bbox 1616 1810 1686 1837; x_wconf 82' lang='lat' dir='ltr'><strong>dixit</strong></span> 
     </span>
    </p>
   </div>
   <div class='ocr_carea' id='block_1_97' title="bbox 897 1857 958 1885">
    <p class='ocr_par' dir='ltr' id='par_1_97' title="bbox 897 1857 958 1885">
     <span class='ocr_line' id='line_1_98' title="bbox 897 1857 958 1885; baseline 0.016 -1"><span class='ocrx_word' id='word_1_720' title='bbox 897 1857 937 1885; x_wconf 89' lang='lat' dir='ltr'><strong>eis</strong></span> <span class='ocrx_word' id='word_1_721' title='bbox 950 1867 958 1885; x_wconf 89' lang='lat'><strong>:</strong></span> 
     </span>
    </p>
   </div>
   <div class='ocr_carea' id='block_1_98' title="bbox 933 1902 1687 1938">
    <p class='ocr_par' dir='ltr' id='par_1_98' title="bbox 933 1902 1687 1938">
     <span class='ocr_line' id='line_1_99' title="bbox 933 1902 1687 1938; baseline -0.001 -8"><span class='ocrx_word' id='word_1_722' title='bbox 933 1902 1100 1936; x_wconf 76' lang='lat' dir='ltr'><strong>ll.«Audite,</strong></span> <span class='ocrx_word' id='word_1_723' title='bbox 1126 1903 1189 1937; x_wconf 86' lang='lat' dir='ltr'><strong>ﬁlii,</strong></span> <span class='ocrx_word' id='word_1_724' title='bbox 1217 1903 1309 1931; x_wconf 89' lang='lat' dir='ltr'><strong>audite</strong></span> <span class='ocrx_word' id='word_1_725' title='bbox 1331 1902 1488 1931; x_wconf 82' lang='lat' dir='ltr'><strong>Simeonem</strong></span> <span class='ocrx_word' id='word_1_726' title='bbox 1511 1906 1616 1938; x_wconf 88' lang='lat' dir='ltr'><strong>patrem</strong></span> <span class='ocrx_word' id='word_1_727' title='bbox 1642 1910 1687 1930; x_wconf 85' lang='lat' dir='ltr'><strong>ve-</strong></span> 
     </span>
    </p>
   </div>
   <div class='ocr_carea' id='block_1_99' title="bbox 898 1946 1687 1984">
    <p class='ocr_par' dir='ltr' id='par_1_99' title="bbox 898 1946 1687 1984">
     <span class='ocr_line' id='line_1_100' title="bbox 898 1946 1687 1984; baseline -0.004 -8"><span class='ocrx_word' id='word_1_728' title='bbox 898 1954 984 1977; x_wconf 90' lang='lat' dir='ltr'><strong>strum</strong></span> <span class='ocrx_word' id='word_1_729' title='bbox 997 1970 1005 1980; x_wconf 87' lang='lat'>.</span> <span class='ocrx_word' id='word_1_730' title='bbox 1025 1955 1195 1984; x_wconf 56' lang='lat' dir='ltr'><strong>quascunque</strong></span> <span class='ocrx_word' id='word_1_731' title='bbox 1211 1948 1299 1976; x_wconf 78' lang='lat' dir='ltr'><strong>habeo</strong></span> <span class='ocrx_word' id='word_1_732' title='bbox 1311 1947 1338 1975; x_wconf 91' lang='lat' dir='ltr'><strong>in</strong></span> <span class='ocrx_word' id='word_1_733' title='bbox 1352 1947 1434 1975; x_wconf 86' lang='lat' dir='ltr'><strong>corde</strong></span> <span class='ocrx_word' id='word_1_734' title='bbox 1448 1954 1520 1974; x_wconf 86' lang='lat' dir='ltr'><strong>meo.</strong></span> <span class='ocrx_word' id='word_1_735' title='bbox 1537 1946 1593 1981; x_wconf 80' lang='lat' dir='ltr'><strong>Ego</strong></span> <span class='ocrx_word' id='word_1_736' title='bbox 1609 1947 1687 1981; x_wconf 79' lang='lat' dir='ltr'><strong>geni-</strong></span> 
     </span>
    </p>
   </div>
   <div class='ocr_carea' id='block_1_100' title="bbox 899 1991 1688 2028">
    <p class='ocr_par' dir='ltr' id='par_1_100' title="bbox 899 1991 1688 2028">
     <span class='ocr_line' id='line_1_101' title="bbox 899 1991 1688 2028; baseline -0.005 -6"><span class='ocrx_word' id='word_1_737' title='bbox 899 1999 943 2022; x_wconf 91' lang='lat' dir='ltr'><strong>tus</strong></span> <span class='ocrx_word' id='word_1_738' title='bbox 966 2002 1026 2022; x_wconf 89' lang='lat' dir='ltr'><strong>sum</strong></span> <span class='ocrx_word' id='word_1_739' title='bbox 1051 2002 1084 2021; x_wconf 79' lang='lat' dir='ltr'><strong>ex</strong></span> <span class='ocrx_word' id='word_1_740' title='bbox 1100 1993 1185 2021; x_wconf 71' lang='lat' dir='ltr'><strong>Iacob</strong></span> <span class='ocrx_word' id='word_1_741' title='bbox 1200 1997 1276 2028; x_wconf 86' lang='lat' dir='ltr'><strong>patre</strong></span> <span class='ocrx_word' id='word_1_742' title='bbox 1299 2000 1361 2020; x_wconf 85' lang='lat' dir='ltr'><strong>meo</strong></span> <span class='ocrx_word' id='word_1_743' title='bbox 1381 1992 1454 2020; x_wconf 85' lang='lat' dir='ltr'><strong>filius</strong></span> <span class='ocrx_word' id='word_1_744' title='bbox 1476 1991 1631 2025; x_wconf 88' lang='lat' dir='ltr'><strong>secundus;</strong></span> <span class='ocrx_word' id='word_1_745' title='bbox 1660 1996 1688 2019; x_wconf 83' lang='lat' dir='ltr'><strong>et</strong></span> 
     </span>
    </p>
   </div>
   <div class='ocr_carea' id='block_1_101' title="bbox 899 2037 1687 2073">
    <p class='ocr_par' dir='ltr' id='par_1_101' title="bbox 899 2037 1687 2073">
     <span class='ocr_line' id='line_1_102' title="bbox 899 2037 1687 2073; baseline -0.006 -5"><span class='ocrx_word' id='word_1_746' title='bbox 899 2040 946 2068; x_wconf 88' lang='lat' dir='ltr'><strong>Lia</strong></span> <span class='ocrx_word' id='word_1_747' title='bbox 959 2046 1045 2068; x_wconf 91' lang='lat' dir='ltr'><strong>mater</strong></span> <span class='ocrx_word' id='word_1_748' title='bbox 1059 2048 1120 2068; x_wconf 88' lang='lat' dir='ltr'><strong>mea</strong></span> <span class='ocrx_word' id='word_1_749' title='bbox 1133 2041 1241 2068; x_wconf 88' lang='lat' dir='ltr'><strong>vocavit</strong></span> <span class='ocrx_word' id='word_1_750' title='bbox 1253 2047 1296 2067; x_wconf 81' lang='lat' dir='ltr'><strong>me</strong></span> <span class='ocrx_word' id='word_1_751' title='bbox 1312 2039 1478 2071; x_wconf 85' lang='lat' dir='ltr'><strong>Simeonem,</strong></span> <span class='ocrx_word' id='word_1_752' title='bbox 1494 2037 1625 2073; x_wconf 86' lang='lat' dir='ltr'><strong>quoniam</strong></span> <span class='ocrx_word' id='word_1_753' title='bbox 1637 2045 1687 2064; x_wconf 85' lang='lat' dir='ltr'><strong>au-</strong></span> 
     </span>
    </p>
   </div>
   <div class='ocr_carea' id='block_1_102' title="bbox 898 2082 1687 2120">
    <p class='ocr_par' dir='ltr' id='par_1_102' title="bbox 898 2082 1687 2120">
     <span class='ocr_line' id='line_1_103' title="bbox 898 2082 1687 2120; baseline -0.005 -7"><span class='ocrx_word' id='word_1_754' title='bbox 898 2086 966 2113; x_wconf 91' lang='lat' dir='ltr'><strong>divit</strong></span> <span class='ocrx_word' id='word_1_755' title='bbox 989 2086 1121 2114; x_wconf 88' lang='lat' dir='ltr'><strong>Dominus</strong></span> <span class='ocrx_word' id='word_1_756' title='bbox 1146 2086 1295 2113; x_wconf 86' lang='lat' dir='ltr'><strong>orationem</strong></span> <span class='ocrx_word' id='word_1_757' title='bbox 1323 2085 1419 2120; x_wconf 82' lang='lat' dir='ltr'><strong>ipsius.</strong></span> <span class='ocrx_word' id='word_1_758' title='bbox 1451 2083 1550 2111; x_wconf 86' lang='lat' dir='ltr'><strong>Potens</strong></span> <span class='ocrx_word' id='word_1_759' title='bbox 1574 2082 1687 2110; x_wconf 76' lang='lat' dir='ltr'><strong>eﬁ‘ectus</strong></span> 
     </span>
    </p>
   </div>
   <div class='ocr_carea' id='block_1_103' title="bbox 899 2129 1689 2166">
    <p class='ocr_par' dir='ltr' id='par_1_103' title="bbox 899 2129 1689 2166">
     <span class='ocr_line' id='line_1_104' title="bbox 899 2129 1689 2166; baseline -0.006 -5"><span class='ocrx_word' id='word_1_760' title='bbox 899 2141 959 2161; x_wconf 88' lang='lat' dir='ltr'><strong>sum</strong></span> <span class='ocrx_word' id='word_1_761' title='bbox 977 2133 1069 2166; x_wconf 87' lang='lat' dir='ltr'><strong>valde;</strong></span> <span class='ocrx_word' id='word_1_762' title='bbox 1089 2139 1143 2160; x_wconf 92' lang='lat' dir='ltr'><strong>non</strong></span> <span class='ocrx_word' id='word_1_763' title='bbox 1161 2131 1304 2159; x_wconf 86' lang='lat' dir='ltr'><strong>formidavi</strong></span> <span class='ocrx_word' id='word_1_764' title='bbox 1317 2131 1504 2166; x_wconf 86' lang='lat' dir='ltr'><strong>operationem</strong></span> <span class='ocrx_word' id='word_1_765' title='bbox 1516 2150 1523 2161; x_wconf 83' lang='lat'><strong>.</strong></span> <span class='ocrx_word' id='word_1_766' title='bbox 1550 2137 1639 2164; x_wconf 82' lang='lat' dir='ltr'><strong>neque</strong></span> <span class='ocrx_word' id='word_1_767' title='bbox 1654 2129 1689 2156; x_wconf 89' lang='lat' dir='ltr'><strong>ti-</strong></span> 
     </span>
    </p>
   </div>
   <div class='ocr_carea' id='block_1_104' title="bbox 904 2175 1688 2206">
    <p class='ocr_par' dir='ltr' id='par_1_104' title="bbox 904 2175 1688 2206">
     <span class='ocr_line' id='line_1_105' title="bbox 904 2175 1688 2206; baseline -0.008 1"><span class='ocrx_word' id='word_1_768' title='bbox 904 2180 959 2206; x_wconf 93' lang='lat' dir='ltr'><strong>mui</strong></span> <span class='ocrx_word' id='word_1_769' title='bbox 976 2180 1010 2206; x_wconf 82' lang='lat' dir='ltr'><strong>ab</strong></span> <span class='ocrx_word' id='word_1_770' title='bbox 1032 2179 1106 2206; x_wconf 90' lang='lat' dir='ltr'><strong>omni</strong></span> <span class='ocrx_word' id='word_1_771' title='bbox 1122 2186 1162 2205; x_wconf 91' lang='lat' dir='ltr'><strong>re.</strong></span> <span class='ocrx_word' id='word_1_772' title='bbox 1184 2178 1238 2205; x_wconf 87' lang='lat' dir='ltr'><strong>Cor</strong></span> <span class='ocrx_word' id='word_1_773' title='bbox 1254 2178 1327 2204; x_wconf 88' lang='lat' dir='ltr'><strong>enim</strong></span> <span class='ocrx_word' id='word_1_774' title='bbox 1343 2184 1433 2203; x_wconf 91' lang='lat' dir='ltr'><strong>meum</strong></span> <span class='ocrx_word' id='word_1_775' title='bbox 1453 2180 1511 2203; x_wconf 89' lang='lat' dir='ltr'><strong>erat</strong></span> <span class='ocrx_word' id='word_1_776' title='bbox 1529 2175 1640 2206; x_wconf 92' lang='lat' dir='ltr'><strong>durum,</strong></span> <span class='ocrx_word' id='word_1_777' title='bbox 1660 2178 1688 2201; x_wconf 86' lang='lat' dir='ltr'><strong>et</strong></span> 
     </span>
    </p>
   </div>
   <div class='ocr_carea' id='block_1_105' title="bbox 904 2223 1688 2260">
    <p class='ocr_par' dir='ltr' id='par_1_105' title="bbox 904 2223 1688 2260">
     <span class='ocr_line' id='line_1_106' title="bbox 904 2223 1688 2260; baseline -0.008 -7"><span class='ocrx_word' id='word_1_778' title='bbox 904 2227 1002 2260; x_wconf 88' lang='lat' dir='ltr'><strong>hepata</strong></span> <span class='ocrx_word' id='word_1_779' title='bbox 1018 2233 1076 2253; x_wconf 81' lang='lat' dir='ltr'><strong>mea</strong></span> <span class='ocrx_word' id='word_1_780' title='bbox 1090 2224 1251 2255; x_wconf 84' lang='lat' dir='ltr'><strong>immobilia.</strong></span> <span class='ocrx_word' id='word_1_781' title='bbox 1269 2228 1296 2251; x_wconf 91' lang='lat' dir='ltr'><strong>et</strong></span> <span class='ocrx_word' id='word_1_782' title='bbox 1312 2223 1416 2250; x_wconf 89' lang='lat' dir='ltr'><strong>viscera</strong></span> <span class='ocrx_word' id='word_1_783' title='bbox 1438 2230 1497 2249; x_wconf 90' lang='lat' dir='ltr'><strong>mea</strong></span> <span class='ocrx_word' id='word_1_784' title='bbox 1510 2229 1563 2249; x_wconf 91' lang='lat' dir='ltr'><strong>non</strong></span> <span class='ocrx_word' id='word_1_785' title='bbox 1575 2228 1688 2256; x_wconf 86' lang='lat' dir='ltr'><strong>compa-</strong></span> 
     </span>
    </p>
   </div>
   <div class='ocr_carea' id='block_1_106' title="bbox 905 2268 1689 2307">
    <p class='ocr_par' dir='ltr' id='par_1_106' title="bbox 905 2268 1689 2307">
     <span class='ocr_line' id='line_1_107' title="bbox 905 2268 1689 2307; baseline -0.005 -8"><span class='ocrx_word' id='word_1_786' title='bbox 905 2273 1014 2305; x_wconf 81' lang='lat' dir='ltr'><strong>tientia;</strong></span> <span class='ocrx_word' id='word_1_787' title='bbox 1025 2271 1156 2307; x_wconf 89' lang='lat' dir='ltr'><strong>quoniam</strong></span> <span class='ocrx_word' id='word_1_788' title='bbox 1167 2276 1194 2298; x_wconf 89' lang='lat' dir='ltr'><strong>et</strong></span> <span class='ocrx_word' id='word_1_789' title='bbox 1209 2270 1339 2298; x_wconf 77' lang='lat' dir='ltr'><strong>fortitudo</strong></span> <span class='ocrx_word' id='word_1_790' title='bbox 1352 2270 1386 2297; x_wconf 91' lang='lat' dir='ltr'><strong>ab</strong></span> <span class='ocrx_word' id='word_1_791' title='bbox 1396 2269 1537 2297; x_wconf 79' lang='lat' dir='ltr'><strong>Altissimo</strong></span> <span class='ocrx_word' id='word_1_792' title='bbox 1549 2268 1629 2296; x_wconf 81' lang='lat' dir='ltr'><strong>datur</strong></span> <span class='ocrx_word' id='word_1_793' title='bbox 1642 2268 1689 2295; x_wconf 91' lang='lat' dir='ltr'><strong>ho-</strong></span> 
     </span>
    </p>
   </div>
   <div class='ocr_carea' id='block_1_107' title="bbox 904 2314 1689 2350">
    <p class='ocr_par' dir='ltr' id='par_1_107' title="bbox 904 2314 1689 2350">
     <span class='ocr_line' id='line_1_108' title="bbox 904 2314 1689 2350; baseline -0.005 -6"><span class='ocrx_word' id='word_1_794' title='bbox 904 2318 1025 2345; x_wconf 85' lang='lat' dir='ltr'><strong>minibus</strong></span> <span class='ocrx_word' id='word_1_795' title='bbox 1046 2317 1073 2345; x_wconf 91' lang='lat' dir='ltr'><strong>in</strong></span> <span class='ocrx_word' id='word_1_796' title='bbox 1089 2317 1234 2344; x_wconf 89' lang='lat' dir='ltr'><strong>animabus</strong></span> <span class='ocrx_word' id='word_1_797' title='bbox 1250 2320 1278 2344; x_wconf 88' lang='lat' dir='ltr'><strong>et</strong></span> <span class='ocrx_word' id='word_1_798' title='bbox 1291 2315 1463 2350; x_wconf 84' lang='lat' dir='ltr'><strong>corporibus.</strong></span> <span class='ocrx_word' id='word_1_799' title='bbox 1478 2314 1511 2341; x_wconf 84' lang='lat' dir='ltr'><strong>Et</strong></span> <span class='ocrx_word' id='word_1_800' title='bbox 1526 2314 1552 2341; x_wconf 93' lang='lat' dir='ltr'><strong>in</strong></span> <span class='ocrx_word' id='word_1_801' title='bbox 1566 2319 1689 2348; x_wconf 89' lang='lat' dir='ltr'><strong>tempore</strong></span> 
     </span>
    </p>
   </div>
   <div class='ocr_carea' id='block_1_108' title="bbox 900 2361 1689 2399">
    <p class='ocr_par' dir='ltr' id='par_1_108' title="bbox 900 2361 1689 2399">
     <span class='ocr_line' id='line_1_109' title="bbox 900 2361 1689 2399; baseline -0.008 -7"><span class='ocrx_word' id='word_1_802' title='bbox 900 2364 1052 2399; x_wconf 79' lang='lat' dir='ltr'><strong>iuventutis</strong></span> <span class='ocrx_word' id='word_1_803' title='bbox 1067 2363 1150 2391; x_wconf 89' lang='lat' dir='ltr'><strong>invidi</strong></span> <span class='ocrx_word' id='word_1_804' title='bbox 1161 2362 1272 2398; x_wconf 73' lang='lat' dir='ltr'><strong>Ioseph,</strong></span> <span class='ocrx_word' id='word_1_805' title='bbox 1283 2362 1412 2398; x_wconf 87' lang='lat' dir='ltr'><strong>quoniam</strong></span> <span class='ocrx_word' id='word_1_806' title='bbox 1428 2361 1522 2389; x_wconf 85' lang='lat' dir='ltr'><strong>dilexit</strong></span> <span class='ocrx_word' id='word_1_807' title='bbox 1533 2368 1595 2388; x_wconf 93' lang='lat' dir='ltr'><strong>eum</strong></span> <span class='ocrx_word' id='word_1_808' title='bbox 1610 2364 1689 2395; x_wconf 87' lang='lat' dir='ltr'><strong>pater</strong></span> 
     </span>
    </p>
   </div>
   <div class='ocr_carea' id='block_1_109' title="bbox 903 2406 1689 2444">
    <p class='ocr_par' dir='ltr' id='par_1_109' title="bbox 903 2406 1689 2444">
     <span class='ocr_line' id='line_1_110' title="bbox 903 2406 1689 2444; baseline -0.006 -6"><span class='ocrx_word' id='word_1_809' title='bbox 903 2416 1010 2443; x_wconf 89' lang='lat' dir='ltr'><strong>noster;</strong></span> <span class='ocrx_word' id='word_1_810' title='bbox 1028 2415 1054 2438; x_wconf 87' lang='lat' dir='ltr'><strong>et</strong></span> <span class='ocrx_word' id='word_1_811' title='bbox 1070 2409 1174 2437; x_wconf 84' lang='lat' dir='ltr'><strong>ﬁrmavi</strong></span> <span class='ocrx_word' id='word_1_812' title='bbox 1190 2417 1273 2444; x_wconf 90' lang='lat' dir='ltr'><strong>super</strong></span> <span class='ocrx_word' id='word_1_813' title='bbox 1287 2416 1349 2436; x_wconf 91' lang='lat' dir='ltr'><strong>eum</strong></span> <span class='ocrx_word' id='word_1_814' title='bbox 1365 2408 1464 2443; x_wconf 87' lang='lat' dir='ltr'><strong>hepata</strong></span> <span class='ocrx_word' id='word_1_815' title='bbox 1480 2415 1540 2434; x_wconf 85' lang='lat' dir='ltr'><strong>mea</strong></span> <span class='ocrx_word' id='word_1_816' title='bbox 1559 2406 1592 2434; x_wconf 88' lang='lat' dir='ltr'><strong>ad</strong></span> <span class='ocrx_word' id='word_1_817' title='bbox 1614 2406 1689 2433; x_wconf 90' lang='lat' dir='ltr'><strong>occi-</strong></span> 
     </span>
    </p>
   </div>
   <div class='ocr_carea' id='block_1_110' title="bbox 902 2452 1689 2490">
    <p class='ocr_par' dir='ltr' id='par_1_110' title="bbox 902 2452 1689 2490">
     <span class='ocr_line' id='line_1_111' title="bbox 902 2452 1689 2490; baseline -0.005 -7"><span class='ocrx_word' id='word_1_818' title='bbox 902 2455 1018 2483; x_wconf 87' lang='lat' dir='ltr'><strong>dendum</strong></span> <span class='ocrx_word' id='word_1_819' title='bbox 1045 2462 1119 2489; x_wconf 89' lang='lat' dir='ltr'><strong>eum,</strong></span> <span class='ocrx_word' id='word_1_820' title='bbox 1145 2454 1274 2490; x_wconf 88' lang='lat' dir='ltr'><strong>quoniam</strong></span> <span class='ocrx_word' id='word_1_821' title='bbox 1292 2454 1419 2489; x_wconf 87' lang='lat' dir='ltr'><strong>princeps</strong></span> <span class='ocrx_word' id='word_1_822' title='bbox 1441 2453 1556 2486; x_wconf 85' lang='lat' dir='ltr'><strong>erroris,</strong></span> <span class='ocrx_word' id='word_1_823' title='bbox 1576 2452 1689 2479; x_wconf 88' lang='lat' dir='ltr'><strong>mittens</strong></span> 
     </span>
    </p>
   </div>
   <div class='ocr_carea' id='block_1_111' title="bbox 902 2498 1690 2538">
    <p class='ocr_par' dir='ltr' id='par_1_111' title="bbox 902 2498 1690 2538">
     <span class='ocr_line' id='line_1_112' title="bbox 902 2498 1690 2538; baseline -0.005 -8"><span class='ocrx_word' id='word_1_824' title='bbox 902 2503 1028 2538; x_wconf 85' lang='lat' dir='ltr'><strong>spiritum</strong></span> <span class='ocrx_word' id='word_1_825' title='bbox 1046 2502 1107 2535; x_wconf 82' lang='lat' dir='ltr'><strong>zeli,</strong></span> <span class='ocrx_word' id='word_1_826' title='bbox 1123 2498 1270 2530; x_wconf 68' lang='lat' dir='ltr'><strong>excazcavit</strong></span> <span class='ocrx_word' id='word_1_827' title='bbox 1283 2505 1402 2528; x_wconf 88' lang='lat' dir='ltr'><strong>mentem</strong></span> <span class='ocrx_word' id='word_1_828' title='bbox 1414 2509 1515 2533; x_wconf 82' lang='lat' dir='ltr'><strong>meam,</strong></span> <span class='ocrx_word' id='word_1_829' title='bbox 1534 2503 1564 2527; x_wconf 86' lang='lat' dir='ltr'><strong>ut</strong></span> <span class='ocrx_word' id='word_1_830' title='bbox 1578 2507 1633 2526; x_wconf 91' lang='lat' dir='ltr'><strong>non</strong></span> <span class='ocrx_word' id='word_1_831' title='bbox 1648 2503 1690 2526; x_wconf 90' lang='lat' dir='ltr'><strong>at-</strong></span> 
     </span>
    </p>
   </div>
   <div class='ocr_carea' id='block_1_112' title="bbox 903 2545 1689 2583">
    <p class='ocr_par' dir='ltr' id='par_1_112' title="bbox 903 2545 1689 2583">
     <span class='ocr_line' id='line_1_113' title="bbox 903 2545 1689 2583; baseline -0.008 -6"><span class='ocrx_word' id='word_1_832' title='bbox 903 2549 1040 2577; x_wconf 89' lang='lat' dir='ltr'><strong>tenderem</strong></span> <span class='ocrx_word' id='word_1_833' title='bbox 1051 2550 1076 2577; x_wconf 89' lang='lat' dir='ltr'><strong>ei</strong></span> <span class='ocrx_word' id='word_1_834' title='bbox 1097 2549 1168 2577; x_wconf 85' lang='lat' dir='ltr'><strong>sicut</strong></span> <span class='ocrx_word' id='word_1_835' title='bbox 1187 2548 1277 2581; x_wconf 85' lang='lat' dir='ltr'><strong>fratri,</strong></span> <span class='ocrx_word' id='word_1_836' title='bbox 1297 2555 1349 2576; x_wconf 89' lang='lat' dir='ltr'><strong>nec</strong></span> <span class='ocrx_word' id='word_1_837' title='bbox 1364 2555 1502 2583; x_wconf 86' lang='lat' dir='ltr'><strong>parcerem</strong></span> <span class='ocrx_word' id='word_1_838' title='bbox 1519 2546 1603 2574; x_wconf 81' lang='lat' dir='ltr'><strong>Jacob</strong></span> <span class='ocrx_word' id='word_1_839' title='bbox 1618 2545 1689 2580; x_wconf 92' lang='lat' dir='ltr'><strong>patri</strong></span> 
     </span>
    </p>
   </div>
   <div class='ocr_carea' id='block_1_113' title="bbox 903 2592 1688 2630">
    <p class='ocr_par' dir='ltr' id='par_1_113' title="bbox 903 2592 1688 2630">
     <span class='ocr_line' id='line_1_114' title="bbox 903 2592 1688 2630; baseline -0.004 -7"><span class='ocrx_word' id='word_1_840' title='bbox 903 2603 973 2624; x_wconf 89' lang='lat' dir='ltr'><strong>meo.</strong></span> <span class='ocrx_word' id='word_1_841' title='bbox 997 2595 1050 2623; x_wconf 87' lang='lat' dir='ltr'><strong>Sed</strong></span> <span class='ocrx_word' id='word_1_842' title='bbox 1076 2595 1147 2623; x_wconf 92' lang='lat' dir='ltr'><strong>Deus</strong></span> <span class='ocrx_word' id='word_1_843' title='bbox 1169 2595 1229 2630; x_wconf 89' lang='lat' dir='ltr'><strong>ejus</strong></span> <span class='ocrx_word' id='word_1_844' title='bbox 1252 2600 1279 2622; x_wconf 84' lang='lat' dir='ltr'><strong>et</strong></span> <span class='ocrx_word' id='word_1_845' title='bbox 1295 2594 1367 2622; x_wconf 91' lang='lat' dir='ltr'><strong>Deus</strong></span> <span class='ocrx_word' id='word_1_846' title='bbox 1388 2599 1496 2629; x_wconf 92' lang='lat' dir='ltr'><strong>patrum</strong></span> <span class='ocrx_word' id='word_1_847' title='bbox 1522 2592 1602 2628; x_wconf 85' lang='lat' dir='ltr'><strong>ejus,</strong></span> <span class='ocrx_word' id='word_1_848' title='bbox 1622 2593 1688 2620; x_wconf 88' lang='lat' dir='ltr'><strong>mit-</strong></span> 
     </span>
    </p>
   </div>
   <div class='ocr_carea' id='block_1_114' title="bbox 903 2640 1690 2678">
    <p class='ocr_par' dir='ltr' id='par_1_114' title="bbox 903 2640 1690 2678">
     <span class='ocr_line' id='line_1_115' title="bbox 903 2640 1690 2678; baseline -0.004 -7"><span class='ocrx_word' id='word_1_849' title='bbox 903 2649 962 2672; x_wconf 89' lang='lat' dir='ltr'><strong>tens</strong></span> <span class='ocrx_word' id='word_1_850' title='bbox 998 2643 1124 2678; x_wconf 84' lang='lat' dir='ltr'><strong>angelum</strong></span> <span class='ocrx_word' id='word_1_851' title='bbox 1154 2650 1234 2670; x_wconf 88' lang='lat' dir='ltr'><strong>suum</strong></span> <span class='ocrx_word' id='word_1_852' title='bbox 1253 2663 1261 2675; x_wconf 88' lang='lat'><strong>,</strong></span> <span class='ocrx_word' id='word_1_853' title='bbox 1298 2642 1368 2669; x_wconf 90' lang='lat' dir='ltr'><strong>eruit</strong></span> <span class='ocrx_word' id='word_1_854' title='bbox 1398 2648 1462 2668; x_wconf 87' lang='lat' dir='ltr'><strong>eum</strong></span> <span class='ocrx_word' id='word_1_855' title='bbox 1495 2648 1529 2668; x_wconf 84' lang='lat' dir='ltr'><strong>ex</strong></span> <span class='ocrx_word' id='word_1_856' title='bbox 1563 2640 1690 2668; x_wconf 90' lang='lat' dir='ltr'><strong>manibus</strong></span> 
     </span>
    </p>
   </div>
   <div class='ocr_carea' id='block_1_115' title="bbox 938 2703 1690 2772">
    <p class='ocr_par' dir='ltr' id='par_1_115' title="bbox 938 2703 1690 2772">
     <span class='ocr_line' id='line_1_116' title="bbox 938 2703 1690 2772; baseline -0.009 -35"><span class='ocrx_word' id='word_1_857' title='bbox 938 2709 1059 2772; x_wconf 45' lang='grc' dir='ltr'><strong>(δῖὶΚιιὶ</strong></span> <span class='ocrx_word' id='word_1_858' title='bbox 1074 2709 1148 2748; x_wconf 41' lang='grc' dir='ltr'>σορὸς</span> <span class='ocrx_word' id='word_1_859' title='bbox 1165 2707 1225 2735; x_wconf 73' lang='grc' dir='ltr'><em>τόν.</em></span> <span class='ocrx_word' id='word_1_860' title='bbox 1242 2707 1297 2734; x_wconf 77' lang='grc' dir='ltr'>Καὶ</span> <span class='ocrx_word' id='word_1_861' title='bbox 1313 2706 1422 2741; x_wconf 83' lang='grc' dir='ltr'>ἀγάπην</span> <span class='ocrx_word' id='word_1_862' title='bbox 1435 2706 1549 2733; x_wconf 70' lang='grc' dir='ltr'>ἕκαστον</span> <span class='ocrx_word' id='word_1_863' title='bbox 1561 2704 1627 2739; x_wconf 79' lang='grc' dir='ltr'>πρὸς</span> <span class='ocrx_word' id='word_1_864' title='bbox 1645 2703 1690 2730; x_wconf 71' lang='grc' dir='ltr'><strong>τὸν</strong></span> 
     </span>
     <span class='ocr_line' id='line_1_117' title="bbox 938 2743 1171 2772; baseline 0 -1"><span class='ocrx_word' id='word_1_865' title='bbox 938 2746 983 2772; x_wconf 65' lang='lat' dir='ltr'><strong>sm</strong></span> <span class='ocrx_word' id='word_1_866' title='bbox 1000 2745 1114 2772; x_wconf 77' lang='grc' dir='ltr'>ναύτου.</span> <span class='ocrx_word' id='word_1_867' title='bbox 1131 2743 1171 2771; x_wconf 78' lang='lat' dir='ltr'><strong>In.</strong></span> 
     </span>
    </p>
   </div>
   <div class='ocr_carea' id='block_1_116' title="bbox 902 2743 1634 2779">
    <p class='ocr_par' dir='ltr' id='par_1_116' title="bbox 902 2743 1634 2779">
     <span class='ocr_line' id='line_1_118' title="bbox 902 2743 1634 2779; baseline 0.01 -7"><span class='ocrx_word' id='word_1_868' title='bbox 902 2743 1114 2779; x_wconf 75' lang='grc' dir='ltr'>ἀδελφδναὺτοῦ.</span> <span class='ocrx_word' id='word_1_869' title='bbox 1131 2743 1171 2771; x_wconf 80' lang='lat' dir='ltr'><strong>ID.</strong></span> <span class='ocrx_word' id='word_1_870' title='bbox 1189 2778 1195 2779; x_wconf 19' lang='grc' dir='ltr'>ί</span> <span class='ocrx_word' id='word_1_871' title='bbox 1372 2777 1381 2779; x_wconf 99' lang='lat'>_</span> <span class='ocrx_word' id='word_1_872' title='bbox 1479 2777 1485 2779; x_wconf 88' lang='lat'>_</span> <span class='ocrx_word' id='word_1_873' title='bbox 1523 2776 1528 2779; x_wconf 93' lang='lat'>_</span> <span class='ocrx_word' id='word_1_874' title='bbox 1558 2775 1575 2779; x_wconf 59' lang='grc' dir='ltr'><strong><em>η</em></strong></span> <span class='ocrx_word' id='word_1_875' title='bbox 1629 2774 1634 2779; x_wconf 86' lang='grc'>.</span> 
     </span>
    </p>
   </div>
   <div class='ocr_carea' id='block_1_117' title="bbox 937 2775 1691 2814">
    <p class='ocr_par' dir='ltr' id='par_1_117' title="bbox 937 2775 1691 2814">
     <span class='ocr_line' id='line_1_119' title="bbox 937 2775 1691 2814; baseline -0.005 -7"><span class='ocrx_word' id='word_1_876' title='bbox 937 2775 994 2814; x_wconf 71' lang='lat'><strong>(83)</strong></span> <span class='ocrx_word' id='word_1_877' title='bbox 1007 2779 1093 2814; x_wconf 78' lang='lat' dir='ltr'><strong>Elegit</strong></span> <span class='ocrx_word' id='word_1_878' title='bbox 1108 2787 1167 2806; x_wconf 86' lang='lat' dir='ltr'><strong>eum</strong></span> <span class='ocrx_word' id='word_1_879' title='bbox 1180 2778 1247 2805; x_wconf 74' lang='lat' dir='ltr'><strong>Deus</strong></span> <span class='ocrx_word' id='word_1_880' title='bbox 1265 2786 1358 2812; x_wconf 83' lang='lat' dir='ltr'><strong>regem.</strong></span> <span class='ocrx_word' id='word_1_881' title='bbox 1372 2777 1401 2804; x_wconf 89' lang='lat' dir='ltr'><strong>In</strong></span> <span class='ocrx_word' id='word_1_882' title='bbox 1411 2784 1444 2805; x_wconf 92' lang='lat' dir='ltr'><strong>co</strong></span> <span class='ocrx_word' id='word_1_883' title='bbox 1464 2776 1543 2811; x_wconf 79' lang='lat' dir='ltr'><strong>elegit</strong></span> <span class='ocrx_word' id='word_1_884' title='bbox 1558 2775 1691 2803; x_wconf 85' lang='lat' dir='ltr'><strong>Dominul</strong></span> 
     </span>
    </p>
   </div>
   <div class='ocr_carea' id='block_1_118' title="bbox 903 2815 1387 2886">
    <p class='ocr_par' dir='ltr' id='par_1_118' title="bbox 903 2815 1387 2886">
     <span class='ocr_line' id='line_1_120' title="bbox 903 2815 1387 2886; baseline -0.01 -7"><span class='ocrx_word' id='word_1_885' title='bbox 903 2815 1104 2886; x_wconf 42' lang='grc' dir='ltr'><strong>Γῡῗὲῗῖθὲεᾟέη</strong></span> <span class='ocrx_word' id='word_1_886' title='bbox 1119 2849 1211 2883; x_wconf 75' lang='lat' dir='ltr'><strong>ipsius.</strong></span> <span class='ocrx_word' id='word_1_887' title='bbox 1229 2847 1330 2884; x_wconf 86' lang='lat' dir='ltr'><strong>Ipsum.</strong></span> <span class='ocrx_word' id='word_1_888' title='bbox 1347 2847 1387 2875; x_wconf 80' lang='lat' dir='ltr'><strong>In.</strong></span> 
     </span>
    </p>
   </div>
  </div>
