1913 3102
242 99 311 130 ἰοιτ

743 97 971 127 TESTAIENTA
997 96 1046 125 XII
1067 96 1375 126 PATRIARCIIARL‘M.

1800 98 1853 127 I038

238 159 318 186 meis.
347 156 383 186 Ut
412 157 485 185 enim
514 165 566 194 ego
590 157 674 185 ieram
708 156 736 184 in
766 156 897 184 Sicltimis
930 155 1026 184 afferre

1084 155 1110 181 ὲκ
1126 154 1180 182 τῶν
1199 155 1300 192 χειρῶν
1320 166 1371 192 μου
1387 156 1531 194 ὲῤῥὺσαςο.
1555 157 1599 190 Ὧς
1613 157 1669 193 γὰρ
1682 155 1738 191 ἐγὼ
1754 157 1849 192 ἐπορεύ-

239 209 408 239 unguentum
431 203 574 239 gregibus,
598 206 625 230 et
653 200 749 230 Ruben
776 201 802 228 in
832 200 958 229 Dothaim
982 201 1028 229 ubi

238 255 319 278 erant
333 250 490 277 necessaria
505 249 585 276 nobis
598 253 626 276 et
640 248 732 276 omnis
745 256 846 283 penus,
868 247 953 277 ludas
977 247 1030 275 fra-

239 301 280 323 ter
297 303 375 323 meus
402 295 523 323 vendidit
540 302 603 322 eum
623 294 778 322 lsmaelilis.
795 293 828 321 Et
842 294 955 322 veniens
972 293 1029 322 Bu-

239 340 292 368 bon
308 340 432 368 tristatus
444 344 504 372 est;
523 340 609 367 voluit
623 339 697 366 enim
716 339 806 374 ipsum
822 339 927 367 salvum
944 339 1028 367 redu-

239 393 302 413 cere
323 385 357 413 ad
378 390 494 421 patrem.
518 384 574 420 Ego
595 391 660 412 vero
676 384 762 413 iratus
779 391 853 412 eram
865 383 1030 421 Judae,quo-

239 432 313 458 niam
335 432 469 459 viventem
483 431 572 466 ipsum
593 431 716 464 dimisit;
732 435 759 458 et
778 430 816 458 fui
830 438 938 459 menses
948 431 1030 466 quin-

239 486 294 514 que
312 478 399 506 iratus
410 478 451 511 ei;
468 478 609 513 impedivit
621 482 713 506 autem
726 485 769 506 me
783 477 854 506 Deus
865 499 873 512 ,
890 482 918 507 et
936 478 1030 515 prohi-

240 525 303 553 buit
324 532 339 552 a
361 533 403 552 me
422 525 608 560 operationem
628 532 772 559 manuum,
787 524 916 560 quoniam
930 532 1030 553 manus

241 579 302 599 mea
315 571 411 599 dextra
432 571 575 600 semiSicca
590 575 650 599 erat
660 579 709 608 per
723 571 782 599 dies
800 576 914 607 septem.
936 571 968 598 Et
986 579 1030 599 co-

241 619 334 653 gnovi,
347 618 406 651 lilii,
423 618 496 653 quod
517 623 626 653 propter
647 616 748 653 Ioseph
764 617 816 645 hoc
832 617 898 644 mihi
911 617 1028 651 accidit;

241 670 269 692 et
291 664 425 700 ptenitens
448 664 520 696 flevi,
541 668 569 691 et
580 663 655 691 oravi
668 663 814 691 Dominum
831 669 860 691 ut
875 663 1031 691 restitueret

241 720 354 739 manum
367 716 501 743 meam,et
511 711 676 739 abstinerem
688 712 723 738 ab
735 710 810 738 omni
823 710 1030 745 inquinamento

241 762 269 785 et
290 758 403 790 invidia,
428 761 454 785 et
474 757 509 784 ab
531 757 607 784 omni
629 756 794 791 insipientia.
813 755 934 791 Cognovi
956 757 1029 783 enim

242 804 315 839 quod
334 803 515 839 perniciosam
532 810 588 830 rem
601 802 786 838 cogitaveram
807 809 900 830 coram
914 801 1030 829 Domino

242 837 270 877 et
285 837 369 877 Jacob
383 855 460 884 patre
475 856 548 883 meo,
565 837 660 876 contra
671 848 772 884 Joseph
796 848 908 876 fratrem
926 856 1028 882 meum,
1045 837 1066 865 Β

243 895 369 923 invidens
384 895 419 922 ei.

278 988 321 1016 lli.
350 998 359 1015 ι
378 988 411 1015 Et
427 996 510 1021 nunc,
537 987 601 1021 lilii,
622 988 759 1017 custodite
781 995 830 1017 vos
851 995 866 1017 a
890 987 1031 1023 spiritibus

242 1035 344 1064 erroris
367 1039 396 1063 et
414 1035 533 1064 invidiaa.
547 1035 653 1063 Etenim
671 1035 771 1063 invidia
785 1035 942 1063 dominatur
955 1035 1030 1063 omni

243 1082 428 1118 intelligentia
452 1082 583 1115 hominis,
610 1086 637 1110 et
660 1090 714 1110 non
735 1082 837 1117 patitur
849 1089 911 1110 eum
929 1081 970 1109 vel
989 1088 1032 1110 co-

243 1129 373 1163 medere,
397 1129 440 1157 vel
457 1129 559 1163 bibere,
574 1129 616 1156 vel
643 1128 734 1157 facere
756 1128 857 1164 aliquid
879 1129 961 1162 boni;
984 1128 1032 1157 sed

243 1184 353 1211 semper
373 1176 495 1212 suggerit
514 1175 638 1203 occidere
660 1182 739 1207 eum.
760 1175 805 1203 cui
828 1174 986 1209 invidetur;
1005 1179 1033 1203 et

244 1223 396 1251 invidiosus
417 1229 524 1257 semper
540 1221 629 1254 ﬂoret,
653 1221 776 1249 invidens
796 1229 860 1249 vero
877 1221 1030 1250 marcescit.

243 1269 296 1297 Per
318 1269 388 1296 duos
409 1275 498 1296 annos
514 1267 620 1296 dierum
641 1268 668 1296 in
690 1268 787 1295 timore
808 1267 915 1296 Domini
939 1267 1033 1304 punivi

243 1315 365 1342 animam
378 1322 467 1342 meam
482 1313 589 1350 jejunio
603 1323 610 1346 ;
628 1318 655 1341 et
667 1313 781 1350 cognovi
793 1314 866 1349 quod
877 1314 978 1342 solutio
991 1314 1033 1342 in-

243 1360 324 1388 vidiae
342 1368 390 1395 per
412 1361 538 1388 timorem
562 1360 609 1388 Dei
623 1360 748 1388 cllicitur.
771 1359 799 1387 Si
816 1360 878 1396 quis
891 1360 925 1388 ad
941 1359 1034 1389 Domi-

244 1415 311 1436 num
325 1406 454 1441 refugiat,
474 1405 580 1442 aufugit
598 1406 769 1441 perniciosus
787 1406 900 1441 spiritus
915 1406 949 1435 ab
962 1405 1031 1441 ipso,

244 1457 273 1480 et
284 1452 402 1481 efficitur
414 1460 492 1480 mens
505 1452 588 1486 levis;
603 1457 630 1480 et
641 1452 698 1488 jam
711 1452 874 1487 compatitur
887 1452 1031 1486 invidioso,

1081 198 1132 235 θην
1147 201 1176 228 ὲν
1191 201 1334 238 Σικήμοις,
1347 202 1456 237 ἐνέγκαι
1468 203 1588 239 ἄλειμμα
1596 205 1652 235 τοῖς
1662 203 1803 239 ποιμνίοις,
1813 205 1849 230 καὶ

1085 245 1205 284 Ῥουὸὴμ
1217 248 1258 280 εἰς
1273 249 1392 285 Δοθαῖμ,
1410 250 1477 277 ὅπου
1494 251 1530 277 τὰ
1544 249 1714 286 ἐγχρῄζοντα
1729 251 1799 285 ἡμῖν,
1813 250 1849 278 καὶ

1079 294 1155 322 πᾶσα
1176 295 1194 330 ἡ
1211 294 1358 328 ἀπόθεσις,
1384 295 1483 329 Ἰούδας
1495 297 1509 323 ό
1526 297 1637 331 ἀδελφός
1659 305 1712 331 μου
1730 295 1851 331 ἐπώλησεν

1080 341 1161 369 αὑτὸν
1176 342 1233 373 τοῖς
1255 341 1447 378 Ἰσμαηλιταις.
1462 343 1517 370 Καὶ
1529 342 1614 371 ἐλθὼν
1634 342 1756 378 Ῥουὸὴμ
1769 342 1851 379 ἐλυπή-

1080 386 1132 422 θη”
1158 387 1237 423 ἧθελε
1260 387 1315 424 γὰρ
1333 388 1414 416 αὑτὸν
1433 388 1563 416 διασῶσαι
1587 388 1657 424 πρὸς
1683 388 1731 415 τὸν
1751 388 1849 424 πατέρα.

1086 435 1157 471 Ἐγὼ
1174 435 1203 462 δὲ
1218 434 1356 471 ὠργίσθην
1375 434 1415 470 τῷ
1438 434 1532 470 Ἰούδᾳ,
1548 435 1589 462 ὅτι
1600 435 1692 467 ζῶντα
1707 434 1783 463 αὑτὸν
1796 437 1850 464 ἀπι-

1079 482 1159 510 λυσε·
1182 483 1230 510 καὶ
1248 482 1363 517 ἐποίησα
1384 482 1471 518 μῆνας
1494 481 1575 509 πέντε
1589 481 1764 518 ὀργιζόμενος
1774 482 1849 517 αὑτῷ·

1080 529 1160 564 καίγε
1178 528 1333 556 συνεπόδισέ
1347 537 1381 564 με
1395 529 1410 554 ό
1429 527 1511 561 Θεὸς,
1529 528 1576 555 καὶ
1591 528 1732 556 ἐκώλυσεν
1743 529 1786 556 ἀπ’
1796 528 1850 564 ἐμοῦ

1079 575 1174 610 δρᾶσιν
1192 574 1307 611 χειρῶν
1326 575 1368 602 ὅτι
1383 575 1400 610 ὴ
1413 574 1474 610 χείρ
1493 583 1543 609 μου
1560 575 1577 610 ἡ
1593 573 1670 606 δεξιὰ
1690 574 1813 610 ἡμίξηρος
1824 572 1850 609 ἢν

1079 621 1127 648 ἐπὶ
1142 621 1249 657 ἡμέρας
1267 621 1300 654 ζ’.
1324 621 1379 648 Καὶ
1393 620 1490 654 ἔγνων,
1505 620 1598 652 τέκνα,
1618 620 1662 647 δτι
1681 620 1746 656 περὶ
1771 619 1851 654 Ἰωσὴφ

1079 666 1159 695 τοῦτό
1182 675 1227 702 μοι
1249 665 1349 701 συνέϐη
1372 674 1380 681 ο
1404 665 1452 692 καὶ
1477 666 1650 701 μετανοήσας
1673 665 1796 698 ἔκλαυσα,
1815 666 1852 692 καὶ

1079 713 1206 750 ηὐξάμην
1221 712 1333 749 Κυρίῳ,
1351 712 1395 739 ῐνα
1414 711 1632 748 ἀποκαταστήσῃ
1649 712 1701 748 τὴν
1715 712 1789 748 χεῖρά
1801 720 1850 747 μου,

1080 760 1126 787 καὶ
1136 759 1299 795 ἀπόσχωμαι
1307 758 1362 785 ἀπὸ
1368 759 1466 792 παντὸς
1476 757 1627 796 μολυσμοῦ,
1640 759 1691 785 καὶ
1703 758 1804 792 φθόνου,
1815 759 1851 784 καὶ

1081 806 1136 833 ἀπὸ
1164 805 1256 841 πάσης
1278 804 1443 840 ἀφροσύνης.
1471 805 1576 839 Ἐγνων
1599 803 1667 840 γὰρ,
1696 804 1737 830 δτι
1755 803 1852 839 mpii;

1081 854 1197 889 πρᾶγμα
1210 853 1379 889 ἐνεθυμήθην
1391 851 1507 879 ἐνώπιον
1520 850 1636 887 Κυρίου,
1651 850 1701 877 καὶ
1717 849 1805 877 Ἰακὼϐ
1814 849 1850 875 τοῦ

1081 899 1184 935 πατρός
1205 907 1267 935 μου,
1282 898 1326 926 διά
1347 898 1445 934 Ἰωσὴφ
1462 897 1508 924 τὸν
1522 897 1636 932 ἀδελφόν
1652 904 1716 931 μου,
1737 895 1851 930 φθονήσας

1082 955 1166 981 αυτῳ.

1117 992 1154 1019 Γ¹.
1176 1001 1185 1019 α
1198 992 1253 1022 Καὶ
1265 991 1323 1024 νῦν,
1334 991 1429 1024 τέκνα,
1446 989 1599 1026 φυλάξασθε
1610 989 1668 1016 ἀπὸ
1683 988 1739 1015 τῶν
1752 988 1850 1022 πνευμά-

1080 1048 1136 1068 των
1157 1038 1208 1075 τῆς
1231 1038 1335 1074 πλάνης
1355 1038 1403 1065 καὶ
1425 1036 1474 1064 τοῦ
1492 1036 1601 1072 φθόνου.
1620 1035 1678 1063 Καὶ
1687 1034 1850 1070 γὰρόφθόνος

1082 1087 1204 1124 κυριεύιι
1219 1087 1309 1122 πάσης
1331 1086 1382 1121 τῆς
1393 1085 1512 1116 διανοίας
1525 1084 1572 1111 τοῦ
1583 1082 1730 1118 ἀνθρώπου
1742 1102 1750 1113 ,
1763 1081 1804 1108 καὶ
1814 1081 1850 1107 οὐκ

1082 1134 1194 1170 ἀφίησιν
1208 1132 1290 1161 αὐτὸν
1304 1131 1367 1160 οὔτε
1378 1133 1475 1167 φαγεῖν
1485 1152 1493 1164 ,
1507 1130 1570 1157 οὕτε
1588 1130 1672 1161 πιεῖν,
1688 1128 1749 1155 οὔτε
1761 1128 1849 1163 ποιῆσαί

1082 1190 1110 1208 τι
1122 1179 1227 1215 ἀγαθόν
1237 1187 1244 1195 ·
1258 1178 1327 1206 ἀλλά
1338 1177 1454 1205 πάντοτε
1469 1175 1616 1204 ὑποὸάλλει
1631 1174 1737 1202 ἀνελεῖν
1746 1173 1788 1199 τὸν
1802 1173 1849 1206 φθο-

1083 1226 1225 1262 νούμενον·
1246 1225 1295 1253 καὶ
1309 1225 1325 1252 ὸ
1337 1224 1386 1260 μὲν
1401 1222 1580 1259 φθονούμενος
1591 1221 1709 1249 πάντοτε
1719 1219 1797 1251 ἀνθεῖ,
1807 1219 1819 1245 ό
1828 1219 1848 1245 Β

1083 1275 1188 1312 φθονῶν
1201 1271 1372 1309 μαραίνεται.
1385 1269 1437 1297 Δύο
1451 1269 1501 1304 ἐτη
1515 1267 1627 1304 ἡμερῶν
1640 1267 1671 1294 ὲν
1684 1265 1757 1301 φόεῳ

1082 1310 1212 1349 tamen.
1225 1319 1275 1354 τὴν
1286 1317 1376 1353 ψυχήν
1393 1324 1444 1352 μου
1456 1316 1486 1342 ὲν
1500 1314 1612 1350 νηστείᾳ
1623 1322 1630 1328 ·
1646 1313 1695 1339 καὶ
1705 1311 1784 1346 εγνων
1793 1310 1848 1344 ὅτιὴ

1083 1368 1160 1400 λύσις
1178 1366 1227 1393 τοῦ
1246 1364 1345 1400 φθόνου
1360 1362 1405 1390 διὰ
1427 1361 1511 1397 φόὸω
1525 1359 1596 1388 Θεοῦ
1614 1359 1732 1394 γίνεται.
1752 1356 1806 1383 Ἐάν
1819 1363 1850 1386 τις

1083 1413 1130 1440 ἐπὶ
1141 1411 1243 1448 Κύριον
1254 1408 1416 1444 καταφεύγῃ
1425 1427 1434 1440 ,
1452 1405 1599 1442 ἀποτρέχει
1610 1405 1643 1432 τὸ
1659 1403 1772 1439 πονηρὸν
1785 1401 1849 1429 πνεῦ-

1086 1469 1124 1497 μα
1145 1460 1193 1487 ἀπ’
1222 1456 1317 1490 αὐτοῦ,
1344 1455 1392 1483 καὶ
1414 1455 1519 1489 γίνεται
1539 1455 1556 1489 ἠ
1577 1453 1683 1480 διάνοια
1703 1451 1797 1485 κούφη·
1814 1447 1849 1497 καὶ

245 1504 273 1527 et
287 1508 341 1527 non
365 1499 539 1535 reprehendit
550 1500 693 1535 diligentes
708 1499 810 1534 ipsum,
822 1504 849 1527 et
862 1499 899 1527 ita
913 1496 1031 1535 quiescit

1084 1495 1172 1539 λοιπὸν
1189 1504 1327 1542 συμπαθεῖ
1348 1502 1387 1538 τῷ
1401 1500 1584 1537 φθονουμένῳ,
1604 1499 1653 1526 καὶ
1669 1498 1699 1547 0-6
1720 1495 1848 1547 καταγινώ-

245 1545 280 1573 ab
294 1545 407 1574 invidia.

282 1634 328 1662 IV.
352 1645 361 1661 ‹
373 1634 407 1662 Et
419 1635 605 1671 interrogabat
623 1639 700 1671 pater
711 1635 744 1664 de
755 1642 811 1667 me.
823 1635 953 1670 quoniam
965 1634 1034 1663 vidit

247 1690 291 1710 me
302 1682 419 1716 tristem,
440 1687 466 1710 et
483 1682 624 1711 dicebam:
640 1691 650 1708 ι
662 1681 763 1717 llepata
781 1689 840 1710 mea
853 1682 959 1710 doleo.»
971 1680 1033 1709 Tri—

247 1729 341 1757 stabar
354 1730 427 1758 enim
437 1737 520 1764 supra
532 1737 638 1762 omnes,
647 1729 779 1764 quoniam
795 1736 845 1764 ego
861 1735 937 1756 eram
949 1735 1033 1755 causa

246 1776 411 1804 venditionis
436 1775 549 1810 Ioseph.
600 1774 633 1802 Et
655 1774 765 1810 quando
794 1774 984 1802 descendimus
1005 1773 1033 1802 in

248 1821 408 1857 Egyptum,
421 1825 448 1849 et
458 1821 550 1856 ligavit
559 1828 602 1848 me
611 1820 685 1848 velut
696 1819 908 1855 exploratorem,
919 1818 1034 1854 cognovi

247 1867 321 1903 quod
331 1868 406 1903 juste
424 1867 556 1903 patiebar,
581 1870 609 1895 et
621 1874 676 1894 non
694 1874 755 1895 sum
771 1866 960 1895 eontristatus.
984 1865 1034 1892 Jo‘

247 1915 315 1950 seph
332 1922 397 1942 vero
409 1918 469 1942 erat
484 1913 527 1941 vir
541 1913 647 1946 bonus;
667 1917 695 1940 et
706 1912 810 1940 habens
825 1911 959 1947 Spiritum
986 1910 1034 1939 Dei

248 1961 277 1989 in
290 1961 393 1995 seipse,
410 1959 567 1988 misericors
581 1963 609 1987 et
633 1958 764 1990 clemens.
793 1965 848 1985 non
875 1957 1035 1986 recordatus

249 2010 293 2035 est
309 2005 401 2034 facere
413 2005 514 2033 malum
530 2005 609 2037 milii,
619 2004 666 2032 sed
680 2009 707 2032 et
724 2003 820 2032 dilexit
841 2011 885 2031 me
911 2008 941 2031 ut
964 2003 1035 2031 alios

249 2051 360 2081 fratres.
375 2051 517 2079 Custodite
531 2051 614 2085 igitur
627 2057 687 2082 νος,
702 2049 749 2077 111ἰὶ
763 2049 827 2083 mei,
840 2049 875 2077 ab
889 2049 965 2078 omni
977 2049 1035 2077 zelo

249 2102 277 2126 et
294 2097 408 2129 invidia,
424 2102 450 2125 et
462 2097 600 2124 ambulate
615 2095 642 2123 in
655 2095 831 2130 simplicitate
847 2095 947 2123 animat
961 2100 989 2124 et
1008 2095 1035 2122 in

248 2144 322 2172 bono
330 2143 423 2176 corde,
442 2142 594 2176 cogitantes
607 2141 718 2169 fratrem
736 2142 822 2177 patris
837 2142 932 2175 vestri,
946 2147 976 2170 ut
989 2142 1036 2171 det

1086 1564 1146 1584 σκει
1157 1554 1211 1581 τῶν
1224 1549 1394 1586 ἀγαπώντων
1411 1547 1467 1584 (85)
1487 1546 1579 1579 αὐτον,
1597 1545 1646 1572 καὶ
1661 1544 1746 1576 οὕτως
1758 1542 1849 1569 παύεται

1082 1600 1129 1628 τοῦ
1141 1598 1248 1634 φθόνου.

1119 1632 1155 1673 A’.
1173 1654 1182 1670 ι
1194 1640 1291 1678 Καὶῆν
1301 1639 1412 1678 ἐρωτῶν
1433 1640 1449 1666 ὁ
1464 1637 1556 1674 πατὴρ
1567 1637 1632 1673 περὶ
1651 1635 1730 1671 ἐμοῦ,
1745 1635 1780 1661 ὅτι
1794 1632 1848 1666 ἑώρα

1085 1699 1119 1727 με
1131 1687 1303 1725 σκυθρωπὸν,
1315 1686 1362 1714 καὶ
1370 1685 1464 1720 ἔλεγον
1473 1693 1480 1700 ·
1498 1694 1507 1710 ι
1519 1683 1559 1710 Τά
1568 1683 1664 1719 ἡπατά
1677 1691 1726 1718 μου
1736 1680 1848 1727 κακοῦμαι

1083 1725 1165 1771 ξγὼδ
1175 1733 1319 1762 Ἐπένθουν
1335 1731 1392 1767 γὰρ
1403 1729 1478 1766 παρὰ
1491 1729 1610 1761 πάντας,
1625 1729 1667 1755 ὅτι
1680 1727 1735 1762 ἐγὼ
1744 1727 1807 1761 ήμην
1817 1725 1847 1751 rt!—

1083 1782 1195 1818 τιοςτῆς
1205 1780 1334 1817 πράσεως
1352 1778 1461 1814 Ἰωσήφ.
1495 1777 1551 1804 Καὶ
1579 1776 1623 1802 ὅτε
1650 1774 1795 1810 κατέδημεν
1817 1773 1846 1802 εἰς

1084 1831 1230 1864 Αιγυπτον,
1247 1827 1297 1854 καὶ
1311 1825 1390 1861 ἔδησε
1408 1833 1442 1860 με
1455 1823 1494 1855 ὡς
1517 1823 1702 1854 κατάσκοπον,
1725 1821 1800 1855 ἔγνων
1817 1819 1846 1864 ότι

1084 1862 1196 1906 δικαίως
1211 1875 1318 1909 πάσχω,
1333 1871 1381 1899 καὶ
1402 1871 1453 1898 οὐκ
1477 1869 1645 1905 ἐλυπούμην.
1671 1867 1764 1902 Ἰωσὴφ
1783 1865 1806 1892 δὲ
1822 1862 1846 1898 ἦν

1085 1922 1154 1958 ἀνὴρ
1171 1919 1283 1955 ἀγαθὸς,
1296 1919 1344 1946 καὶ
1355 1917 1425 1953 ἔχων
1437 1916 1548 1951 πνεῦμα
1570 1914 1640 1942 Θεοῦ
1667 1915 1697 1941 ὲν
1720 1910 1847 1958 αὐτῷ,ιὲ

1086 1955 1240 2002 σπλαγχνος
1252 1965 1300 1992 καὶ
1315 1964 1448 1999 ἐλεήμων,
1462 1963 1514 1989 οὐκ
1526 1959 1727 1997 ἐμνησικάκησε
1742 1955 1845 2002 ttondit-"1

1085 2013 1132 2041 καὶ
1141 2001 1267 2048 ἠγάπησε
1279 2019 1323 2047 με,
1334 2010 1372 2042 ὡς
1384 2009 1448 2041 τοὺς
1457 2008 1554 2040 ἄλλους
1569 2006 1709 2042 ἀδελφούς.
1720 2001 1844 2035 Φυλάξασθε

1085 2047 1234 2090 οὖν,ὲέκνα
1252 2065 1314 2092 μου,
1333 2055 1387 2082 ἀπὸ
1411 2054 1513 2085 παντὸς
1527 2052 1608 2089 ζήλου
1623 2052 1671 2080 καὶ
1694 2050 1796 2086 φθόνου,
1812 2047 1843 2073 καὶ

1087 2103 1235 2140 πορεύεσθε
1249 2104 1279 2130 ὲν
1294 2102 1426 2138 ἁπλότητι
1439 2099 1538 2136 ψυχῆς,
1553 2099 1602 2126 καὶ
1618 2099 1648 2125 ἐν
1660 2096 1746 2131 ἀγαθῇ
1761 2093 1842 2129 καρδίᾳ.

1086 2139 1239 2181 ἐννοοῦντες
1256 2148 1301 2175 τὸν
1315 2145 1503 2183 πατραδελφον
1522 2143 1599 2181 ὑμῶν
1614 2143 1682 2180 (86),
1699 2143 1739 2170 ἵνα
1752 2140 1799 2176 δώῃ
1811 2139 1842 2165 ul

249 2194 278 2218 et
290 2188 367 2217 vobis
378 2188 448 2216 Deus
461 2188 589 2223 gratiam,
601 2192 627 2216 et
637 2187 765 2223 gloriam,
777 2193 806 2216 et
819 2188 1033 2217 benedictionem

1088 2197 1152 2232 ὑμῖν
1162 2197 1176 2224 ό
1188 2195 1254 2227 Θεὸς
1270 2194 1360 2231 χάριν,
1375 2194 1422 2221 καὶ
1433 2191 1530 2226 δόξαν,
1547 2191 1595 2219 καὶ
1618 2191 1740 2225 εὐλογίαν
1755 2189 1794 2214 ἐπὶ
1808 2186 1841 2215 τὰς

251 2242 336 2270 super
348 2235 438 2269 capita
455 2238 557 2267 vestra,
573 2234 646 2262 sicut
659 2233 757 2263 videtis
768 2234 796 2261 in
813 2234 883 2270 ipso.
901 2233 1036 2264 Omnibus

249 2281 348 2310 diebus
360 2288 415 2308 non
429 2279 604 2315 exprobravit
617 2287 666 2307 nos
679 2279 712 2307 de
726 2279 810 2308 verbo
827 2280 889 2313 hoc,
904 2281 951 2308 sed
967 2281 1036 2308 dile-

250 2327 291 2357 xit
306 2335 357 2356 uos
373 2331 403 2354 ut
416 2327 536 2354 animam
551 2333 641 2359 suam,
652 2331 679 2354 et
692 2333 776 2362 supra
792 2326 862 2355 lilios
873 2334 939 2356 suos
954 2327 1038 2362 glori-

250 2374 343 2403 licavit
358 2381 426 2406 nos;
443 2372 598 2406 etdivitias,
617 2376 641 2400 et
656 2380 766 2408 pecora,
781 2377 809 2401 et
822 2372 928 2402 fructus
948 2373 1038 2402 omni-

249 2420 304 2448 bus
318 2420 397 2448 nobis
411 2419 526 2454 largitus
540 2424 590 2448 est.
608 2418 642 2446 Ει
651 2427 700 2448 vos
713 2427 788 2455 ergo,
803 2420 851 2447 lilii
867 2420 919 2447 mei
933 2419 1036 2454 dilecti,

250 2466 355 2501 diligite
369 2466 559 2501 unusquisque
580 2465 692 2493 fratrem
707 2473 788 2494 suum
805 2466 833 2493 in
847 2466 920 2494 bono
942 2466 1036 2498 corde,

250 2517 279 2541 et
292 2517 417 2542 amovete
430 2521 445 2540 a
459 2512 538 2540 vobis
559 2512 686 2547 spiritum
701 2513 822 2546 invidize,
836 2513 967 2548 quoniam
986 2513 1039 2541 iste

253 2564 389 2594 agrestem
413 2558 479 2586 facit
508 2559 640 2591 animam,
654 2564 680 2586 et
694 2559 847 2594 corrumpit
861 2567 962 2596 corpus
975 2579 983 2593 ,
1008 2560 1036 2587 in

253 2605 321 2633 iram
334 2610 361 2633 et
372 2605 471 2632 bellum
491 2605 571 2633 vertit
582 2606 739 2638 consilium.
768 2610 795 2634 et
825 2606 851 2634 in
878 2607 1037 2642 sanguinem

254 2652 364 2685 (caedes)
381 2652 498 2685 exacuit,
514 2657 541 2679 et
553 2652 580 2680 in
599 2653 720 2680 exstasin
748 2652 824 2680 ducit
848 2658 966 2694 mentem
980 2674 988 2686 ,
1012 2659 1039 2682 et

254 2705 309 2724 non
323 2699 389 2726 sinit
399 2698 565 2726 intellectum
586 2699 614 2725 in
630 2698 787 2726 hominibus
803 2699 927 2733 operari;
941 2700 989 2727 sed
1013 2705 1040 2728 et

291 2765 346 2802 (155)
366 2766 419 2792 Kal
441 2765 1040 2802 οὐκαταγινιέκγκειτῶνάγκιπάητωπΣυγ-

257 2800 385 2832 γινώσκει
401 2802 457 2831 τοῖς
468 2801 622 2834 ἀγαπῶσιν.
636 2802 720 2829 ϐκΑΒ.

297 2835 349 2869 (86)
375 2835 562 2868 Ἐννοοῦντες
579 2835 631 2862 τὸν
641 2836 850 2873 πατρὰδελφον
871 2837 962 2873 ὑμῶν.
978 2837 1040 2866 “asc

1086 2243 1206 2280 κεφαλὰς
1219 2242 1307 2278 ὑμῶν,
1320 2240 1410 2273 καθὼς
1417 2240 1500 2268 εἴδετε
1512 2240 1542 2267 ἑν
1553 2239 1637 2274 αὐτῷ.
1648 2239 1737 2270 Πάσας
1746 2236 1787 2268 τὰς
1794 2233 1841 2270 ἠμέ-

1088 2301 1137 2328 ρας
1151 2291 1203 2318 οὐκ
1217 2289 1353 2317 ὠνείδισεν
1363 2289 1436 2324 ἡμᾶς
1449 2287 1513 2323 περὶ
1527 2286 1576 2314 τοῦ
1591 2285 1671 2320 λόγου
1685 2285 1783 2315 τούτου,
1792 2280 1840 2309 ἀλλά

1086 2327 1228 2374 ιηγάικησεν
1241 2336 1314 2372 ἡμᾶς
1329 2335 1368 2367 ὡς
1377 2335 1426 2371 τὴν
1440 2334 1530 2370 ψυχὴν
1545 2331 1640 2363 αὑτοῦ,
1664 2332 1710 2358 καὶ
1725 2330 1785 2365 ὑπὲρ
1795 2327 1840 2357 τοὺς

1086 2385 1161 2416 υἱοὺς
1170 2382 1252 2411 αὐτοῦ
1269 2382 1392 2414 ἐδόξασεν
1413 2382 1496 2417 ἡμᾶς,
1518 2381 1567 2408 καὶ
1581 2379 1702 2411 πλοῦτον,
1718 2377 1759 2405 καὶ
1769 2375 1840 2409 κτήνη.

1087 2431 1135 2459 καὶ
1144 2430 1270 2466 ’καρποὺς
1282 2428 1429 2464 ἐχαρίσατο
1455 2427 1540 2454 πᾶσιν
1554 2426 1631 2462 ἡμῖν.
1655 2425 1708 2452 Καὶ
1721 2423 1788 2459 lipsi;
1797 2417 1837 2466 05y.

1086 2476 1170 2505 τέκνα
1182 2464 1232 2512 μου
1246 2474 1386 2510 ἀγαπητὰ,
1402 2473 1564 2510 ἀγαπήσατε
1586 2471 1700 2503 ἕκαστος
1707 2470 1747 2497 τὸν

1088 2511 1216 2550 amat-1
1229 2521 1318 2557 ἀγαθῇ
1342 2520 1454 2556 καρδία,
1480 2519 1528 2547 καὶ
1542 2519 1711 2554 ἀποστήσατε
1730 2515 1770 2549 ἀφ’
1782 2511 1838 2548 ὑμῶν

1087 2568 1119 2597 τδ
1139 2567 1248 2604 πνεῦμα
1264 2567 1311 2594 τοῦ
1324 2567 1436 2602 φθόνου,
1448 2566 1489 2594 ὅτι
1501 2566 1593 2601 ἀγριοϊ
1611 2563 1688 2592 τοῦτο
1703 2563 1746 2598 τὴν
1763 2558 1835 2594 ψυχὴν»

1087 2616 1135 2643 καὶ
1147 2603 1251 2651 φθείρει
1264 2609 1302 2641 τδ“
1310 2614 1400 2650 σῶμα,
1418 2613 1503 2649 ὀργὴν
1521 2612 1569 2640 καὶ
1583 2611 1697 2646 πόλεμον
1712 2603 1835 2651 amplxari

1089 2649 1238 2688 διαδούλιον
1257 2661 1331 2697 (87),
1352 2649 1402 2687 καὶ
1416 2661 1457 2691 εἰς
1472 2659 1576 2694 αἵματα
1598 2656 1747 2693 παροξύνει,
1760 2652 1796 2679 καὶ
1808 2649 1836 2678 εἷς

1090 2706 1216 2734 ἔκστασιν
1231 2707 1292 2741 ἄγει
1305 2707 1356 2742 τὴν
1379 2705 1508 2737 διάνοιαν,
1520 2704 1567 2731 καὶ
1578 2703 1626 2730 οὐκ
1637 2703 1670 2738 ὲᾷ
1693 2701 1737 2737 τὴν
1758 2697 1835 2725 σύνεσιν

1091 2774 1192 2801 omissa
1209 2778 1273 2801 sunt
1290 2774 1316 2801 in
1335 2782 1388 2801 ms.
1404 2772 1467 2801 cod.
1485 2771 1572 2799 Oxon.
1591 2771 1630 2797 lo.

1128 2809 1181 2844 (87)
1205 2809 1238 2836 Τὸ
1254 2809 1433 2836 ﬁnitivi-lter.
1452 2807 1497 2842 Τῷ
1507 2805 1657 2841 διαθουλίῳ.
1675 2804 1710 2831 In.
