1913 3102
41 102 93 131 ἱθθθ

587 96 794 126 TES'I'AMENT
798 96 848 126 ΗΜ
866 96 1039 125 SIMEONIS.

1568 93 1636 122 1050

39 160 202 197 ἑνάνθρώποις
215 159 351 195 ἐνεργεῖν
375 157 444 187 ἀλλὰ
472 158 575 186 καὶτὸν
599 157 684 185 ὕπνον
711 159 795 193 ἀφαι-

853 165 976 186 somnum
994 156 1093 190 aufert,
1117 161 1146 185 et
1163 155 1346 184 turbationem
1364 154 1461 182 tribuit
1480 153 1589 186 animae,
1609 157 1638 181 et

39 211 72 245 ρεῖ
81 207 136 243 (88),
145 207 188 233 καὶ⁸
200 205 292 233 κλόνον
307 205 422 242 παρέχει
437 207 472 241 τῇ
483 204 567 240 ψυχῇ,
583 205 629 231 καὶ
641 204 744 241 τρόμον
756 204 796 240 τῷ

39 257 136 290 σώματι’
150 253 187 279 ὅτι
199 252 276 286 καίγε
293 251 323 278 ὲν
335 250 413 286 ὕπνῳ
433 259 476 282 τις
500 250 581 286 ζῆλος
596 250 696 282 κακίας
715 249 797 277 αὐτὸν

39 299 153 335 φαντάζων
168 298 311 330 κατεσθίει,
329 298 376 324 καὶ
400 296 538 332 πνεύμασι
557 297 686 332 πονηροῖς
704 295 796 322 διατα-

39 346 112 381 pauet
125 345 169 381 τὴν
180 344 265 380 ψυχὴν
289 344 383 377 αὐτοῦ,
411 343 460 370 καὶ
474 341 646 379 ὲκθροείσθαι
670 341 701 368 τὸ
718 341 798 377 σῶμα

39 393 100 425 ποιεῖ,
114 393 155 419 καὶ
169 392 196 419 ἐν
209 391 316 427 ταραχῇ
327 388 514 422 διῡπνίζεσθαι
530 389 577 416 τὸν
591 388 654 416 νοῦν
667 408 674 420 ,
696 389 744 416 καὶ
759 388 798 419 ὡς

38 438 122 474 πνεῦμα
136 437 246 474 πονηρὸν
268 438 315 464 καὶ
331 436 432 464 ἰοϐόλον
456 435 525 471 ἔχων
539 455 547 467 ,
570 435 656 467 οὕτως
675 434 798 469 φαίνεται

38 485 79 514 τοῖς
88 482 237 519 ἀνθρώποις.

63 530 92 556 Ε’.
107 539 115 554 ι
130 529 175 556 Διὰ
189 528 267 556 τοῦτο
294 528 394 564 Ἰωσὴφ
415 525 450 564 ἦν
475 527 576 564 ὡραῖος
590 526 630 563 τῷ
644 526 709 553 είδει
722 546 729 558 ,
750 527 797 554 καὶ

38 577 135 612 nam
146 575 212 611 θῴει,
223 576 262 603 ὅτι
279 576 330 603 οὐκ
345 575 481 611 ἐνῴκησεν
494 576 523 602 ἐν
538 575 613 610 αὐτῷ
622 574 698 601 οὐδὲν
711 582 796 609 πονη-

38 623 84 658 ρόν·
97 622 140 658 τὴν
155 622 206 658 γὰρ
218 622 340 658 ταραχὴν
362 622 409 649 τοῦ
430 620 586 656 πνεύματος
599 621 630 648 τὸ
652 619 798 656 πρόσωπον

36 667 101 703 δηλοῖ.
112 669 162 695 Καὶ
171 667 227 700 νῦν,
241 667 324 695 τέκνα
343 676 395 704 μου
407 687 416 700 ,
436 666 590 702 ὰγαθύνατε
609 665 659 698 τὰς
685 665 799 701 καρδίας

37 713 95 749 ὑμῶν
106 714 210 742 ἐνώπιον
224 714 337 750 Κυρίου,
353 714 401 741 καὶ
416 713 544 740 εὺΘύνατε
563 712 612 744 τὰς
623 713 700 740 ὁδοὺς
722 711 800 747 ὑμῶν

35 759 126 787 ἐνώπιον
137 760 187 787 τῶν
194 760 243 787 ἀνθ
248 759 355 795 ρώπων,
365 760 412 786 καὶ
423 759 516 786 ἔσεσθε
533 758 706 794 εὑρίσκοντες
718 757 798 793 χάριν

35 806 126 834 ἐνώπιον
135 806 198 833 Θεοῦ
215 807 262 834 καὶ
274 805 435 842 ἀνθρώπων.
455 806 510 832 Καὶ
520 804 690 839 φυλάσσεσθε
700 803 748 830 τοῦ
759 803 797 840 μὴ

848 210 994 232 tremorem
1016 202 1142 238 corpori;
1171 202 1301 237 quoniam
1323 205 1350 228 et
1371 200 1398 227 in
1421 207 1519 228 somno
1535 199 1637 234 aliquis

849 250 924 280 zelus
935 247 1243 284 malitimimaginationi
1259 246 1384 274 insidens
1397 247 1486 281 ipsum
1501 245 1636 276 corrodit.

848 301 877 325 et
888 295 1032 332 spiritibus
1050 295 1214 330 perniciosis
1231 293 1379 321 conturbat
1403 294 1523 319 animam
1538 292 1635 326 ipsius,

847 348 875 370 et
889 348 1071 377 expavescere
1086 347 1188 375 corpus
1203 339 1280 371 facit,
1295 342 1323 366 et
1339 337 1549 366 conturbatione
1562 336 1637 364 exci-

846 388 899 416 tari
915 392 1054 420 mentem;
1071 391 1099 414 et
1108 387 1179 414 sicut
1194 385 1320 421 spiritum
1335 383 1521 420 perniciosum
1540 389 1568 410 et
1590 391 1637 411 νος

848 442 949 462 nenum
964 433 1121 461 fundentem
1135 432 1251 465 habens,
1266 432 1303 460 ita
1318 435 1432 466 apparet
1446 429 1616 457 hominibus.

885 535 918 563 ν.
937 545 946 562 ι
958 535 1104 571 Propterea
1120 535 1220 570 Joseph
1234 539 1293 562 erat
1304 534 1417 571 pulcher
1432 534 1502 562 facie
1516 537 1543 561 et
1557 533 1639 561 deco-

848 590 897 610 rus
913 587 1037 618 aspectu,
1053 582 1185 617 quoniam
1200 589 1254 609 non
1279 581 1412 609 habitavit
1426 581 1454 609 in
1479 581 1539 616 ipso
1556 580 1638 615 quid-

848 636 931 664 quam
948 628 1152 663 perniciosum;
1179 627 1418 655 conturbationem
1433 626 1507 654 enim
1522 626 1636 662 spiritus

849 675 933 703 facies
944 673 1111 701 manifestat.
1130 672 1164 700 Et
1175 681 1259 705 nunc,
1272 673 1320 700 filii
1336 672 1400 704 mei.
1415 673 1532 708 benigna
1555 672 1637 700 facile

849 721 931 750 corda
954 724 1045 749 vestra
1065 728 1158 748 coram
1186 719 1313 752 Domino,
1326 723 1353 747 et
1366 723 1456 747 rectas
1475 719 1556 747 facile
1579 719 1639 746 vias

849 772 955 795 vestras
969 774 1062 794 coram
1076 765 1244 795 hominibus.
1259 769 1287 792 et
1302 765 1445 792 invenietis
1461 765 1575 800 gratiam
1590 772 1639 791 co-

848 821 909 841 ram
925 812 979 840 Deo
991 817 1018 840 et
1033 811 1204 840 hominibus.
1218 811 1251 838 Et
1263 814 1368 843 cavete,
1393 818 1427 838 ne
1440 810 1615 838 fornicemini
1629 819 1637 843 ;

34 853 167 889 πορνεύειν·
182 853 224 880 ὃτι
247 853 263 889 ή
279 853 392 888 πορνεία
418 852 509 888 μήτηρ
527 853 587 879 ἐστὶ
607 852 718 879 πάντων
743 851 798 878 τῶν

853 859 982 895 quoniam
999 858 1143 886 fornicalio
1162 862 1251 885 mater
1266 861 1309 884 est
1335 857 1461 884 omnium
1491 857 1638 890 malorum,

35 900 116 931 κακῶν,
129 899 279 935 χωρίζουσα
299 899 380 931 Θεοῦ,
400 900 448 926 καὶ
467 899 687 935 προσεγγίςουσα
699 899 739 935 τῷ
751 899 800 925 Βε-

34 945 89 981 λιάρ.
112 945 233 982 Ἑώρακα
252 946 306 983 γὰρ
331 947 361 973 ὲν
387 945 541 982 χαρακτῆρι
563 946 673 982 γραφῆς
694 945 798 981 Ἑνὼχ,

33 992 63 1018 ὅτι
81 992 102 1020 ot
111 993 160 1019 ulol
174 992 250 1028 ὑμῶν
268 991 326 1028 μεθ’
340 991 417 1027 ὑμῶν
431 992 460 1018 ὲν
472 991 584 1027 πορνείᾳ
608 991 799 1028 φθαρήσονται,

33 1038 68 1065 καὶ
84 1039 109 1065 ἐν
121 1038 181 1066 Λευῖ
196 1038 370 1074 ἀδικήσουσιν
391 1038 421 1064 ὲν
439 1037 570 1074 ῥομφαίᾳ.
592 1037 662 1064 Ἀλλ’
675 1038 705 1064 οὺ
723 1037 802 1074 δυνή-

33 1093 106 1111 caveat
119 1085 184 1121 πρὸς
193 1084 271 1117 Δευτ,
282 1085 324 1112 ὅτι
340 1085 456 1120 πόλεμον
467 1083 569 1120 Κυρίου
583 1084 743 1119 πολεμήσει,
754 1083 802 1111 καὶ

32 1133 118 1167 νικήσει
129 1133 215 1159 πᾶσαν
227 1131 404 1168 παρεμϐολὴν
419 1131 507 1167 ὑμῶν,
521 1131 569 1158 καὶ
588 1131 696 1158 ἔσονται
716 1131 801 1165 ὀλίγι-

32 1186 77 1204 στοι
99 1178 316 1214 ἐπιμριζὸμενοι
342 1178 371 1205 ὲν
397 1177 437 1214 τῷ
457 1177 523 1204 Λευῖ
548 1177 596 1204 καὶ
627 1176 729 1212 Ίούδᾳ”
755 1177 802 1204 καὶ

30 1226 90 1252 ἔσται
104 1226 154 1260 (89)
164 1225 194 1259 ἐξ
206 1225 284 1261 ὑμῶν
299 1225 339 1256 εἰς
349 1224 509 1260 ἡγεμονίαν,
518 1223 609 1256 καθὼς
619 1224 667 1251 καὶ
681 1224 696 1251 ό
709 1224 802 1260 πατὴρ

35 1271 115 1299 Ἰακὼὸ
128 1273 328 1308 προεφήτευσεν
341 1271 370 1298 ὲν
384 1271 520 1306 εὐλογίαις
536 1270 602 1307 (90).

57 1320 94 1352 ς’.
113 1327 122 1344 ι
137 1319 201 1346 Ἰδοὺ
219 1319 372 1355 προείρηκα
384 1318 448 1354 ὑμῖν
465 1317 565 1349 πάντα,
581 1317 799 1349 ὃπωςδικαιωθῶ

29 1365 72 1392 ἀπὸ
85 1365 129 1401 τῆς
144 1365 280 1401 ἁμαρτίας
305 1364 360 1391 τῶν
376 1364 471 1400 ψυχῶν
495 1363 584 1399 ὑμῶν.
608 1363 672 1390 Ἐὰν
692 1363 720 1390 δὲ
736 1364 803 1399 ἀφό-

29 1411 80 1444 λητε
94 1410 137 1446 ἀφ’
153 1410 230 1446 ὑμῶν
239 1411 286 1437 τὸν
302 1410 410 1445 φθόνον,
421 1409 470 1436 κα)⁵
487 1410 578 1437 πᾶσαν
596 1409 802 1446 σκληροτραχη-

29 1456 85 1487 λίαν.
100 1458 135 1489 ὡς
152 1457 227 1493 ῥόδον
243 1456 354 1492 ἀνθήσει
369 1455 404 1483 τὰ
419 1456 486 1483 ὀστᾶ.
497 1455 552 1491 (9i)
563 1464 613 1491 μου
630 1456 659 1482 ὲν
682 1455 801 1492 Ἰσραὴλ,

855 905 982 933 dividens
992 913 1007 932 a
1020 904 1086 937 Deo,
1101 908 1128 932 et
1143 903 1363 939 appropinquare
1374 902 1477 930 faciens
1489 903 1522 931 ad
1537 902 1637 930 Beliar.

852 951 912 980 Vidi
926 952 998 979 enim
1014 951 1040 978 in
1057 951 1214 978 charactere
1226 950 1370 985 scriptum
1385 949 1490 980 Enocb.
1503 949 1576 985 quod
1590 949 1638 977 lilii

853 998 937 1026 vestri
952 997 1096 1025 vobiscum
1117 997 1145 1024 in
1169 997 1351 1024 fornicatione
1375 1001 1595 1031 corrumpentur,
1611 999 1641 1024 et

852 1043 915 1072 Levi
926 1044 1089 1078 injustitiam
1103 1043 1204 1071 facient
1216 1043 1243 1071 in
1259 1043 1360 1078 gladio.
1377 1043 1429 1070 Sed
1455 1050 1510 1071 non
1531 1050 1639 1078 pracva—

852 1090 948 1118 lebnnt
957 1094 1052 1117 contra
1069 1089 1146 1122 Levi,
1162 1089 1291 1124 quoniam
1304 1089 1405 1116 bellum
1427 1088 1537 1116 Domini
1555 1088 1641 1116 bella-

852 1137 902 1167 bit,
918 1141 945 1163 et
960 1136 1051 1164 vincet
1064 1143 1145 1163 omne
1157 1140 1277 1164 castrum
1291 1139 1426 1168 vestrum,
1438 1139 1466 1163 et
1479 1141 1560 1163 erunt
1572 1143 1640 1170 pau-

852 1182 956 1211 cissimi
969 1181 1050 1210 divisi
1068 1181 1095 1209 in
1108 1180 1173 1208 Levi
1190 1185 1217 1208 et
1229 1180 1316 1213 Juda;
1334 1185 1361 1207 et
1373 1181 1425 1208 erit
1449 1187 1466 1208 e
1478 1180 1556 1208 vobis
1570 1179 1639 1211 dux,

853 1227 1085 1264 quemadmodum
1107 1232 1183 1263 pater
1207 1235 1285 1255 meus
1310 1225 1395 1254 Iacob
1425 1225 1597 1262 prophetavit
1612 1226 1640 1253 in

852 1275 1101 1304 benedictionibus.

887 1320 933 1349 Vl.
949 1321 1021 1349 Ecce
1038 1321 1153 1356 praedixi
1167 1320 1246 1348 vobis
1268 1320 1373 1352 omnia.
1404 1324 1434 1348 ut
1461 1319 1596 1355 iustiﬁcer
1622 1326 1638 1346 a

852 1373 965 1404 peccato
977 1367 1131 1394 animarum
1145 1371 1311 1393 vestrarum.
1327 1365 1356 1392 Si
1373 1370 1464 1392 autem
1478 1363 1609 1391 auferatis
1626 1372 1642 1391 a

853 1414 932 1441 vobis
945 1413 1075 1440 invidiam
1089 1417 1116 1439 et
1130 1419 1240 1439 omnem
1255 1410 1370 1439 cervicis
1380 1410 1519 1442 duritiem,
1534 1413 1564 1436 ut
1578 1415 1642 1436 rosa

854 1460 991 1488 ﬂorebunt
1005 1466 1068 1487 ossa
1083 1465 1144 1486 mea
1160 1458 1188 1485 in
1204 1457 1302 1491 lsracl,
1316 1463 1343 1485 et
1355 1462 1386 1485 ut
1402 1457 1490 1484 lilium
1503 1463 1568 1483 caro
1582 1462 1642 1483 mea

29 1503 66 1529 ut
85 1502 119 1534 ὡς
138 1502 228 1538 κρίνον
245 1502 262 1538 ἡ
281 1501 349 1537 σάρξ
368 1509 418 1537 μου
435 1502 464 1528 ὲν
488 1500 597 1533 Ἰακὼϐ,
615 1501 664 1528 καὶ
689 1500 767 1528 ἔσται
784 1503 799 1538 ή

854 1507 881 1534 in
899 1505 983 1534 Iacob
995 1515 1002 1539 ;
1016 1509 1044 1533 et
1057 1505 1111 1532 erit
1124 1504 1194 1531 odor
1219 1511 1297 1531 meus
1312 1503 1384 1530 sicut
1403 1501 1470 1530 odor
1487 1501 1595 1534 Libani,
1615 1505 1644 1528 ct

28 1547 85 1583 ὀσμή
101 1557 148 1583 μου
163 1548 201 1581 ὡς
217 1548 288 1583 ὀσμὴ
305 1547 431 1578 Λιϐάνου,
448 1547 495 1575 καὶ
512 1547 742 1583 πληθυνθήσονται
765 1548 803 1581 ὡς

27 1592 102 1628 κέδροι
118 1594 189 1628 ἆγιοι
205 1594 237 1627 ἐξ
252 1593 320 1629 ἐμοῦ
338 1593 390 1625 ἕως
414 1593 523 1626 αἰῶνος,
540 1593 588 1620 καὶ
604 1594 628 1621 οξ
646 1594 738 1622 κλάδοι
755 1595 803 1622 αὐ-

28 1639 72 1666 τῶν
86 1640 134 1673 ἕως
148 1642 189 1674 εἰς
207 1641 312 1677 μακρὸν
323 1640 438 1668 ἔσονται.
453 1639 522 1667 Τότε
532 1639 673 1668 ἀπολεῖται
691 1641 802 1677 σπέρμα

28 1686 130 1720 Χαναὰν,
148 1689 196 1715 καὶ
213 1688 422 1724 ἐγκατάλειμμα
438 1687 487 1714 οὐκ
503 1686 580 1712 ἔσται
603 1686 644 1722 τῷ
667 1687 800 1724 Ἀμαλὴκ,

27 1734 65 1759 καὶ
79 1734 239 1761 ἀπολοῦνται
265 1734 365 1766 πάντες
387 1734 412 1761 οἱ
430 1734 622 1766 Καππάδοκες,
639 1734 686 1761 καὶ
701 1734 802 1767 πάντες

27 1776 45 1802 υῑ
60 1778 176 1805 Χετταῖοι
200 1778 481 1815 ὲξολοθρευθήσονται.
499 1779 567 1806 Τότε
592 1779 712 1814 ἐκλείψει
729 1781 745 1816 ή
764 1780 800 1816 γῆ

27 1823 89 1859 Χὰμ,
104 1826 150 1853 καὶ
165 1826 221 1857 πᾶς
244 1826 259 1852 ό
273 1825 337 1857 λαὸς
359 1824 508 1853 ἀπολεῖται.
539 1825 606 1852 Τότε
631 1826 801 1854 καταπαύσει

56 1891 104 1926 (88)
128 1892 219 1920 Ἀλλὰ
234 1893 283 1920 καὶ
294 1892 354 1928 κτὸν
367 1893 465 1921 ὕπνον
477 1892 603 1928 ἀφαιρεῖ.
623 1893 686 1921 Haec
699 1895 800 1924 omissa

27 1932 80 1954 sunt
98 1928 123 1955 in
135 1936 187 1955 ms.
206 1928 268 1955 cod.
285 1927 374 1956 Oxon.
392 1930 432 1956 lo.

55 1963 104 1998 (89)
123 1964 236 1991 Ἔσται.
251 1963 439 2000 ρὺκιιιιςὶιιιιιιι
451 1969 503 1997 est,
518 1964 591 1998 quod
601 1971 801 2000 sensnmpror-

27 2005 67 2024 sus
81 1999 247 2026 contrarium
261 1998 337 2026 facit.
355 1999 421 2027 Vide
433 2004 524 2027 notam
538 2006 708 2034 sequentem.
724 1998 762 2029 In.

55 2033 105 2067 (90)
129 2035 176 2061 Ἑν
189 2034 351 2068 εὐλογίαις.
370 2034 438 2062 Dum
452 2035 495 2062 hic
508 2034 541 2061 de
556 2033 673 2069 posteris
694 2036 801 2063 Simeo-

27 2068 61 2107 [κίε
74 2069 189 2107 ςίςίιυῖε
208 2069 269 2107 Καὶ
293 2069 399 2107 ἔρονται
412 2068 562 2107 ὀλίγιστοι(
579 2070 800 2107 ἐπιμριξόμεγοι

27 2103 92 2140 ἐντῷ
103 2104 167 2131 Λευῖ
180 2105 235 2140 καὶ,
251 2104 346 2140 Ἰούδᾳ,
364 2103 494 2133 alluditur
516 2105 550 2132 ad
573 2103 734 2134 vaticinium
754 2106 801 2134 Ja-

27 2139 76 2166 cobi
88 2140 120 2167 de
133 2140 205 2167 tribu
219 2139 347 2175 rSimeon.
363 2140 430 2168 Gen.
445 2149 520 2173 χιιι,
534 2140 567 2167 7:
584 2142 726 2175 Διαμεριῶ
746 2143 800 2168 αὺ-

853 1551 1107 1587 multiplicabuntur
1116 1555 1146 1578 ut
1156 1549 1241 1583 cedri,
1251 1548 1337 1577 sancti
1347 1556 1381 1576 ex
1395 1556 1439 1575 me
1451 1555 1539 1582 usque
1552 1547 1580 1574 in
1594 1555 1645 1575 διιδ-

852 1599 991 1630 culum,et
1001 1597 1070 1625 rami
1084 1604 1178 1624 eorum
1192 1603 1278 1631 usque
1290 1595 1316 1623 in
1325 1595 1523 1630 longitudinem
1535 1594 1642 1622 dierum

852 1649 932 1672 erunt
945 1643 1012 1679 (9‘2).
1027 1642 1107 1670 Tunc
1119 1642 1320 1677 peribitsemen
1344 1641 1475 1669 Chanaan
1488 1661 1495 1674 ,
1521 1644 1549 1667 et
1572 1640 1644 1668 resi—

852 1691 936 1718 duum
951 1698 1005 1717 non
1014 1689 1067 1716 erit
1077 1689 1218 1721 Amalech.
1234 1692 1260 1715 et
1275 1687 1402 1723 peribunt
1417 1694 1514 1714 omnes
1531 1686 1642 1721 Cappa-

852 1737 946 1769 doces,
961 1739 988 1763 et
1001 1742 1097 1762 omnes
1116 1734 1218 1762 Cetbmi
1244 1733 1404 1769 perdentur.
1429 1732 1508 1759 Tunc
1534 1732 1643 1760 deﬁciet

852 1786 924 1809 terra
935 1780 1033 1813 Cbam,
1048 1784 1075 1807 et
1086 1779 1177 1806 omnis
1188 1779 1306 1814 populus
1321 1778 1430 1813 peribit.
1444 1777 1522 1805 Tunc
1536 1777 1644 1812 requie-

852 1831 909 1855 scet
925 1826 1015 1855 omnis
1032 1831 1104 1853 terra
1116 1833 1131 1852 a
1146 1825 1362 1860 perturbatione,
1372 1828 1400 1852 et
1412 1824 1503 1852 omnis
1516 1831 1577 1859 qua:
1590 1823 1642 1851 sub

852 1892 957 1935 giensis
970 1896 998 1920 et
1026 1891 1146 1935 Ro‘berti
1165 1891 1367 1935 Lincolniensis
1397 1891 1642 1935 pmferrejellet,

849 1927 1028 1964 fuxtarquam
1059 1927 1173 1964 Simeon
1200 1927 1359 1960 aﬂirmavit,
1377 1935 1410 1955 ex
1436 1928 1561 1964 pOSIerisr
1579 1929 1641 1964 ejus

851 1962 911 1992 fore
927 1962 1025 1990 ducem
1039 1971 1046 1995 ;
1065 1969 1153 1997 neque
1167 1963 1241 1989 hunc
1255 1970 1367 1990 sensuum
1381 1971 1414 1990 ex
1427 1962 1533 1991 ultimis
1548 1962 1643 1991 Jacobi

850 1999 954 2030 verbis,
971 1998 1120 2034 Getn._;m
1132 1998 1275 2034 ,Velicere,
1291 2005 1342 2025 nec
1358 1998 1439 2034 facile
1452 2005 1514 2026 cum
1541 2006 1643 2034 przcce-

850 2034 1018 2095 dentibuslin
1036 2032 1173 2061 Simeonis
1187 2032 1363 2062 Testamento
1384 2033 1475 2062 verbis
1497 2032 1645 2062 conciliare

853 2074 963 2095 notent.
993 2077 1020 2095 ι).

870 2069 963 2097 oterit.
981 2069 1020 2095 In.

852 2079 1020 2142 [ﬁgit-'11)]:
1025 2103 1117 2138 ῥόδον
1132 2103 1305 2142 ἀκοιλοξερτὰ
1318 2105 1404 2142 ὀστᾶ,
1419 2115 1446 2134 κ.
1460 2116 1486 2134 τ.
1500 2107 1526 2134 λ.
1547 2107 1644 2142 Respi-

851 2138 1022 2168 cit‘fo’rtasse
1035 2145 1133 2167 auctor
1143 2139 1175 2166 ad
1195 2138 1279 2166 Edeli.
1289 2149 1363 2172 xui.
1379 2141 1429 2169 M:
1451 2143 1489 2169 Τὰ
1501 2141 1577 2170 ὀστᾶ
1591 2138 1645 2169 ἀὺ-

27 2175 91 2223 gmw,-J
152 2174 262 2223 ἔᾳκὼϐ,
276 2175 325 2216 καὶ
337 2175 488 2223 (zu-10.15pm
498 2175 608 2223 αὺτρὶίς
618 2174 661 2223 ἐν,
670 2174 798 2210 Ἰσραήλ.
815 2195 838 2223 D
922 2175 1073 2223 ⁸ἀνανθοίῖλοι
1088 2174 1190 2223 €72.10?
1198 2175 1301 2223 J't'dft'av
1324 2176 1443 2223 αὐτιξηςς
1458 2178 1527 2218 ossa
1553 2185 1644 2204 eorum

27 2208 92 2241 Quod
108 2211 135 2237 in
152 2210 282 2238 Simeone
291 2211 432 2244 impletum
445 2208 507 2238 esse
519 2215 592 2245 patet
603 2219 636 2239 ex
647 2208 730 2239 Josue
741 2208 798 2244 xix,

27 2246 65 2280 rtl
81 2245 200 2280 Paralip.
220 2254 258 2274 1v.
272 2244 420 2280 Sequentia
445 2244 526 2280 quod,
539 2246 653 2274 attinet:
675 2247 730 2274 Καὶ
752 2247 803 2274 οὐκ

27 2279 89 2317 ἔσται
100 2281 128 2317 ἐξ
145 2279 225 2317 ὑμῶν
238 2281 277 2313 είς
289 2279 437 2317 ῄῨεμονιαν
446 2279 496 2317 (uti
509 2286 582 2309 recte
594 2282 622 2308 in
632 2282 725 2310 codice
733 2281 804 2310 0x0-

27 2315 102 2343 niensi
115 2315 238 2351 legitur).
255 2315 392 2344 difficilius
403 2315 620 2351 est'conjectare,
637 2317 738 2351 quibus
753 2317 803 2344 Ja-

27 2351 75 2378 cobi
88 2352 180 2380 verbis
193 2353 246 2379 ista
260 2351 431 2379 intimentur.
449 2351 571 2379 Dicerem
593 2357 733 2380 auctorem
759 2361 804 2380 re-

27 2387 137 2429 spexisse
236 2386 444 2429 Jacobiverba;
456 2387 550 2429 ,ρωιαὶ
570 2395 659 2414 eorum
672 2396 724 2414 non
737 2388 803 2429 junf

27 2426 93 2456 gatur
105 2423 195 2458 gloria
210 2430 278 2458 mea.
296 2422 323 2450 id
335 2427 377 2450 est
387 2422 414 2449 in
429 2422 501 2450 tribu
519 2430 614 2450 eorum
631 2430 685 2450 non
702 2422 804 2451 existat

27 2457 127 2494 regnum
145 2457 339 2494 lsraeliticum.
357 2457 379 2485 si
393 2458 510 2493 aliquem
529 2458 724 2494 ex__veteribus
753 2466 802 2494 pro

27 2490 68 2531 hac
83 2494 257 2531 expositione
270 2492 406 2531 adducere
420 2490 541 2528 possem.
560 2492 661 2531 Verum
677 2493 702 2520 bi
719 2490 801 2531 longe

27 2526 153 2556 diversum
170 2529 270 2555 borum
284 2526 430 2555 verborum
452 2536 563 2556 sensum
580 2528 704 2562 tradunt;
724 2526 798 2556 ideo-

27 2569 69 2596 que
82 2564 241 2595 dicendum,
250 2563 292 2590 vel
305 2563 460 2591 citationem
473 2563 693 2591 benedictionum
706 2563 801 2591 Jacobi

27 2597 58 2634 ad?
68 2598 124 2626 haec
137 2607 193 2626 non
207 2599 351 2634 pertinere,
364 2598 411 2626 sed
420 2599 458 2634 ad
470 2606 500 2625 ea
518 2607 579 2634 qua:
590 2603 800 2633 praecesserunt;

27 2633 59 2668 vel
79 2639 223 2662 auctorem
236 2633 404 2661 Testamenti
418 2633 480 2661 Levi
498 2633 553 2661 non
568 2634 700 2668 ailegasse
718 2634 801 2661 bene-

27 2667 152 2697 dietiones
164 2668 261 2696 Jacobi
280 2668 307 2696 in
321 2669 455 2697 canonico
466 2669 536 2697 libro
549 2667 686 2696 Geneseos
696 2669 801 2697 descri-

27 2708 86 2763 ptas.
105 2704 154 2731 sed
178 2704 365 2739 apocryphum
393 2703 486 2732 Jacobi
516 2708 706 2732 testamentum
730 2704 801 2731 inter

35 2738 147 2763 manu:
158 2738 245 2763 τοιῶυ
256 2739 447 2763 Πατοιαονῶν.
460 2747 575 2763 nuarum
591 2739 757 2763 mentionem
773 2744 801 2763 et

35 2738 147 2774 ιαθήκας
158 2738 245 2775 τριῷν
256 2738 447 2775 Πατριαρχῶν,
460 2747 575 2775 quarum
591 2739 757 2775 mentionem
773 2744 801 2766 et

27 2748 147 2774 ιιαοηκας
158 2748 245 2774 τριων
257 2748 314 2766 ιιατ
335 2748 447 2775 ιαρχων,
460 2748 575 2775 quarum
591 2748 757 2766 mentionem
773 2748 799 2766 et

27 2780 68 2807 ego
95 2775 122 2801 in
141 2774 248 2809 praefat.
266 2775 300 2802 ad
317 2748 375 2802 haec
409 2774 577 2802 Testamenta
593 2774 645 2801 feci
658 2795 665 2806 ,
682 2779 710 2801 et
741 2774 799 2808 ipse

27 2813 111 2849 noster
124 2808 224 2849 auctor
236 2810 264 2849 in
281 2808 456 2849 Testamento
471 2809 618 2849 Benjamilr
628 2809 641 2844 §
653 2818 681 2849 ξ,
695 2809 796 2849 injecit.

27 2843 152 2872 lictorum
168 2845 192 2873 si
210 2845 354 2881 quisquam
367 2845 510 2873 lectionem
526 2843 636 2873 codicis
651 2844 798 2872 Canlabriu

853 2211 1033 2274 Sjustorum)
1051 2210 1181 2252 pullulent
1195 2211 1227 2238 de
1240 2211 1298 2238 loco
1311 2220 1369 2239 suo.
1390 2212 1441 2240 Ubi
1463 2213 1505 2240 vir
1518 2220 1645 2240 summus

870 2246 972 2273 acobus
991 2245 1129 2274 Benlgnus
1148 2246 1297 2274 Bossuetus
1316 2248 1375 2274 lucc
1394 2248 1522 2274 adnotat:
1549 2258 1558 2274 ι
1575 2249 1645 2274 (Issa

870 2245 972 2273 acubus
991 2245 1129 2280 Benignus
1148 2246 1297 2274 Bossuetus
1316 2248 1375 2275 haec
1394 2248 1522 2276 adnotat:
1549 2258 1558 2274 ι
1575 2249 1645 2275 (Issa

853 2289 944 2309 eorum
959 2280 1101 2318 pullulent,
1119 2281 1237 2318 formula
1252 2282 1320 2310 bene
1333 2284 1498 2318 apprecandi
1516 2284 1643 2315 mortuis,

853 2321 884 2353 ut
898 2321 971 2353 patet
982 2316 1054 2353 infra
1066 2316 1194 2353 nm]?
1207 2324 1213 2342 :
1226 2352 1229 2353 ν
1243 2318 1299 2345 Kal
1316 2316 1376 2345 τῶν
1394 2318 1509 2346 δώδεκα
1528 2325 1645 2353 προφη-

852 2352 912 2379 τῶν
923 2351 959 2379 τὰ
972 2351 1048 2380 ὀστᾶ
1058 2351 1205 2379 ἀναθάλοι
1218 2352 1253 2379 ἐκ
1276 2353 1330 2380 τοῦ
1351 2354 1445 2381 τόπου
1471 2351 1571 2381 αὐτῶν
1577 2351 1598 2380 ε’
1610 2353 1644 2380 Et

852 2387 991 2414 duodecim
1004 2388 1191 2423 prophetarum
1205 2396 1265 2414 ossa
1281 2388 1412 2423 pullulent
1438 2388 1470 2416 de
1498 2389 1556 2416 loco
1584 2397 1643 2416 suo.

853 2422 938 2456 Quasi
950 2423 1071 2450 diceret:
1089 2422 1190 2449 Eorum
1207 2424 1340 2452 memoria
1351 2425 1519 2452 reflorescat.
1538 2424 1645 2451 Alludit

852 2462 944 2486 autem
973 2458 1007 2485 ad
1029 2458 1256 2486 consuetudinem
1279 2459 1434 2486 collocandi
1459 2460 1585 2493 sepulcra
1615 2459 1643 2486 in

852 2493 971 2530 amoenis
988 2498 1017 2530 et
1039 2493 1192 2530 virentibus
1222 2493 1301 2526 locis,
1317 2500 1383 2529 puta
1399 2494 1486 2522 hortis
1507 2494 1557 2529 (ιν
1577 2494 1642 2530 Reg.

853 2537 910 2561 xxI,
931 2528 1043 2563 i8,26),
1060 2528 1163 2556 Christi
1179 2536 1290 2563 quoque
1307 2528 1487 2557 tironumento
1513 2528 1543 2556 in
1562 2528 1643 2558 horto

851 2564 972 2627 quodam
990 2565 1080 2599 posito
1096 2563 1188 2598 (Joun.
1206 2572 1265 2597 xxx,
1282 2565 1339 2597 4|).
1354 2565 1444 2592 Credo
1457 2565 1490 2592 ad
1502 2573 1644 2593 commen-

870 2600 968 2626 andam
986 2599 1094 2627 piorum
1108 2606 1255 2627 perennem
1271 2607 1303 2627 ac
1317 2607 1426 2627 semper
1439 2599 1571 2627 virentem
1589 2608 1644 2627 me-

870 2600 968 2626 andam
986 2599 1094 2634 piorum
1108 2606 1255 2634 perennem
1271 2607 1303 2628 ac
1317 2607 1426 2635 semper
1439 2599 1571 2628 virentem
1589 2608 1645 2627 me-

851 2635 966 2662 moriam
981 2642 1013 2662 ac
1030 2642 1107 2669 spem
1120 2634 1348 2663 resurrectionis:
1362 2634 1408 2670 qui
1426 2635 1497 2663 horti
1523 2643 1586 2663 cum
1603 2635 1645 2662 vi-

851 2674 1000 2706 rescerent,
1020 2670 1079 2705 ipsa
1091 2677 1154 2698 ossa
1171 2670 1204 2698 de
1220 2670 1276 2697 loco
1290 2679 1350 2706 suo,
1363 2671 1390 2698 id
1404 2675 1446 2698 est
1461 2671 1496 2698 de
1514 2671 1643 2706 sepulcro

850 2705 933 2732 vcluti
951 2706 1116 2739 germinare,
1134 2710 1162 2732 et
1177 2713 1228 2733 suo
1242 2705 1362 2740 quodam
1379 2706 1461 2733 modo
1479 2706 1645 2734 reviviscere

849 2740 1023 2768 videbantur.
1040 2751 1050 2766 ι
1065 2740 1160 2775 Neque
1171 2741 1245 2768 aliud
1271 2741 1388 2770 innuero
1402 2741 1511 2769 videtur
1534 2741 1579 2769 hic
1600 2740 1644 2768 Si-

851 2783 942 2808 meon,
958 2775 989 2802 ad
1004 2781 1121 2803 mentem
1135 2777 1255 2804 auctoris
1280 2777 1379 2804 borum
1401 2775 1641 2805 Testamentorum.

886 2811 942 2846 (92)
965 2810 1060 2838 Erunt.
1073 2811 1099 2838 id
1114 2816 1166 2845 est,
1184 2812 1319 2840 latissime
1331 2820 1360 2840 se
1375 2812 1540 2841 diﬂundcnt.
1555 2811 1641 2840 (ius.
