1913 3102
264 111 329 141 1051

756 114 991 144 TESTAMENTA
1007 115 1054 143 Xll
1075 114 1387 146 PATRIARCHARUM.

1821 118 1887 146 103%

261 173 332 200 coelo
344 177 397 204 est.
415 181 429 201 a
446 173 528 202 bello.
545 173 623 203 Tunc
639 174 701 202 Sem
716 176 924 210 gloriﬁeabitur,
938 176 1049 211 quando

1108 179 1175 204 mica
1198 179 1213 213 ἡ
1231 179 1265 214 γῆ
1280 179 1334 206 ἀπὸ
1350 174 1486 214 ταραχῆς,
1510 178 1558 205 καὶ
1574 178 1647 205 πᾶσι
1671 177 1689 213 ἡ
1710 176 1755 203 ὗτ⁴
1777 177 1886 211 οὖρα-ὴν

263 220 396 249 Dominus
415 222 486 250 Deus
500 223 614 258 Magnus
628 225 711 252 Israel
725 226 867 260 apparebit
885 226 911 252 iu
936 230 1006 252 terra
1021 230 1051 252 ut

263 267 356 299 Immo,
384 273 409 295 et
434 269 551 296 salvabit
576 270 603 296 in
624 270 684 304 ipso
696 271 793 298 Adam.
811 271 888 299 Tunc
911 272 1051 299 dabuntur

263 319 358 340 omnes
379 313 491 348 spiritus
505 315 608 341 erroris
622 315 647 342 in
659 316 906 349 coneulcaliouem,
919 323 944 344 et
961 317 1050 344 homi—

263 366 311 386 nes
327 360 480 394 regnabunt
493 368 576 395 super
592 362 761 396 perniciosos
776 363 899 397 spiritus.
917 363 994 390 Tunc
1007 371 1050 391 re-

262 413 372 440 surgam
386 407 412 433 in
429 406 533 439 l:ctitia,
549 411 575 433 et
585 407 743 435 benedicam
759 409 901 436 Altissimo
917 409 943 436 in
965 409 1050 436 mira-

262 451 363 480 bilibus
377 453 463 487 ipsius
476 462 482 484 ;
499 454 629 488 quoniam
648 454 718 482 Deus
733 463 833 490 corpus
847 463 991 483 assumens
1001 475 1009 488 ,
1024 459 1051 482 et

262 499 408 526 comedens
423 508 485 527 cum
502 500 670 532 hominibus,
686 501 799 529 salvavit
812 509 869 529 eos.

298 641 352 669 νη.
371 653 379 669 ι
392 643 423 671 Et
437 652 520 678 nunc,
534 645 610 673 ﬁlioli
624 647 687 676 mei.
701 647 807 675 obedite
817 647 891 680 Levi,
905 649 968 676 etin
981 649 1050 676 Juda

262 688 504 723 Iiberabimiui;et
528 699 562 719 ne
577 692 730 720 elIeramini
758 702 842 729 super
867 694 937 722 duas
963 695 1050 723 tribus

263 735 323 770 bas,
336 737 466 771 quoniam
483 746 515 766 ex
529 739 595 773 ipsis
610 740 712 768 orietur
726 740 803 768 vobis
819 740 893 768 salus
907 741 965 768 Dei.
981 741 1051 769 Sus-

262 782 358 810 citabit
377 784 449 811 enim
471 785 605 813 Dominus
627 794 661 813 ex
688 787 752 814 Levi
774 788 940 822 pontilicem,
972 793 999 815 et
1018 796 1050 815 ex

262 827 331 856 Juda
345 837 448 865 regem.
462 830 546 858 Deum
559 837 586 859 et
601 832 752 860 hominem.
762 834 813 862 Hic
823 834 937 862 salvabit
953 842 1050 862 omnes

263 881 367 910 gentes,
384 880 411 903 et
424 885 511 912 genus
522 878 616 905 Israel.
632 878 747 913 Propter
776 882 827 906 hoc
841 880 933 907 omnia
949 880 1050 907 mando

263 922 350 955 vobis,
376 927 405 950 ut
419 927 447 950 et
463 931 511 951 vos
527 925 661 952 mandetis
683 925 745 952 [iliis
761 926 858 953 vestris
872 946 880 958 ,
899 931 929 954 ut
955 931 1051 954 custo-

263 969 339 996 diant
353 969 398 997 illa
409 970 435 997 in
449 972 640 1006 generationes
652 979 758 1000 eorum.
773 983 782 998 ι

300 1071 365 1099 Vili.
384 1071 416 1100 Et
433 1072 545 1100 Simeon
560 1074 765 1101 consummavit
787 1082 947 1107 sermones.
980 1082 1051 1109 quos

264 1118 402 1145 mandavit
414 1118 477 1146 liliis
492 1120 560 1152 suis,
576 1126 603 1147 et
618 1121 748 1148 dormivit
760 1129 823 1148 cum
836 1121 964 1156 patribus
981 1121 1051 1153 suis,

263 1172 325 1190 eum
337 1168 409 1192 esset
420 1170 529 1193 centum
542 1171 569 1194 et
583 1167 679 1202 viginti
692 1175 839 1195 annorum.
857 1167 890 1194 Et
902 1171 1054 1202 posuerunt

263 1217 325 1237 eum
345 1211 371 1238 iu
389 1212 497 1240 thecam
513 1213 648 1248 lignorum
663 1222 717 1241 non
730 1214 956 1249 putrescentium,
970 1219 1000 1242 ut
1011 1222 1055 1241 re-

263 1257 394 1285 ducerent
415 1267 478 1286 ossa
504 1259 564 1294 ejus
593 1260 620 1287 in
637 1259 758 1287 chron.
776 1260 809 1288 Et
836 1260 1005 1288 reduxerunt
1020 1267 1052 1287 ea

263 1303 332 1330 clam
345 1304 372 1331 iu
384 1305 454 1332 bello
466 1305 668 1341 Egyptiorum.
682 1305 750 1334 Ossa
763 1306 835 1333 enim
849 1306 950 1341 Joseph
965 1310 1054 1333 custo-

263 1348 374 1376 diebant
387 1349 507 1385 {Egyplii
537 1352 562 1378 in
577 1352 682 1379 airariis
699 1360 805 1388 regum.
828 1352 961 1379 Dicebant
980 1353 1052 1379 enim

263 1393 304 1419 eis
320 1393 515 1425 incantatores.
528 1395 601 1429 quod
619 1396 642 1422 si
658 1396 838 1431 deportentur
850 1404 914 1423 ossa
937 1395 1051 1430 Josepb,

265 1438 354 1465 l'orent
365 1439 392 1466 in
408 1440 484 1466 omni
502 1440 619 1477 IEgypto
638 1442 755 1469 tenebrae
772 1447 799 1470 et
816 1443 905 1477 caligo
927 1448 954 1469 et
974 1442 1054 1477 plaga

264 1493 364 1519 magna
374 1486 452 1513 valde
468 1485 614 1523 Egyptiis,
629 1492 658 1514 ut
672 1497 734 1516 cum
751 1489 862 1516 lucerna
877 1486 988 1524 quoque
999 1497 1053 1516 non

264 1536 414 1565 cognoscat
429 1534 618 1568 unusquisque
635 1534 746 1562 l‘ratrem
763 1543 855 1563 suum.

302 1576 347 1604 ΙΧ.
366 1577 399 1604 Ει
414 1578 546 1607 ﬂeverunt
559 1580 606 1607 lilii
620 1581 729 1608 Simeon
742 1587 846 1616 patrem
859 1589 940 1609 suum
954 1589 1053 1609 secun-

264 1623 328 1650 dum
347 1623 431 1659 legem
447 1625 581 1659 tristitize;
596 1631 624 1653 et
640 1632 719 1653 erant
736 1627 762 1654 iu
782 1627 900 1662 Egypto
918 1634 1006 1660 usque
1019 1626 1053 1654 ad

265 1669 324 1697 dics
341 1671 431 1698 exitus
447 1679 545 1699 eorum
559 1673 594 1700 ab
608 1672 726 1709 Egypto
741 1674 768 1700 in
786 1669 997 1709 manu'Moysis.

568 1785 683 1814 CAPUT
704 1787 747 1814 Ill.

320 1831 516 1860 Testamentum
531 1831 610 1865 Levi,
626 1833 658 1860 de
670 1833 817 1860 sacerdotio
828 1838 853 1860 ιι
866 1834 999 1868 superbia.

301 1877 320 1904 l.
338 1877 547 1914 Transcriptum
564 1879 708 1906 verborum
721 1879 796 1913 Levi,
815 1888 985 1917 quacunque
998 1881 1055 1910 dis-

265 1925 355 1959 posuit
365 1925 506 1957 tiliissuis,
527 1927 676 1952 secundum
699 1927 791 1954 omnia
803 1935 864 1962 qua:
888 1927 1005 1960 facient,
1029 1933 1056 1956 et

266 1978 439 2006 quzecunque
449 1971 609 2006 contingent
623 1972 663 1999 eis
684 1980 771 2008 usque
794 1974 828 2000 ad
851 1973 922 2001 diem
944 1974 1053 2009 judicii.

267 2015 357 2043 Sanus
365 2021 434 2049 erat,
447 2018 557 2051 quando
567 2018 676 2044 vocavit
688 2026 736 2045 cos
750 2019 782 2045 ad
795 2019 913 2053 seipsum
925 2029 931 2047 ε
958 2021 1056 2055 prazvi-

266 2061 346 2088 debat
358 2062 430 2089 enim
447 2063 519 2096 quod
533 2063 682 2090 moriturus
697 2068 765 2090 erat.
780 2063 849 2090 Cum
874 2069 964 2092 autem
989 2073 1056 2093 con-

267 2109 368 2144 gregali
380 2113 471 2135 essent
479 2129 486 2141 ,
498 2109 568 2136 dixit
578 2110 635 2136 eis:

302 2155 334 2183 ll.
354 2165 363 2181 ‹
374 2155 430 2191 Ego
442 2155 506 2182 Levi
516 2156 542 2182 in
551 2156 673 2184 Cbarrau
683 2162 832 2189 conceptus
847 2166 920 2191 sum,
935 2163 963 2186 et
974 2163 1055 2188 natus

268 2201 340 2234 illic;
355 2207 382 2229 et
390 2206 451 2236 post
463 2202 520 2229 haic
536 2203 597 2230 veni
609 2211 670 2230 cum
688 2208 763 2238 patre
777 2204 803 2230 in
816 2203 949 2231 Sicbima.
972 2205 1053 2233 Eram

267 2247 434 2282 verojunior
446 2248 524 2282 quasi
541 2256 674 2275 annorum
691 2249 796 2284 viginti,
806 2250 917 2285 quando
931 2250 982 2279 feci
991 2259 1053 2279 eum

269 2292 396 2321 Simeone
406 2294 552 2320 vindictam
569 2294 674 2322 sororis
686 2300 786 2322 noslrm
801 2295 875 2323 Dina:
885 2296 918 2323 de
932 2296 1054 2324 Emmor.

269 2339 305 2368 Ut
322 2344 412 2367 autem
426 2340 551 2374 pavimus
563 2348 657 2375 greges
673 2341 699 2368 in
713 2342 865 2374 Abclmaul,
880 2342 999 2377 Spiritus
1014 2343 1055 2370 in-

269 2388 392 2415 tellectus
408 2386 514 2414 Domini
531 2387 606 2414 venit
617 2395 699 2422 super
714 2396 767 2421 mc,
780 2393 806 2415 et
816 2389 940 2416 videbam
959 2396 1055 2417 omnes

269 2434 396 2462 homines
411 2434 580 2462 occultantes
605 2435 677 2461 viam
692 2442 790 2467 suam,
807 2440 834 2462 et
859 2435 932 2470 quod
961 2443 1056 2464 muros

268 2480 412 2507 :edilicavit
426 2479 477 2507 subi
494 2481 544 2514 ipsi
560 2480 693 2515 iujustitia
709 2481 730 2513 ",
746 2485 774 2508 ct
788 2489 870 2515 super
885 2486 975 2508 turres
1001 2482 1054 2509 ini-

303 2539 313 2553 ⁷
327 2537 399 2565 Psal.
415 2546 470 2569 LIV.
487 2538 529 2572 ll,
546 2538 588 2565 12.

305 2595 360 2632 (95)
381 2596 563 2631 Φαινόμενος
589 2597 638 2623 ἐπὶ
660 2596 726 2632 γῆς,
748 2597 788 2630 ὡς
804 2597 968 2630 ἅνθρωπος.
990 2596 1056 2631 Quae

271 2631 316 2662 hic
329 2638 357 2658 et
375 2632 455 2666 paulo
469 2637 540 2666 post,
558 2633 591 2659 de
604 2640 702 2664 magno
720 2631 773 2659 Deo
787 2632 813 2659 in
830 2632 917 2659 forma
935 2633 1055 2660 hominis

271 2673 352 2702 super
369 2671 470 2702 terram
484 2672 630 2702 apparente
643 2671 669 2693 et
693 2674 756 2702 cum
779 2667 938 2695 hominibus
961 2675 1055 2695 come-

271 2700 351 2728 deute
364 2700 507 2732 dicuntur,
522 2700 576 2729 nou
590 2702 688 2732 Judmi.
705 2701 752 2728 sed
769 2702 919 2730 Christiani
935 2703 1056 2731 hominis

271 2741 336 2763 sunt
347 2737 439 2763 verba.
453 2737 538 2766 GllAB.

309 2771 364 2806 (94)
389 2771 438 2804 Ὡς
448 2773 612 2806 ἅνθρωπος.
627 2771 733 2801 Omissa
755 2777 829 2802 sunt.
847 2773 887 2801 Id.

319 2807 353 2832 95
390 2806 446 2833 Ἐν.
467 2807 536 2833 Ἐπί.
555 2809 593 2834 In.

308 2806 365 2874 (96)
392 2841 545 2874 Ἀρχιερέα,
559 2851 593 2870 κα

320 2840 365 2875 96)
392 2841 545 2875 Ἀρχιερέα,
559 2844 605 2870 καὶ
620 2843 654 2869 ἐκ
667 2844 718 2872 τοῦ
737 2844 830 2872 Ἰούδα
839 2845 980 2876 βασιλέα.
1001 2847 1055 2879 Γρ.

355 2772 365 2875 ξ

1101 225 1154 251 ἀπὸ
1171 225 1299 260 πολέμου.
1319 226 1389 252 Τότε
1400 226 1460 262 Σὴμ
1476 224 1711 259 ὲνδοξασθήσεται,
1728 224 1770 250 ὅτε
1789 223 1885 258 Κύριος

1099 272 1114 297 ὁ
1130 270 1196 302 Θεὸς
1214 271 1299 307 μέγας
1315 271 1363 298 τοῦ
1387 271 1493 307 Ἰσραὴλ
1511 271 1674 306 φαινόμενος
1694 270 1739 297 ἐπὶ
1758 271 1811 306 γῆς
1834 270 1886 303 (93}

1100 317 1139 348 ὡς
1162 318 1304 353 ἄνθρωπος
1321 317 1376 353 (94)
1387 338 1394 349 ,
1413 318 1460 345 καὶ
1477 317 1571 349 σώζων
1588 319 1617 344 ὲν
1627 315 1701 352 αὐτῷ
1726 317 1771 342 τὸν
1793 316 1885 350 Ἀδάμ.

1100 364 1167 390 Τότε
1184 363 1341 399 δοθήσονται
1359 364 1446 390 πάντα
1462 363 1497 390 τὰ
1506 363 1649 400 πνεύματα
1667 363 1716 399 τῆς
1733 362 1834 397 πλάνης
1850 363 1887 393 εἰς

1101 410 1300 446 καταπάτησιν,
1318 411 1365 438 καὶ
1380 412 1405 437 oi.
1422 410 1557 446 ἄνθρωποι
1575 410 1763 446 βασιλεύσουσι
1779 408 1834 435 τῶν
1843 417 1888 435 πνρ-

1100 458 1191 494 νηρῶν
1208 458 1380 493 πνευμάτων.
1399 458 1466 485 Τότε
1475 458 1663 494 ἀναστήσομαι
1681 458 1710 483 ἐν
1726 457 1887 493 adeps-wn.

1101 507 1147 533 καὶ
1164 506 1303 542 εὐλογήσω
1318 507 1364 534 τὺν
1384 507 1514 541 Ὕψιστον
1530 508 1558 533 ὲν
1575 506 1631 542 (95)
1648 508 1705 538 τοῖς
1730 502 1887 541 θαυμασίοὲ

1101 553 1183 580 αὐτοῦ
1194 562 1200 568 ·
1219 554 1260 580 ὅτι
1277 555 1290 580 ὁ
1315 554 1380 585 Θεὸς
1398 554 1477 588 σῶμα
1492 553 1591 584 λαϐὼν,
1608 554 1657 580 καὶ
1681 553 1827 580 συνεσῡῐων
1843 554 1887 580 ἁν-

1102 599 1229 635 θρώποις,
1248 600 1347 626 ἔσωσεν
1364 599 1470 631 αὐτούς.

1138 645 1174 671 Ζ’.
1196 654 1204 669 ι
1220 645 1274 671 Καὶ
1290 645 1347 677 νῦν,
1365 645 1459 672 τεκνία
1477 653 1527 681 μου
1539 665 1547 676 ,
1566 645 1718 672 ὑπακούετε
1740 645 1825 676 Λευῖ,
1846 648 1889 673 καὶ

1102 691 1131 716 ὲν
1155 691 1238 727 Ἰούδᾳ
1254 691 1478 727 λυτρωθήσεσθε·
1497 692 1544 718 καὶ
1564 692 1600 727 μὴ
1618 692 1763 727 ἐπαίρεσθε
1782 692 1829 718 ἐπὶ
1844 693 1888 722 τὰς

1101 737 1148 764 δύο
1164 737 1250 772 φυλὰς
1267 738 1385 769 ταύτας,
1403 738 1444 764 ὅτι
1469 738 1499 770 ἐξ
1514 737 1604 764 αὐτῶν
1627 738 1750 764 ἀνατελΞί
1776 739 1842 773 ὑμῖν
1863 739 1889 764 τὴ

1104 785 1235 820 σωτήριον
1251 784 1298 811 τοῦ
1320 784 1396 811 Θεοῦ.
1422 785 1580 820 Ἀναστήσει
1603 784 1658 820 γὰρ
1675 784 1777 819 Κύριος
1798 785 1831 811 ἐκ
1847 785 1888 811 τοῦ

1103 828 1168 855 Λευῒ
1192 829 1344 865 ἀρχιερέα,
1372 830 1418 856 καὶ
1445 830 1477 855 ἐκ
1501 828 1548 855 τοῦ
1572 829 1657 856 Ἰούδα
1685 829 1798 864 βασιλέα
1820 830 1887 865 (96],

1101 875 1168 902 Θεὸν
1178 876 1225 902 καὶ¹
1241 876 1392 912 ἄνθρωπον.
1416 870 1499 907 Οὗτος
1520 875 1601 902 σώσει
1613 876 1702 903 πάντα
1711 876 1745 902 τὰ
1761 876 1836 911 ἔθνη,
1849 878 1890 902 καὶ

1101 922 1132 948 τὸ
1148 922 1225 957 γένος
1241 922 1295 949 τῶν
1319 923 1436 959 Ἰσραήλ.
1454 923 1502 950 Διὰ
1517 923 1596 950 τοῦτο
1621 923 1711 950 πάντα
1732 923 1788 958 (97)
1806 923 1890 949 ἐντέλ-

1101 969 1185 1004 λομαι
1203 969 1279 1004 ὑμῖν,
1297 970 1341 996 ἴνα
1357 971 1404 997 καὶ
1429 971 1508 1006 ὑμεῖς
1529 970 1686 1006 ὲντείλησθε
1710 971 1765 1002 τοῖς
1789 970 1889 999 eiram;

1102 1015 1190 1051 ὑμῶν,
1208 1016 1281 1049 ὅπως
1299 1017 1450 1051 φυλάξωσιν
1468 1017 1537 1044 αὐτὰ
1547 1019 1587 1050 εὶς
1603 1017 1652 1049 τὰς
1670 1017 1766 1051 γενεὰς
1778 1018 1887 1044 αὐτῶν..

1139 1063 1180 1090 H’.
1204 1063 1260 1089 Kal
1289 1062 1445 1090 συνετέλεσε
1481 1063 1593 1099 Συμεὼν
1622 1064 1815 1099 ἐντελλόμενος
1840 1065 1890 1095 toi;

1102 1109 1171 1140 υἱοῖς
1186 1109 1278 1141 αὐτοῦ,
1297 1110 1344 1136 καὶ
1359 1110 1492 1146 ἐκοιμήθη
1505 1110 1572 1145 μετὰ
1588 1111 1642 1137 τῶν
1660 1111 1786 1146 πατέρων
1803 1110 1889 1141 aii-.13,

1103 1158 1170 1185 ἐτῶν
1183 1161 1233 1194 ρκ’.
1247 1158 1303 1184 Καὶ
1315 1157 1415 1193 ἔθηκαν
1428 1157 1507 1184 αὑτὸν
1524 1159 1552 1184 ὲν
1563 1157 1635 1194 θήκῃ
1652 1158 1738 1191 ξύλων
1753 1159 1888 1194 acip-nm,

1102 1204 1150 1231 τοῦ
1168 1206 1314 1239 ἀναγαγεῖν
1330 1205 1365 1231 τὰ
1380 1205 1447 1231 ὀστᾶ
1463 1204 1545 1232 αὐτοῦ
1563 1206 1593 1231 ὲν
1615 1205 1730 1241 Χεϐρόν.
1754 1206 1811 1232 Καὶ
1830 1206 1887 1240 Mr
1903 1216 1904 1220 π

1102 1259 1202 1285 νεγκαν
1218 1251 1288 1278 αὐτὰ
1305 1252 1332 1278 ὲν
1350 1244 1461 1287 πολέμῲ
1481 1252 1639 1286 Αἰγυπτίων
1660 1253 1761 1287 κρυφῇ.
1788 1252 1828 1278 Τὰ
1842 1252 1889 1286 γὰρ

1103 1298 1170 1324 ὀστᾶ
1202 1297 1300 1333 Ἰωσὴφ
1330 1297 1478 1332 ἐφύλαττον
1494 1298 1518 1324 οἱ
1535 1298 1681 1331 Αἰγύπτιοι
1710 1299 1739 1324 ὲν
1767 1299 1823 1330 τοῖς
1847 1307 1888 1323 τι-

1105 1344 1190 1380 μείοις
1207 1343 1262 1378 (98)
1279 1344 1333 1371 τῶν
1361 1343 1500 1378 βασιλέων.
1532 1344 1646 1378 Ἔλεγον
1675 1344 1729 1380 γὰρ
1755 1345 1846 1375 αὐτοῖς
1869 1345 1888 1370 oi

1104 1390 1232 1421 ὲπαοιδοὶ,
1249 1391 1290 1417 ὅτι
1307 1391 1335 1417 ὲν
1353 1390 1434 1426 ἐξόδῳ
1443 1390 1543 1417 ὀστέων
1567 1391 1667 1427 Ἰωσὴφ
1685 1391 1760 1417 ἔσται
1778 1391 1805 1417 ἐν
1823 1390 1904 1425 nam

1103 1439 1136 1472 τῇ
1153 1438 1188 1473 γῇ
1205 1436 1342 1471 Αἰγύπτου
1360 1436 1464 1468 σκότος,
1482 1437 1529 1463 καὶ
1547 1436 1637 1472 πληγὴ
1666 1436 1771 1471 μεγάλη
1797 1435 1889 1469 σφῶε-ιι

1103 1485 1160 1514 τοῖς
1174 1483 1340 1517 Αἰγυπτίοις,
1358 1482 1429 1508 ὥστε
1447 1481 1516 1517 μετὰ
1531 1481 1628 1517 λύχνου
1653 1482 1690 1517 μὴ
1708 1481 1888 1515 ἐπιγινώσκειν

1065 1540 1088 1568 c
1104 1529 1219 1561 ἕκαστος
1235 1528 1280 1555 τὸν
1296 1528 1409 1562 ἀδελφὸν
1426 1527 1519 1554 αὐτοῦ.

1141 1577 1179 1603 ϐ’.
1198 1577 1252 1603 Καὶ
1269 1575 1404 1602 ἔκλαυσαν
1419 1574 1472 1602 υἱοὶ
1488 1574 1600 1610 Συμεὼν
1616 1575 1662 1602 τὸν
1680 1576 1787 1611 πατέρα
1807 1575 1888 1602 αὐτῶν
1903 1587 1904 1591 η

1106 1621 1177 1649 κατὰ
1192 1622 1238 1648 τὸν
1254 1621 1336 1657 νόμον
1352 1621 1399 1647 τοῦ
1414 1619 1541 1652 πένθους·
1561 1621 1609 1647 καὶ
1619 1618 1689 1656 ἦσαν
1706 1622 1746 1652 εἱς
1762 1622 1888 1655 Αἴγυπτον
1903 1629 1904 1641 ι

1105 1669 1158 1698 ἕως
1177 1668 1282 1704 ἡμέρας
1309 1667 1399 1700 ἐξόδου
1428 1666 1518 1694 αὐτῶν
1534 1667 1582 1693 ἀπ’
1700 1668 1838 1702 Λὶγύτπου
1864 1668 1887 1694 ὲν

1107 1714 1178 1750 χειρὶ
1196 1713 1314 1741 Μωῦσοῦ
1331 1713 1416 1748 (100),

1371 1790 1569 1818 ΚΕΦΛΛΑΙΟΝ
1584 1791 1622 1818 Γ.

1107 1838 1234 1873 Διαθήκη
1251 1839 1334 1871 Λευῒ,
1345 1839 1413 1873 περὶ
1428 1839 1594 1873 ἱερωσύνης
1613 1839 1663 1866 καὶ
1680 1839 1884 1874 dumpar-(ae.
1903 1857 1904 1870 ,

1141 1897 1179 1923 A’.
1205 1895 1381 1932 Ἀντίγραφον
1397 1894 1484 1930 λόγων
1499 1895 1575 1928 Λευῒ,
1593 1895 1642 1922 ὅσα
1654 1895 1757 1922 διέθετο
1766 1897 1820 1926 τοῖς
1828 1896 1885 1926 uia‘;

1106 1941 1200 1974 αὑτοῦ,
1218 1941 1288 1969 κατὰ
1303 1941 1391 1967 πάντα
1407 1941 1425 1968 ἃ
1441 1942 1594 1976 ποιήσουσι,
1613 1941 1662 1967 καὶ
1678 1941 1729 1967 ὅσα
1739 1941 1883 1975 συναντήπι

1106 1991 1196 2022 αὐτοῖς
1213 1990 1265 2022 ἓως
1281 1990 1387 2026 ἡμέρας
1404 1990 1531 2026 κρίσεως.
1555 1990 1703 2024 Ὑγιαίνων
1719 1988 1763 2025 ἦν,
1781 1990 1822 2016 ὅτε
1831 1988 1881 2014 Exi-
1903 1991 1904 2002 ‘

1106 2037 1182 2063 λεσεν
1211 2036 1309 2068 αὐτοὺς
1338 2036 1406 2072 πρὸς
1423 2036 1536 2062 ὲαυτόνυ
1565 2034 1642 2071 ὤφθη
1673 2036 1730 2071 γὰρ
1756 2035 1834 2070 αὐτῷ,
1849 2035 1880 2060 ἐτι

1108 2082 1198 2118 μέλλει
1215 2082 1405 2117 ἀποθνήσκειν.
1426 2083 1489 2109 Ὅτε
1506 2082 1535 2108 δὲ
1552 2081 1735 2118 συνήχθησαν,
1752 2081 1810 2109 εἷπε
1825 2081 1879 2116 xy};

1106 2126 1212 2159 αὐτούς·

1143 2175 1179 2200 B’.
1200 2184 1209 2199 ι
1230 2173 1301 2208 Ἐγὼ
1317 2173 1381 2200 Λευῖ
1398 2174 1426 2200 ὲν
1442 2172 1556 2209 Χαρρὰν
1573 2173 1758 2210 συνελήφθην,
1775 2172 1818 2200 καὶ
1830 2170 1876 2197 ἑτέ-

1069 2211 1093 2240 D
1107 2217 1173 2252 χῦην
1191 2218 1258 2249 ἐκεῖ,
1275 2219 1323 2245 καὶ
1340 2217 1410 2254 μετὰ
1425 2217 1512 2244 ταῦτα
1528 2215 1609 2253 ἦλθον
1627 2219 1677 2244 σὺν
1693 2217 1735 2253 τῷ
1750 2218 1826 2252 πατρὶ
1845 2216 1878 2245 εἰς

1107 2263 1223 2298 Σίκημα.
1245 2264 1337 2299 Ἦμην
1362 2263 1390 2290 δὲ
1411 2262 1553 2298 νεώτερος,
1570 2263 1637 2289 ὡσεὶ
1654 2263 1693 2298 (1)
1718 2263 1783 2290 ὲτῶν
1798 2266 1826 2291 κ’,
1840 2261 1876 2287 ὅτε

1107 2309 1222 2345 ἐποίησα
1245 2309 1314 2344 μετὰ
1336 2308 1448 2345 Συμεὼν
1474 2309 1524 2344 τὴν
1544 2309 1684 2345 ἐκδίκησιν
1711 2310 1759 2344 τῆς
1778 2306 1877 2340 ἀδελᾳῖπ

1106 2356 1183 2392 ἡμῶν
1197 2356 1275 2388 Δίνας
1287 2357 1341 2384 ἀπὺ
1355 2356 1403 2383 τοῦ
1420 2355 1543 2392 Ἐμμώρ.
1562 2355 1607 2387 Ὠς
1618 2356 1646 2382 δὲ
1658 2353 1875 2391 ἐποιμαίνομενβ)

1106 2404 1135 2430 ὲν
1155 2403 1330 2438 Ἀϐελμαοὺλ,
1347 2403 1455 2438 πνεῦμα
1479 2402 1613 2434 συνέσεως
1631 2402 1737 2438 Κυρίου
1754 2399 1826 2437 ἦλθεν
1839 2399 1875 2425 ἐπ’

1106 2451 1166 2485 ἐμὲ,
1183 2440 1346 2480 natasti/ta;
1359 2448 1518 2485 ἀνθρώπους
1537 2447 1630 2484 ἑώρων
1649 2447 1821 2482 ἀφανίζοντας
1834 2445 1875 2479 τὴν

1106 2495 1164 2522 ὁδὸν
1177 2495 1276 2526 αὐτῶν,
1291 2496 1337 2521 καὶ
1348 2495 1388 2521 ὅτι
1399 2494 1475 2529 τείχη
1485 2493 1660 2529 ᾠκοδόμησεν
1672 2494 1753 2529 ἑαυτῇ
1764 2494 1779 2528 ὴ
1790 2489 1874 2520 ἀδικία,

1153 2632 1207 2663 9τῖ
1218 2632 1329 2661 Πάντα.
1347 2633 1450 2660 Ταῦτα.
1463 2632 1500 2659 lu.

1153 2667 1198 2703 98)
1221 2670 1362 2703 Ταμείοις.
1381 2668 1532 2703 Ταμιείοις,
1546 2667 1584 2695 in.

1153 2705 1197 2737 99)
1224 2706 1291 2732 Ἀπ’.
1313 2703 1367 2737 Ἐξ.
1383 2703 1419 2730 In.

1143 2739 1376 2784 eaeaeae-
1391 2739 1572 2784 C&,Ma°°ﬁ-
1592 2739 1629 2766 ιιι-

1143 2770 1181 2811 (Ι)
1207 2770 1296 2802 Ὥσει.
1314 2770 1523 2811 Οιηὶεειὶιηπξυ.

1144 2808 1181 2846 (2)
1209 2810 1445 2845 Ἐποιμαίνομεν.
1470 2809 1653 2845 Ἐποίμαινον.
1672 2808 1710 2836 In.

1105 2599 1143 2632 ὡς
1154 2600 1189 2662 ἀρ
1209 2598 1294 2635 ιερὲα,
1312 2598 1349 2630 ὡς
1362 2597 1483 2637 βασιλέα.
1500 2597 1537 2624 ln.

1153 2636 1169 2663 9
1218 2634 1329 2661 Πάντα.
1347 2633 1450 2660 Ταυτα.
1463 2632 1500 2659 lu.

1143 2609 1207 2703 (98)(
1221 2670 1362 2703 Ταμείοις.
1381 2668 1532 2703 Ταμιείοις.
