1913 3102
14 150 50 178 I55

623 145 883 175 TESTAMENTUM
903 145 990 173 LEVI.

1533 148 1601 176 1054

14 209 30 235 tl
43 209 84 234 ἐπὶ
96 207 215 243 πύργους
234 209 250 242 ἡ
269 206 368 242 ἀνομία
386 206 519 243 κάθηται·
538 208 585 233 καὶ
606 205 761 241 ἐλυπούμην

821 206 914 240 quitas
930 206 1015 238 sedit;
1033 209 1058 233 et
1073 207 1199 234 lrlstatus
1210 215 1270 234 sum
1286 207 1319 234 de
1331 215 1427 242 genere
1447 207 1601 240 hominum,

14 257 44 291 ερὶ
54 254 96 281 τοῦ
114 255 208 289 γένους
225 254 278 280 τῶν
290 253 450 290 ἀνθρώπων,
465 255 511 280 καὶ
523 252 644 289 εὐξάμην
658 253 762 288 Κυρίῳ,

14 311 51 333 τως
64 300 150 328 σωθῶ.
165 301 230 326 Τότε
243 300 376 326 ἐπέπεσεν
389 299 432 325 ἐπ’
448 299 500 334 ἐμὲ
516 298 610 329 ὕπνος,
631 298 677 324 καὶ
685 297 763 323 ἐθεα-

14 348 68 383 ιμην
78 347 138 382 ὅρος
151 346 266 382 ὑψηλόν·
288 345 367 372 τοῦτο
380 345 441 381 ὄρος
464 344 588 376 Ἀσπίδος
607 345 636 370 ὲν
669 344 762 370 Ἀϐελ-

14 393 63 420 ιούλ
76 393 122 427 (5).
137 392 193 418 Καὶ
212 391 266 418 ἰδοὺ
277 390 454 426 ἀνεῴχθησαν
467 391 491 417 οἱ
503 391 622 426 οὐρανοὶ,
645 391 691 416 καὶ
711 390 762 423 ἆγ-

14 437 54 467 ;λος
66 436 164 471 Κυρίου
182 433 243 462 εἷπε
256 435 324 471 πρός
340 444 374 470 με
384 443 391 450 ⁶
419 444 428 460 1
441 434 508 462 Λευῒ
518 455 526 466 ,
548 434 663 461 εἴσελθε.
678 445 687 461 ›
709 435 763 461 Καὶ

14 483 97 518 σῆλθον
121 483 153 510 ἐκ
173 483 220 509 τοῦ
239 482 348 518 πρώτου
368 481 483 518 ούρανοῦ
506 482 546 513 είς
565 481 611 507 τὸν
627 481 761 517 δεύτερον,

14 529 29 554 ιι
43 526 106 554 εἶδον
126 529 186 554 ἐκεῖ
205 528 277 564 ὕδωρ
295 528 469 564 κρεμάμενον
488 527 540 554 ἀνὰ
555 527 637 563 μέσον
666 527 763 553 τούτου

14 572 110 599 ικείνου.
129 574 185 599 Καὶ
202 571 270 599 εἶδον
285 572 322 608 (Δ)
340 573 431 609 τρίτον
443 572 557 608 οὐρανὸν
576 571 643 598 πολὺ
664 581 762 607 φωτει-

14 620 85 654 ὶτερον
106 619 184 655 παρὰ
210 619 273 651 τοὺς
292 619 353 645 δύο·
373 619 420 645 καὶ
436 618 490 653 γὰρ
503 618 569 654 ὕψος
587 617 621 654 ἦν
639 619 667 645 ἐν
689 619 762 655 αὐτῷ

14 674 95 701 πειρον.
113 666 169 691 Καὶ
179 664 255 692 εἶπον
266 665 304 700 τῷ
318 665 426 701 ἀγγέλῳ
437 674 444 681 ’
461 675 470 690 1
483 665 559 691 Διατί
571 664 656 697 οὕτως
667 673 673 698 ;
688 675 696 691 ι
708 666 762 692 Καὶ

14 721 53 738 τεν
68 713 80 738 ὁ
92 711 206 746 ἄγγελος
219 712 287 748 πρός
300 721 333 747 με
343 720 349 726 '
372 722 381 736 1
393 712 438 747 Μὴ
456 711 578 747 θαύμαζε
591 712 638 738 ἐπὶ
648 711 761 743 τούτοις,

14 759 71 790 low;
86 759 138 795 γὰρ
150 760 286 794 τέσσαρας
298 759 428 795 οὐρανοὺς
439 759 499 794 ὄψει
512 759 705 796 φαιδροτέρους
717 760 763 786 καὶ

14 805 163 841 πυγκρίτους,
182 806 248 831 ὅταν
264 805 379 840 ἀνέλθῃς
393 805 465 831 ἐκεῖ·
484 805 524 831 ὅτι
546 805 578 831 σὺ
598 805 680 840 ἐγγὺς
703 806 761 831 Κυ-

15 860 38 876 ου
51 852 142 886 στήσῃ,
158 851 207 878 καὶ
220 850 376 886 λειτουργὸς
393 850 475 877 αὐτοῦ
488 851 548 888 ἔσῃ,
567 851 613 878 καὶ
626 852 762 887 μυστήρια

14 895 57 921 ,τοῦ
69 896 225 930 ἑξαγγελείς
235 897 292 928 τοῖς
304 896 468 932 ἀνθρώποις,
486 896 533 922 καὶ
550 897 614 932 περὶ
633 896 680 923 τοῦ
700 897 764 932 μέλ-

15 941 238 980 ντοςηλυτροῧσοαι
250 941 296 968 τὸν
320 941 428 977 Ἰσραὴλ
441 942 584 977 κηρύξεις·
604 942 650 969 καὶ¹
663 942 706 968 διὰ
716 941 762 968 σοῦ

14 987 27 1013 il
43 988 118 1014 Ἰούδα
130 987 279 1023 ὀφθήσεται
292 988 393 1024 Κύριος
404 989 433 1015 ὲν
450 988 617 1024 ἀνθρώποις,
630 987 725 1020 σώζων
734 989 763 1015 ὲν

14 1034 65 1064 ›τοίς
77 1034 128 1060 πᾶν
145 1034 224 1068 γένος
237 1034 389 1070 ἀνθρώπων
399 1043 406 1050 ο
425 1035 471 1061 καὶ
488 1035 520 1061 ὲκ
535 1034 642 1070 μερίδος
660 1034 762 1070 Κυρίου

14 1075 57 1111 ζωή
72 1085 128 1108 σου,
139 1077 189 1104 καὶ
200 1077 282 1109 αὐτὸς
294 1077 369 1104 ἔσται
383 1086 428 1104 σου
442 1077 536 1113 ἀγρὸς,
550 1077 688 1113 ἀμπελὼν,
698 1087 762 1114 καρ-

14 1121 35 1152 λὶ,
50 1123 156 1158 χρυσίον
174 1124 222 1150 καὶ
239 1123 380 1160 ἀργύριον.

18 1168 48 1195 Γ.
71 1179 79 1194 1
101 1170 234 1196 ’Δκουσον
258 1168 303 1197 οὖν
327 1171 391 1206 περὶ
414 1170 468 1197 τῶν
491 1170 561 1198 ἑπτὰ
577 1172 709 1208 οὐρανῶν.
733 1173 763 1200 Ὁ

14 1214 122 1250 ιτώτερος
138 1215 184 1242 διὰ
199 1216 279 1243 τοῦτο
296 1217 470 1253 στυγνότερός
483 1217 566 1249 ἐστιν,
581 1218 673 1254 ἐπειδὴ
686 1215 762 1251 οὗτος

14 1259 50 1294 ιρὰ
71 1261 157 1293 πάσας
182 1261 289 1293 ἀδικίας
313 1255 474 1296 ἀνθρώπων.
506 1262 535 1288 '0
557 1261 683 1298 δεύτερος
705 1262 762 1297 ἔχει

14 1305 43 1340 ip,
59 1306 141 1340 χιόνα,
157 1307 335 1343 κρύσταλλον,
349 1306 445 1342 ἕτοιμα
463 1308 503 1339 είς
521 1307 628 1343 ἡμέραν
645 1307 763 1343 προστά-

14 1361 77 1384 ιατος
89 1353 202 1389 Κυρίου,
216 1354 246 1380 ἐν
259 1355 291 1389 τῇ
305 1353 488 1389 δικαιοκρισίᾳ
503 1353 551 1380 τοῦ
567 1353 635 1380 Θεοῦ
645 1362 651 1368 ·
671 1354 700 1381 ὲν
711 1354 761 1381 αὑ-

14 1397 21 1423 3
36 1401 82 1426 εἰσι
99 1401 189 1427 πάντα
206 1400 242 1426 τὰ
258 1399 400 1436 πνεύματα
421 1400 459 1436 (5)
478 1400 531 1426 τῶν
553 1400 704 1434 ἐπαγωγῶν
722 1401 762 1432 εἰς

14 1445 109 1481 ιδίχησιν
125 1446 181 1473 τῶν
198 1447 317 1482 ἀνόμων.
344 1447 387 1473 Ἐν
403 1445 441 1481 τῷ
454 1445 538 1482 τρίτῳ
556 1446 626 1473 εἰσιν
638 1447 665 1472 αἱ
682 1446 761 1473 δυνά-

14 1500 39 1523 ;ις
52 1492 101 1518 τῶν
115 1492 308 1528 παρεμϐολῶν,
325 1492 466 1527 ταχθεῖσαι
480 1491 517 1526 (6)
532 1493 571 1523 εἰς
585 1492 691 1528 ἡμέραν
702 1491 762 1527 κρί-

779 883 800 910 Β

815 256 842 278 et
860 251 937 278 oravi
952 251 1096 278 Dominum
1112 253 1283 280 utsalvarer.
1306 253 1382 280 Tunc
1398 253 1495 281 cecidit
1519 262 1600 288 super

815 305 859 324 me
876 306 1001 331 somnus,
1011 303 1039 325 et
1048 299 1247 333 contemplatus
1255 307 1315 326 sum
1325 300 1598 327 montemexeelsum:

815 344 859 371 hic
875 348 1011 372 estmons
1023 344 1135 379 Aspidis
1149 345 1176 371 in
1192 345 1346 372 Abelmaul.
1375 345 1407 372 Et
1429 354 1491 373 ecce
1513 347 1598 381 aperti

814 394 879 417 sunt
889 391 951 418 caeli
966 411 974 423 ,
987 396 1013 418 et
1028 391 1140 425 angelus
1150 390 1195 419 Dei
1211 391 1279 419 dixit
1291 392 1357 418 mihi
1370 401 1376 418 :
1403 402 1412 418 ι
1422 392 1497 426 Levi,
1511 394 1600 428 ingre-

814 437 887 464 dere.
900 447 909 463 ι
931 437 964 464 Ει
978 438 1149 472 ingrediebar
1164 439 1197 465 de
1213 438 1301 473 primo
1316 439 1386 466 cmlo
1399 438 1425 465 in
1438 439 1598 471 secundum,

813 487 840 510 et
859 483 915 510 vidi
931 484 986 511 illic
999 492 1097 519 aquam
1120 492 1281 519 suspensam
1311 485 1338 512 in
1362 485 1452 512 medio
1470 485 1551 519 huius
1572 489 1600 512 et

815 530 898 558 illius.
914 530 947 557 Et
958 531 1012 558 vidi
1028 531 1140 563 tertium
1152 531 1251 559 malum
1271 532 1356 558 multo
1375 532 1492 559 lucidius
1515 539 1598 566 quam

814 577 902 610 duos;
918 577 1017 605 etenim
1039 578 1152 605 altitudo
1171 582 1229 605 eral.
1242 579 1268 605 in
1286 579 1345 613 ipso
1361 579 1476 606 inﬁnita.
1501 579 1532 606 Et
1557 579 1600 606 di-

815 623 908 650 cebam
926 623 1021 658 angelo
1040 632 1046 650 :
1066 632 1075 648 1
1097 622 1210 657 Propter
1225 623 1290 658 quid
1312 624 1370 650 ita?
1384 634 1393 650 ι
1411 623 1442 651 Ει
1460 625 1528 652 dixit
1548 633 1599 652 an-

814 668 890 703 gelus
909 668 991 695 mihi:
1009 667 1065 695 «Ne
1080 668 1188 696 mireris
1216 668 1241 695 in
1261 668 1320 702 his;
1338 678 1347 694 ι
1365 668 1433 696 alios
1444 669 1515 696 enim
1529 676 1598 704 qua-

815 720 877 742 tuor
905 715 989 742 eoalos
1007 714 1111 742 videbis
1141 715 1273 742 clariores
1301 719 1327 742 et
1358 714 1597 749 incomparabiles,

813 769 875 789 cum
892 761 1049 788 ascenderis
1063 761 1132 793 illic;
1149 761 1278 795 quoniam
1291 765 1319 788 tu
1341 768 1425 795 prope
1452 759 1599 787 Dominum

814 808 913 840 stabis.
927 813 953 834 et
964 807 1088 834 minister
1100 807 1187 841 ipsius
1205 807 1270 840 eris,
1284 811 1311 834 et
1331 807 1459 842 mysteria
1477 805 1538 840 ejus
1550 814 1600 833 an-

814 854 953 882 nuntiabis
968 854 1136 884 hominibus.
1152 858 1178 880 et
1202 853 1236 880 de
1250 857 1365 880 venturo
1381 853 1499 879 liberare
1516 850 1600 880 Israel

815 900 994 936 pracdicabis;
1013 904 1039 926 et
1049 907 1097 934 per
1112 903 1138 926 te
1155 903 1181 926 et
1192 898 1290 926 Judam
1306 898 1447 933 apparebit
1469 897 1600 926 Dominus

814 949 885 975 inter
901 947 1035 979 homines,
1056 947 1166 974 salvans
1190 946 1217 972 in
1233 945 1299 980 ipsis
1313 952 1394 972 omne
1406 953 1492 979 genus
1508 944 1599 971 homi-

814 1002 898 1027 num;
913 998 940 1021 et
954 1002 986 1021 ex
1002 998 1078 1028 parte
1093 993 1201 1020 Domini
1216 994 1267 1020 erit
1278 992 1331 1020 vita
1347 997 1409 1025 tua;
1424 996 1451 1019 et
1463 992 1521 1026 ipse
1546 991 1600 1018 erit

813 1041 862 1068 tibi
875 1048 950 1076 ager,
963 1040 1053 1072 vinea,
1069 1039 1185 1073 fructus,
1202 1047 1300 1067 aurum
1312 1043 1339 1066 et
1349 1042 1500 1074 argentum.

849 1179 892 1206 Ill.
917 1180 1008 1207 1Audi
1018 1187 1083 1215 ergo
1101 1180 1134 1207 de
1148 1184 1251 1214 septem
1273 1178 1368 1206 caelis:
1391 1177 1508 1206 Inferius
1532 1185 1598 1213 pro-

813 1231 906 1262 pterea
920 1228 1026 1255 tristius
1045 1231 1098 1259 est,
1110 1226 1174 1262 quia
1193 1226 1265 1254 istud
1279 1226 1358 1260 juxta
1379 1233 1475 1259 omnes
1487 1225 1598 1260 injusti—

815 1274 867 1301 tias
881 1273 1023 1301 hominum
1037 1277 1089 1300 est.
1103 1272 1259 1300 Secundum
1271 1272 1354 1299 habet
1372 1271 1474 1307 ignem,
1495 1271 1597 1304 nivem,

813 1321 940 1358 glaciem,
962 1324 1056 1355 parata
1072 1319 1098 1346 in
1115 1319 1187 1347 diem
1200 1319 1326 1354 praecepti
1352 1319 1470 1352 Domini,
1489 1317 1599 1353 injusto

811 1367 917 1402 judicio
927 1366 973 1394 Dei
986 1375 992 1400 ;
1006 1367 1033 1393 in
1046 1367 1106 1401 ipso
1125 1371 1190 1394 sunt
1204 1373 1300 1394 omnes
1313 1366 1426 1400 spiritus
1440 1365 1598 1392 retributio-

813 1421 879 1440 num
893 1413 920 1440 in
936 1413 1084 1440 vindictam
1100 1413 1268 1447 iniquorum.
1282 1411 1311 1439 ln
1327 1412 1406 1439 tertio
1431 1415 1495 1438 sunt
1510 1411 1599 1438 virtu-

813 1465 855 1488 tes
865 1464 1030 1492 castrorum,
1046 1459 1179 1486 ordinatae
1195 1459 1222 1486 in
1234 1458 1424 1493 diemjudicii,
1442 1457 1476 1485 ad
1496 1457 1601 1485 facien—

813 1506 878 1534 dum
894 1505 1044 1533 vindictam
1066 1505 1093 1532 in
1117 1505 1259 1539 spiritibus
1285 1505 1387 1532 erroris
1399 1508 1426 1531 et
1448 1503 1546 1531 Beliar.
1569 1502 1598 1530 In

14 1546 55 1569 mg,
72 1539 179 1573 ποιῆσαι
197 1539 336 1574 ἐκδίκησιν
353 1539 381 1564 ὲν
397 1539 454 1570 τοῖς
471 1538 609 1573 πνεύμασι
625 1538 674 1574 τῆς
692 1537 761 1565 πλά-

815 1557 912 1587 quarto
920 1557 1009 1579 autem
1024 1552 1151 1587 superius
1163 1552 1205 1578 his
1220 1551 1307 1578 sancti
1322 1554 1402 1583 sunt;
1420 1550 1550 1584 quoniam
1572 1549 1599 1576 in

14 1591 30 1617 ις
41 1584 80 1610 καὶ
91 1584 137 1610 τοῦ
149 1584 296 1619 Βελιάρ.οἰ
313 1585 341 1612 δὲ
357 1585 397 1616 εἰς
410 1584 539 1620 τέταρτον
553 1584 646 1610 ἐπάνω
658 1584 762 1612 τούτων

14 1630 50 1662 μοί
60 1632 137 1657 εἰσιν·
152 1631 196 1657 ὅτι
212 1631 241 1657 ὲν
258 1631 385 1667 ἀνωτέρῳ
405 1631 512 1658 πάντων
528 1629 655 1656 καταλύει
711 1639 760 1665 με-

14 1676 46 1711 ἱλη
57 1677 115 1710 δόξα
124 1679 152 1705 ὲν
159 1677 243 1713 ’Δγίῳ
255 1677 350 1711 ἁγίων,
365 1677 493 1713 ὑπεράνω
506 1676 595 1710 πάσης
608 1676 760 1711 ἁγιότητος.

14 1722 31 1748 ἰν
44 1723 111 1758 αὑτῷ
127 1723 167 1759 (7)
184 1724 209 1749 οἱ
226 1722 337 1757 ἄγγελοί
350 1723 402 1749 εισι
419 1721 465 1748 τοῦ
483 1720 629 1757 προσώπου
647 1721 760 1756 Κυρίου,

23 1768 232 1805 λειτουργοῦντες
247 1770 295 1796 καὶ
307 1768 509 1804 ἐξιλασκόμενοι
523 1766 591 1803 πρὸς
603 1767 704 1803 Κύριον
716 1767 762 1793 ἐπὶ

14 1814 74 1847 im;
91 1817 149 1847 ταῖς
169 1815 290 1849 ἀγνοίαις
313 1815 367 1841 τῶν
389 1814 510 1840 δικαίων.
525 1812 714 1849 Προσφέρουσι
733 1813 762 1839 δὲ

14 1861 67 1896 υρῐῳ
86 1861 121 1897 (8)
139 1861 231 1896 ὀσμὴν
247 1861 361 1892 εὐωδίας
378 1860 490 1896 λογικὴν
502 1880 509 1892 ,
527 1860 574 1886 καὶ
595 1859 762 1895 ἀναίμακτον

14 1907 134 1942 ιοσφοράν.
162 1908 206 1934 Ἐν
227 1907 256 1933 δὲ
277 1906 317 1942 τῷ
342 1907 469 1932 ὑποκάτω
484 1905 553 1932 εἰσιν
571 1906 596 1932 οἱ
613 1905 722 1940 ἄγγελοι
737 1905 761 1931 οἱ

14 1950 98 1986 Epona;
113 1953 165 1984 τὰς
177 1951 336 1986 ἀποκρίσεις
346 1952 401 1982 τοῖς
413 1949 537 1984 ἀγγέλοις
552 1949 599 1976 τοῦ
617 1949 761 1985 προσώπου

14 1997 85 2032 υρίου.
103 1997 146 2024 Ἑν
159 1997 188 2023 δὲ
203 1996 241 2032 τῷ
260 1996 318 2031 μετ’
334 1995 425 2027 αὑτὸν,
444 1995 497 2021 εἰσὶ
513 1994 612 2030 θρόνοι,
630 1994 760 2027 ἐξουσίαι,

23 2039 40 2076 ᾧ
51 2043 90 2069 ἀεὶ
102 2043 182 2078 ὕμνοι
199 2042 238 2078 τῷ
254 2041 312 2077 Θεῷ
325 2041 532 2077 προσφέρονται.
548 2040 630 2067 Ὅταν
643 2038 689 2067 οὖν
703 2041 762 2067 ὲπι-

74 2090 87 2116 ὁ
101 2088 204 2125 Κύριος
220 2088 258 2124 (9)
272 2088 315 2123 ἐφ’
329 2088 414 2123 ἡμᾶς,
432 2087 533 2118 πάντες
550 2087 631 2121 ἡμεῖς
650 2086 761 2113 σαλευόα

14 2134 48 2160 εῡα
58 2143 64 2149 ·
81 2136 125 2162 καὶ
137 2137 161 2162 οἱ
179 2135 300 2170 οὐρανοὶ,
315 2134 362 2161 καὶ
379 2134 395 2169 ἡ
411 2132 459 2168 γῆ,
473 2133 520 2159 καὶ
532 2133 560 2158 αἱ
572 2132 694 2165 ἄϐυσσοι,
708 2133 762 2159 ἀπὸ

14 2180 116 2208 βοσώπου
127 2182 178 2217 τῆς
198 2179 394 2216 μεγαλωσύνης
410 2177 493 2205 αὐτοῦ
512 2178 666 2205 σαλεύονται
684 2178 759 2213 (10)·

23 2227 46 2253 δὲ
60 2229 107 2254 υἱοὶ
121 2228 176 2255 τῶν
194 2226 357 2263 ἀνθρώπων,
383 2225 429 2252 ἐπὶ
445 2224 548 2256 τούτοις
565 2224 759 2260 ἀναισθητοῦν-

16 2281 35 2304 ς,
50 2274 241 2310 ἁμαρτάνουσι,
259 2273 306 2299 καὶ
323 2271 517 2307 παροργίζουσι
536 2271 582 2297 τὸν
600 2270 742 2306 Ὕψιστον.

20 2320 49 2346 Δ’.
62 2330 70 2345 ι
85 2320 140 2347 Νῦν
155 2318 203 2347 οὖν
213 2319 372 2354 γινώσκετε,
385 2318 426 2345 ὅτι
440 2319 546 2354 ποιήσει
557 2317 659 2353 Κύριος
671 2317 760 2353 κρίσιν

14 2366 95 2399 εὶτοὺς
121 2369 197 2400 υἱοὺς
218 2367 272 2393 τῶν
295 2365 462 2401 ἀνθρώπων,
486 2366 547 2397 ὅτε,
571 2365 625 2391 τῶν
649 2364 760 2400 πετρῶν

14 2412 146 2448 ίζομένων,
160 2415 207 2440 καὶ
218 2412 265 2440 τοῦ
277 2412 353 2448 ἡλίου
366 2412 555 2447 σῦεννυμένου,
567 2411 614 2438 καὶ
628 2411 683 2438 τῶν
697 2411 759 2437 ὑδά-

14 2468 34 2484 W
47 2460 241 2496 ξηραινομένων
250 2480 257 2492 ,
275 2459 322 2485 καὶ
336 2458 383 2485 τοῦ
397 2458 482 2494 πυρὸς
503 2458 742 2493 καταπτήσσοντπ
753 2481 762 2491 ,

14 2503 30 2529 ιὶ
44 2505 125 2541 πάσης
146 2505 262 2536 κτίσεως
283 2503 464 2539 κλονουμένης
476 2523 483 2535 ,
498 2503 545 2529 καὶ
561 2502 616 2529 τῶν
638 2503 761 2538 ἀοράτων

22 2582 52 2615 (5)
69 2584 120 2610 Καὶ
146 2583 324 2617 ἐλυπούμην
337 2602 345 2609 .
355 2602 362 2610 .
376 2602 382 2608 .
396 2602 402 2608 .
415 2582 449 2608 ὲν
479 2580 672 2617 mammam.
700 2578 762 2617 l_l:rc

14 2624 68 2679 nubo
92 2620 192 2679 quiissa
220 2615 305 2652 sunt,
330 2618 425 2652 procul
450 2616 532 2644 dubio
557 2623 603 2650 per
628 2615 761 2641 incuriam

14 2660 35 2677 τι.
54 2663 82 2679 .e.
111 2663 136 2679 υ.

14 2655 82 2680 τῐιὶλυ.
98 2655 136 2681 Io.

23 2687 54 2721 14]
72 2689 169 2716 Εἶδον.
187 2689 250 2715 Ἐτι
266 2689 398 2716 additum.
416 2688 453 2714 In.

23 2723 54 2757 (5)
74 2725 109 2751 Τὰ
124 2725 290 2759 πνεύματα.
305 2724 342 2751 De
355 2723 398 2759 his
410 2721 594 2759 Ecclesia__stiei
608 2729 702 2759 xxxtx_.
716 2721 760 2748 55.

14 2758 66 2785 εστι
80 2757 240 2794 πνεύματα,
258 2758 277 2785 ᾰ
292 2761 335 2792 εὶς
350 2758 508 2794 ἐκδίκησιν
523 2757 664 2784 ἔκτισται.
687 2757 726 2783 lo.

23 2794 54 2829 (if)
74 2792 235 2828 Ταχθὲῖσιιί.
255 2795 286 2820 0i.
302 2794 455 2829 ταχθέντες.
479 2792 515 2819 lo.

23 2827 54 2865 (ἶ)
71 2827 161 2863 Αὐτῷ.
179 2830 225 2865 Τῷ
243 2830 302 2864 μετ’
318 2827 407 2855 αύτόν.
426 2828 464 2855 ID.

24 2863 54 2897 (8)
73 2863 278 2901 Προσφέρόυὶγι
299 2864 331 2891 δὲ
352 2865 458 2899 Κιῳίῳ.
477 2863 514 2890 lla
538 2863 594 2898 ipse
615 2863 765 2897 archange-

777 2223 798 2250 D

814 1606 943 1633 supremo
968 1598 1090 1625 omnium
1116 1597 1221 1624 habitat
1239 1604 1340 1632 magna
1358 1596 1444 1632 gloria
1456 1596 1481 1622 in
1500 1595 1600 1622 Sancto

814 1652 983 1676 sanctorum,
1000 1651 1082 1678 supra
1098 1650 1210 1670 omnem
1227 1643 1412 1670 sanctitatem.
1438 1641 1466 1668 lu
1482 1642 1534 1669 hoc
1550 1649 1599 1668 an-

813 1693 864 1728 geli
889 1697 954 1720 sunt
978 1692 1057 1719 faciei
1074 1691 1131 1723 Dei,
1159 1690 1348 1717 ministrantes
1376 1693 1403 1717 et
1418 1689 1600 1724 propitiantes

813 1738 885 1772 apud
900 1737 1048 1765 Dominum
1064 1737 1091 1763 in
1114 1736 1243 1764 omnibus
1265 1735 1428 1771 ignorantiis
1449 1735 1598 1770 justorum.

813 1784 938 1811 Oﬁerunt
948 1791 1013 1810 vero
1034 1782 1150 1810 Domino
1166 1782 1279 1809 odorem
1305 1781 1449 1808 suavitatis
1478 1782 1599 1807 rationa-

813 1831 876 1863 lem,
892 1834 920 1857 et
932 1829 992 1857 sine
1008 1829 1141 1863 sanguine
1153 1828 1329 1855 oblationem.
1343 1827 1371 1854 [n
1383 1835 1416 1854 eo
1424 1832 1513 1854 autem
1527 1827 1600 1861 quod

814 1876 911 1904 subtus
926 1879 977 1908 est,
994 1879 1058 1902 sunt
1070 1874 1159 1909 angeli
1171 1874 1216 1909 qui
1231 1874 1323 1901 ferunt
1338 1873 1531 1908 responsiones
1551 1880 1600 1900 an-

813 1923 881 1957 gelis
897 1922 976 1949 faciei
992 1920 1111 1948 Domini.
1125 1919 1154 1946 In
1167 1927 1200 1947 eo
1219 1927 1283 1947 vero
1299 1919 1372 1954 quod
1391 1923 1454 1953 post
1481 1919 1533 1946 hoc
1546 1923 1599 1951 est,

813 1971 878 1994 sunt
894 1966 984 1994 throni
998 1970 1025 1993 et
1036 1969 1195 2001 potestates,
1212 1965 1239 1991 in
1252 1972 1306 1998 quo
1319 1964 1412 1999 hymni
1426 1972 1533 1998 semper
1544 1963 1599 1990 Deo

813 2012 976 2040 oﬂ'eruntur.
993 2010 1108 2044 Quando
1120 2018 1184 2045 ergo
1195 2009 1346 2044 respexerit
1358 2008 1491 2037 Dominus
1517 2016 1598 2042 super

812 2066 873 2090 nos,
893 2064 1098 2085 commovemur
1111 2063 1207 2083 omnes
1223 2063 1290 2088 nos;
1306 2059 1334 2082 et
1355 2055 1427 2086 coeli,
1441 2058 1467 2081 et
1478 2058 1559 2086 terra,
1572 2058 1600 2081 et

813 2104 915 2139 abyssi,
925 2111 940 2130 a
956 2103 1025 2130 {acie
1038 2100 1234 2137 magnitudinis
1245 2101 1304 2136 ejus
1316 2104 1538 2128 commoventur:
1552 2099 1600 2126 ﬁlii

813 2155 903 2178 autem
918 2149 1058 2176 hominum
1075 2149 1102 2175 in
1119 2148 1162 2176 his
1177 2147 1324 2175 existentes
1347 2146 1522 2174 insensibiles
1538 2153 1600 2180 pec-

813 2197 924 2229 cabunt,
944 2200 971 2223 et
987 2195 1131 2223 irritabunt
1146 2194 1327 2221 Altissimum.

851 2308 897 2336 IV.
916 2317 926 2334 1
938 2307 1016 2335 Nunc
1027 2315 1091 2342 ergo
1108 2306 1274 2342 cognoscite,
1286 2306 1358 2341 quod
1372 2304 1455 2333 faciet
1467 2304 1600 2332 Dominus

810 2355 944 2391 judicium
957 2362 1039 2390 super
1058 2354 1130 2381 ﬁlios
1147 2353 1300 2384 hominum,
1313 2352 1423 2387 quando
1436 2351 1520 2386 petris
1532 2351 1600 2378 scis-

812 2403 861 2435 sis,
881 2406 908 2429 et
920 2401 976 2429 sole
989 2400 1124 2428 exstincto
1135 2420 1143 2432 ,
1157 2404 1185 2427 et
1197 2399 1276 2433 aquis
1292 2398 1401 2425 siccatis
1412 2418 1419 2430 ,
1431 2402 1457 2425 ct
1472 2397 1534 2432 igne
1547 2400 1600 2423 tre-

815 2453 917 2482 mente,
935 2453 962 2476 et
972 2448 1048 2475 omni
1064 2452 1190 2475 creatura
1216 2446 1323 2473 turbata
1337 2466 1344 2478 ,
1367 2450 1394 2472 et
1417 2443 1600 2471 invisibilibus

814 2495 956 2530 spiritibus
970 2493 1136 2529 liquefactis,
1148 2498 1175 2520 et
1187 2492 1293 2519 inferno
1307 2491 1423 2526 spoliato
1433 2491 1460 2517 in
1473 2490 1600 2524 passione

813 2578 856 2604 lus
873 2575 1009 2610 Raphacl,
1027 2574 1168 2610 Toh.’xru,
1191 2572 1242 2610 1:3:
1265 2571 1339 2610 ξΕγώ
1361 2572 1419 2610 εἰμι
1448 2568 1599 2610 Ῥαφιιὴλπ

812 2603 856 2645 etr-
872 2603 980 2638 ἐκ”τὼν
997 2603 1071 2636 ἑπτὰ
1087 2603 1178 2645 ἀγίωᾷρ
1195 2603 1350 2645 ᾀγγέλών,
1368 2603 1396 2633 οῗ
1411 2603 1601 2645 ,προσαναφέ-

809 2640 901 2682 poem
916 2646 968 2682 ’τὰς
983 2640 1160 2682 πηοοσειηέᾴςΔ
1166 2640 1229 2682 Id»;
1243 2640 1336 2682 title»:-
1345 2663 1360 2682 ,_
1374 2641 1423 2669 καὶ
1432 2640 1601 2682 ἐἰσπορειξ-

813 2675 897 2710 ονται
911 2675 1039 2708 ἐνώπιον
1054 2675 1216 2713 τῆς-δόξης
1236 2675 1289 2705 τοῦ
1310 2678 1407 2713 ἁγίου.
1429 2675 1539 2704 Confer.
1570 2675 1600 2703 S.

813 2717 929 2746 Joannis
942 2715 1103 2750 Apocalyps.
1121 2715 1223 2750 vm,5,
1242 2722 1300 2747 seq.
1318 2712 1357 2741 lo.

850 2753 889 2788 (9)
911 2746 1003 2788 Ὅταν
1013 2746 1075 2788 οἶίῇ
1085 2749 1233 2788 ἐπιϐλέψῃ
1249 2751 1266 2776 ό
1277 2746 1397 2788 ξίύρίιζς,
1409 2754 1461 2776 etc.
1473 2746 1602 2788 Respexit

815 2781 1036 2822 atl‘prophetiam
1053 2781 1201 2822 Habacuci’
1212 2781 1259 2822 in,
1272 2784 1291 2822 β
1306 2781 1446 2822 εξεσζη,
1529 2781 1601 2808 ἐσα-

814 2818 906 2857 deti-0n
918 2818 943 2856 ’ἡ
960 2821 1008 2857 γῆ,
1025 2820 1182 2857 ἐπέϐλεψεὲ
1201 2820 1251 2857 καί
1266 2818 1387 2857 (Stetde
1402 2820 1483 2854 ἔθνη.
1500 2819 1538 2845 Ιι).

852 2853 907 2895 (10)
928 2853 1117 2885 Σάνίεύονται,
1137 2853 1360 2891 Σαλευθὴσονται,
1380 2855 1418 2883 In.
