1913 3102
27 164 45 191 Π

27 220 136 252 τεδέξαντο
152 220 200 256 τὴν
222 220 389 257 περιτομήν,
402 222 448 248 καὶ
468 219 537 257 μετὰ
553 219 632 247 τοῦτο
647 218 749 246 ὰπέθα-
764 220 787 248 Δ

32 276 38 283 ⁸
51 267 91 294 καὶ
104 266 131 292 ὲν
145 268 204 299 ταῖς
225 267 360 302 εὐλογίαις
377 267 465 300 ἄλλως
482 267 618 302 ἐποίησεν.
643 265 748 301 Ἥμαρ-

26 323 54 340 ιεν
75 313 138 350 γὰρ,
156 314 197 340 ὅτι
223 314 300 350 παρὰ
319 314 432 350 γνώμην
452 313 537 341 αὐτοῦ
558 314 749 349 πεποιήκαμεν

27 369 65 386 τιν
80 359 150 393 καίγε
167 360 338 396 ὲμαλακίσθη
356 361 385 387 ὲν
400 362 433 397 τῇ
451 361 542 396 ἡμέρᾳ
555 359 658 397 ἐκείνῃ.
678 359 748 386 Ἀλλ’

25 404 118 437 ὶιεῖδον,
135 406 173 432 ὅτι
190 405 328 440 ἀπόφασις
344 406 412 434 Θεοῦ
427 404 462 442 ἦν
484 407 524 438 είς
541 396 614 433 iam
635 405 681 433 ἐπὶ
703 405 747 432 Σί-

25 461 62 486 μνα-
76 451 136 478 διὸτι
152 451 247 488 ἦθελον
263 453 304 485 είς
318 453 367 489 τὴν
383 454 490 490 Σάρραν
507 453 628 488 ποιῆσαι,
645 452 674 480 ὃν
686 452 748 488 τρό-

25 496 162 531 νὲποίησαν
184 496 266 523 Δίναν
288 497 338 532 τὴν
361 497 477 533 ἀδελφὴν
501 497 596 533 ἡμῶν
619 495 667 523 καὶ
689 495 748 522 Κύ-

24 540 167 574 ςὲκώλυσεν
186 542 296 574 αὐτούς.
315 543 370 569 Καὶ
388 542 474 575 οὕτως
491 542 604 575 ἐδίωξαν
622 541 748 578 Ἀϐραὰμ

39 587 129 623 πατέρα
150 587 250 624 ἡμῶν,
278 588 352 622 ξένον
378 589 458 621 ὄντα,
484 588 532 616 καὶ
554 588 747 624 κατεπάτησαν

24 635 68 670 )τὰ
77 635 183 671 ποίμνια
201 635 357 671 ὠγκωμένα
371 635 434 662 ὄντα
452 636 496 662 ἐπ’
513 635 594 662 αὐτόν
604 643 610 649 ·
625 635 673 661 καὶ
697 635 746 660 Ἰε-

23 681 48 713 il,
62 681 100 707 τὸν
114 682 237 717 οἱκογενῆ
255 681 354 714 αὐτοῦ,
372 682 474 717 σφόδρα
492 681 641 708 αίκίσαντο.
659 681 745 716 Καίγε

24 735 53 758 ως
63 726 160 753 ἐποίουν
174 727 281 759 πάντας
294 728 357 759 τοὺς
372 727 464 761 ξένους
481 726 548 762 (l8),
563 727 592 753 ἐν
603 727 746 763 δυναστείᾳ

23 772 124 804 τάξαντες
135 772 183 804 τὰς
196 774 330 807 γυναῖκας
344 773 434 800 αὐτῶν
443 794 451 805 ,
471 774 518 800 καὶ
537 773 746 809 ξενηλατοῦντες

22 817 189 853 τούς.Ἐφθασε
200 818 230 845 δὲ
239 820 256 854 ἠ
267 819 334 855 ὀργὴ
345 819 447 855 Κυρίου
455 819 497 845 ἐπ’
506 819 603 851 αὐτοὺς
610 821 650 851 εἰς
657 819 743 851 τέλος.

22 864 40 889 ζ’.
57 873 65 889 ι
81 864 130 890 Καὶ
145 862 222 891 εἶπον
241 864 282 900 τῷ
299 865 397 901 πατρί·
415 875 424 890 ε
447 865 493 901 Μὴ
513 865 632 901 ὸργίζου,
655 865 743 902 κύριε,

25 908 47 934 ἐν
56 909 91 935 col
108 908 280 942 ὲξουδενώσει
298 909 400 946 Κύριος
415 911 479 942 τοὺς
501 910 684 942 Χαναναίους,
698 911 745 938 καὶ

21 963 45 980 πει
60 955 104 990 τὴν
121 955 171 991 γῆν
189 955 280 983 αὐτῶν
300 964 360 988 σοι,
388 957 434 983 καὶ
453 957 589 993 σπέρματί
608 966 654 984 σου
676 957 745 993 μετὰ

29 1002 110 1029 Ἔσται
126 1003 180 1040 γὰρ
196 1004 252 1030 ἀπὸ
270 1005 389 1040 σήμερον
406 1005 496 1041 Σικὴμ
515 1006 648 1042 λεγομένη
669 1005 745 1038 πόλις

21 1048 94 1074 ινέτων
102 1057 108 1064 -
119 1049 233 1076 ὄτιὼσεί
242 1059 286 1082 τις
295 1050 420 1085 χλευάσει
432 1051 532 1087 μωρὸν,
542 1051 627 1084 οὕτως
637 1051 745 1087 ἐχλευά-

20 1101 49 1119 ιεν
57 1094 154 1126 αὐτούς·
164 1095 206 1122 ὅτι
213 1096 293 1130 καίγε
302 1097 455 1133 ἀφροσύνην
462 1097 581 1133 ἔπραξαν
589 1098 618 1124 ἑν
626 1098 742 1134 Ἰσραὴλ,

20 1139 57 1165 Em
70 1139 178 1176 (19)·εὴν
193 1141 313 1178 ἀδελφὴν
330 1143 417 1179 ἡμῶν.
427 1144 481 1170 Kal
494 1143 622 1176 λαὸόντες
639 1144 744 1172 ἐκεῖθεν

20 1184 131 1220 κάδελφὴν
143 1186 233 1221 ἡμῶν,
242 1188 395 1224 ἀπάροντες
403 1188 458 1224 (20)
466 1189 583 1225 ήλοομεν
593 1191 632 1222 είς
646 1190 741 1226 Βεθήλ,

19 1230 40 1257 l'.
54 1239 61 1256 t
75 1231 157 1259 Κάκεῖ
170 1233 252 1260 πάλιν
265 1232 334 1261 εῐδον
352 1236 477 1271 πρᾶγμα,
493 1235 586 1272 ὥσπερ
599 1236 630 1263 τὸ
644 1236 742 1272 πρότε-

19 1286 27 1305 ‘.
40 1276 99 1310 μετὰ
110 1277 140 1304 τὸ
154 1279 268 1314 ποιῆσαι
279 1280 386 1316 ἡμέρας
399 1284 421 1308 ο¹
439 1281 505 1317 (2i).
520 1283 574 1309 Kal
591 1280 661 1309 είδον
673 1283 743 1310 ἑπτὰ

19 1322 119 1356 Ιρώπους
125 1324 153 1351 ὲν
160 1325 256 1361 ἐσθῆτι
268 1326 363 1363 λευκῇ,
372 1327 501 1362 λέγοντάς
513 1337 571 1364 μοι·
584 1338 594 1355 t
613 1329 742 1362 Ἀναστὰς

19 1377 67 1396 uerat
78 1369 125 1405 τὴν
139 1371 237 1408 στολὴν
254 1372 304 1408 τῆς
324 1371 470 1409 ἱερατείας,
493 1375 540 1402 καὶ
553 1375 598 1402 τὸν
612 1376 742 1412 στέφανον

18 1422 22 1444 ;
32 1414 202 1452 δικαιοσύνης,
215 1419 263 1445 καὶ
274 1418 306 1445 τὸ
316 1418 406 1454 λόγιον
420 1420 470 1456 τῆς
480 1422 622 1455 συνέσεως,
636 1424 683 1450 καὶ
695 1424 741 1451 τὸν

18 1460 64 1495 ῖήρη
82 1462 128 1497 τῆς
150 1463 290 1498 ἀληθείας,
310 1465 357 1492 καὶ
371 1465 402 1492 τὸ
421 1466 535 1494 πέταλον
548 1468 599 1503 τῆς
613 1469 740 1503 πίστεως,

17 1505 70 1541 ιτὴν
82 1507 176 1552 μίτραν
187 1509 236 1536 τοῦ
249 1511 372 1546 σημείου,
384 1512 431 1539 καὶ
443 1513 475 1540 τὸ
487 1513 569 1549 ὲφοὺδ
578 1515 629 1550 τῆς
640 1525 741 1552 προφη-

17 1558 47 1582 ις.
57 1561 66 1577 ι
76 1553 126 1580 Kal
133 1551 172 1586 εἷς
182 1554 299 1588 ἕκαστος
311 1557 401 1584 αὐτῶν
414 1558 529 1586 ἕκαστον
549 1551 739 1596 βαστάζοντες,
754 1567 775 1596 C

17 1595 94 1632 ἔθηκαν
112 1608 165 1635 μοι,
178 1602 228 1628 καὶ
239 1600 332 1629 εἶπον·
356 1603 421 1630 Ἀπὸ
436 1604 483 1631 τοῦ
500 1595 635 1640 νῦννγίνου
649 1607 690 1640 εἰς
704 1609 742 1634 ίε-

17 1649 21 1667 ι
38 1641 138 1679 Κυρίου,
155 1647 188 1673 σὺ
203 1648 252 1674 καὶ
267 1648 377 1684 σπέρμα
395 1658 443 1677 σου
460 1650 513 1683 ἕως
533 1651 641 1684 αἰῶνος.
659 1654 713 1680 Kal
726 1655 741 1681 ὸ

17 1688 68 1722 ὦτος
77 1691 129 1727 (9.2)
141 1692 235 1728 ἧλειψέ
247 1702 280 1729 με
291 1695 373 1732 ἐλαίῳ
384 1697 463 1732 ἁγίῳ,
480 1698 527 1724 καὶ
536 1698 620 1726 ἔδωκέ
632 1707 677 1734 μοι
693 1699 741 1735 ρά-

17 1743 29 1761 ν
43 1739 159 1772 κρίσεως.
180 1741 210 1768 ‘0
222 1741 347 1777 δεύτερος
368 1743 461 1770 ἕλουσέ
477 1752 511 1779 με
527 1744 602 1772 ὕδατι
616 1746 738 1782 καθαρῷ,

28 1782 135 1820 ὲψώμισε
149 1786 231 1821 ἄρτον
251 1787 306 1823 (23)
321 1789 367 1815 καὶ
381 1787 460 1822 οἶνον,
477 1790 560 1825 Ἀγια
574 1791 658 1825 ἁγίων
671 1792 738 1828 (24),

27 1829 157 1875 τεριέοηκέ
169 1841 215 1868 μοι
232 1833 327 1870 στολὴν
341 1835 421 1869 ἁγίαν
436 1836 483 1862 καὶ
499 1836 612 1870 ἔνδοξον.
635 1838 663 1865 '0
679 1839 738 1875 τρί-

32 1873 146 1912 βυσσίνην
163 1886 196 1913 με
212 1878 383 1915 τεριέδαλεν,
402 1882 496 1916 ὁμοίαν
519 1883 610 1918 ἐφούδ.
641 1884 669 1911 '0
694 1873 740 1911 τέ-

17 1927 56 1951 eo;
69 1921 151 1957 ζώνην
171 1932 218 1959 μοι
233 1925 410 1962 περιέθηκεν,
432 1928 528 1964 ὁμοίαν
545 1929 681 1965 πορφύρᾳ.
710 1931 739 1958 '0

17 1974 79 2000 ιπτος
90 1969 184 1998 κλάδον
201 1981 246 2008 μοι
258 1972 349 2005 ἐλαίας
363 1974 445 2002 ἔδωκε
461 1975 595 2011 πιότητος.
620 1977 648 2004 ’0
661 1977 739 2009 ἕκτος

17 2013 85 2045 φανόν
99 2023 143 2050 μοι
154 2018 188 2052 τῇ
203 2018 308 2054 κεφαλῇ
323 2020 495 2055 περιέθηκεν.
518 2021 547 2048 Ὀ
559 2021 670 2058 ἕϐδομος
683 2023 740 2050 διὰ-

17 2061 71 2095 ιατῇ
87 2063 189 2100 κεφαλῇ
207 2073 252 2100 μοι
270 2065 404 2102 ἱερατείας
419 2067 574 2103 περιέθηκε,
589 2069 636 2096 καὶ
653 2069 739 2105 ὲπλή-

107 2111 201 2146 χεῖράς
223 2119 275 2146 μου
297 2112 477 2148 θυμιάματος,
499 2114 569 2141 ὥστε
590 2115 739 2151 ἱερατεύειν

17 2149 102 2197 Κυρίῳ.
115 2152 202 2182 Εἶπαν
218 2156 248 2182 δὲ
261 2157 330 2192 πρός
343 2166 391 2193 με’
409 2168 419 2184 ι
434 2159 500 2186 Λευῒ
514 2160 554 2192 είς
566 2149 642 2196 spei;
651 2160 739 2197 ἀρχὰς

17 2196 148 2232 κρεοήσεται
160 2201 192 2227 τὸ
208 2201 320 2237 σπέρμα
334 2211 391 2235 σου,
409 2203 449 2235 είς
468 2206 580 2240 σημεῖον
592 2205 669 2241 δόξης
683 2207 738 2233 Κυ-

17 2248 23 2264 ›
35 2241 224 2279 ἐπερχομένου·
234 2236 308 2273 καὶ.νὸ
324 2247 472 2280 πιστεύσας
482 2236 539 2285 (Ξέί)
551 2236 737 2286 πρᾶηοςὲκλῆ-
754 2236 777 2264 ο

26 2286 101 2321 ἔσται,
117 2291 165 2318 καὶ
185 2292 273 2328 μέγας
293 2293 364 2329 ὑπὲρ
383 2294 466 2321 αὑτὸν
483 2296 514 2322 ού
528 2296 683 2331 γενήσεται.
707 2298 737 2325 '0

17 2340 77 2370 τερος
87 2337 161 2366 ἔσται
171 2340 200 2366 ὲν
214 2340 357 2377 ἱερωσύνῃ.
374 2341 403 2369 '0
412 2342 512 2378 τρίτος,
523 2343 736 2381 ὲπικληθήσεται

17 2400 290 2445 ΙῖλΚᾳτεπάτησταν.
307 2410 514 2445 Κατεπόνησαν,
531 2412 621 2440 nimiis
635 2412 736 2441 labori-

24 2437 277 2482 ξςίαέὲᾳιινωιείεῇνο
287 2437 466 2482 confecerim}.
482 2437 567 2475 Cius;

64 2471 179 2516 ζζᾶζτας
415 2471 567 2516 Π‹Ξξῐιῖξᾶξ⁷
577 2480 671 2515 ξένοις.
695 2483 735 2512 ΙΙ).

17 2505 49 2552 εξ)
64 2505 180 2552 ριιάηαι.
195 2505 503 2552 Μιάῖρᾳξῖτὲρἶινῶίίίι.

17 2541 48 2583 ιρ)
71 2544 255 2582 Ἀπάροντες.
273 2541 449 2583 Eata-parrae,
462 2541 514 2579 ius.
528 2551 616 2580 Oxon.
631 2552 685 2581 Sed
698 2555 737 2582 le-

17 2577 149 2622 ξΙΗῐΞ-ριμό
160 2577 326 2622 ἀπάραντες.
340 2577 377 2613 io.

17 2613 48 2659 ἓξ
188 2613 299 2659 Inserta».
306 2613 396 2659 'suutd
401 2629 441 2648 ua:
451 2629 531 2659 voces
542 2624 617 2659 ἡμᾶς
624 2624 734 2654 Exeat).

17 2647 48 2688 ig)
67 2647 100 2688 j'o
112 2647 238 2688 ξιρῶτος.
256 2647 316 2683 Ἐτὶ
325 2647 462 2685 additum;
474 2647 514 2685 1.3:

66 2683 172 2721 Ἄρτὸν.
187 2683 239 2717 Ms.
256 2691 293 2719 lu.

66 2715 143 2764 ’ἰῇσια
165 2715 376 2764 ἆᾷὧνῖλιίηυς
399 2729 506 2762 placent
527 2737 588 2764 qua:
611 2729 638 2756 in
663 2730 736 2759 hunc

17 2761 46 2793 Ini
62 2758 171 2786 adnotat
188 2758 319 2793 Crabius;
340 2771 371 2790 ea
388 2758 461 2791 cnim
480 2764 506 2790 iu
530 2758 648 2792 alienum
672 2773 734 2792 seu-

17 2790 129 2835 igcioita
139 2790 332 2835 videntur._'l‘a
353 2790 434 2835 ῖΛγιά
455 2799 510 2825 τῶν
531 2790 735 2834 Meliboea}-

17 2828 124 2871 [Passim
138 2829 165 2857 iu
177 2832 262 2871 sacris
281 2828 433 2871 litteris,'iu
452 2835 547 2868 primis
556 2828 627 2862 ’νει-ο
646 2835 733 2864 Levii.

17 2863 166 2899 tenduntque
192 2866 225 2894 iis
249 2863 402 2902 praecipue,
433 2863 495 2902 quae
517 2875 613 2903 sponte
641 2871 732 2898 oblata

574 156 837 188 TESTAMENTUM
855 157 945 186 LEVI.

1519 159 1589 188 1058

801 216 917 250 sionem,
940 221 1040 253 etpost
1051 218 1103 246 hoc
1117 218 1220 246 mortui
1231 221 1312 252 sunt;
1332 223 1360 246 et
1372 218 1400 245 in
1417 217 1587 246 benedictio-

799 262 880 290 nibus
894 262 974 290 aliter
993 262 1067 291 fecit.
1080 262 1258 292 Peccavimus
1271 263 1357 297 enim,
1369 264 1500 299 quoniam
1516 271 1588 299 pra:-

799 310 840 334 ter
850 308 997 336 consilium
1012 308 1074 343 ejus
1100 309 1153 337 hoc
1167 308 1300 342 fecimus;
1323 313 1351 337 et
1372 309 1526 338 inﬁrmatus
1545 314 1588 338 est

799 353 826 381 in
841 354 887 382 die
898 354 954 382 illa.
971 354 1024 382 Sed
1040 363 1091 390 ego
1107 355 1182 387 novi,
1202 355 1277 390 quod
1291 356 1426 383 sententia
1452 355 1499 383 Dei
1526 361 1588 384 erat

799 401 827 429 in
848 402 918 429 mala
937 409 1020 437 super
1039 401 1178 435 Sichima;
1200 401 1331 437 quoniam
1344 401 1490 430 voluerunt
1511 401 1586 430 Sara:

798 446 899 480 facere,
924 447 1156 482 quemadmodum
1179 446 1303 475 fecerunt
1327 447 1404 475 Dina;
1424 448 1512 476 sorori
1534 456 1588 476 no-

798 498 878 522 strae:
895 498 923 520 et
940 492 1073 521 Dominus
1083 493 1226 528 prohibuit
1248 500 1308 521 eos.
1330 492 1363 520 Et
1388 495 1429 521 sic
1448 494 1586 528 persecuti

797 545 862 568 sunt
875 540 1013 567 Abraham
1031 544 1135 574 patrem
1157 544 1295 572 nostrum,
1323 540 1496 576 peregrinum
1523 539 1586 567 exi-

798 590 926 620 stentem,
938 590 966 614 ct
980 586 1212 614 conculcaverunt
1234 594 1330 621 greges
1357 586 1429 621 ejus,
1460 586 1586 621 turgidos

796 634 945 662 existentes
960 633 1031 668 apud
1047 633 1156 668 ipsum;
1175 637 1203 661 et
1228 632 1331 664 Joblai,
1350 633 1377 659 iu
1399 632 1482 659 domo
1496 631 1584 667 ipsius

796 681 930 716 genitum,
944 680 1023 707 valde
1047 680 1269 707 verberavernnt.
1287 679 1320 706 Et
1344 679 1383 707 ita
1405 678 1542 707 faciebant
1556 679 1583 716 in

796 733 893 753 omnes
911 725 1081 760 peregrinos,
1097 725 1124 752 vi
1139 725 1277 760 rapientes
1301 731 1401 752 uxores
1426 732 1534 757 eorum,
1557 729 1586 752 et

796 771 823 798 in
839 770 966 798 exsilium
983 770 1152 805 impellentes
1166 777 1225 798 eos.
1253 769 1335 797 Venit
1351 774 1442 798 autem
1471 771 1513 798 ira
1529 770 1584 798 Do-

795 817 862 845 mini
875 824 957 852 super
972 823 1020 843 eos
1035 815 1061 843 in
1078 815 1172 844 tinem.

831 863 888 890 VII.
912 872 921 889 ι
935 862 968 890 Et
982 863 1106 890 dicebam
1120 863 1189 898 patri
1202 872 1208 890 :
1225 872 1235 889 ι
1247 862 1287 890 Ne
1303 863 1441 897 irascaris,
1457 864 1582 897 domine,

797 910 927 945 quoniam
943 909 969 936 in
982 914 1008 937 te
1019 909 1053 937 ad
1065 909 1181 936 nihilum
1195 910 1298 945 rediget
1313 910 1385 938 Deus
1398 909 1581 944 Chananasos,

797 960 824 984 et
843 955 918 983 dabit
939 960 1040 983 terram
1065 955 1186 990 ipsorum
1201 955 1262 987 tibi,
1281 960 1307 983 et
1324 955 1423 983 semini
1448 959 1495 983 tuo
1520 960 1583 991 post

797 1005 832 1029 te.
848 1012 857 1028 ι
875 1000 933 1028 Erit
959 1001 1032 1028 enim
1052 1000 1086 1028 ab
1104 1000 1157 1028 hoe
1185 1000 1228 1028 die
1250 999 1361 1027 Sicliem
1387 999 1461 1028 dicta
1482 1000 1581 1029 civitas

796 1048 942 1075 stultorum
954 1056 962 1080 ;
975 1047 1104 1082 quoniam
1116 1051 1147 1074 ut
1157 1047 1220 1082 quis
1230 1046 1334 1074 deridet
1350 1045 1466 1080 fatuum,
1480 1047 1517 1074 ita
1533 1047 1580 1075 de-

796 1093 908 1121 risimus
916 1101 972 1125 eos;
982 1093 1110 1128 quoniam
1120 1093 1302 1128 insipientiam
1312 1092 1415 1128 operati
1428 1099 1492 1120 sunt
1503 1093 1530 1120 in
1540 1093 1582 1120 ls-

795 1139 862 1172 rael,
872 1139 1047 1175 inquinantes
1058 1146 1180 1167 sororem
1190 1144 1322 1166 nostram.
1332 1138 1364 1166 Et
1375 1138 1539 1173 accipientes
1548 1139 1582 1165 il-

795 1187 850 1215 linc
861 1195 982 1215 sororem
991 1190 1124 1220 nostram,
1134 1186 1288 1214 auferentes
1303 1187 1429 1215 venimus
1437 1186 1465 1213 in
1474 1186 1578 1214 Bethel.

830 1232 898 1261 Vill.
919 1243 929 1260 ε
947 1232 980 1260 Et
997 1233 1033 1260 ibi
1056 1240 1154 1260 rursus
1166 1232 1291 1260 videbam
1315 1240 1384 1264 rem.
1399 1233 1580 1268 quemadmo-

793 1278 858 1306 dum
875 1279 962 1313 prius,
974 1282 1119 1313 postquam
1132 1278 1183 1306 feci
1199 1278 1258 1306 dies
1273 1279 1454 1314 septuaginta.
1471 1278 1504 1306 Et
1524 1278 1579 1306 vidi

793 1331 897 1360 septem
912 1325 1037 1352 homines
1051 1325 1077 1352 iu
1091 1330 1164 1353 veste
1175 1324 1247 1358 alba,
1264 1324 1386 1352 dicentes
1401 1325 1468 1352 mihi
1481 1334 1488 1352 :
1504 1335 1513 1351 ι
1525 1324 1580 1353 Ex-

793 1379 920 1407 surgens,
933 1371 1015 1399 indue
1031 1371 1127 1399 stolam
1141 1371 1298 1404 sacerdotii,
1313 1376 1340 1398 et
1355 1378 1485 1399 coronam
1497 1371 1580 1407 justi-

793 1418 836 1446 tiaz
847 1439 856 1452 ,
876 1423 903 1445 et
922 1418 1055 1445 rationale
1075 1418 1241 1450 intellectus,
1258 1421 1285 1445 et
1300 1418 1426 1452 poderem
1441 1418 1579 1452 veritatis,

791 1469 819 1492 et
832 1465 950 1500 petalum
965 1464 1037 1496 ﬁdei,
1052 1468 1079 1491 et
1092 1464 1201 1491 mitram
1216 1464 1298 1499 signi,
1315 1468 1341 1491 et
1356 1464 1445 1499 epliod
1460 1465 1578 1499 prophe-

793 1510 847 1538 tiae.
864 1519 873 1536 ι
890 1509 923 1537 Ει
940 1509 1129 1544 unusquisque
1144 1509 1266 1544 ipsorum
1283 1511 1500 1545 unumquodque
1515 1518 1580 1546 por-

793 1560 893 1589 tantes,
912 1556 1103 1591 imposueruut
1129 1555 1206 1589 mihi,
1222 1560 1249 1582 et
1274 1555 1424 1584 dixerunt:
1441 1566 1451 1583 ε
1466 1556 1508 1584 Ab
1528 1558 1580 1585 hoc

793 1606 915 1636 tempore
930 1606 990 1629 esto
1004 1601 1131 1628 sacerdos
1150 1600 1267 1633 Domini,
1283 1606 1313 1629 tu
1335 1607 1363 1630 et
1387 1610 1478 1630 semen
1501 1609 1578 1632 tuum

791 1655 880 1683 usque
894 1647 922 1675 in
942 1647 1083 1675 saeculum.
1100 1657 1110 1673 ι
1128 1646 1162 1674 Et
1176 1647 1280 1682 primus
1295 1649 1372 1675 unxit
1386 1656 1428 1676 me
1440 1649 1501 1677 oleo
1514 1658 1579 1677 san-

792 1699 845 1727 cto,
862 1698 889 1722 et
914 1694 988 1722 dedit
1013 1693 1080 1721 mihi
1096 1694 1200 1729 virgam
1214 1694 1322 1729 judicii.
1348 1695 1490 1724 Secundus
1512 1697 1579 1725 lavit

792 1748 836 1768 me
847 1748 917 1776 aqua
936 1740 1047 1773 munda,
1063 1745 1091 1768 et
1104 1740 1206 1768 eibavit
1215 1740 1304 1776 (dans)
1318 1748 1414 1775 panem
1430 1747 1457 1770 et
1470 1743 1576 1776 viuum,

792 1787 896 1815 scilicet
909 1787 1008 1815 Sancta
1025 1791 1194 1819 sanctorum,
1213 1791 1240 1814 et
1254 1787 1432 1816 circumdedit
1449 1797 1493 1816 me
1506 1790 1575 1817 stola

791 1840 886 1863 sancta
899 1839 928 1862 et
938 1834 1068 1870 gloriosa.
1082 1833 1190 1861 Tertius
1204 1834 1314 1870 byssina
1326 1842 1370 1862 me
1380 1835 1479 1870 induit,
1493 1836 1576 1863 simili

790 1881 889 1917 ephod.
907 1880 1027 1914 Quartus
1043 1888 1141 1908 zonam
1165 1880 1233 1908 milii
1252 1881 1472 1916 circumposuit,
1496 1883 1575 1910 simi-

790 1927 842 1955 lem
859 1934 997 1963 purpurat.
1011 1926 1129 1960 Quintus
1144 1934 1250 1954 ramum
1263 1927 1342 1955 olivze
1355 1928 1423 1955 mihi
1434 1929 1576 1964 deditpin-

791 1974 926 2010 guedinis.
951 1973 1051 2000 Sextus
1075 1980 1207 2000 coronam
1226 1973 1309 2008 capiti
1334 1982 1396 2002 meo
1420 1975 1577 2011 circumpo-

790 2020 857 2048 suit.
873 2019 1014 2055 Septimus
1026 2019 1152 2046 diadema
1168 2019 1250 2054 capiti
1272 2028 1335 2048 meo
1356 2021 1503 2049 sacerdotii
1519 2023 1575 2050 cir-

790 2065 957 2100 cumposuit,
970 2068 997 2092 et
1009 2064 1129 2100 implevit
1143 2072 1241 2092 manus
1255 2073 1330 2094 meas
1346 2067 1533 2103 tliymiamate,
1545 2074 1577 2097 ut

790 2111 944 2140 sacerdotio
956 2110 1083 2146 lungerer
1097 2109 1224 2138 Domino.
1239 2110 1372 2139 Dixerunt
1383 2119 1474 2140 autem
1486 2114 1553 2142 mihi
1567 2123 1575 2143 :

793 2167 803 2184 ‹
818 2156 894 2190 Levi,
911 2157 939 2185 iu
961 2157 1012 2184 tria
1030 2156 1163 2192 principia
1177 2156 1314 2184 dividetur
1328 2165 1421 2185 semen
1438 2164 1532 2194 tuum,
1548 2161 1576 2188 in

790 2204 900 2240 signum
915 2202 1008 2238 glorias
1026 2202 1134 2230 Domini
1153 2203 1390 2238 supervenientis;
1405 2209 1434 2232 ct
1450 2206 1498 2241 qui
1516 2214 1578 2235 cre-

788 2250 899 2282 diderit,
913 2249 1002 2285 prima
1022 2257 1083 2277 sors
1094 2249 1156 2282 erit,
1167 2253 1196 2276 et
1206 2248 1294 2284 major
1306 2257 1389 2284 super
1410 2251 1499 2285 ipsum
1519 2260 1574 2280 non

787 2298 844 2325 liet.
861 2297 1007 2325 Secundus
1021 2296 1074 2324 erit
1090 2296 1117 2324 iu
1132 2296 1297 2324 sacerdotio.
1314 2295 1434 2330 Tertius,
1455 2298 1478 2325 ei
1495 2306 1577 2326 voca-

787 2345 862 2374 bitur
876 2352 977 2372 nomen
993 2351 1107 2375 novum,
1120 2343 1251 2378 quoniam
1272 2342 1330 2370 Rex
1344 2350 1378 2370 ex
1393 2342 1462 2371 Juda
1475 2351 1575 2371 exsur-

787 2412 916 2445 Domino,
931 2412 1032 2440 ﬁebant
1046 2411 1146 2449 Sancta
1160 2415 1330 2449 sanctorum,
1346 2412 1536 2449 cadebantque
1547 2415 1575 2442 in

788 2456 868 2477 usum
882 2449 1057 2476 sacerdotum
1071 2450 1107 2482 et
1122 2446 1277 2473 levitarum.
1293 2446 1387 2482 Neque
1408 2446 1495 2475 aliter'
1508 2457 1576 2477 sane

787 2484 910 2512 sensisse
929 2489 1068 2511 auctorem
1087 2481 1316 2509 Testumeutorum
1339 2481 1419 2516 puto,
1444 2483 1509 2511 dum
1531 2485 1576 2512 hic

787 2519 850 2546 Levi
866 2518 906 2545 sic
931 2519 1092 2554 loquentem
1106 2517 1221 2554 inducit:
1236 2531 1272 2554 —_
1287 2516 1371 2554 nocte
1390 2519 1575 2546 consideranti

787 2555 845 2582 haec
860 2553 930 2581 visio
944 2552 1036 2582 notius
1049 2552 1158 2580 videtur
1178 2552 1274 2580 referri
1288 2553 1323 2579 ad
1346 2553 1528 2582 christianum
1549 2559 1577 2582 et

786 2590 908 2618 divinum
928 2588 1024 2617 altaris
1047 2593 1262 2625 sacramentum‘
1270 2588 1321 2625 sub
1337 2593 1451 2623 utraque
1469 2594 1575 2625 specie;

786 2626 866 2661 cujus
878 2628 905 2651 et
918 2625 982 2652 hinc
992 2631 1101 2660 quoque
1110 2625 1236 2661 primaeva
1248 2622 1316 2661 ﬁdes
1325 2622 1420 2651 contra
1434 2622 1578 2654 haereticus

786 2659 975 2688 Protcstantes
986 2659 1161 2694 comprobari
1174 2664 1272 2694 potest.
1290 2660 1392 2687 DRACIL

825 2696 878 2731 {25)
896 2695 952 2722 Καὶ
973 2697 990 2722 ὁ
1011 2697 1188 2731 πιστεύσας.
1215 2695 1270 2722 Kal
1293 2696 1461 2728 ἐπίστευσα,
1485 2696 1522 2724 ita
1546 2701 1577 2725 ut

785 2730 901 2766 πρῶτος
916 2739 1014 2758 novam
1039 2730 1148 2758 inchoet
1165 2730 1320 2766 periodum.
1336 2731 1421 2758 GRAB.
1434 2746 1467 2750 —
1479 2732 1574 2759 Graeca

785 2765 870 2794 verbo
887 2772 966 2793 lenus
986 2766 1022 2792 ita
1044 2771 1144 2793 sonant
1166 2765 1174 2794 Ξ
1194 2765 1228 2792 Et
1244 2767 1288 2801 qui
1304 2767 1456 2799 crediderit,
1477 2775 1574 2802 magna

785 2810 842 2828 sors
856 2803 905 2828 erit
915 2821 922 2832 ,
938 2806 963 2828 et
977 2809 1087 2835 magnus
1102 2809 1181 2835 super
1195 2802 1281 2835 ipsum
1295 2810 1346 2829 non
1359 2802 1404 2836 ﬁet
1419 2809 1427 2829 :
1444 2803 1498 2830 hoc
1514 2809 1556 2831 cst

785 2845 860 2864 nemo
875 2836 960 2871 major
974 2837 1041 2870 ipso.
