1913 3102
303 145 372 172 1059

805 143 1038 172 ΤΕΞΤᾹΜΕΝΤΑ
1054 143 1096 170 Xll

1151 143 1428 171 lTRIARCHARUM.
1873 145 1910 173 tot

302 213 357 241 get,
368 212 396 233 et
411 203 491 232 faciet
503 202 687 231 sacerdotium
704 207 818 231 novum,
831 203 984 228 secundum
997 204 1090 235 typum

1151 199 1218 235 ιύτῷ
1230 199 1315 234 ὄνομα
1331 199 1434 231 καινὸν,
1450 199 1490 225 ὅτι
1512 199 1637 233 βασιλεὺς
1653 200 1685 226 ἐκ
1701 200 1746 226 τοῦ
1764 201 1852 228 Ίούδα
1872 204 1910 228 ira

303 251 435 287 gentium,
453 250 480 277 in
506 257 603 277 omnes
618 252 722 282 gentes.
740 247 878 273 Adventus
897 250 988 273 autem
1008 245 1094 280 ipsius

304 297 461 329 ineﬂabilis,
478 300 507 323 ut
523 295 664 330 prophetae
680 293 814 321 Altissimi
829 301 861 319 ex
877 293 981 320 semine
1004 293 1094 319 Abra-

305 345 368 372 ham
384 345 470 380 patris
485 344 584 371 nostri.
601 343 689 370 Omne
701 341 884 369 desiderabile
904 341 931 367 in
947 339 1030 367 Israel
1046 340 1095 367 tibi

305 392 366 424 erit,
382 396 409 418 et
423 390 524 418 semini
540 395 605 422 luo;
630 394 658 416 et
679 388 829 416 comedetis
849 395 930 414 omne
949 387 1094 422 pulchrum

305 437 378 468 visu,
395 441 423 464 et
437 444 559 463 mensam
574 434 682 462 Domini
698 433 843 461 distribuet
853 440 947 459 semen
962 437 1055 464 tuum,
1069 437 1097 459 et

306 491 338 511 ex
354 483 420 518 ipsis
434 486 514 510 erunt
528 480 670 516 pontiﬁces
682 484 709 506 et
721 478 840 514 judices,
852 481 879 504 et
893 477 990 504 scribat
1002 485 1010 510 ;
1027 484 1096 512 quo-

306 529 379 557 niam
396 529 423 556 in
437 536 485 556 ore
505 536 601 555 ecrum
621 527 793 554 custodietur
809 530 948 554 sanctum.
969 533 978 549 ι
997 523 1031 550 Ει
1049 531 1096 550 ex-

305 574 479 610 pergefactus
494 573 625 605 intellexi,
639 573 770 608 quoniam
786 573 837 600 hoc
851 571 941 599 simile
955 570 1030 598 illius
1043 574 1095 598 est.

306 620 442 648 Abseondi
455 627 520 647 vero
534 620 585 647 hoc
599 619 627 646 in
639 619 722 646 corde
737 625 810 647 meo.
824 623 852 646 et
866 624 920 644 non
935 616 1096 644 annuntiavi

307 665 359 693 hoc
375 665 501 700 cuiquam
515 664 620 692 homini
634 665 661 691 in
675 669 758 692 terra.

342 791 388 820 IX.
406 801 416 818 ί
432 791 464 819 Ει
476 796 537 827 post
548 792 620 820 duos
637 792 696 819 dies
708 792 882 820 ascendimus
901 800 951 828 ego
971 797 999 819 et
1012 791 1098 820 Judas

307 838 341 865 ad
358 837 432 864 lsaac
448 845 510 864 eum
525 842 603 872 patre
616 842 725 870 nostro;
743 840 769 864 et
784 837 925 864 benedixit
940 838 1007 864 mihi
1022 843 1098 872 pater

307 884 391 919 patris
411 883 474 915 mei,
492 883 641 910 secundum
658 891 800 910 sermones
814 883 950 910 visionum
971 891 1095 910 mearum
1112 883 1132 908 Β

307 938 375 964 quas
386 930 524 963 videram;
538 935 566 957 et
577 937 630 956 non
646 929 731 956 voluit
743 930 782 957 ire
796 930 938 957 nobiscum
953 931 979 957 in
992 930 1094 958 Bethel.

308 976 343 1004 Ut
357 982 447 1004 autem
460 977 585 1004 venimus
596 976 623 1003 in
641 975 744 1008 Bethel,
757 977 826 1004 vidit
836 981 913 1012 pater
923 985 1001 1004 meus
1012 976 1097 1004 Jacob

308 1024 335 1050 in
350 1024 455 1050 visione
468 1023 503 1050 de
522 1031 575 1055 me,
591 1024 667 1058 quod
686 1024 795 1051 futurus
810 1032 898 1051 essem
913 1025 952 1052 eis
968 1025 1097 1052 sacerdos

307 1071 340 1097 ad
354 1069 450 1097 Deum.
471 1069 505 1097 Et
515 1078 667 1104 exsurgens
682 1078 761 1097 mane
773 1070 921 1097 decimavit
941 1071 1032 1097 omnia
1051 1078 1098 1105 per

307 1123 351 1142 me
365 1115 491 1142 Domino.
506 1115 539 1142 Et
553 1116 679 1142 venimus
692 1116 717 1142 in
730 1114 838 1142 llchron
854 1116 887 1142 ad
901 1115 1095 1148 habitandum;

306 1167 333 1189 et
347 1162 423 1190 Isaac
447 1163 554 1190 vocavit
578 1170 621 1189 me
637 1163 780 1194 continuo,
802 1168 829 1189 ut
845 1166 1009 1189 memoraret
1031 1163 1097 1189 mihi

307 1209 392 1244 legem
417 1209 534 1239 Domini.
556 1209 628 1236 sicut
643 1209 804 1235 monstravit
824 1208 890 1235 mihi
904 1209 1018 1243 angelus
1039 1207 1095 1235 Dei.

308 1255 340 1282 Et
353 1255 447 1282 docuit
459 1263 502 1281 me
516 1255 601 1289 legem
616 1254 773 1286 sacerdotii,
791 1254 1001 1286 sacrificiorum,
1020 1254 1097 1281 holo-

306 1306 494 1328 caulomatum
507 1322 514 1333 ,
543 1301 741 1336 primitiarum,
756 1302 983 1333 voluntariorum,
996 1302 1100 1329 saluta-

307 1348 390 1375 rium.
406 1347 528 1383 Singulis
539 1347 636 1375 diebus
651 1347 744 1375 docuit
757 1356 800 1375 me
822 1348 982 1383 intelligere,
995 1354 1023 1375 et
1034 1356 1098 1383 per-

307 1394 449 1422 severabat
458 1394 484 1421 in
497 1402 540 1421 me
551 1402 643 1421 coram
657 1393 818 1421 Domino.Et
829 1395 897 1421 dixit
911 1394 976 1421 mihi
987 1394 1097 1427 :tCave,

307 1441 357 1472 ﬁli,
367 1449 382 1468 a
395 1440 491 1475 spiritu
506 1440 713 1473 fornicationis;
732 1441 775 1467 hic
788 1441 861 1467 enim
875 1440 1055 1476 permanebit,
1072 1444 1098 1467 et

307 1494 355 1521 per
367 1493 460 1514 semen
475 1491 550 1513 tuum
567 1486 722 1521 inquinabit
734 1492 837 1513 sancta.
853 1486 953 1520 Accipe
964 1492 1031 1521 ergo
1050 1485 1098 1512 tibi

307 1539 433 1565 uxorem,
451 1532 540 1559 adhuc
553 1531 662 1566 juvenis
676 1532 810 1562 existens.
827 1531 963 1559 maculam
979 1539 1032 1558 non
1049 1531 1098 1558 ha-

307 1577 415 1605 bentem
433 1585 521 1613 neque
535 1577 716 1613 inquinatam,
726 1578 852 1613 nequede
861 1586 958 1614 genere
969 1577 1098 1612 alienige-

307 1624 631 1660 narumvelgentiumEt
646 1629 792 1659 antequam
808 1625 892 1652 intres
908 1625 934 1651 in
945 1628 1048 1656 sancta,
1059 1624 1097 1650 la-

307 1677 388 1703 vare;
401 1670 463 1697 etin
479 1670 670 1703 sacrificando,
681 1671 787 1704 lavare;
805 1675 832 1698 et
843 1670 983 1705 complens
997 1671 1099 1698 sacriﬁ-

307 1715 391 1748 cium,
404 1723 499 1742 rursus
514 1715 615 1743 lavare.
626 1715 773 1743 Duodecim
783 1715 910 1742 arborum
928 1723 1034 1750 semper
1053 1715 1098 1742 ha-

307 1761 430 1788 bentium
450 1761 515 1789 folia
530 1761 658 1797 (fructus)
675 1762 742 1789 offer
759 1762 886 1793 Domino,
902 1766 930 1788 nt
948 1762 1030 1789 etiam
1055 1769 1098 1788 me

307 1807 445 1834 Abraham
459 1807 563 1835 docuit.
581 1807 614 1834 Et
633 1809 724 1835 omnis
740 1808 866 1836 animalis
884 1808 989 1840 mumli,
1005 1812 1032 1834 et
1052 1815 1097 1835 vo-

307 1853 389 1880 latilis
405 1853 500 1880 mundi
523 1853 590 1881 offer
613 1854 777 1881 sacriﬁcium
804 1853 933 1881 Domino.
959 1853 991 1880 Et
1008 1853 1097 1880 omnis

308 1899 388 1933 primi
403 1900 533 1934 germinis
549 1900 590 1926 tui
605 1905 633 1927 et
652 1901 706 1927 vini
722 1900 788 1928 offer
813 1901 966 1935 primitias,
993 1901 1097 1928 sacriﬁ-

307 1946 380 1973 cium
401 1946 529 1979 Domino;
545 1951 572 1974 et
593 1953 674 1973 omne
696 1947 860 1973 sacriﬁcium
889 1947 946 1974 sale
971 1953 1099 1980 consper-

308 2001 365 2028 ges.
383 2002 392 2018 ν

345 2039 378 2066 Χ.
400 2048 408 2064 t
429 2038 506 2066 Nunc
528 2040 611 2075 igitur
632 2039 779 2072 custodite,
803 2046 976 2074 quaecunque
998 2041 1098 2066 mando

309 2087 399 2120 vobis,
417 2087 480 2119 ﬁlii;
496 2086 628 2120 quoniam
647 2093 817 2121 quaecunque
835 2086 926 2114 audivi
944 2093 959 2112 a
976 2086 1099 2121 patribus

309 2132 388 2164 meis,
403 2132 564 2159 anmmtiavi
579 2132 668 2159 vobis.
682 2130 816 2160 lnnocens
830 2139 891 2159 sum
908 2132 942 2159 ab
959 2131 1033 2159 omni
1048 2131 1099 2159 im-

310 2178 408 2212 pietate
433 2181 525 2204 vestra
540 2181 566 2204 et
587 2177 815 2212 transgressione,
841 2185 924 2212 quam
948 2177 1056 2205 facietis
1072 2178 1098 2204 in

310 2223 547 2250 consummatione
574 2223 737 2250 saeculorum
765 2223 792 2250 in
809 2222 979 2250 Salvatorem
1004 2224 1097 2250 mundi

311 2269 393 2303 impie
408 2268 548 2301 facientes,
566 2269 726 2298 seducentes
743 2268 836 2302 Israel,
854 2274 880 2296 et
895 2270 1061 2297 suscitantes
1073 2270 1096 2296 ei

311 2315 383 2341 mala
394 2322 492 2349 magna
504 2323 519 2342 a
532 2315 657 2343 Domino.
668 2315 700 2342 Et
711 2316 803 2350 inique
813 2315 920 2343 facietis
930 2323 991 2342 cum
1004 2315 1097 2349 Israel,

311 2366 341 2388 ut
355 2368 409 2388 non
434 2362 570 2388 sustineat
587 2369 616 2389 se
630 2361 781 2389 Jerusalem
798 2369 813 2388 a
830 2361 900 2388 facie
916 2361 1030 2388 malitia:
1051 2370 1098 2389 ve-

310 2411 391 2440 straa;
405 2407 451 2434 sed
467 2407 609 2434 scindatur
623 2407 714 2435 velum
733 2407 838 2443 templi,
854 2411 884 2434 ut
903 2415 956 2434 non
971 2407 1041 2434 velet
1051 2408 1098 2435 de—

311 2454 478 2481 formitatem
490 2458 619 2481 vestram.
632 2453 666 2481 Et
676 2454 871 2488 dispergemini
883 2453 984 2488 captivi
996 2454 1021 2480 in
1037 2463 1098 2489 gen-

311 2501 394 2533 tibus,
413 2504 439 2527 et
455 2500 531 2527 eritis
548 2500 574 2526 in
595 2499 787 2534 opprobrium,
808 2503 834 2526 et
857 2499 1075 2526 maledictionem
1089 2520 1096 2531 ,

310 2552 338 2575 et
348 2547 599 2579 conculcationem;
615 2547 713 2573 domus
725 2546 798 2573 enim
810 2553 892 2579 quam
907 2546 988 2581 eliget
1002 2545 1096 2573 Domi-

311 2602 373 2626 nus,
387 2592 538 2620 Jerusalem
552 2593 705 2623 vocabitur,
727 2592 960 2626 quemadmodum
976 2593 1098 2620 continet

311 2639 379 2667 liber
392 2638 484 2666 Enoch
499 2639 576 2673 justi.

346 2736 401 2773 (26)
423 2738 604 2772 Ἀφραστος,
620 2738 661 2770 ὡς
682 2737 835 2771 προφήτου
856 2726 988 2772 ὑψηλοῦ.
1017 2739 1097 2772 Ἀγα-

311 2773 395 2808 πητὴ,
409 2772 446 2804 ὡς
459 2774 600 2808 προφήτης
618 2773 754 2808 Ὑψίστου.
769 2773 854 2799 (ἓιιΑιι.

346 2807 403 2910 ΞΞἸξ
421 2807 657 2841 Φινλαχθήσεται.
678 2807 861 2843 Ληφθήσεται.
876 2807 913 2834 ID.

357 2841 394 2868 28
424 2843 469 2868 Τό.
492 2843 618 2870 Ἀπὸ-19.

358 2875 392 2903 29
428 2877 616 2910 Ὺπομνῆσαι.
638 2877 884 2910 Ὑπομνηματίσαι.
899 2876 913 2904 ἰ]

357 2841 402 2870 28)
424 2843 469 2868 Τό.
492 2843 566 2868 “me.
578 2843 618 2870 In.

358 2875 403 2911 29)
428 2877 616 2912 Ὺπομνῆσαι.
638 2877 884 2914 Ὑπομνηματίσαι.
899 2876 935 2904 in.

392 2807 403 2911 ξ

1147 245 1289 279 στήσεται,
1309 245 1355 270 καὶ
1374 243 1482 278 ποιήσει
1500 244 1635 279 ἱερατείαν
1649 244 1722 274 νέαν,
1743 244 1814 279 μετὰ
1832 245 1876 270 τὸν
1890 246 1910 270 τὶ

1146 299 1197 316 πον
1212 289 1265 316 τῶν
1280 290 1375 322 ἐθνῶν,
1393 290 1432 321 εἰς
1450 290 1537 316 πάντα
1555 289 1589 316 τὰ
1610 290 1684 326 ἔθνη.
1704 291 1735 316 'H
1753 291 1782 316 δὲ
1802 291 1910 326 tumul

1146 335 1227 362 αὐτοῦ
1245 337 1393 371 ἄφραστος,
1410 337 1448 368 ὡς
1463 337 1604 372 προφήτου
1619 337 1721 372 ὑψηλοῦ
1736 338 1791 371 (26)
1807 337 1839 363 ὲκ
1854 338 1910 373 σπέ)

1149 390 1232 416 ματος
1255 382 1379 418 Ἀϐραὰμ
1405 382 1507 418 πατρὸς
1532 383 1621 418 ἡμῶν.
1641 383 1697 409 [liv
1719 383 1887 418 ἐπιθυμητὸν
1906 384 1910 408 l

1154 429 1261 464 Ἰσραήλ
1276 438 1316 455 σοι
1331 429 1418 461 ἕαται,
1434 430 1481 456 καὶ
1494 430 1532 465 τῷ
1548 429 1687 464 σπέρματί
1707 438 1765 456 σου·
1788 430 1834 456 καὶ
1848 430 1910 455 ἑξεῖ(

1148 475 1201 500 πᾶν
1213 474 1313 509 ὡραῖον
1325 474 1430 509 ὁράσει,
1447 476 1495 500 καὶ
1508 474 1556 510 τὴν
1574 474 1714 510 τράπεζαν
1729 475 1832 510 Κυρίου
1849 474 1910 500 Em:

1149 521 1264 556 μήσεται
1275 520 1305 546 τὸ
1320 520 1429 555 σπέρμα
1449 529 1505 551 σου,
1525 521 1572 546 καὶ
1585 521 1614 553 ἐξ
1628 521 1717 547 αὐτῶν
1727 521 1832 547 ἔσονται
1845 522 1910 556 tim-4

1149 568 1215 601 ρεῖς,
1231 567 1526 601 κριτα“ι,γραμματεῐς·
1540 567 1580 593 ὅτι
1595 568 1641 593 ἐπὶ
1654 567 1786 603 στόματος
1794 568 1884 593 αὐτῶν
1894 577 1910 601 ς

1148 613 1312 648 λαχθήσεται
1325 613 1380 649 (27)
1391 613 1421 639 τὸ
1436 613 1522 647 ἆγιον.
1540 624 1548 638 ι
1565 614 1618 640 Καὶ
1630 614 1800 646 ἐξυπνισθεὶς
1821 615 1910 647 ovi-ﬁn

1148 659 1187 685 ὅτι
1200 659 1279 685 τοῦτο
1289 660 1382 694 ὅμοιον
1397 659 1492 694 ἐκείνῳ
1507 659 1575 686 ἐστί.
1595 660 1684 693 Καίγε
1698 660 1803 695 ἔκρυψα
1817 660 1896 686 τοῦτο
1909 670 1910 683 ι

1149 706 1180 740 τῇ
1202 705 1301 740 καρδίᾳ
1316 713 1378 740 μου,
1395 705 1441 731 καὶ
1465 705 1515 730 οὐκ
1531 705 1680 740 ἁνήγγειλα
1702 707 1767 733 αὐτὸ
1789 707 1871 733 παντὶ
1892 707 1910 732 ἁ]

1149 751 1250 788 θρώπῳ
1267 753 1313 778 ἐπὶ
1328 753 1376 787 τῆς
1392 752 1454 787 γῆς·

1185 797 1224 824 Θν.
1242 807 1250 822 ι
1268 799 1323 825 Καὶ
1337 798 1395 833 μεθ’
1409 799 1515 834 ἡμέρας
1529 799 1576 825 δύο
1587 799 1688 833 ἀνέϐην
1701 798 1754 832 ἐγὼ
1769 799 1816 825 καὶ
1842 799 1910 824 Ἰοὐδι

1150 843 1219 879 πρὸς
1248 843 1340 870 Ἰσαὰκ
1358 844 1426 879 μετὰ
1441 845 1486 870 τὸν
1508 845 1614 880 πατέρα
1634 845 1726 880 ἡμῶν·
1746 845 1795 871 καὶ
1812 845 1910 878 comem

1149 899 1182 926 με
1195 891 1209 916 ὁ
1225 889 1316 925 πατὴρ
1333 889 1379 916 τοῦ
1399 890 1500 926 πατρός
1522 900 1582 926 μου,
1598 891 1668 917 κατὰ
1688 891 1750 922 τοὺς
1768 890 1865 924 λόγους
1885 889 1910 916 τι]

1148 935 1269 972 ὁράσεών
1289 945 1349 971 μου,
1372 933 1409 963 ὧν
1433 935 1516 963 εἶδον·
1541 938 1587 963 καὶ
1608 937 1659 963 οὐκ
1679 936 1756 972 ἤθελε
1776 936 1910 971 πορευθῇ

1150 982 1209 1018 μεθ’
1223 984 1239 1018 ἡ
1245 982 1303 1017 μῶν
1314 984 1353 1014 εἰς
1367 983 1463 1019 Βεθήλ.
1487 984 1530 1015 Ὠς
1541 983 1569 1010 δὲ
1582 983 1700 1018 ήλθομεν
1710 983 1749 1014 είς
1765 982 1862 1016 Βεθὴλ,
1876 980 1910 1007 aii

1148 1031 1162 1056 ὁ
1177 1030 1268 1065 πατήρ
1284 1039 1333 1065 μου
1355 1029 1451 1056 Ἰακὼϐ
1464 1030 1492 1056 ἐν
1509 1030 1628 1066 ὁράματι
1649 1030 1713 1064 περὶ
1727 1029 1806 1064 ἐμοῦ,
1825 1029 1867 1055 ὅτι
1884 1029 1910 1055 ἔα

1150 1084 1199 1110 μαι
1215 1075 1306 1107 αὐτοῖς
1329 1076 1368 1107 εἰς
1392 1075 1466 1111 ἱερέα
1490 1077 1557 1110 πρὸς
1576 1075 1621 1101 τὸν
1644 1074 1720 1101 Θεόν.
1743 1074 1800 1101 Καὶ
1823 1074 1910 1100 civ-1m

1148 1122 1178 1148 τὸ
1190 1122 1245 1157 (28)
1258 1121 1330 1157 πρωῒ
1346 1121 1537 1148 ἁπεδεκάτωσε
1557 1121 1645 1148 πάντα
1659 1121 1691 1147 δι’
1706 1120 1773 1156 ἐμοῦ
1788 1119 1826 1155 τῷ
1838 1121 1910 1155 Κυρῇ

1149 1168 1204 1194 Καὶ
1216 1168 1333 1204 ἤλθομεν
1349 1169 1389 1200 εἰς
1407 1167 1529 1204 Χεϐρὼν,
1545 1168 1591 1194 τοῦ
1608 1167 1772 1194 καταλῦσαι·
1785 1168 1831 1193 καὶ
1851 1166 1910 1193 1:13

1149 1213 1239 1241 ἐκάλει
1255 1223 1287 1249 με
1302 1214 1420 1249 συνεχῶς
1431 1213 1479 1240 τοῦ
1492 1214 1649 1249 ὺπομνῆααί
1664 1214 1721 1248 (‘29)
1740 1222 1776 1248 με
1793 1213 1873 1248 νόμον
1885 1213 1910 1238 Kl

1151 1261 1218 1296 ρίου,
1237 1260 1327 1292 καθὼς
1342 1260 1424 1294 ἔδειξέ
1442 1262 1512 1296 μοιὸ
1525 1260 1639 1295 ἅγγελος
1659 1260 1707 1287 τοῦ
1721 1260 1802 1286 Θεοῦ.
1820 1260 1874 1286 Καὶ
1885 1260 1910 1284 ὲᾱ

1149 1307 1231 1334 δασκέ
1247 1316 1280 1342 με
1298 1306 1379 1342 νόμον
1393 1306 1552 1342 ἱερωσύνης,
1569 1307 1679 1338 θυσιῶν,
1698 1306 1910 1340 ὀλοκαυτωμὰτιιιε

1150 1353 1292 1390 ἀπαρχῶν,
1317 1353 1459 1385 ἑκουσίων,
1483 1353 1634 1389 σωτηρίων.
1661 1353 1717 1379 Καὶ
1736 1350 1772 1387 ἦν
1793 1352 1855 1379 καθ’
1877 1351 1910 1378 Exi

1151 1409 1216 1436 στην
1231 1400 1336 1436 ἡμέραν
1351 1399 1496 1434 συνετίζων
1516 1408 1559 1434 με,
1569 1400 1616 1426 καὶ
1628 1400 1668 1431 είς
1680 1399 1729 1434 ἐμὲ
1746 1398 1910 1434 ἀσχολούμεν

1148 1445 1182 1483 ἦν
1200 1447 1314 1474 ἐνώπιον
1338 1447 1451 1482 Κυρίου.
1469 1446 1524 1473 Καὶ
1544 1446 1621 1480 ἔλεγέ
1638 1454 1696 1481 μοι·
1720 1456 1728 1470 ι
1748 1446 1879 1481 Πρόσεχε,
1897 1453 1910 1470 τι

1150 1502 1211 1520 κνον
1228 1493 1294 1528 (50),
1319 1493 1373 1520 ἀπὸ
1392 1493 1440 1520 τοῦ
1460 1492 1614 1528 πνεύματος
1628 1492 1680 1527 τῆς
1701 1492 1847 1527 πορνείας”
1868 1491 1910 1516 toil

1150 1539 1204 1575 γὰρ
1215 1539 1356 1575 ὲνδελεχεί,
1372 1539 1419 1566 καὶ
1431 1538 1522 1574 μέλλει
1538 1538 1655 1574 μιαίνειν
1668 1537 1712 1564 διὰ
1722 1537 1769 1564 τοῦ
1786 1535 1910 1572 σπέρματί

1151 1594 1199 1613 σου
1216 1585 1291 1620 ἆγια.
1311 1586 1383 1612 Λάϐε
1395 1583 1440 1612 οὖν
1452 1584 1557 1620 σεαυτῷ
1569 1585 1698 1618 γυναῖκα,
1715 1583 1754 1609 ἐτι
1772 1583 1835 1614 νέος
1848 1582 1910 1616 (om;

1148 1631 1261 1666 ἔχουσαν
1278 1631 1383 1666 μῶμον,
1397 1630 1463 1666 μηδὲ
1475 1629 1667 1665 βεϐηλωμένην
1680 1649 1687 1661 ,
1703 1630 1771 1664 μήτε
1784 1629 1842 1655 ἀπὸ
1852 1629 1910 1662 73w

1148 1676 1303 1711 ἀλλοφύλων
1326 1676 1342 1711 ἢ
1360 1675 1454 1702 ἐθνῶν.
1479 1676 1534 1702 Καὶ
1547 1674 1612 1711 ’πρὸ
1632 1675 1680 1701 τοῦ
1700 1673 1834 1701 εἰσελθεῖν
1853 1675 1910 1704 εἰςτ

1149 1723 1224 1757 ἅγια,
1240 1722 1332 1749 λούου·
1350 1722 1396 1748 καὶ
1417 1723 1446 1748 ἐν
1460 1721 1499 1757 τῷ
1523 1721 1608 1752 θύειν,
1630 1721 1741 1747 νίπτου-
1762 1721 1811 1747 καὶ
1832 1721 1910 1753 tinea

1148 1767 1202 1800 ζων
1223 1767 1303 1794 πάλιν
1324 1767 1375 1801 τὴν
1396 1766 1501 1799 θυσίαν,
1517 1767 1623 1793 νίπτου.
1643 1766 1755 1793 Δώδεκα
1770 1766 1881 1801 δένδρων
1896 1767 1910 1790 ἀι

1148 1814 1263 1850 ἑχόντων
1279 1813 1364 1848 φύλλα
1377 1813 1496 1847 ἀνάγαγε
1509 1812 1549 1848 τῷ
1562 1813 1666 1849 Κυρίῳ,
1679 1813 1718 1844 ὡς
1728 1813 1804 1849 κάμὲ
1821 1813 1910 1847 ’Δεριὴ

1149 1860 1261 1892 ἐδίδαξε.
1288 1860 1343 1887 Καὶ
1366 1859 1466 1891 παντὸς
1492 1858 1562 1891 ξώου
1586 1857 1720 1894 καθαροῦ,
1745 1859 1796 1884 καὶ
1821 1865 1910 1884 mrem

1148 1905 1268 1942 καθαροῦ
1293 1906 1432 1941 πρόσφερε
1456 1904 1551 1931 θυσίαν
1572 1903 1612 1938 τῷ
1632 1903 1738 1939 Κυρίῳ.
1767 1904 1825 1930 Καὶ
1846 1903 1910 1929 πα·ηᾶ

1149 1952 1394 1988 πρωτογενήματὸς
1414 1959 1471 1982 σου,
1486 1951 1533 1977 καὶ
1545 1950 1625 1977 οἴνων
1643 1950 1785 1986 πρόσφερε
1808 1949 1910 1984 ἀπαρχὰς

1149 1998 1243 2024 θυσίαν
1256 1997 1294 2032 τῷ
1306 1997 1400 2032 Κυρίῳ
1409 2005 1415 2010 ·
1429 1996 1477 2023 καὶ
1491 1996 1580 2022 πᾶσαν
1594 1995 1690 2021 Θυσίαν
1709 1995 1791 2022 ἅλατι
1804 1996 1886 2026 ἁλιεῖς.
1903 2004 1908 2019 ρ

1187 2046 1214 2071 l’.
1240 2054 1248 2069 ι
1263 2043 1319 2070 Νῦν
1341 2041 1387 2069 οὖν
1405 2042 1550 2077 φυλάξατε,
1564 2043 1614 2068 ὅσα
1630 2041 1686 2076 ἐγὼ
1697 2041 1855 2078 ἐντέλλομαι
1865 2042 1910 2075 ὑμῖν

1149 2090 1247 2117 τέκνα’
1265 2090 1305 2115 ὅτι
1333 2089 1382 2115 ὅσα
1405 2089 1508 2124 ιἕλκουσα
1537 2088 1612 2124 παρὰ
1635 2088 1690 2114 τῶν
1715 2088 1841 2123 πατέρων
1865 2095 1902 2121 μοι

1150 2135 1295 2171 ἁνήγγειλα
1322 2136 1396 2170 ὑμῖν.
1417 2135 1516 2167 Ἀοῶός
1538 2135 1595 2169 εἰμι
1621 2135 1674 2161 ἀπο
1699 2134 1793 2170 πάσης
1818 2133 1910 2160 degssi:

1151 2181 1228 2218 ὑμῶν
1243 2183 1290 2209 καὶ
1312 2181 1505 2217 παραϐάσεως,
1528 2181 1562 2216 ἢν
1581 2181 1709 2216 ποιήσετε
1736 2182 1785 2207 ἐπὶ
1806 2179 1910 2207 sumam

1149 2229 1203 2256 τῶν
1216 2228 1321 2254 αἰώνων
1338 2228 1377 2259 εἰς
1392 2227 1437 2253 τὸν
1454 2226 1568 2262 Σωτῆρα
1586 2226 1633 2253 τοῦ
1648 2227 1754 2261 κόσμου
1772 2226 1910 2255 inﬁciunt;

1149 2273 1304 2304 πλανῶντες
1316 2273 1361 2299 τὸν
1381 2271 1497 2308 Ἰσραὴλ,
1520 2273 1567 2298 καὶ
1581 2272 1772 2306 ἐπεγείροντες
1784 2271 1853 2305 αὐτῴ
1863 2278 1910 2296 1m

1151 2318 1255 2354 μεγάλα
1268 2317 1345 2353 παρὰ
1358 2317 1462 2352 Κυρίῳ.
1476 2317 1529 2343 Καὶ
1544 2317 1695 2352 ἀνομήσετε
1710 2318 1760 2343 σὺν
1771 2316 1809 2352 τῷ
1822 2314 1910 2350 Ἰσραὴλ

1149 2364 1219 2390 ὥστε
1243 2363 1279 2398 μὴ
1298 2362 1432 2398 βαστάσαι
1453 2362 1631 2398 Ἰερουσαλὴμ
1654 2362 1710 2389 ἀπὸ
1730 2362 1869 2397 προσώπου

1149 2409 1244 2445 νηρίας
1260 2408 1336 2444 ὑμῶν
1345 2417 1352 2423 ·
1366 2408 1434 2434 ἀλλὰ
1452 2408 1543 2442 σχίσαι
1557 2407 1588 2434 τὸ
1600 2408 1703 2443 ἔνδυμα
1714 2408 1763 2434 τοῦ
1776 2407 1847 2435 ναοῦ.
1865 2407 1910 2432 dim

1151 2454 1188 2490 μὴ
1199 2454 1417 2482 κατακαλύπτειν
1434 2454 1627 2490 ἀσχημοσύνην
1649 2454 1737 2490 ὑμῶν,
1752 2455 1807 2481 Καὶ
1824 2454 1910 2480 eum

1150 2501 1263 2536 ρήσεσθε
1278 2501 1443 2536 αἰχμάλωτοι
1457 2502 1484 2528 ὲν
1494 2502 1553 2533 τοῖς
1564 2501 1664 2532 ἔθνεσι,
1677 2501 1825 2527 atatim-.105
1834 2500 1906 2531 εὶςῶι

1148 2544 1309 2581 ὀνειδισμὸν,
1337 2547 1383 2572 καὶ
1406 2547 1539 2582 κατάραν,
1558 2548 1606 2573 καὶ
1626 2549 1830 2583 καταπάτημα·
1850 2548 1861 2572 ἐ
1877 2546 1910 2579 γὰρ

1148 2591 1231 2624 οἶκος,
1240 2592 1269 2619 ὃν
1278 2592 1310 2619 ἂν
1321 2592 1465 2628 ἐκλέξηται
1476 2593 1588 2629 Κύριος,
1608 2594 1790 2630 Ἰερουσαλὴμ
1806 2594 1910 2629 κληθῆτε

1149 2647 1207 2670 ται,
1232 2638 1323 2670 καθὼς
1336 2639 1459 2674 περιέχει
1475 2639 1563 2674 βίϐλος
1586 2640 1671 2675 Ἑνὼχ
1682 2641 1730 2667 τοῦ
1750 2640 1850 2667 δικαίου
1863 2639 1910 2671 (Irin

1262 2739 1378 2767 Τέκνον.
1395 2739 1514 2775 Σεαυτῷ.
1528 2740 1566 2767 11).

1262 2777 1322 2807 Εἰς.
1347 2775 1420 2801 Ἐκεῖ
1437 2776 1570 2802 additum.
1590 2777 1628 2803 In.

1186 2810 1240 2845 (52)
1261 2811 1370 2843 Βίϐλος
1393 2811 1483 2844 Ἑνὼχ
1507 2811 1559 2838 τοῦ
1572 2810 1700 2838 δικαίου.
1725 2811 1785 2838 1am
1806 2817 1876 2844 supra
1891 2812 1910 2831 ll

1149 2845 1323 2881 Testamento
1341 2845 1476 2872 Simeonis
1492 2846 1506 2881 ᾗ
1520 2854 1544 2878 v,
1561 2847 1692 2873 eitaverat
1702 2847 1792 2881 aliqua
1805 2854 1835 2872 ex
1846 2851 1910 2881 χαρᾶς

1149 2880 1230 2916 κτῆρι
1251 2881 1361 2916 γραφῆς
1381 2881 1475 2915 Ἑνὼχ,
1494 2879 1528 2908 ﬁet
1546 2881 1602 2915 jam
1620 2882 1648 2908 in
1671 2879 1850 2909 Testamento
1864 2879 1910 2905 Lﬂl

1195 2740 1228 2767 50

1195 2776 1225 2802 51

1229 2740 1240 2846 ξ
