1913 3102
57 123 115 156 1065

671 129 930 162 TESTAMENTUM
950 134 1038 162 LEVI.

1586 143 1656 171 £066

54 183 155 219 θήσεσθι
167 183 213 210 ἐπὶ
224 185 257 220 τῇ
272 183 415 222 ἱερωσύνῃ,
432 184 501 211 κατὰ
515 184 569 211 τῶν
583 185 734 221 ἀνθρώπων
747 188 810 214 ἐπαι

876 189 922 216 sed
935 193 962 216 et
973 190 1103 219 adversus
1115 192 1242 220 mandata
1254 193 1300 222 Dei
1314 193 1410 229 inﬂati,
1422 195 1540 225 illudetis
1550 204 1656 232 sancta,

54 229 162 263 ρόμενον
181 229 212 255 οὐ
240 229 318 264 μόνον
339 229 376 260 δὲ,
400 229 468 256 ἀλλὰ
485 229 615 257 καὶκατὰ
633 230 688 256 τῶν
712 231 826 258 ἐντολῶν

51 273 90 300 τοῦ
103 273 164 300 Θεοῦ
178 274 362 310 φυσιούμενοι,
382 274 563 306 καταπαίξετε
583 275 618 301 τὰ
639 275 704 309 ἆγια
717 275 782 311 (48),
797 276 826 302 ὲν

52 320 234 355 καταφρονήσει
249 320 443 354 γελοιάζοντες.

78 366 122 392 IE'.
139 375 148 391 ι
160 366 209 392 Διὰ
221 367 306 393 ταῦτα
318 367 332 393 ὁ
353 366 424 399 ναὺς,
439 366 468 393 δν
493 367 526 393 ἂν
547 367 692 402 ἐκλέξηται
710 367 822 404 Κύριος,

51 412 137 448 ἔρημος
158 413 232 440 ἔσται
251 414 278 440 ὲν
292 415 453 450 ἀκαθαρσίᾳ,
482 415 528 441 καὶ
553 415 632 451 ὑμεῖς
657 415 825 451 αἰχμάλωτοι

50 458 127 485 ἔσεσθε
143 458 195 494 (49)
210 460 252 490 εἰς
267 460 355 486 πάντα
369 460 404 486 τὰ
417 460 492 495 ἔθνη,
509 461 556 487 καὶ
578 460 669 487 ἔσεσθε
687 461 823 496 βδέλυγμα

48 504 72 529 ἐν
83 505 174 536 αὐτοῖς,
195 505 242 531 καὶ
254 504 368 540 λήψεσθε
382 505 480 536 ὄνειδος
497 505 544 531 καὶ
567 504 696 540 αἰσχύνην
716 504 823 532 αἰώνιον

49 549 110 584 παρά
120 549 168 584 τῆς
177 550 374 583 δικαιοκρισίας
383 550 431 576 τοῦ
446 549 512 576 Θεοῦ
522 559 528 565 ·
546 550 592 576 καὶ
607 551 706 582 πάντες
717 551 741 576 οί
757 550 823 597 (iam:

49 595 142 629 ροῦντες
164 596 235 631 ὑμᾶς
260 596 402 631 φεύξονται
425 597 470 631 ἀφ’
493 597 579 631 ὑμῶν.
601 597 656 623 Καὶ
676 597 700 623 εί
728 595 764 632 μὴ
787 596 812 622 δι

53 641 169 677 Ἀϐραὰμ,
193 643 240 669 καὶ
260 643 368 674 Ἰσαὰκ,
400 644 445 670 καὶ
467 642 580 674 Ἰακὼϐ,
611 643 674 674 τοὺς
699 643 822 678 πατέρας

47 686 119 721 ἡμῶν,
135 684 173 718 εἷς
195 688 227 714 ἐκ
247 687 295 714 τοῦ
315 689 469 724 σπέρματός
485 697 534 723 μου
553 689 584 715 οὺ
602 689 638 724 μὴ
653 688 819 724 καταλειφθῇ

46 733 83 758 ἐπὶ
95 734 139 768 τῆς
151 734 212 768 γῆς.

72 779 122 812 ις’.
139 789 148 805 ι
159 779 214 806 Καὶ
230 778 277 806 νῦν
293 780 377 814 ἔγνων
403 781 431 806 ὲν
449 780 541 816 βιόλίῳ
563 780 656 815 Ἑνὼχ,
681 781 722 806 ὅτι
744 781 818 806 ἑϐδο-

45 827 148 861 μήκοντα
168 827 316 863 ἑϐδομάδας
338 827 551 862 πλανηθήσεσθε,
567 827 613 854 καὶ
633 826 682 862 τὴν
703 827 817 862 ἱερωσύ-

877 234 903 261 in
917 241 1072 272 contemptu
1085 238 1248 268 deridentes.

909 367 969 396 XV.
988 378 998 395 ‹
1016 369 1129 404 Propter
1153 371 1211 399 haec
1235 373 1363 407 templum
1380 374 1453 408 quod
1467 375 1560 411 utique
1575 378 1655 413 eliget

875 413 1017 447 Dominus,
1032 415 1200 445 desolabitur
1216 418 1242 445 in
1259 419 1441 454 immunditia,
1453 427 1479 449 et
1495 431 1542 450 vos
1556 426 1656 459 caplivi

874 461 949 487 eritis
967 461 993 487 in
1014 469 1110 490 omnes
1124 468 1227 498 gentes,
1242 469 1269 492 et
1281 465 1447 494 abominatio
1462 468 1529 496 inter
1551 478 1614 504 eas;
1629 476 1657 499 et

873 506 1012 541 accipietis
1040 510 1217 543 opprobrium
1249 515 1276 538 et
1305 513 1492 541 confusionem
1515 517 1657 551 sempiter-

874 559 936 578 nam
952 560 966 579 a
981 552 1055 587 justo
1068 553 1172 588 judicio
1186 554 1249 589 Dei;
1263 561 1289 584 et
1297 565 1392 586 omnes
1408 559 1455 594 qui
1468 560 1584 588 viderint
1597 570 1656 595 vos,

873 595 977 631 fugient
997 605 1012 624 a
1031 598 1118 625 vobis.
1139 598 1172 626 Et
1201 600 1253 628 nisi
1279 606 1351 629 esset
1371 607 1482 638 propter
1506 605 1656 639 Abraham,

871 642 945 670 Isaac
959 648 985 671 et
1005 643 1089 672 Jacob
1103 665 1110 677 ,
1134 650 1225 680 patres
1259 653 1386 683 nostros,
1402 658 1474 679 unus
1495 658 1529 679 ex
1552 654 1657 682 semine

871 695 933 715 meo
958 697 1012 716 non
1027 690 1227 726 relinqueretur
1240 692 1267 720 in
1282 697 1364 721 terra.

904 778 973 806 XVI.
991 790 1000 805 ‹
1015 779 1047 807 Et
1061 789 1135 808 nunc
1153 783 1268 818 cognovi
1290 784 1318 811 in
1329 784 1400 812 libro
1413 785 1516 820 Enoch,
1528 788 1599 823 quod
1613 797 1656 817 se-

869 825 1008 859 ptuaginta
1025 826 1209 855 hebdomadas
1225 829 1361 863 errabitis,
1373 834 1400 858 et
1417 833 1597 861 sacerdotium
1613 835 1655 862 in-

43 880 82 906 νην
102 873 274 909 βεϐηλώσετε,
299 874 346 900 καὶ
364 873 413 904 τὰς
434 873 528 905 θυσίας
549 874 678 908 μιανεῖτε,
703 872 750 900 καὶ
770 873 811 899 τὸν

865 871 1027 906 quinabitis,
1041 877 1068 899 et
1083 874 1216 902 sacriﬁcia
1229 875 1365 910 polluetis,
1377 881 1403 904 et
1422 877 1507 913 legem
1523 881 1654 907 extermi-

42 919 110 954 νόμον
123 920 276 954 ἀφανίσετε,
291 921 338 947 καὶ
350 920 445 954 λόγους
458 919 604 955 προφητῶν
615 919 815 953 ὲξουδενώσετε,

42 966 65 991 ὲν
76 965 215 1002 διαστροφῇ
232 965 340 999 διώξετε
361 965 460 1000 ἀνδρας
477 965 607 997 δικαίους,
627 965 675 992 καὶ
696 964 816 996 εὐσεϐεῖς

43 1012 171 1047 μισήσετε,
195 1012 329 1048 ἀληθινῶν
355 1011 450 1046 λόγους
473 1011 638 1046 βδελύξεσθε,
664 1011 711 1038 καὶ
733 1011 816 1047 ἄνδρα

41 1057 281 1086 ἀνακαινοποιοῠντα
289 1058 335 1085 τὸν
351 1058 431 1093 νόμον
439 1058 467 1084 ὲν
480 1057 590 1093 δυνάμει
610 1058 736 1093 Ὑψίστου
749 1059 816 1085 πλά-

40 1112 76 1130 νον
95 1104 335 1141 προσαγορεύσετε,
355 1104 402 1130 καὶ
422 1103 508 1136 τέλος,
532 1104 570 1136 ὡς
587 1105 720 1140 νομίσετε,
746 1105 815 1131 ἀπο-

41 1152 143 1177 κτενεῖτε
164 1151 256 1182 αὐτὸν,
276 1150 326 1176 οὐκ
348 1150 448 1182 εἰδότες
467 1149 549 1176 αὑτοῦ
565 1150 596 1177 τὸ
617 1151 771 1186 ἀνάστημα,
784 1151 815 1178 τὸ

40 1194 114 1221 ἀθῶον
126 1193 193 1230 αἷμα
208 1195 236 1221 ὲν
251 1195 335 1230 κακίᾳ.
350 1196 394 1222 ἐπὶ
409 1195 530 1229 κεφαλὰς
552 1195 629 1231 ὑμῶν
651 1196 814 1231 ἀναδεχόμε-

41 1248 80 1266 νοι.
93 1241 143 1267 Καὶ
157 1241 188 1267 δι’
209 1241 290 1267 αὐτὸν
305 1241 379 1268 ἔσται
394 1241 428 1267 τὰ
451 1241 516 1275 ἅγια
540 1241 616 1277 ὑμῶν
639 1241 739 1278 ἔρημα,
763 1242 814 1274 ἓως

41 1284 137 1318 ἐδάφους
150 1286 325 1321 μεμιαμμένα
335 1294 341 1301 ’
359 1286 406 1313 καὶ
420 1286 469 1313 οὑκ
484 1286 559 1313 ἔσται
573 1286 654 1318 τόπος
673 1287 749 1322 ὑμῶν
762 1296 814 1314 κα-

40 1329 117 1365 θαρὺς,
131 1331 184 1358 ἀλλ’
201 1333 230 1359 ὲν
247 1333 303 1363 τοῖς
323 1331 426 1358 ἔθνεσιν
452 1331 545 1358 ἔσεσθε
568 1333 606 1364 είς
630 1333 752 1368 κατάραν
767 1333 814 1360 καὶ

40 1376 72 1406 εἰς
93 1376 318 1413 διασκορπισμὺν,
340 1378 392 1409 ἕως
417 1377 497 1409 αὐτὸς
519 1377 599 1404 πάλιν
620 1378 812 1414 ὲπισκέψηται,

40 1421 79 1447 καὶ
101 1422 268 1459 οίκτειρήσας
291 1423 470 1459 προσδέξηται
496 1424 568 1459 ὑμᾶς
592 1425 620 1451 ὲν
647 1424 736 1451 πίστει
767 1425 814 1452 καὶ

41 1465 114 1493 ὕδατι.

867 917 978 950 nabitis,
992 923 1019 945 et
1041 926 1181 948 sermones
1205 921 1398 956 prophetarum
1423 926 1612 958 contemnetis,
1625 927 1654 954 in

867 964 1042 997 perversitate
1055 967 1254 1001 persequemini
1270 968 1342 996 viros
1353 968 1453 1003 justos,
1469 975 1496 998 et
1513 972 1572 1006 pios
1589 973 1653 1001 odio

866 1007 1011 1042 habebitis,
1031 1011 1170 1037 veracium
1194 1018 1335 1040 sermones
1357 1014 1601 1050 abominabimini,
1625 1023 1655 1046 et

866 1054 954 1081 virum
968 1062 1141 1083 renovantem
1162 1057 1247 1092 legem
1268 1058 1296 1085 in
1321 1059 1422 1089 virtute
1442 1062 1585 1097 Altissimi,
1601 1065 1655 1092 im-

865 1105 1003 1134 postorem
1017 1103 1202 1138 appellabitis;
1216 1110 1243 1133 et
1255 1105 1281 1132 in
1295 1105 1358 1139 ﬁne,
1371 1111 1399 1134 ut
1411 1108 1588 1142 aestimabitis,
1605 1117 1654 1139 oc-

865 1146 961 1175 cidetis
980 1155 1053 1182 eum,
1068 1150 1219 1178 nescientes
1230 1151 1316 1186 ipsius
1326 1154 1564 1188 resurrectionem,
1577 1156 1654 1184 inno-

865 1197 969 1220 centem
996 1197 1157 1232 sanguinem
1176 1197 1204 1224 in
1229 1198 1334 1226 malitia
1357 1207 1437 1234 super
1455 1200 1543 1235 capita
1561 1206 1652 1230 vestra

865 1241 1007 1275 recepturi.
1024 1241 1055 1269 Et
1075 1248 1185 1278 propter
1197 1243 1286 1278 ipsum
1302 1250 1382 1272 erunt
1399 1250 1493 1273 sancta
1505 1252 1593 1274 vestra
1606 1248 1652 1275 de-

864 1289 947 1318 serta,
959 1294 1046 1321 usque
1065 1289 1098 1315 ad
1113 1289 1294 1323 pavimentum
1310 1291 1466 1326 profanata;
1482 1297 1509 1320 et
1524 1301 1578 1320 non
1598 1295 1652 1322 erit

864 1328 940 1357 locus
955 1337 1044 1359 vester
1060 1334 1187 1367 mundus,
1202 1336 1248 1362 sed
1264 1335 1291 1362 in
1309 1336 1434 1371 gentibus
1449 1337 1526 1365 eritis
1548 1339 1576 1365 in
1596 1347 1651 1366 ma-

864 1375 1033 1405 ledit-tionem
1054 1383 1081 1406 et
1097 1380 1124 1406 in
1148 1381 1354 1416 dispersionem,
1368 1383 1455 1411 donec
1477 1383 1535 1418 ipse
1554 1393 1651 1414 rursus

864 1425 994 1459 visitabit,
1007 1430 1034 1453 et
1045 1427 1179 1454 miserens
1193 1427 1304 1463 recipiet
1314 1436 1362 1456 vos
1373 1429 1400 1456 in
1413 1429 1466 1457 ﬁde
1477 1434 1505 1458 et
1515 1438 1596 1466 aqua.

39 1540 42 1543 ,
68 1512 110 1539 IZ'.
129 1514 203 1542 «Καὶ
224 1514 266 1541 ὅτι
294 1515 428 1550 ἠκούσατε
451 1516 516 1552 περὶ
532 1517 586 1544 τῶν
607 1520 627 1544 o’
641 1517 810 1553 ἑϐδομάδων,

897 1513 982 1542 XVII.
999 1524 1009 1540 ‹
1023 1514 1056 1543 Et
1068 1516 1197 1551 quoniam
1212 1517 1328 1546 audistis
1345 1518 1379 1546 de
1400 1520 1570 1555 septuaginta
1585 1521 1650 1549 heb-

38 1556 154 1586 ἀκούσατε
169 1561 214 1587 καὶ
227 1561 291 1597 περὶ
306 1562 356 1596 τῆς
373 1563 532 1598 ἱερωσύνης.
545 1563 613 1590 Καθ’
627 1563 741 1591 ἕκαστον
755 1564 809 1601 γὰρ

46 1601 179 1638 Ίωόηλαῖον
194 1605 270 1632 ἔσται
287 1607 429 1643 ἱερωσύνη.
443 1607 498 1634 Καὶ
510 1608 539 1634 ὲν
550 1608 589 1643 τῷ
601 1608 701 1645 πρώτῳ
721 1609 811 1646 Ἱωϐη-

40 1647 94 1682 λιίῳ
106 1649 120 1675 ὁ
130 1650 234 1685 πρῶτος
247 1651 388 1687 χριόμενος
406 1653 446 1684 εις
463 1652 611 1688 ἱερωσύνην
623 1654 709 1689 μέγας
722 1655 808 1688 ἔσται,

39 1694 77 1725 tui
88 1693 189 1730 λαλήσει
208 1695 268 1731 Θεῷ
287 1697 324 1728 ὡς
338 1697 437 1733 πατρί·
463 1698 510 1724 καὶ
533 1699 549 1733 ἡ
574 1699 706 1735 ἱερωσύνη
727 1701 808 1727 αὑτοῦ

40 1738 128 1774 πλήρης
141 1748 207 1775 μετα
221 1740 303 1775 φόϐου
320 1742 421 1777 Κυρίου
431 1751 437 1757 ·
457 1742 503 1769 καὶ
517 1743 544 1769 ἐν
559 1743 649 1780 ἡμέρᾳ
663 1745 749 1779 χαρᾶς
762 1747 809 1772 αὑ-

39 1782 76 1809 τοῦ
91 1785 132 1811 ἐπὶ
150 1786 269 1822 σωτηρίᾳ
282 1787 383 1822 κόσμου
399 1787 481 1819 αὐτὸς
496 1788 685 1824 ἀναστήσεται.
707 1790 749 1817 Ἐν
769 1790 808 1826 τῷ

38 1827 138 1866 δευτέρῳ
155 1830 302 1867 Ἰωϐηλαίῳ
316 1833 330 1858 ὁ
348 1832 489 1867 χριόμενος
502 1834 530 1859 ὲν
546 1833 638 1860 πένθει
660 1835 808 1871 ἀγαπητῶν

39 1874 246 1912 συλληφθήσεται,
265 1877 312 1903 καὶ
333 1877 407 1905 ἔσται
430 1879 447 1914 ἡ
471 1879 605 1915 ἱερωσύνη
624 1880 705 1906 αὐτοῦ
720 1881 807 1916 τιμία,

38 1919 74 1944 καὶ
91 1921 159 1956 παρὰ
177 1923 244 1949 πᾶσι
264 1922 464 1959 δοξασθήσεται.
482 1924 510 1951 '0
526 1925 553 1951 δὲ
571 1925 660 1961 τρίτος
677 1927 764 1962 ἱερεὺς
779 1929 808 1954 ὲν

37 1962 96 2001 λύπῃ
113 1967 359 2004 παραληφθήσεται.
385 1970 439 1996 Καὶ
463 1970 477 1995 ὁ
501 1971 629 2005 τέταρτος
652 1972 680 1998 ὲν
702 1972 808 2007 ὀδύναις

37 2008 114 2037 ἔσται·
128 2013 167 2039 ὅτι
178 2014 327 2050 προσθήσει
342 2015 385 2041 ἐπ’
401 2015 482 2042 αὑτὸν
497 2017 512 2052 ἡ
529 2016 619 2043 ἀδικία
634 2017 674 2049 εἰς
688 2018 805 2053 πλῆθος·

36 2056 74 2082 καὶ
97 2058 146 2090 πᾶς
166 2059 274 2095 Ἰσραὴλ
300 2061 457 2097 μισήσουσιν
485 2062 598 2094 ἕκαστος
625 2063 670 2090 τὸν
695 2064 807 2099 πλησίον

36 2101 112 2129 αὐτοῦ.
133 2105 159 2131 '0
171 2106 296 2140 πέμπτος
316 2107 345 2133 ὲν
365 2107 455 2134 σκότει
478 2108 736 2145 παραληφθήσεται·
751 2110 806 2136 ὠσ-

35 2144 108 2177 αὑτως
124 2148 168 2174 καὶ
181 2150 196 2176 ὁ
209 2150 296 2182 ἕκτος,
314 2151 360 2177 καὶ
370 2151 384 2177 ὁ
400 2151 521 2187 ἕϐδομος.
544 2153 587 2179 Ἐν
600 2153 629 2179 δὲ
643 2153 681 2188 τῷ
701 2153 806 2190 ἑϐδόμῳ

35 2188 96 2217 ἔσται
110 2194 235 2230 μιασμὸς,
250 2195 279 2222 ὃν
294 2196 323 2222 οὐ
336 2196 452 2233 δύναμαι
467 2198 563 2230 εἰπεῖν,
576 2197 689 2225 ἐνώπιον
702 2199 804 2234 Κυρίου

36 2235 73 2260 καὶ
90 2237 250 2274 ἀνθρώπων
273 2241 313 2268 ὅτι
338 2242 414 2269 αὐτοὶ
441 2242 589 2278 γνώσονται
613 2245 637 2271 oi
666 2245 805 2278 ποιοῦντες

35 2277 100 2326 tua.
124 2282 170 2309 Διὰ
192 2283 272 2310 τοῦτο
298 2286 326 2312 ὲν
355 2287 535 2323 αἰχμαλωσίᾳ,
559 2289 604 2316 καὶ
628 2290 657 2316 ὲν
683 2277 804 2326 προνομῇ

34 2321 138 2351 ἕπονταιι
153 2328 228 2364 καὶὴ
250 2329 299 2365 γῆ,
316 2331 362 2357 καὶ
379 2321 527 2367 ήνῦπαρξις
549 2333 638 2361 αὐτῶν
660 2321 806 2372 ἀφανισθήῖ

35 2375 105 2415 σεται.
130 2373 183 2399 Καὶ
204 2375 234 2400 ὲν
258 2376 370 2413 πέμπτῃ
396 2377 521 2414 ἑϐδομάδι
538 2379 745 2415 ἐπιστρέψωσιν
765 2382 805 2413 εἰς

34 2413 75 2447 τῆν
86 2416 245 2454 ἐρημώσεως
258 2422 356 2455 αὐτῶν,
372 2424 418 2450 καὶ
432 2425 718 2462 ἀνακαινοποιήσουσιν
732 2425 804 2454 οἶκον

34 2458 129 2510 Ῐξξρξου.
150 2465 192 2492 Ἐν
205 2467 234 2493 δὲ
248 2468 286 2503 τῷ
298 2469 404 2506 ἑϐδόμῳ
416 2470 585 2508 ἑϐδοματικῷ
598 2458 706 2509 ἥξουσιν
721 2475 804 2510 ἱερεῖς

33 2504 278 2556 ῗῐδωλολατροῦντες,
296 2504 421 2551 μάχιμοι,
445 2504 815 2556 φιλάργυροιξνύπερήφίινοί,

33 2549 122 2588 ἀνομοι,
135 2557 266 2594 ἀσελγεῖς,
282 2549 465 2598 παιδοῲθόροι,
477 2549 664 2602 κτηνοςρθύροι.

58 2651 172 2683 1Η’.ιΚαὶ
193 2657 262 2693 μετά
282 2658 312 2685 τὸ
334 2660 459 2694 γενέσθαι
479 2661 529 2698 τὴν
551 2663 690 2700 ἐκδίκησιν
713 2665 801 2692 αὐτῶν

46 2729 318 2796 Ῐξςταπαίξετε
336 2738 373 2766 τὰ
392 2739 469 2775 ἅγια.
491 2742 722 2780 Καταφρονήσετε
743 2744 799 2771 τῶν

41 2799 398 2850 ἰέίξθλςλξίιξῖςῗαιχμάλωτρι
411 2811 697 2850 ἔσεσθεηεῐυᾱαιοτυιη
714 2815 796 2850 placi-

30 2835 59 2859 lls
73 2835 175 2866 adversa
196 2835 313 2870 'omiiino
337 2835 797 2884 videtur'prmdic‘ii‘o'

173 2889 308 2921 PATROL.
331 2891 392 2922 (ιη.
413 2892 450 2923 ll.

862 1560 1034 1595 domadibus,
1048 1563 1139 1590 audite
1155 1564 1238 1591 etiam
1264 1565 1298 1592 de
1316 1565 1477 1594 sacerdotio.
1494 1566 1648 1596 Secundum

862 1615 1085 1642 unumquemque
1097 1609 1170 1635 enim
1183 1609 1325 1644 jubilmum
1342 1611 1393 1638 erit
1408 1613 1602 1641 sacerdotium.
1619 1614 1650 1642 ln

859 1654 1066 1689 primojubilaeo
1075 1655 1179 1690 primus
1190 1661 1288 1685 unctus
1300 1658 1328 1685 in
1341 1659 1522 1687 sacerdotium
1534 1668 1650 1696 magnus

859 1700 920 1733 erit,
933 1704 960 1727 et
969 1700 1095 1735 loquetur
1106 1701 1162 1729 Deo
1173 1707 1203 1730 ut
1215 1704 1285 1738 patri
1298 1712 1305 1736 ;
1324 1707 1351 1731 et
1366 1706 1546 1733 sacerdotium
1562 1707 1649 1742 ipsius

859 1744 969 1780 plenum
987 1747 1038 1774 erit
1055 1755 1116 1774 cum
1133 1747 1231 1776 timore
1252 1749 1376 1783 Domini;
1398 1755 1424 1778 et
1447 1752 1473 1778 in
1491 1751 1535 1779 die
1555 1753 1647 1788 gaudii

858 1791 944 1825 ipsius
967 1791 994 1819 in
1018 1793 1106 1820 salute
1130 1794 1224 1821 mundi
1242 1795 1299 1829 ipse
1323 1802 1455 1831 resurget.
1476 1797 1505 1824 In
1525 1799 1646 1825 secundo

855 1836 966 1872 jubilteo
988 1842 1097 1870 unctus,
1108 1839 1135 1866 in
1157 1840 1266 1867 tristitia
1286 1841 1445 1869 dilectarum
1468 1844 1646 1878 concipietur,

857 1888 885 1912 et
897 1883 949 1911 erit
961 1886 1143 1913 sacerdotium
1163 1887 1223 1921 ejus
1237 1887 1407 1921 honorabile,
1420 1893 1448 1917 et
1463 1890 1533 1924 apud
1550 1897 1646 1918 omnes

858 1931 1062 1965 gloriﬁcabitur.
1075 1931 1184 1960 Tertius
1199 1941 1264 1960 vero
1282 1935 1412 1962 sacerdos
1428 1935 1454 1963 in
1473 1937 1582 1964 tristitia
1598 1945 1646 1965 a3-

857 1983 989 2006 sumetur.
1008 1978 1041 2005 Et
1053 1983 1167 2013 quartus
1182 1979 1207 2006 in
1223 1980 1317 2008 dolore
1332 1981 1398 2014 erit;
1414 1984 1543 2017 quoniam
1562 1991 1646 2019 appo«

857 2029 903 2052 net
929 2032 1011 2059 super
1033 2025 1121 2060 ipsum
1151 2026 1283 2061 injustitia
1308 2027 1336 2054 in
1360 2028 1561 2058 multitudinem
1585 2039 1592 2057 :
1617 2034 1645 2059 et

856 2071 946 2098 omnis
965 2070 1047 2098 Israel
1065 2072 1128 2099 odio
1147 2073 1256 2100 habebit
1281 2074 1469 2110 unusquisque
1490 2076 1644 2110 proximum

857 2124 947 2144 suum.
968 2115 1085 2149 Quintus
1099 2118 1126 2144 in
1151 2119 1269 2146 tenebris
1284 2120 1528 2154 comprehendetur
1542 2131 1548 2149 :
1567 2122 1645 2150 simi-

856 2162 917 2190 liter
941 2167 968 2190 et
997 2167 1090 2191 sextus
1112 2168 1139 2191 et
1162 2164 1303 2199 septimus.
1325 2164 1353 2192 In
1378 2167 1492 2200 septimo
1514 2175 1577 2195 vero
1591 2169 1644 2196 erit

820 2212 843 2242 ι)
856 2208 1031 2241 abominatio,
1047 2217 1128 2244 quam
1154 2217 1207 2236 non
1232 2218 1342 2245 possum
1365 2211 1465 2244 dicere,
1478 2220 1569 2241 coram
1586 2213 1643 2242 Do--

858 2254 933 2282 mino
952 2259 978 2281 et
992 2254 1165 2288 hominibus;
1184 2257 1312 2290 quoniam
1336 2257 1386 2291 ipsi
1407 2265 1582 2294 COgnoscent,
1595 2261 1642 2295 qui

857 2299 955 2328 facient
977 2308 1020 2328 ea.
1042 2300 1157 2335 Propter
1175 2302 1227 2329 hoc
1253 2302 1280 2329 in
1302 2304 1458 2338 captivitate
1475 2310 1502 2332 et
1522 2305 1549 2332 in
1570 2306 1639 2334 dire-

856 2347 947 2381 ptione
960 2352 1056 2380 erunt;
1068 2352 1095 2374 et
1110 2352 1180 2375 terra
1195 2352 1222 2375 et
1236 2349 1387 2376 substantia
1403 2357 1497 2377 eorum
1512 2353 1636 2379 extermi-

855 2393 974 2420 nabitur.
996 2392 1029 2420 Et
1053 2393 1081 2420 in
1107 2393 1202 2429 quinta
1227 2394 1395 2422 hebdomade
1422 2402 1591 2424 revertentur
1612 2398 1640 2425 in

855 2441 954 2465 terram
966 2438 1142 2466 desolationis
1154 2439 1287 2474 ipsorum,
1305 2444 1332 2467 ct
1345 2441 1515 2468 renovabunt
1528 2442 1640 2470 domum

854 2483 974 2512 Domini.
993 2484 1021 2511 In
1035 2485 1149 2520 septima
1162 2493 1226 2513 vero
1245 2486 1412 2514 hebdomade
1424 2489 1531 2514 venient
1550 2496 1641 2516 sacer-

854 2529 931 2556 dotes
942 2529 1154 2562 idololatrantes,
1171 2530 1325 2563 bellatores,
1339 2533 1426 2565 avari,
1448 2533 1570 2568 superbi,
1588 2534 1640 2562 ini-

854 2574 911 2609 qui,
926 2574 1065 2609 impudici,
1078 2583 1225 2610 puerorum
1239 2582 1424 2612 corruptores,
1438 2586 1566 2614 pecorum
1577 2588 1641 2608 cor-

853 2624 988 2655 ruptores.

887 2665 980 2693 XVIII.
999 2675 1009 2692 ‹
1026 2666 1060 2694 Et
1074 2672 1218 2703 postquam
1240 2668 1310 2696 facta
1332 2669 1414 2697 fuerit
1429 2670 1545 2699 vindicta
1565 2673 1637 2708 ipso-

853 2750 933 2784 a_t_q_ue
958 2745 1384 2784 aﬂlictionis__temporeMessia‘,
1399 2748 1450 2776 sub
1469 2757 1524 2784 quo
1545 2751 1637 2779 omnia

852 2781 1048 2818 sibi'prospera
1065 2781 1236 2818 pollicentur.
1252 2782 1377 2811 Attamen
1391 2781 1495 2818 priscos
1509 2786 1637 2813 rabbinos

852 2816 921 2842 male
933 2816 1004 2850 genti
1027 2823 1093 2848 suae,
1108 2817 1189 2843 etiam
1203 2822 1264 2851 post
1278 2816 1422 2846 adventu—in
1438 2819 1551 2850 Messi-ve,
1567 2821 1637 2848 omi-

851 2856 929 2878 natos
945 2858 1016 2885 esse,
1031 2859 1065 2878 ex
1080 2852 1272 2880 traditionibus
1293 2860 1389 2881 eorum
1409 2859 1526 2883 eunszat.
1538 2857 1581 2886 In.

1438 2901 1477 2931 336
