1913 3102
58 127 123 159 loti!)

319 190 515 223 ’ΚΕΦΔΛΑΙΟΝ
538 194 575 220 Δι.

60 254 184 288 Διαθῆκῆ
205 249 305 281 Ἶσύδα
336 253 402 287 περὶ
426 247 587 288 ἀνδρείας,
619 250 669 277 καὶ
695 251 838 284 φιλαργυ-

286 289 365 323 ρίας,
371 286 377 287 ί
385 287 434 315 καὶ
453 286 602 321 πορνείας.
840 309 846 313 ,

91 348 128 374 Δ’.
153 347 332 383 ’Λντίγραφον
347 345 434 379 λόγων
457 343 558 376 Ἰούδα,
575 342 625 369 ὅσα
648 340 760 376 ὲλάλησε
783 341 838 371 τοῖς

60 395 121 425 υἱοῖς
141 392 226 420 αὐτοῦ
245 393 298 429 πρὸ
312 391 359 419 τοῦ
377 390 521 418 ἀποθανεῖν
543 387 634 415 αὐτόν.
659 385 839 421 Συναχθέντες

58 437 133 475 ἦλθον
157 439 228 474 πρὸς
254 438 350 470 αὑτὸν,
376 437 424 464 καὶ
448 434 524 463 εἶπεν
547 434 654 466 αὐτοῖς·
681 442 691 459 (
705 432 839 467 Τέταρτος

59 485 110 517 ne;
125 485 261 521 ἐγενόμην
283 484 338 519 ὲγὼ
352 484 392 520 τῷ
403 482 484 519 πατρί
496 490 546 518 μου
556 501 563 514 ,
580 481 627 507 καὶ
641 480 658 515 ἡ
678 479 769 514 μήτηρ
788 485 838 513 μου

59 533 109 569 (56)
134 532 260 568 ὠνόμασέ
278 541 312 568 με
334 530 445 562 Ἰούδαν,
471 529 601 563 λέγουσα·
633 524 839 562 Ἀνθομολογοῦ-

60 589 103 615 μαι
124 579 164 614 τῷ
188 578 303 614 Κυρίῳ,
321 578 362 604 ὅτι
385 575 484 603 δέδωκέ
503 583 546 611 μοι
563 574 610 601 καὶ
626 573 754 608 τέταρτον
769 570 838 598 υίόν.

64 624 136 657 ὀξὺς
151 624 228 660 ήμην
243 624 290 650 καὶ
307 621 450 652 σπουδαῖος
467 621 496 647 ὲν
512 617 618 654 νεότητί
636 627 696 654 μου,
707 618 754 644 καὶ
769 617 839 644 ὑπα-

59 669 140 697 κούων
162 669 204 705 τῷ
228 669 313 704 πατρὶ
337 666 409 694 κατά
425 666 513 693 πάντα
537 665 630 698 λόγον·
649 664 696 690 καὶ
712 662 839 697 εὐλόγουν

58 716 110 751 (57)
125 715 175 750 τὴν
194 714 300 750 μητέρα
319 721 370 749 μου
381 732 389 744 ,
406 711 454 739 καὶ
469 710 520 746 τὴν
536 708 652 744 ἀδελφὴν
668 708 718 743 τῆς
737 708 839 744 μητρός

60 771 114 797 μου.
133 761 190 788 Kal
206 760 315 794 ἐγένετο
326 779 333 791 ,
350 758 388 790 ὡς
403 757 543 793 ὴνδρώθην
561 756 617 792 (58)
630 775 637 788 ,
654 754 703 782 καὶ
717 755 732 780 ὁ
748 754 838 789 πατήρ

60 817 105 843 μου
138 805 239 834 Ἰακὼὸ
263 804 364 841 ηὔξατό
391 812 435 840 μοι
460 803 528 838 (59),
558 802 660 836 λέγων·
689 799 839 832 Βασιλεὺς

59 854 120 889 ἔσῃ,
133 851 388 886 κατευοδούμενος
408 849 444 876 ὲν
462 847 547 876 πᾶσι.

90 910 126 936 Β¹.
147 919 156 935 ι
169 909 227 935 Καὶ
238 906 321 934 ἔδωκέ
341 914 384 942 μοι
402 904 503 941 Κύριος
520 903 599 939 χάριν
615 901 644 928 ὲν
653 901 719 928 πᾶσι
729 898 839 935 τοῖςέρ-

58 964 110 990 γοις
144 963 214 990 μου,
238 953 267 980 ἓν
291 961 321 978 τε
343 951 383 986 τῷ
406 949 500 986 ἀγρῷ,
525 948 572 975 καὶ
588 948 618 974 ὲν
633 946 673 982 τῷ
694 945 783 990 οίκῳη
796 945 840 976 Ὠς

58 989 121 1026 έῖδον
146 989 230 1035 (60),
256 998 297 1024 ὅτι
316 995 481 1032 συνέδραμον
498 995 532 1029 τῇ
556 993 656 1027 ἐλάφῳ,
675 991 722 1018 καὶ
739 989 840 1020 πιάσας

57 1047 147 1082 αὐτὴν,
165 1045 284 1080 ἐποίησα
299 1042 338 1079 τῷ
354 1041 437 1078 πατρί
456 1048 506 1076 μου
523 1037 695 1082 βρῶμαίτάς
711 1035 841 1072 δορκάδας

58 1081 188 1127 ἐκράτουν
204 1089 250 1117 διὰ
264 1088 312 1116 τοῦ
328 1087 439 1124 δρόμου,
457 1086 503 1113 καὶ
520 1086 584 1117 πᾶν,
598 1084 613 1110 δ
626 1081 661 1119 ἦν
677 1083 706 1109 ὲν
721 1083 778 1113 τοῖς
794 1089 842 1127 πεῖ

57 1125 127 1169 δίοις,
144 1135 358 1170 κατελάμϐανον.
384 1131 488 1168 Φοράδα
505 1130 602 1166 ἀγρίαν
619 1127 777 1159 κατέλαϐον,
795 1125 843 1152 καὶ

59 1183 154 1215 πιάσας
178 1181 311 1218 ἡμέρωσα
334 1179 400 1215 (61)’
419 1178 466 1205 καὶ¹
489 1177 584 1204 λέοντα
606 1174 769 1205 ἀπέκτεινα,
794 1171 842 1199 καὶ

59 1228 205 1264 ἀφειλόμην
238 1227 331 1263 ἔριφον
347 1226 380 1252 ἐκ
395 1223 443 1251 τοῦ
460 1223 592 1259 στόματος
615 1220 706 1249 αὐτοῦ.
726 1220 842 1255 ’Ἄρκτον

59 1274 143 1302 λαὸὼν
153 1263 216 1301 νὰπδ
232 1271 280 1299 τοῦ
297 1271 392 1304 ποδὸς,
410 1268 564 1297 ἀπεκύλισα
580 1268 620 1299 είς
637 1265 759 1302 κρημνόν
771 1273 777 1279 ·
796 1263 843 1290 καὶ

59 1320 109 1348 πᾶν
125 1319 221 1355 θηρίον
233 1338 240 1350 ,
258 1318 282 1344 εἰ
305 1316 474 1352 ἐπέστρεφεν
491 1314 534 1340 ἐπ’
552 1312 613 1348 ἐμὲ,
630 1311 748 1338 διέσπων
765 1308 841 1342 αὐτὸ,

59 1365 93 1398 ὡς
109 1365 191 1393 κύων.
217 1363 318 1400 Ἀγρίῳ
334 1362 418 1398 χοίρῳ
436 1360 620 1396 συνέδραμον,
637 1358 684 1384 καὶ
700 1355 843 1391 πφλαὸὼν

59 1410 85 1437 ὲν
100 1410 138 1446 τῷ
154 1410 264 1447 τρέχειν
282 1416 326 1444 με,
344 1405 538 1442 κατεσπάραξα
554 1403 645 1430 αὐτόν.
661 1401 797 1437 Πάρδαλις
814 1401 843 1447 έν

59 1444 385 1491 Χεϐρὼν-προσεπήδησεν
396 1451 442 1478 ἐπὶ
451 1450 497 1477 τδν
514 1448 598 1476 κύνα·
616 1446 663 1474 καὶ
679 1447 778 1477 πιάσας
794 1444 844 1471 αὑ-

60 1501 104 1536 τὴν
126 1500 181 1527 ἀπὸ
197 1500 247 1535 τῆς
263 1498 356 1534 οὐρᾶς,
375 1495 546 1533 ἀπηκόντισα
555 1493 655 1529 αὐτὴν,
672 1491 723 1519 καὶ¹
739 1491 843 1528 ὲῤῥάγη

684 133 946 164 TESTAMENTUM
963 134 1072 163 JUD/E.

1185 192 1298 221 CAPUT
1326 193 1370 222 Π.

891 249 1089 276 Testamentum
1103 249 1199 286 lude,
1225 250 1257 277 de
1273 251 1428 284 fortitudine
1438 271 1446 286 ,
1461 256 1485 279 el
1502 253 1630 286 auaritia,
1642 256 1672 283 et

1185 285 1370 320 fornicatione.

924 339 946 366 Ι.
965 338 1172 374 Transcriptum
1197 347 1355 368 sermonum
1380 340 1474 374 Judze,
1500 350 1671 378 quaecunque

889 385 998 413 locutus
1009 389 1051 413 est
1072 385 1136 413 ﬁliis
1161 385 1229 419 suis,
1254 390 1399 421 antequam
1422 392 1582 416 moreretur.
1595 389 1669 417 Cou-

889 432 993 467 gregali
1003 436 1139 460 venerunt
1157 432 1190 459 ad
1203 433 1303 468 ipsum,
1318 438 1345 460 et
1360 433 1429 460 dixit
1443 434 1482 462 eis
1498 443 1505 461 :
1524 443 1533 459 ι
1548 433 1672 467 Quartus

889 478 962 505 ﬁlius
975 477 1087 506 effectus
1100 486 1160 506 sum
1172 478 1242 513 patri
1258 486 1331 512 meo,
1345 483 1372 506 et
1386 483 1474 506 mater
1492 487 1550 507 mea
1565 481 1674 510 vocavit

889 530 933 551 me
948 522 1056 556 ludam,
1078 523 1171 550 dicens
1186 532 1193 550 :
1210 532 1220 548 ‹
1237 523 1374 550 Conﬁteor
1389 522 1522 557 Domino,
1539 524 1670 559 quoniam

889 567 962 596 dedit
972 568 1038 595 mihi
1053 572 1080 596 et
1094 573 1222 604 quartum
1236 568 1334 596 ﬁlium.
1350 578 1360 595 ο
1381 568 1465 596 Velox
1481 577 1556 597 eram
1572 574 1600 598 et
1611 575 1671 598 stu-

890 612 984 640 diosus
997 611 1024 639 in
1034 612 1178 647 juventute
1190 621 1261 646 mea,
1275 618 1302 641 et
1316 613 1446 642 obediens
1462 614 1532 649 patri
1555 623 1615 643 meo
1630 624 1674 644 se-

889 657 1009 685 cundum
1025 658 1225 686 omneverbum
1238 668 1245 692 ;
1260 663 1288 687 et
1297 659 1492 687 benedicebam
1504 661 1584 688 matri
1595 670 1673 694 meae,

889 708 917 731 et
927 704 1014 732 sorori
1028 704 1124 732 matris
1152 712 1230 732 meae.
1248 704 1282 732 Et
1305 705 1406 733 factum
1432 712 1492 739 est,
1507 711 1536 734 ut
1561 707 1674 736 ell‘ectus

890 757 952 778 sum
966 750 1027 784 vir,
1049 755 1077 778 et
1089 755 1165 786 pater
1188 759 1267 779 meus
1290 750 1376 779 Jacob
1399 752 1488 780 oravit
1510 760 1592 787 super
1619 761 1673 788 me,

891 796 1003 824 dicens:
1022 805 1032 821 ι
1049 795 1107 823 Rex
1121 796 1186 829 eris,
1202 801 1378 832 prosperatus
1393 797 1420 824 in
1436 797 1574 825 omnibus.
1593 807 1602 823 ι

925 895 958 924 ll.
980 906 990 922 ι
1008 896 1043 923 Et
1062 896 1138 924 dedit
1156 896 1224 924 mihi
1244 896 1379 925 Dominus
1402 898 1516 932 gratiam
1533 898 1560 925 in
1580 899 1673 926 omni--

890 942 942 970 bus
962 943 1091 977 operibus
1117 943 1196 976 meis,
1216 942 1284 970 etin
1306 950 1372 978 agro
1387 948 1414 971 et
1433 945 1460 970 in
1475 944 1567 972 domo.
1584 943 1620 971 Ut
1631 944 1674 972 vi-

891 988 999 1022 debam,
1024 989 1096 1023 quod
1122 988 1318 1016 ooncurrebam
1340 996 1446 1022 cervae;
1470 994 1497 1016 et
1518 989 1671 1024 apprehen-

891 1035 958 1062 dens
973 1034 1073 1070 ipsam,
1089 1033 1140 1061 feci
1158 1033 1248 1062 cibum
1261 1033 1332 1069 patri
1353 1041 1425 1061 meo.
1441 1034 1543 1069 Capras
1558 1041 1674 1069 supera.

892 1080 954 1108 bam
982 1087 1030 1115 per
1050 1087 1173 1112 cursum,
1195 1083 1223 1107 et
1241 1087 1323 1107 omne
1336 1080 1410 1114 quod
1423 1083 1484 1106 erat
1502 1080 1529 1107 in
1550 1080 1673 1115 campis.

891 1126 1040 1161 capiebam.
1065 1125 1169 1161 Equam
1186 1129 1318 1160 agrestem
1338 1125 1498 1160 capiebam.
1522 1129 1550 1152 et
1576 1132 1675 1160 appre-

892 1169 1014 1197 hendens
1031 1169 1198 1197 mansuefeci
1209 1177 1218 1202 ;
1229 1173 1257 1196 et
1267 1169 1372 1197 leonem
1386 1169 1517 1202 interfeci,
1533 1173 1561 1196 et
1571 1170 1672 1204 eripie-

892 1216 955 1244 bam
966 1215 1072 1243 haedum
1082 1223 1117 1243 ex
1126 1223 1174 1243 ore
1185 1215 1260 1250 ejus;
1268 1214 1370 1242 Ursum
1383 1215 1493 1250 capiens
1506 1223 1554 1250 per
1567 1215 1674 1250 pedem.

892 1262 1033 1290 volvebam
1048 1261 1076 1288 in
1090 1262 1268 1296 praecipitium
1281 1270 1289 1295 ;
1302 1266 1328 1289 et
1343 1268 1452 1290 omnem
1469 1261 1565 1293 feram,
1581 1261 1604 1289 si
1631 1269 1675 1289 re-

892 1316 972 1336 versa
988 1312 1030 1337 est
1042 1308 1070 1336 in
1082 1316 1137 1340 me,
1149 1308 1332 1336 ddecet-ubam
1346 1315 1420 1340 eam,
1438 1311 1469 1335 ut
1487 1307 1574 1335 canis.
1587 1307 1675 1336 Perco

894 1355 1014 1382 silvestri
1040 1354 1251 1387 concurrebam,
1265 1357 1292 1381 et
1306 1360 1500 1389 praeoccupans
1520 1353 1547 1380 in
1563 1361 1676 1381 curren-

893 1401 941 1435 do,
954 1400 1103 1429 dilacerari
1121 1408 1194 1428 eum.
1208 1399 1333 1428 Pardalis
1346 1399 1374 1428 in
1390 1399 1499 1428 Hebron
1512 1400 1617 1427 insiluit
1628 1408 1676 1428 su-

894 1453 943 1481 per
959 1453 1071 1478 canem;
1087 1450 1115 1473 et
1129 1445 1336 1480 apprehendens
1347 1453 1408 1473 eam
1422 1453 1471 1480 per
1490 1446 1614 1478 caudam,
1628 1446 1677 1473 ab-

892 1493 1022 1529 jiciebam
1044 1500 1120 1525 eam,
1137 1497 1165 1520 et
1189 1491 1298 1528 dirupta
1324 1496 1366 1520 est
1389 1492 1416 1519 in
1441 1492 1565 1519 terminis
1585 1491 1674 1519 Gazae.

61 1547 86 1573 ὲν
101 1548 155 1578 τοῖς
173 1547 248 1582 ὅροις
264 1544 364 1580 Γάζης.
392 1542 461 1569 Βοῦν
477 1542 571 1577 ἄγριον
588 1540 617 1567 ὲν
634 1539 711 1575 χώρᾳ
727 1537 841 1573 νεμόμε-

896 1540 996 1567 Bovem
1016 1539 1168 1566 silvestrem
1195 1537 1223 1565 in
1246 1537 1357 1573 regione
1374 1541 1482 1572 pastum
1497 1537 1570 1565 tenui
1585 1536 1678 1564 corni-

61 1600 100 1618 νον
116 1592 257 1628 ἐκράτησα
275 1589 330 1626 (62)
346 1589 400 1616 τῶν
416 1588 550 1624 κεράτων,
568 1586 615 1612 καὶ
630 1586 659 1612 ὲν
674 1582 766 1618 κύκλῳ
777 1591 842 1609 συσ-

62 1637 159 1669 σείσας,
176 1636 224 1663 καὶ
242 1635 378 1667 σκοτίσας,
397 1633 477 1671 ῥίψας
494 1631 598 1658 ἀνεῖλον
614 1628 705 1656 αὐτόν.

92 1695 127 1720 1'".
150 1703 159 1719 ι
171 1693 228 1720 Kal
238 1693 283 1719 ὅτε
293 1689 375 1728 ἦλθον
383 1690 407 1717 οἱ
417 1689 464 1717 δύο
477 1688 595 1724 βασιλεῖς
609 1686 663 1713 τῶν
680 1682 840 1728 Χαναναίων

60 1739 286 1776 τεθωρακισμένοι
302 1727 349 1765 ἐπὶ
364 1736 398 1764 τά
414 1736 536 1771 ποίμνια,
554 1733 601 1760 καὶ
616 1731 702 1776 πολὺς
712 1730 779 1776 λαὸς
784 1727 842 1776 μετ’

61 1773 159 1817 αὐτῶν,
177 1773 256 1817 κάγὼ
281 1782 359 1818 μόνος
375 1779 485 1817 δραμὼν
509 1778 556 1806 ἐπὶ
571 1777 617 1804 τὸν
635 1775 744 1812 βασιλέα
761 1773 841 1809 Σοὺρ,

62 1829 185 1864 συνέσχον
201 1827 260 1865 (65)
271 1827 362 1860 αὑτὸν,
374 1826 420 1853 καὶ
435 1825 482 1852 ἐπὶ
497 1823 546 1856 τὰς
563 1821 696 1857 κνημίδας
713 1818 841 1855 κρούσας,

62 1876 216 1903 κατέσπασα
226 1895 233 1908 ,
250 1875 298 1902 καὶ
313 1873 399 1905 οὕτως
415 1871 519 1900 ἀνεῖλον
535 1868 625 1897 αὐτόν.
642 1867 698 1894 Kal
717 1865 763 1892 τὸν
783 1865 843 1891 ἓτε-

63 1931 105 1958 ρον
130 1921 243 1959 βασιλέα
267 1920 392 1955 Ταφουὲ,
417 1917 573 1953 καθήμενον
597 1914 643 1941 ἐπὶ
667 1911 842 1959 τοῦλῖππου,

62 1956 158 1996 ἀνεῖλον
168 1967 259 1999 αὐτὸν,
269 1966 316 1994 καὶ
330 1965 416 1996 οὕτως
425 1964 515 1991 πάντα
521 1961 565 1988 τὸν
581 1960 642 1987 λαὸν
658 1958 713 1995 (64)
723 1956 844 1992 διεσκόρ-

63 2024 134 2042 πισα.
158 2015 212 2041 Τὸν
241 2011 330 2048 Ἀχὼρ
355 2009 484 2047 βασιλέα,
509 2007 593 2043 ἄνδρα
609 2004 761 2040 γιγάντων,
780 2002 843 2038 βάλ-

61 2060 136 2088 λοντα
151 2060 217 2093 τόξα
233 2057 386 2095 ἔμπροσθεν
402 2055 449 2082 καὶ
465 2054 575 2081 ὄπισθεν
585 2074 592 2085 ,
610 2053 652 2087 ἐφ’
670 2051 752 2077 ἵππου
770 2049 817 2075 ἀνε
832 2062 843 2067 -

62 2107 185 2142 λόμενος,
202 2105 275 2132 λίθον
292 2104 423 2140 ἑξήκοντα
446 2100 546 2137 λιτρῶν
563 2098 705 2129 ἀκοντίσας
717 2117 724 2129 ,
741 2095 844 2142 δέδωκα

62 2140 97 2188 τῷ
112 2153 189 2188 ἵππῳ
205 2152 253 2179 καὶ
277 2149 424 2178 ἀπέκτεινα
441 2147 531 2174 αὐτόν.
556 2145 612 2173 Kal
629 2144 783 2179 πολεμήσας
799 2140 845 2188 τον

893 1585 955 1618 bus,
973 1589 1001 1613 et
1014 1585 1041 1612 in
1059 1584 1192 1612 circulum
1204 1584 1316 1612 volvens
1331 1589 1359 1612 et
1368 1583 1677 1618 obtenebrans.jaciens

893 1631 980 1659 occidi
991 1638 1065 1658 eum.

927 1687 971 1715 Ill.
991 1697 1001 1713 ‹
1016 1687 1049 1715 Ει
1062 1688 1170 1723 quando
1184 1687 1330 1715 veniebant
1347 1687 1402 1714 duo
1415 1694 1493 1722 reges
1506 1686 1676 1717 Chananzeo-

893 1742 955 1764 rum
971 1734 1077 1762 loricati
1095 1741 1176 1770 super
1190 1741 1296 1770 greges,
1311 1737 1339 1761 et
1358 1733 1462 1760 multus
1481 1733 1597 1768 populus
1613 1741 1676 1761 cum

893 1780 971 1816 ipsis,
984 1784 1012 1808 et
1027 1787 1078 1815 ego
1093 1780 1168 1807 solus
1191 1786 1304 1807 currens
1315 1778 1343 1806 in
1359 1786 1449 1814 regem
1466 1777 1530 1812 Sur,
1552 1779 1676 1809 continui

893 1834 957 1855 eum
968 1831 996 1854 et
1010 1827 1037 1853 in
1053 1826 1135 1853 tibias
1153 1825 1306 1860 percutiens
1316 1845 1324 1858 ,
1339 1825 1487 1860 prostravi,
1499 1829 1526 1852 et
1540 1825 1575 1852 ita
1588 1825 1677 1853 Occidi

893 1881 966 1901 eum.
979 1871 1012 1899 Et
1022 1872 1105 1899 alium
1120 1879 1210 1906 regem
1222 1869 1342 1904 Taphue,
1357 1870 1494 1897 sedentem
1507 1870 1534 1897 in
1546 1877 1617 1904 equo
1631 1877 1679 1897 oc-

895 1920 958 1954 cidi,
975 1923 1057 1954 atque
1068 1918 1105 1946 ita
1120 1925 1228 1946 omnem
1242 1916 1371 1952 populum
1385 1916 1511 1951 dispersi.
1527 1915 1619 1943 Achor
1632 1923 1678 1943 re-

895 1974 966 2003 gem.
977 1965 1066 1993 virum
1079 1965 1229 2000 gigantum,
1243 1962 1415 1997 sagittantem
1433 1965 1500 1988 ante”
1510 1965 1537 1988 et
1549 1966 1633 1995 retro,
1648 1962 1676 1988 in

894 2020 965 2048 equo
976 2010 1190 2047 apprehendens,
1199 2008 1316 2044 lapidem
1327 2007 1466 2042 sexaginta
1474 2006 1605 2034 librarum
1611 2014 1678 2034 cono

895 2064 1037 2094 torquens,
1053 2056 1156 2092 proieci
1177 2056 1205 2083 in
1220 2061 1332 2090 equum,
1345 2056 1372 2081 et
1393 2053 1482 2088 ipsum
1498 2052 1631 2080 interfeci.
1644 2052 1678 2079 Et

894 2110 1054 2140 expugnans
1068 2102 1159 2129 Acbor
1174 2100 1248 2128 horis
1260 2099 1377 2130 duabus,
1393 2097 1480 2126 Occidi
1492 2104 1566 2129 eum,
1579 2101 1606 2124 ct
1620 2097 1678 2124 dis-

896 2158 991 2180 secans
1002 2150 1125 2186 clypeum
1133 2147 1201 2183 ejus,
1210 2146 1329 2175 conscidi
1339 2145 1420 2181 pedes
1429 2145 1500 2179 ejus.
1513 2143 1541 2171 ln
1553 2143 1677 2171 exuendo

68 2187 153 2235 ’Ᾱχὼρ
169 2187 217 2225 ἐπὶ
234 2197 307 2234 ὥρας
322 2195 386 2228 δύο,
402 2194 550 2222 ἀπέκτεινα
566 2191 662 2223 αὑτὸν,
681 2188 727 2216 καὶ
743 2188 782 2219 είς
798 2187 841 2213 δύο

897 2202 989 2225 autem
1005 2196 1064 2231 ejus
1084 2195 1233 2226 thoracem,
1244 2199 1309 2220 ecce
1318 2195 1380 2219 Octo
1393 2190 1455 2222 viri,
1468 2189 1549 2217 amici
1563 2189 1624 2224 ejus
1635 2188 1679 2216 in-

62 2233 263 2281 PéénWMLﬂdac
277 2243 328 2278 τὴν
344 2241 445 2269 ἀσπίδα
460 2239 552 2270 αὐτοῦ,
570 2235 705 2271 συνέκοψα
720 2234 783 2281 τοὺς
794 2233 843 2259 πό-

121 2279 214 2318 aii-toﬁ.
239 2289 283 2316 Ἑν
299 2288 327 2315 δὲ
342 2287 382 2323 τῷ
398 2285 502 2314 ἐκδύειν
520 2293 554 2320 με
570 2283 650 2310 αὐτὸν
665 2281 711 2308 τὸν
720 2279 844 2315 θώρακα,

64 2337 115 2364 ἰδοὺ
137 2337 234 2372 ἄνδρες
250 2333 323 2362 ὀκτὼ
334 2353 342 2367 ,
359 2333 461 2368 ἑταῖροι
476 2330 568 2363 αὑτοῦ,
585 2327 701 2365 ἦρξαντο
717 2325 845 2372 πολεμεῖν

63 2382 127 2418 πρός
152 2369 197 2418 μεξ
228 2379 384 2415 Ἑνειλήσας
416 2374 462 2404 οὖν
493 2375 543 2411 τὴν
577 2373 672 2408 στολήν
686 2379 739 2418 ,μου
757 2370 787 2396 ὲν

63 2414 130 2464 χέιρί
148 2414 210 2463 μου,
227 2425 312 2458 λίθοις
327 2414 516 2460 γσφενδονήσας
540 2419 648 2451 αὐτοὺς,
663 2414 845 2464 τέσσαραλςΔὲξ

63 2461 154 2502 αὐτῶν.
175 2472 297 2500 ἀνεῖλον
323 2471 347 2498 οἱ
371 2469 400 2497 δὲ
416 2468 490 2497 ἄλλοι
513 2467 623 2502 ἔφυγον.
641 2464 697 2491 Καὶ
718 2461 814 2489 Ἰακὼό
830 2461 844 2486 ὸ

64 2521 152 2557 πατὴρ
167 2520 248 2556 ἡμῶν
264 2517 352 2546 ἀνεῖλε
376 2516 422 2543 τὸν
447 2513 578 2545 Βεελισᾶ,
603 2509 712 2548 βασιλέα
732 2509 844 2557 πάντων

64 2567 114 2593 τῶν
128 2553 284 2602 βασιλέων,
309 2563 424 2598 γίγαντα
438 2562 472 2596 τῇ
499 2558 588 2594 ἰσχύϊ,
605 2556 714 2602 πηχέων
730 2553 843 2602 δωδεκα.

64 2612 114 2638 Καὶ
137 2599 271 2639 έπέπεσεν
293 2608 336 2636 ἐπ’
360 2607 458 2638 αὐτοὺς
480 2604 599 2642 τρόμος,
623 2601 671 2629 καὶ
689 2599 843 2628 ἐπαύσαντο

98 2711 153 2747 (56)
169 2710 273 2747 Μήτηρ
286 2708 435 2747 pompa.
449 2707 490 2734 In.

98 2741 156 2780 (57')
174 2741 340 2780 Εὖλιῆιούν.
359 2741 536 2780 Ἐτίμυξνειι).

110 2775 154 2816 58ᾗ
181 2775 359 2814 Ἡνδρώθην.
374 2775 600 2816 ,ᾎΗδρυνθηνκιμ

110 2811 154 2851 59)
167 2811 283 2851 Ηῡξαὶᾴ
291 2811 534 2851 -Ἑπηύξατο,
549 2811 590 2838 In.

99 2847 154 2890 (eo)
175 2847 224 2885 ὀξ
236 2847 327 2878 εἶδόν.
344 2847 419 2878 οἶδα.
433 2847 472 2875 ιι».

896 2246 1028 2278 ceperunt
1048 2246 1170 2276 pugnare
1194 2238 1325 2266 adversus
1360 2243 1414 2263 me.
1439 2234 1582 2262 Involvens
1612 2241 1678 2269 ergo

896 2290 994 2318 stolam
1004 2294 1093 2315 meam
1107 2286 1134 2314 in
1146 2292 1228 2313 manu
1243 2291 1314 2316 mea,
1331 2281 1469 2317 lapidibus
1483 2289 1499 2308 ε
1513 2280 1599 2308 funda
1612 2287 1677 2315 per-

895 2335 1004 2363 cutiens
1017 2334 1101 2369 ipsos,
1116 2335 1235 2367 quatuor
1255 2336 1349 2357 eorum
1364 2327 1468 2359 occidi;
1482 2327 1572 2354 caeteri
1586 2331 1678 2354 autem

896 2379 1032 2414 fugerunt.
1051 2375 1174 2403 EtJacob
1187 2379 1263 2409 pater
1278 2376 1370 2400 noster
1385 2371 1485 2400 occidit
1499 2371 1614 2404 Beelisa,
1629 2379 1676 2398 re-

895 2432 956 2461 gem
971 2423 1093 2451 omnium
1102 2428 1209 2457 regum,
1224 2420 1360 2455 gigantem
1375 2417 1552 2450 fortitudine,
1568 2417 1677 2445 cubito-

895 2477 957 2497 rum
981 2467 1135 2496 duodecim.
1151 2465 1185 2493 Et
1209 2465 1308 2493 cecidit
1322 2471 1404 2499 super
1429 2462 1504 2498 ipsos
1524 2467 1634 2495 tremor,
1649 2466 1677 2488 et

895 2518 1071 2543 cessaverunt
1082 2519 1205 2548 pugnare
1217 2515 1312 2539 contra
1326 2517 1388 2537 nos.
1402 2507 1516 2543 Propter
1531 2507 1584 2534 hoc
1596 2514 1677 2534 secu-

895 2568 943 2589 rus
954 2563 1013 2588 erat
1033 2563 1110 2595 pater
1123 2564 1201 2585 meus
1215 2556 1243 2583 in
1259 2555 1371 2591 praeliis,
1387 2554 1518 2589 quoniam
1531 2560 1581 2588 ego
1600 2559 1676 2580 eram

894 2615 957 2636 cum
979 2605 1109 2634 fratribus
1133 2603 1211 2632 meis.
1229 2602 1300 2630 Vidit
1318 2601 1391 2629 enim
1408 2600 1436 2627 in
1450 2598 1556 2627 visione
1569 2597 1674 2630 deme,

928 2695 985 2731 (Gl)
997 2693 1225 2731 φορῶαᾴνριαν
1235 2689 1409 2721 κατέλαϐον,
1422 2687 1471 2715 καὶ
1482 2686 1589 2719 πιάσας
1607 2684 1676 2721 ἠμέ-

889 2728 983 2767 ρωοξαξ
1000 2730 1112 2767 Desunt.
1128 2728 1156 2755 In
1162 2748 1168 2755 .

939 2766 984 2798 δὲ)
1006 2763 1182 2798 Ἐκράτησα.
1195 2761 1361 2798 Κρατείσαςτ
1380 2761 1417 2789 In.
1463 2793 1467 2796 ἰ

939 2791 984 2833 δδδ
1003 2791 1090 2833 Σοῦρ,
1104 2791 1269 2831 οίυνέσχὸν.
1292 2791 1399 2830 'Aoobp,
1413 2793 1541 2829 συνὲῖχον.
1557 2791 1593 2819 In.

928 2833 984 2871 (64)
998 2835 1088 2863 Δαόν.
1104 2833 1206 2861 Αὐτῶν.
1220 2833 1257 2861 In.

974 2766 984 2872 ξ
