  <div class='ocr_page' id='page_1' title='image "/cluster/home/n/w/nwhite01/storage/ocr_20150623/2/njp.32101077772349/705.png"; bbox 0 0 1913 3102; ppageno 0'>
   <div class='ocr_carea' id='block_1_1' title="bbox 235 122 301 151">
    <p class='ocr_par' dir='ltr' id='par_1_1' title="bbox 235 122 301 151">
     <span class='ocr_line' id='line_1_1' title="bbox 235 122 301 151; baseline 0.015 -1"><span class='ocrx_word' id='word_1_1' title='bbox 235 122 301 151; x_wconf 73' lang='lat' dir='ltr'><strong>r071</strong></span> 
     </span>
    </p>
   </div>
   <div class='ocr_carea' id='block_1_2' title="bbox 707 121 1327 152">
    <p class='ocr_par' dir='ltr' id='par_1_2' title="bbox 707 121 1327 152">
     <span class='ocr_line' id='line_1_2' title="bbox 707 121 1327 152; baseline 0.005 -3"><span class='ocrx_word' id='word_1_2' title='bbox 707 121 935 150; x_wconf 78' lang='lat' dir='ltr'><strong>TESTAMENTA</strong></span> <span class='ocrx_word' id='word_1_3' title='bbox 955 123 1000 151; x_wconf 84' lang='lat' dir='ltr'><strong>XII</strong></span> <span class='ocrx_word' id='word_1_4' title='bbox 1019 123 1289 152; x_wconf 72' lang='lat' dir='ltr'><strong>PATRIARCHARU</strong></span> <span class='ocrx_word' id='word_1_5' title='bbox 1295 124 1327 152; x_wconf 83' lang='grc' dir='ltr'><strong>Μ.</strong></span> 
     </span>
    </p>
   </div>
   <div class='ocr_carea' id='block_1_3' title="bbox 1781 126 1848 154">
    <p class='ocr_par' dir='ltr' id='par_1_3' title="bbox 1781 126 1848 154">
     <span class='ocr_line' id='line_1_3' title="bbox 1781 126 1848 154; baseline 0 0"><span class='ocrx_word' id='word_1_6' title='bbox 1781 126 1848 154; x_wconf 73' lang='grc'><strong>1072</strong></span> 
     </span>
    </p>
   </div>
   <div class='ocr_carea' id='block_1_4' title="bbox 215 179 996 219">
    <p class='ocr_par' dir='ltr' id='par_1_4' title="bbox 215 179 996 217">
     <span class='ocr_line' id='line_1_4' title="bbox 215 179 996 217; baseline 0.003 -11"><span class='ocrx_word' id='word_1_7' title='bbox 215 180 301 217; x_wconf 71' lang='lat' dir='ltr'><strong>’quJ.</strong></span> <span class='ocrx_word' id='word_1_8' title='bbox 314 179 426 216; x_wconf 76' lang='lat' dir='ltr'><strong>angelus</strong></span> <span class='ocrx_word' id='word_1_9' title='bbox 444 179 552 207; x_wconf 83' lang='lat' dir='ltr'><strong>virtutis</strong></span> <span class='ocrx_word' id='word_1_10' title='bbox 581 179 802 215; x_wconf 69' lang='lat' dir='ltr'><strong>seQuebaturme</strong></span> <span class='ocrx_word' id='word_1_11' title='bbox 824 180 851 207; x_wconf 92' lang='lat' dir='ltr'><strong>in</strong></span> <span class='ocrx_word' id='word_1_12' title='bbox 871 180 996 208; x_wconf 85' lang='lat' dir='ltr'><strong>omnibus</strong></span> 
     </span>
    </p>
   </div>
   <div class='ocr_carea' id='block_1_5' title="bbox 1053 179 1847 219">
    <p class='ocr_par' dir='ltr' id='par_1_5' title="bbox 1065 180 1847 219">
     <span class='ocr_line' id='line_1_5' title="bbox 1065 180 1847 219; baseline 0.005 -12"><span class='ocrx_word' id='word_1_13' title='bbox 1065 180 1248 216; x_wconf 82' lang='grc' dir='ltr'><strong>πολεμοῦντες</strong></span> <span class='ocrx_word' id='word_1_14' title='bbox 1272 181 1314 216; x_wconf 78' lang='grc' dir='ltr'>ἐφ’</span> <span class='ocrx_word' id='word_1_15' title='bbox 1339 181 1421 216; x_wconf 78' lang='grc' dir='ltr'>ἡμᾶς.</span> <span class='ocrx_word' id='word_1_16' title='bbox 1449 182 1498 208; x_wconf 84' lang='grc' dir='ltr'>Διά</span> <span class='ocrx_word' id='word_1_17' title='bbox 1521 182 1601 210; x_wconf 84' lang='grc' dir='ltr'>τοῦτο</span> <span class='ocrx_word' id='word_1_18' title='bbox 1624 183 1776 219; x_wconf 82' lang='grc' dir='ltr'>ἀμέριμνος</span> <span class='ocrx_word' id='word_1_19' title='bbox 1792 182 1847 219; x_wconf 73' lang='grc' dir='ltr'><strong>ἧνὸ</strong></span> 
     </span>
    </p>
   </div>
   <div class='ocr_carea' id='block_1_6' title="bbox 228 226 480 254">
    <p class='ocr_par' dir='ltr' id='par_1_6' title="bbox 228 226 480 254">
     <span class='ocr_line' id='line_1_6' title="bbox 228 226 480 254; baseline -0.008 0"><span class='ocrx_word' id='word_1_20' title='bbox 228 232 255 254; x_wconf 90' lang='lat' dir='ltr'><strong>ul</strong></span> <span class='ocrx_word' id='word_1_21' title='bbox 278 234 330 254; x_wconf 74' lang='lat' dir='ltr'><strong>non</strong></span> <span class='ocrx_word' id='word_1_22' title='bbox 347 226 480 253; x_wconf 87' lang='lat' dir='ltr'><strong>vincerer.</strong></span> 
     </span>
    </p>
   </div>
   <div class='ocr_carea' id='block_1_7' title="bbox 1063 227 1847 265">
    <p class='ocr_par' dir='ltr' id='par_1_7' title="bbox 1063 227 1847 265">
     <span class='ocr_line' id='line_1_7' title="bbox 1063 227 1847 265; baseline 0.004 -12"><span class='ocrx_word' id='word_1_23' title='bbox 1063 227 1153 262; x_wconf 77' lang='grc' dir='ltr'>πατήρ</span> <span class='ocrx_word' id='word_1_24' title='bbox 1170 235 1221 262; x_wconf 87' lang='grc' dir='ltr'><strong>μου</strong></span> <span class='ocrx_word' id='word_1_25' title='bbox 1238 227 1266 253; x_wconf 78' lang='grc' dir='ltr'><strong>ἐν</strong></span> <span class='ocrx_word' id='word_1_26' title='bbox 1281 228 1337 258; x_wconf 76' lang='grc' dir='ltr'>τοῖς</span> <span class='ocrx_word' id='word_1_27' title='bbox 1355 227 1493 262; x_wconf 78' lang='grc' dir='ltr'><strong>πολέμοις,</strong></span> <span class='ocrx_word' id='word_1_28' title='bbox 1510 229 1550 255; x_wconf 78' lang='grc' dir='ltr'>ὅτι</span> <span class='ocrx_word' id='word_1_29' title='bbox 1566 228 1622 263; x_wconf 82' lang='grc' dir='ltr'>ἐγὼ</span> <span class='ocrx_word' id='word_1_30' title='bbox 1638 230 1712 265; x_wconf 78' lang='grc' dir='ltr'>ήμην</span> <span class='ocrx_word' id='word_1_31' title='bbox 1730 229 1778 256; x_wconf 82' lang='grc' dir='ltr'>σὺν</span> <span class='ocrx_word' id='word_1_32' title='bbox 1794 231 1847 261; x_wconf 85' lang='grc' dir='ltr'><strong>τοίς</strong></span> 
     </span>
    </p>
   </div>
   <div class='ocr_carea' id='block_1_8' title="bbox 227 271 1845 312">
    <p class='ocr_par' dir='ltr' id='par_1_8' title="bbox 227 271 1845 312">
     <span class='ocr_line' id='line_1_8' title="bbox 227 271 1845 312; baseline 0.001 -11"><span class='ocrx_word' id='word_1_33' title='bbox 227 274 352 310; x_wconf 75' lang='grc' dir='ltr'><strong>ἀδελφοῖς</strong></span> <span class='ocrx_word' id='word_1_34' title='bbox 377 282 439 309; x_wconf 91' lang='grc' dir='ltr'>μου.</span> <span class='ocrx_word' id='word_1_35' title='bbox 458 271 519 299; x_wconf 76' lang='grc' dir='ltr'>Εἷδε</span> <span class='ocrx_word' id='word_1_36' title='bbox 543 272 597 308; x_wconf 78' lang='grc' dir='ltr'>γὰρ</span> <span class='ocrx_word' id='word_1_37' title='bbox 613 273 642 299; x_wconf 85' lang='grc' dir='ltr'><strong>ἐν</strong></span> <span class='ocrx_word' id='word_1_38' title='bbox 658 273 773 309; x_wconf 78' lang='grc' dir='ltr'><strong>ὁράματι</strong></span> <span class='ocrx_word' id='word_1_39' title='bbox 798 274 861 309; x_wconf 81' lang='grc' dir='ltr'>περὶ</span> <span class='ocrx_word' id='word_1_40' title='bbox 879 272 956 308; x_wconf 84' lang='grc' dir='ltr'>ἐμοῦ,</span> <span class='ocrx_word' id='word_1_41' title='bbox 973 273 1014 300; x_wconf 83' lang='grc' dir='ltr'>ὅτι</span> <span class='ocrx_word' id='word_1_42' title='bbox 1033 273 1147 307; x_wconf 79' lang='grc' dir='ltr'>ἄγγελος</span> <span class='ocrx_word' id='word_1_43' title='bbox 1171 273 1311 309; x_wconf 85' lang='grc' dir='ltr'>δυνάμεως</span> <span class='ocrx_word' id='word_1_44' title='bbox 1344 273 1438 300; x_wconf 74' lang='grc' dir='ltr'>ἕπεταί</span> <span class='ocrx_word' id='word_1_45' title='bbox 1455 283 1499 309; x_wconf 89' lang='grc' dir='ltr'><strong>μοι</strong></span> <span class='ocrx_word' id='word_1_46' title='bbox 1515 275 1544 301; x_wconf 79' lang='grc' dir='ltr'><strong>ἐν</strong></span> <span class='ocrx_word' id='word_1_47' title='bbox 1561 276 1645 308; x_wconf 78' lang='grc' dir='ltr'>πᾶσι,</span> <span class='ocrx_word' id='word_1_48' title='bbox 1681 275 1729 302; x_wconf 83' lang='grc' dir='ltr'>τοῦ</span> <span class='ocrx_word' id='word_1_49' title='bbox 1747 276 1785 311; x_wconf 75' lang='grc' dir='ltr'>μὴ</span> <span class='ocrx_word' id='word_1_50' title='bbox 1801 277 1845 312; x_wconf 77' lang='grc' dir='ltr'><strong>ἠτ-</strong></span> 
     </span>
    </p>
   </div>
   <div class='ocr_carea' id='block_1_9' title="bbox 225 319 332 348">
    <p class='ocr_par' dir='ltr' id='par_1_9' title="bbox 225 319 332 348">
     <span class='ocr_line' id='line_1_9' title="bbox 225 319 332 348; baseline -0.019 0"><span class='ocrx_word' id='word_1_51' title='bbox 225 319 332 348; x_wconf 82' lang='grc' dir='ltr'>τᾶσθαι.</span> 
     </span>
    </p>
   </div>
   <div class='ocr_carea' id='block_1_10' title="bbox 261 375 1009 410">
    <p class='ocr_par' dir='ltr' id='par_1_10' title="bbox 261 375 1009 410">
     <span class='ocr_line' id='line_1_10' title="bbox 261 375 1009 410; baseline -0.003 -6"><span class='ocrx_word' id='word_1_52' title='bbox 261 376 308 404; x_wconf 84' lang='lat' dir='ltr'><strong>lV.</strong></span> <span class='ocrx_word' id='word_1_53' title='bbox 319 386 328 403; x_wconf 81' lang='grc' dir='ltr'><strong>ι</strong></span> <span class='ocrx_word' id='word_1_54' title='bbox 341 375 413 404; x_wconf 86' lang='lat' dir='ltr'><strong>Etad</strong></span> <span class='ocrx_word' id='word_1_55' title='bbox 421 379 543 404; x_wconf 87' lang='lat' dir='ltr'><strong>austrum</strong></span> <span class='ocrx_word' id='word_1_56' title='bbox 556 375 655 403; x_wconf 88' lang='lat' dir='ltr'><strong>factum</strong></span> <span class='ocrx_word' id='word_1_57' title='bbox 669 379 712 403; x_wconf 83' lang='lat' dir='ltr'><strong>est</strong></span> <span class='ocrx_word' id='word_1_58' title='bbox 722 375 804 403; x_wconf 85' lang='lat' dir='ltr'><strong>nobis</strong></span> <span class='ocrx_word' id='word_1_59' title='bbox 814 376 937 410; x_wconf 68' lang='lat' dir='ltr'><strong>praelium</strong></span> <span class='ocrx_word' id='word_1_60' title='bbox 949 383 1009 403; x_wconf 77' lang='lat' dir='ltr'><strong>ma-</strong></span> 
     </span>
    </p>
   </div>
   <div class='ocr_carea' id='block_1_11' title="bbox 224 420 1009 458">
    <p class='ocr_par' dir='ltr' id='par_1_11' title="bbox 224 420 1009 458">
     <span class='ocr_line' id='line_1_11' title="bbox 224 420 1009 458; baseline -0.003 -8"><span class='ocrx_word' id='word_1_61' title='bbox 224 423 281 458; x_wconf 87' lang='lat' dir='ltr'><strong>jus,</strong></span> <span class='ocrx_word' id='word_1_62' title='bbox 295 430 377 458; x_wconf 86' lang='lat' dir='ltr'><strong>quam</strong></span> <span class='ocrx_word' id='word_1_63' title='bbox 390 421 461 456; x_wconf 88' lang='lat' dir='ltr'><strong>quod</strong></span> <span class='ocrx_word' id='word_1_64' title='bbox 477 421 503 448; x_wconf 93' lang='lat' dir='ltr'><strong>in</strong></span> <span class='ocrx_word' id='word_1_65' title='bbox 517 420 646 448; x_wconf 84' lang='lat' dir='ltr'><strong>Sichimis</strong></span> <span class='ocrx_word' id='word_1_66' title='bbox 660 429 667 453; x_wconf 95' lang='lat'>;</span> <span class='ocrx_word' id='word_1_67' title='bbox 685 424 712 447; x_wconf 84' lang='lat' dir='ltr'><strong>et</strong></span> <span class='ocrx_word' id='word_1_68' title='bbox 729 420 880 447; x_wconf 88' lang='lat' dir='ltr'><strong>instructus</strong></span> <span class='ocrx_word' id='word_1_69' title='bbox 904 420 931 447; x_wconf 90' lang='lat' dir='ltr'><strong>in</strong></span> <span class='ocrx_word' id='word_1_70' title='bbox 949 420 1009 448; x_wconf 82' lang='lat' dir='ltr'><strong>acie</strong></span> 
     </span>
    </p>
   </div>
   <div class='ocr_carea' id='block_1_12' title="bbox 225 465 1005 502">
    <p class='ocr_par' dir='ltr' id='par_1_12' title="bbox 225 465 1005 502">
     <span class='ocr_line' id='line_1_12' title="bbox 225 465 1005 502; baseline -0.005 -6"><span class='ocrx_word' id='word_1_71' title='bbox 225 475 288 497; x_wconf 90' lang='lat' dir='ltr'><strong>cum</strong></span> <span class='ocrx_word' id='word_1_72' title='bbox 304 468 436 495; x_wconf 77' lang='lat' dir='ltr'><strong>fratribus</strong></span> <span class='ocrx_word' id='word_1_73' title='bbox 455 467 534 500; x_wconf 67' lang='lat' dir='ltr'><strong>meis,</strong></span> <span class='ocrx_word' id='word_1_74' title='bbox 558 470 718 502; x_wconf 83' lang='lat' dir='ltr'><strong>persecutus</strong></span> <span class='ocrx_word' id='word_1_75' title='bbox 738 473 798 492; x_wconf 85' lang='lat' dir='ltr'><strong>sum</strong></span> <span class='ocrx_word' id='word_1_76' title='bbox 818 465 892 492; x_wconf 88' lang='lat' dir='ltr'><strong>mille</strong></span> <span class='ocrx_word' id='word_1_77' title='bbox 915 466 1005 499; x_wconf 83' lang='lat' dir='ltr'><strong>viros,</strong></span> 
     </span>
    </p>
   </div>
   <div class='ocr_carea' id='block_1_13' title="bbox 223 515 1005 549">
    <p class='ocr_par' dir='ltr' id='par_1_13' title="bbox 223 515 1005 549">
     <span class='ocr_line' id='line_1_13' title="bbox 223 515 1005 549; baseline -0.006 -4"><span class='ocrx_word' id='word_1_78' title='bbox 223 522 252 545; x_wconf 88' lang='lat' dir='ltr'><strong>ct</strong></span> <span class='ocrx_word' id='word_1_79' title='bbox 262 517 349 546; x_wconf 78' lang='lat' dir='ltr'><strong>occidi</strong></span> <span class='ocrx_word' id='word_1_80' title='bbox 374 524 406 544; x_wconf 78' lang='lat' dir='ltr'><strong>ex</strong></span> <span class='ocrx_word' id='word_1_81' title='bbox 429 516 469 543; x_wconf 86' lang='lat' dir='ltr'><strong>eis</strong></span> <span class='ocrx_word' id='word_1_82' title='bbox 488 516 619 543; x_wconf 81' lang='lat' dir='ltr'><strong>ducentes</strong></span> <span class='ocrx_word' id='word_1_83' title='bbox 632 515 722 546; x_wconf 90' lang='lat' dir='ltr'><strong>viros,</strong></span> <span class='ocrx_word' id='word_1_84' title='bbox 737 519 764 541; x_wconf 87' lang='lat' dir='ltr'><strong>et</strong></span> <span class='ocrx_word' id='word_1_85' title='bbox 778 518 897 548; x_wconf 90' lang='lat' dir='ltr'><strong>quatuor</strong></span> <span class='ocrx_word' id='word_1_86' title='bbox 913 521 1005 549; x_wconf 78' lang='lat' dir='ltr'><strong>reges.</strong></span> 
     </span>
    </p>
   </div>
   <div class='ocr_carea' id='block_1_14' title="bbox 224 559 1005 596">
    <p class='ocr_par' dir='ltr' id='par_1_14' title="bbox 224 559 1005 596">
     <span class='ocr_line' id='line_1_14' title="bbox 224 559 1005 596; baseline -0.003 -6"><span class='ocrx_word' id='word_1_87' title='bbox 224 562 259 590; x_wconf 84' lang='lat' dir='ltr'><strong>Et</strong></span> <span class='ocrx_word' id='word_1_88' title='bbox 280 562 391 590; x_wconf 85' lang='lat' dir='ltr'><strong>ascendi</strong></span> <span class='ocrx_word' id='word_1_89' title='bbox 416 569 497 596; x_wconf 79' lang='lat' dir='ltr'><strong>Super</strong></span> <span class='ocrx_word' id='word_1_90' title='bbox 524 561 598 596; x_wconf 85' lang='lat' dir='ltr'><strong>ipsos</strong></span> <span class='ocrx_word' id='word_1_91' title='bbox 616 561 642 587; x_wconf 94' lang='lat' dir='ltr'><strong>in</strong></span> <span class='ocrx_word' id='word_1_92' title='bbox 666 567 792 593; x_wconf 87' lang='lat' dir='ltr'><strong>murum,</strong></span> <span class='ocrx_word' id='word_1_93' title='bbox 806 563 833 587; x_wconf 83' lang='lat' dir='ltr'><strong>et</strong></span> <span class='ocrx_word' id='word_1_94' title='bbox 851 559 919 587; x_wconf 88' lang='lat' dir='ltr'><strong>alios</strong></span> <span class='ocrx_word' id='word_1_95' title='bbox 935 559 1005 588; x_wconf 90' lang='lat' dir='ltr'><strong>duos</strong></span> 
     </span>
    </p>
   </div>
   <div class='ocr_carea' id='block_1_15' title="bbox 224 605 1005 644">
    <p class='ocr_par' dir='ltr' id='par_1_15' title="bbox 224 605 1005 644">
     <span class='ocr_line' id='line_1_15' title="bbox 224 605 1005 644; baseline -0.005 -8"><span class='ocrx_word' id='word_1_96' title='bbox 224 616 302 644; x_wconf 87' lang='lat' dir='ltr'><strong>reges</strong></span> <span class='ocrx_word' id='word_1_97' title='bbox 312 607 399 636; x_wconf 84' lang='lat' dir='ltr'><strong>occidi</strong></span> <span class='ocrx_word' id='word_1_98' title='bbox 414 616 421 634; x_wconf 87' lang='lat'><strong>:</strong></span> <span class='ocrx_word' id='word_1_99' title='bbox 435 612 462 634; x_wconf 90' lang='lat' dir='ltr'><strong>et</strong></span> <span class='ocrx_word' id='word_1_100' title='bbox 484 608 520 634; x_wconf 88' lang='lat' dir='ltr'><strong>ita</strong></span> <span class='ocrx_word' id='word_1_101' title='bbox 544 606 720 633; x_wconf 71' lang='lat' dir='ltr'><strong>liberavimus</strong></span> <span class='ocrx_word' id='word_1_102' title='bbox 733 605 851 639; x_wconf 83' lang='lat' dir='ltr'><strong>Hebron,</strong></span> <span class='ocrx_word' id='word_1_103' title='bbox 864 609 891 632; x_wconf 89' lang='lat' dir='ltr'><strong>et</strong></span> <span class='ocrx_word' id='word_1_104' title='bbox 917 605 1005 633; x_wconf 84' lang='lat' dir='ltr'><strong>abdu-</strong></span> 
     </span>
    </p>
   </div>
   <div class='ocr_carea' id='block_1_16' title="bbox 223 651 750 686">
    <p class='ocr_par' dir='ltr' id='par_1_16' title="bbox 223 651 750 686">
     <span class='ocr_line' id='line_1_16' title="bbox 223 651 750 686; baseline -0.004 -7"><span class='ocrx_word' id='word_1_105' title='bbox 223 652 314 680; x_wconf 74' lang='lat' dir='ltr'><strong>ximus</strong></span> <span class='ocrx_word' id='word_1_106' title='bbox 326 659 435 680; x_wconf 88' lang='lat' dir='ltr'><strong>omnem</strong></span> <span class='ocrx_word' id='word_1_107' title='bbox 447 659 542 686; x_wconf 88' lang='lat' dir='ltr'><strong>regum</strong></span> <span class='ocrx_word' id='word_1_108' title='bbox 554 651 750 686; x_wconf 83' lang='lat' dir='ltr'><strong>captivitatem.</strong></span> 
     </span>
    </p>
   </div>
   <div class='ocr_carea' id='block_1_17' title="bbox 257 740 1005 778">
    <p class='ocr_par' dir='ltr' id='par_1_17' title="bbox 257 740 1005 778">
     <span class='ocr_line' id='line_1_17' title="bbox 257 740 1005 778; baseline -0.001 -7"><span class='ocrx_word' id='word_1_109' title='bbox 257 743 289 772; x_wconf 83' lang='lat' dir='ltr'><strong>V.</strong></span> <span class='ocrx_word' id='word_1_110' title='bbox 309 753 319 770; x_wconf 74' lang='grc' dir='ltr'><strong>ι</strong></span> <span class='ocrx_word' id='word_1_111' title='bbox 339 743 372 770; x_wconf 87' lang='lat' dir='ltr'><strong>Et</strong></span> <span class='ocrx_word' id='word_1_112' title='bbox 395 746 504 778; x_wconf 86' lang='lat' dir='ltr'><strong>postero</strong></span> <span class='ocrx_word' id='word_1_113' title='bbox 524 742 568 769; x_wconf 87' lang='lat' dir='ltr'><strong>die</strong></span> <span class='ocrx_word' id='word_1_114' title='bbox 586 741 721 769; x_wconf 85' lang='lat' dir='ltr'><strong>abivimus</strong></span> <span class='ocrx_word' id='word_1_115' title='bbox 732 741 759 768; x_wconf 93' lang='lat' dir='ltr'><strong>in</strong></span> <span class='ocrx_word' id='word_1_116' title='bbox 772 740 892 774; x_wconf 81' lang='lat' dir='ltr'><strong>Aretam,</strong></span> <span class='ocrx_word' id='word_1_117' title='bbox 909 741 1005 770; x_wconf 88' lang='lat' dir='ltr'><strong>civita-</strong></span> 
     </span>
    </p>
   </div>
   <div class='ocr_carea' id='block_1_18' title="bbox 220 786 1004 825">
    <p class='ocr_par' dir='ltr' id='par_1_18' title="bbox 220 786 1004 825">
     <span class='ocr_line' id='line_1_18' title="bbox 220 786 1004 825; baseline -0.005 -7"><span class='ocrx_word' id='word_1_118' title='bbox 220 795 275 818; x_wconf 90' lang='lat' dir='ltr'><strong>tem</strong></span> <span class='ocrx_word' id='word_1_119' title='bbox 290 794 427 825; x_wconf 90' lang='lat' dir='ltr'><strong>potentem</strong></span> <span class='ocrx_word' id='word_1_120' title='bbox 451 792 480 816; x_wconf 91' lang='lat' dir='ltr'><strong>et</strong></span> <span class='ocrx_word' id='word_1_121' title='bbox 504 792 639 815; x_wconf 86' lang='lat' dir='ltr'><strong>muratam</strong></span> <span class='ocrx_word' id='word_1_122' title='bbox 653 807 661 820; x_wconf 90' lang='lat'><strong>,</strong></span> <span class='ocrx_word' id='word_1_123' title='bbox 679 791 706 814; x_wconf 88' lang='lat' dir='ltr'><strong>et</strong></span> <span class='ocrx_word' id='word_1_124' title='bbox 729 786 807 814; x_wconf 89' lang='lat' dir='ltr'><strong>nobis</strong></span> <span class='ocrx_word' id='word_1_125' title='bbox 829 786 1004 814; x_wconf 88' lang='lat' dir='ltr'><strong>inaccessibi-</strong></span> 
     </span>
    </p>
   </div>
   <div class='ocr_carea' id='block_1_19' title="bbox 220 832 1003 869">
    <p class='ocr_par' dir='ltr' id='par_1_19' title="bbox 220 832 1003 869">
     <span class='ocr_line' id='line_1_19' title="bbox 220 832 1003 869; baseline -0.006 -5"><span class='ocrx_word' id='word_1_126' title='bbox 220 837 285 869; x_wconf 89' lang='lat' dir='ltr'><strong>lem,</strong></span> <span class='ocrx_word' id='word_1_127' title='bbox 312 840 427 863; x_wconf 87' lang='lat' dir='ltr'><strong>mortem</strong></span> <span class='ocrx_word' id='word_1_128' title='bbox 453 834 613 861; x_wconf 78' lang='lat' dir='ltr'><strong>minantem.</strong></span> <span class='ocrx_word' id='word_1_129' title='bbox 631 832 687 867; x_wconf 84' lang='lat' dir='ltr'><strong>Ego</strong></span> <span class='ocrx_word' id='word_1_130' title='bbox 710 832 793 867; x_wconf 79' lang='lat' dir='ltr'><strong>igitur</strong></span> <span class='ocrx_word' id='word_1_131' title='bbox 806 838 833 860; x_wconf 89' lang='lat' dir='ltr'><strong>ct</strong></span> <span class='ocrx_word' id='word_1_132' title='bbox 847 832 904 860; x_wconf 85' lang='lat' dir='ltr'><strong>Gad</strong></span> <span class='ocrx_word' id='word_1_133' title='bbox 919 832 1003 860; x_wconf 85' lang='lat' dir='ltr'><strong>adve-</strong></span> 
     </span>
    </p>
   </div>
   <div class='ocr_carea' id='block_1_20' title="bbox 1100 372 1845 410">
    <p class='ocr_par' dir='ltr' id='par_1_20' title="bbox 1100 372 1845 410">
     <span class='ocr_line' id='line_1_20' title="bbox 1100 372 1845 410; baseline 0.007 -12"><span class='ocrx_word' id='word_1_134' title='bbox 1100 374 1136 399; x_wconf 86' lang='lat' dir='ltr'><strong>A&#39;.</strong></span> <span class='ocrx_word' id='word_1_135' title='bbox 1153 381 1162 398; x_wconf 79' lang='grc' dir='ltr'><strong>ι</strong></span> <span class='ocrx_word' id='word_1_136' title='bbox 1183 373 1237 398; x_wconf 87' lang='lat' dir='ltr'><strong>Kal</strong></span> <span class='ocrx_word' id='word_1_137' title='bbox 1253 372 1322 399; x_wconf 82' lang='grc' dir='ltr'><strong>κατά</strong></span> <span class='ocrx_word' id='word_1_138' title='bbox 1331 374 1404 399; x_wconf 84' lang='grc' dir='ltr'><strong>νότον</strong></span> <span class='ocrx_word' id='word_1_139' title='bbox 1411 373 1521 407; x_wconf 84' lang='grc' dir='ltr'>γέγονεν</span> <span class='ocrx_word' id='word_1_140' title='bbox 1532 374 1599 409; x_wconf 84' lang='grc' dir='ltr'>ἡμῖν</span> <span class='ocrx_word' id='word_1_141' title='bbox 1614 374 1732 410; x_wconf 84' lang='grc' dir='ltr'>πόλεμος</span> <span class='ocrx_word' id='word_1_142' title='bbox 1751 375 1845 410; x_wconf 72' lang='grc' dir='ltr'>μείζων</span> 
     </span>
    </p>
   </div>
   <div class='ocr_carea' id='block_1_21' title="bbox 1058 416 1847 454">
    <p class='ocr_par' dir='ltr' id='par_1_21' title="bbox 1058 416 1847 454">
     <span class='ocr_line' id='line_1_21' title="bbox 1058 416 1847 454; baseline 0.006 -12"><span class='ocrx_word' id='word_1_143' title='bbox 1058 416 1106 443; x_wconf 82' lang='grc' dir='ltr'>τοῦ</span> <span class='ocrx_word' id='word_1_144' title='bbox 1113 417 1142 442; x_wconf 81' lang='grc' dir='ltr'>ὲν</span> <span class='ocrx_word' id='word_1_145' title='bbox 1150 417 1294 452; x_wconf 79' lang='grc' dir='ltr'>Σικήμοις·</span> <span class='ocrx_word' id='word_1_146' title='bbox 1307 417 1353 443; x_wconf 80' lang='grc' dir='ltr'>καὶ</span> <span class='ocrx_word' id='word_1_147' title='bbox 1371 418 1595 453; x_wconf 74' lang='grc' dir='ltr'><strong>παραταξάμενος</strong></span> <span class='ocrx_word' id='word_1_148' title='bbox 1612 419 1685 454; x_wconf 88' lang='grc' dir='ltr'><strong>μετά</strong></span> <span class='ocrx_word' id='word_1_149' title='bbox 1701 419 1756 446; x_wconf 86' lang='grc' dir='ltr'><strong>τῶν</strong></span> <span class='ocrx_word' id='word_1_150' title='bbox 1771 420 1847 447; x_wconf 74' lang='grc' dir='ltr'>ἀδελ-</span> 
     </span>
    </p>
   </div>
   <div class='ocr_carea' id='block_1_22' title="bbox 1059 462 1846 500">
    <p class='ocr_par' dir='ltr' id='par_1_22' title="bbox 1059 462 1846 500">
     <span class='ocr_line' id='line_1_22' title="bbox 1059 462 1846 500; baseline 0.006 -12"><span class='ocrx_word' id='word_1_151' title='bbox 1059 462 1117 497; x_wconf 86' lang='grc' dir='ltr'><strong>φῶν</strong></span> <span class='ocrx_word' id='word_1_152' title='bbox 1136 471 1186 498; x_wconf 87' lang='grc' dir='ltr'><strong>μου</strong></span> <span class='ocrx_word' id='word_1_153' title='bbox 1198 483 1206 495; x_wconf 89' lang='lat'><strong>,</strong></span> <span class='ocrx_word' id='word_1_154' title='bbox 1223 462 1319 496; x_wconf 79' lang='grc' dir='ltr'><strong>ἐδίωξα</strong></span> <span class='ocrx_word' id='word_1_155' title='bbox 1335 463 1437 498; x_wconf 81' lang='grc' dir='ltr'>χιλίους</span> <span class='ocrx_word' id='word_1_156' title='bbox 1454 463 1563 498; x_wconf 84' lang='grc' dir='ltr'>ἀνδρας,</span> <span class='ocrx_word' id='word_1_157' title='bbox 1581 466 1628 491; x_wconf 75' lang='grc' dir='ltr'>καὶ</span> <span class='ocrx_word' id='word_1_158' title='bbox 1653 465 1803 492; x_wconf 79' lang='grc' dir='ltr'>ἀπέκτεινα</span> <span class='ocrx_word' id='word_1_159' title='bbox 1817 467 1846 500; x_wconf 80' lang='grc' dir='ltr'>ἐξ</span> 
     </span>
    </p>
   </div>
   <div class='ocr_carea' id='block_1_23' title="bbox 1058 507 1841 546">
    <p class='ocr_par' dir='ltr' id='par_1_23' title="bbox 1058 507 1841 546">
     <span class='ocr_line' id='line_1_23' title="bbox 1058 507 1841 546; baseline 0.008 -13"><span class='ocrx_word' id='word_1_160' title='bbox 1058 507 1147 533; x_wconf 82' lang='grc' dir='ltr'>αὐτῶν</span> <span class='ocrx_word' id='word_1_161' title='bbox 1178 507 1330 540; x_wconf 80' lang='grc' dir='ltr'><strong>διακοσίους</strong></span> <span class='ocrx_word' id='word_1_162' title='bbox 1360 508 1469 544; x_wconf 60' lang='grc' dir='ltr'>ἀνδραςν</span> <span class='ocrx_word' id='word_1_163' title='bbox 1494 510 1541 535; x_wconf 77' lang='grc' dir='ltr'>καὶ</span> <span class='ocrx_word' id='word_1_164' title='bbox 1557 510 1694 546; x_wconf 82' lang='grc' dir='ltr'>τέσσαρας</span> <span class='ocrx_word' id='word_1_165' title='bbox 1720 511 1841 546; x_wconf 78' lang='grc' dir='ltr'>βασιλεῖς.</span> 
     </span>
    </p>
   </div>
   <div class='ocr_carea' id='block_1_24' title="bbox 1058 553 1845 591">
    <p class='ocr_par' dir='ltr' id='par_1_24' title="bbox 1058 553 1845 591">
     <span class='ocr_line' id='line_1_24' title="bbox 1058 553 1845 591; baseline 0.006 -12"><span class='ocrx_word' id='word_1_166' title='bbox 1058 553 1112 579; x_wconf 84' lang='grc' dir='ltr'><strong>Καὶ</strong></span> <span class='ocrx_word' id='word_1_167' title='bbox 1128 553 1242 588; x_wconf 79' lang='grc' dir='ltr'>ἀνῆλθον</span> <span class='ocrx_word' id='word_1_168' title='bbox 1259 555 1301 580; x_wconf 87' lang='grc' dir='ltr'>ἐπ’</span> <span class='ocrx_word' id='word_1_169' title='bbox 1318 555 1415 586; x_wconf 81' lang='grc' dir='ltr'>αὐτοὺς</span> <span class='ocrx_word' id='word_1_170' title='bbox 1424 555 1470 582; x_wconf 78' lang='grc' dir='ltr'>ἐπὶ</span> <span class='ocrx_word' id='word_1_171' title='bbox 1484 555 1531 582; x_wconf 77' lang='grc' dir='ltr'>τοῦ</span> <span class='ocrx_word' id='word_1_172' title='bbox 1548 556 1665 591; x_wconf 75' lang='grc' dir='ltr'><strong>τείχους,</strong></span> <span class='ocrx_word' id='word_1_173' title='bbox 1682 558 1733 584; x_wconf 79' lang='grc' dir='ltr'><strong>καὶ</strong></span> <span class='ocrx_word' id='word_1_174' title='bbox 1755 558 1845 590; x_wconf 83' lang='grc' dir='ltr'>ἀλλους</span> 
     </span>
    </p>
   </div>
   <div class='ocr_carea' id='block_1_25' title="bbox 1057 598 1844 639">
    <p class='ocr_par' dir='ltr' id='par_1_25' title="bbox 1057 598 1844 639">
     <span class='ocr_line' id='line_1_25' title="bbox 1057 598 1844 639; baseline 0.006 -14"><span class='ocrx_word' id='word_1_175' title='bbox 1057 598 1103 625; x_wconf 85' lang='grc' dir='ltr'>δύο</span> <span class='ocrx_word' id='word_1_176' title='bbox 1121 598 1239 634; x_wconf 83' lang='grc' dir='ltr'>βασιλεῖς</span> <span class='ocrx_word' id='word_1_177' title='bbox 1256 599 1360 626; x_wconf 79' lang='grc' dir='ltr'>ἀνεῖλον</span> <span class='ocrx_word' id='word_1_178' title='bbox 1370 608 1376 614; x_wconf 92' lang='grc'>·</span> <span class='ocrx_word' id='word_1_179' title='bbox 1395 600 1443 626; x_wconf 77' lang='grc' dir='ltr'>καὶ</span> <span class='ocrx_word' id='word_1_180' title='bbox 1459 600 1545 632; x_wconf 75' lang='grc' dir='ltr'>οὓτως</span> <span class='ocrx_word' id='word_1_181' title='bbox 1555 601 1783 638; x_wconf 70' lang='grc' dir='ltr'>ἠλευθερώσαμεν</span> <span class='ocrx_word' id='word_1_182' title='bbox 1798 603 1844 639; x_wconf 74' lang='grc' dir='ltr'>τὴν</span> 
     </span>
    </p>
   </div>
   <div class='ocr_carea' id='block_1_26' title="bbox 1059 645 1844 684">
    <p class='ocr_par' dir='ltr' id='par_1_26' title="bbox 1059 645 1844 684">
     <span class='ocr_line' id='line_1_26' title="bbox 1059 645 1844 684; baseline 0.006 -13"><span class='ocrx_word' id='word_1_183' title='bbox 1059 645 1171 681; x_wconf 75' lang='grc' dir='ltr'>Χεϐρὼν</span> <span class='ocrx_word' id='word_1_184' title='bbox 1183 666 1190 678; x_wconf 89' lang='grc'>,</span> <span class='ocrx_word' id='word_1_185' title='bbox 1209 646 1255 672; x_wconf 78' lang='grc' dir='ltr'>καὶ</span> <span class='ocrx_word' id='word_1_186' title='bbox 1271 645 1402 682; x_wconf 76' lang='grc' dir='ltr'>ἐλάϐομεν</span> <span class='ocrx_word' id='word_1_187' title='bbox 1420 647 1509 674; x_wconf 77' lang='grc' dir='ltr'>πᾶσαν</span> <span class='ocrx_word' id='word_1_188' title='bbox 1525 648 1576 683; x_wconf 87' lang='grc' dir='ltr'>τὴν</span> <span class='ocrx_word' id='word_1_189' title='bbox 1591 649 1779 684; x_wconf 75' lang='grc' dir='ltr'>αἰχμαλωσίαν</span> <span class='ocrx_word' id='word_1_190' title='bbox 1791 649 1844 676; x_wconf 80' lang='grc' dir='ltr'><strong>τῶν</strong></span> 
     </span>
    </p>
   </div>
   <div class='ocr_carea' id='block_1_27' title="bbox 1061 691 1206 725">
    <p class='ocr_par' dir='ltr' id='par_1_27' title="bbox 1061 691 1206 725">
     <span class='ocr_line' id='line_1_27' title="bbox 1061 691 1206 725; baseline 0.014 -9"><span class='ocrx_word' id='word_1_191' title='bbox 1061 691 1191 725; x_wconf 80' lang='grc' dir='ltr'>βασιλέων</span> <span class='ocrx_word' id='word_1_192' title='bbox 1198 711 1206 718; x_wconf 89' lang='grc'><strong>.</strong></span> 
     </span>
    </p>
   </div>
   <div class='ocr_carea' id='block_1_28' title="bbox 1093 741 1844 780">
    <p class='ocr_par' dir='ltr' id='par_1_28' title="bbox 1093 741 1844 780">
     <span class='ocr_line' id='line_1_28' title="bbox 1093 741 1844 780; baseline 0.007 -13"><span class='ocrx_word' id='word_1_193' title='bbox 1093 741 1130 767; x_wconf 89' lang='lat' dir='ltr'><strong>E&#39;.</strong></span> <span class='ocrx_word' id='word_1_194' title='bbox 1153 750 1162 767; x_wconf 85' lang='grc' dir='ltr'><strong>ι</strong></span> <span class='ocrx_word' id='word_1_195' title='bbox 1176 742 1230 769; x_wconf 81' lang='grc' dir='ltr'><strong>Καὶ</strong></span> <span class='ocrx_word' id='word_1_196' title='bbox 1246 744 1280 779; x_wconf 81' lang='grc' dir='ltr'>τῇ</span> <span class='ocrx_word' id='word_1_197' title='bbox 1299 742 1362 778; x_wconf 80' lang='grc' dir='ltr'><strong>ἑξῆς</strong></span> <span class='ocrx_word' id='word_1_198' title='bbox 1387 742 1545 778; x_wconf 80' lang='grc' dir='ltr'>ἀπήλθομεν</span> <span class='ocrx_word' id='word_1_199' title='bbox 1560 744 1600 776; x_wconf 81' lang='grc' dir='ltr'>εἰς</span> <span class='ocrx_word' id='word_1_200' title='bbox 1623 744 1747 780; x_wconf 80' lang='grc' dir='ltr'>’Δρέταν,</span> <span class='ocrx_word' id='word_1_201' title='bbox 1768 745 1844 772; x_wconf 82' lang='grc' dir='ltr'>πόλιν</span> 
     </span>
    </p>
   </div>
   <div class='ocr_carea' id='block_1_29' title="bbox 1056 786 1844 825">
    <p class='ocr_par' dir='ltr' id='par_1_29' title="bbox 1056 786 1844 825">
     <span class='ocr_line' id='line_1_29' title="bbox 1056 786 1844 825; baseline 0.006 -12"><span class='ocrx_word' id='word_1_202' title='bbox 1056 786 1188 821; x_wconf 80' lang='grc' dir='ltr'>κραταιὰν</span> <span class='ocrx_word' id='word_1_203' title='bbox 1203 787 1250 814; x_wconf 72' lang='grc' dir='ltr'>καὶ</span> <span class='ocrx_word' id='word_1_204' title='bbox 1267 789 1392 824; x_wconf 81' lang='grc' dir='ltr'>τειχήρη,</span> <span class='ocrx_word' id='word_1_205' title='bbox 1410 789 1456 814; x_wconf 77' lang='grc' dir='ltr'>καὶ</span> <span class='ocrx_word' id='word_1_206' title='bbox 1472 789 1690 824; x_wconf 84' lang='grc' dir='ltr'>ἀπροσέγγιστον</span> <span class='ocrx_word' id='word_1_207' title='bbox 1706 791 1782 825; x_wconf 74' lang='grc' dir='ltr'>ἡμῖν,</span> <span class='ocrx_word' id='word_1_208' title='bbox 1799 790 1844 818; x_wconf 63' lang='lat' dir='ltr'><strong>ea.</strong></span> 
     </span>
    </p>
   </div>
   <div class='ocr_carea' id='block_1_30' title="bbox 1055 831 1843 871">
    <p class='ocr_par' dir='ltr' id='par_1_30' title="bbox 1055 831 1843 871">
     <span class='ocr_line' id='line_1_30' title="bbox 1055 831 1843 871; baseline 0.006 -14"><span class='ocrx_word' id='word_1_209' title='bbox 1055 839 1133 858; x_wconf 86' lang='grc' dir='ltr'>νατον</span> <span class='ocrx_word' id='word_1_210' title='bbox 1157 832 1330 860; x_wconf 82' lang='grc' dir='ltr'>ἀπειλοῦσαν.</span> <span class='ocrx_word' id='word_1_211' title='bbox 1361 832 1431 867; x_wconf 86' lang='grc' dir='ltr'><strong>Ἐγὼ</strong></span> <span class='ocrx_word' id='word_1_212' title='bbox 1453 831 1500 860; x_wconf 82' lang='grc' dir='ltr'>οὖν</span> <span class='ocrx_word' id='word_1_213' title='bbox 1522 835 1569 860; x_wconf 85' lang='grc' dir='ltr'>καὶ</span> <span class='ocrx_word' id='word_1_214' title='bbox 1594 834 1647 861; x_wconf 83' lang='grc' dir='ltr'><strong>Γὰδ</strong></span> <span class='ocrx_word' id='word_1_215' title='bbox 1669 835 1843 871; x_wconf 75' lang='grc' dir='ltr'>προσήξαμεν</span> 
     </span>
    </p>
   </div>
   <div class='ocr_carea' id='block_1_31' title="bbox 220 877 996 915">
    <p class='ocr_par' dir='ltr' id='par_1_31' title="bbox 220 878 996 912">
     <span class='ocr_line' id='line_1_31' title="bbox 220 878 996 912; baseline -0.006 -2"><span class='ocrx_word' id='word_1_216' title='bbox 220 883 312 910; x_wconf 87' lang='lat' dir='ltr'><strong>nimus</strong></span> <span class='ocrx_word' id='word_1_217' title='bbox 326 882 360 909; x_wconf 84' lang='lat' dir='ltr'><strong>ab</strong></span> <span class='ocrx_word' id='word_1_218' title='bbox 371 881 476 908; x_wconf 88' lang='lat' dir='ltr'><strong>oriente</strong></span> <span class='ocrx_word' id='word_1_219' title='bbox 488 879 622 912; x_wconf 79' lang='lat' dir='ltr'><strong>civitatis;</strong></span> <span class='ocrx_word' id='word_1_220' title='bbox 637 879 735 906; x_wconf 79' lang='lat' dir='ltr'><strong>Ruben</strong></span> <span class='ocrx_word' id='word_1_221' title='bbox 762 886 827 906; x_wconf 84' lang='lat' dir='ltr'><strong>vero</strong></span> <span class='ocrx_word' id='word_1_222' title='bbox 844 883 871 905; x_wconf 92' lang='lat' dir='ltr'><strong>et</strong></span> <span class='ocrx_word' id='word_1_223' title='bbox 880 878 949 906; x_wconf 78' lang='lat' dir='ltr'><strong>&#39;Levi</strong></span> <span class='ocrx_word' id='word_1_224' title='bbox 970 878 996 906; x_wconf 92' lang='lat' dir='ltr'><strong>al</strong></span> 
     </span>
    </p>
   </div>
   <div class='ocr_carea' id='block_1_32' title="bbox 1053 877 1843 915">
    <p class='ocr_par' dir='ltr' id='par_1_32' title="bbox 1059 877 1843 915">
     <span class='ocr_line' id='line_1_32' title="bbox 1059 877 1843 915; baseline 0.005 -12"><span class='ocrx_word' id='word_1_225' title='bbox 1059 877 1112 903; x_wconf 85' lang='grc' dir='ltr'>ἀπὸ</span> <span class='ocrx_word' id='word_1_226' title='bbox 1136 877 1272 904; x_wconf 87' lang='grc' dir='ltr'>ἀνατολῶν</span> <span class='ocrx_word' id='word_1_227' title='bbox 1297 878 1347 913; x_wconf 83' lang='grc' dir='ltr'>τῆς</span> <span class='ocrx_word' id='word_1_228' title='bbox 1373 878 1493 911; x_wconf 81' lang='grc' dir='ltr'>πόλεως·</span> <span class='ocrx_word' id='word_1_229' title='bbox 1526 879 1646 915; x_wconf 75' lang='grc' dir='ltr'>Ῥουεὴμ</span> <span class='ocrx_word' id='word_1_230' title='bbox 1667 880 1695 906; x_wconf 85' lang='grc' dir='ltr'>δὲ</span> <span class='ocrx_word' id='word_1_231' title='bbox 1716 881 1763 907; x_wconf 77' lang='grc' dir='ltr'>καὶ</span> <span class='ocrx_word' id='word_1_232' title='bbox 1778 881 1843 907; x_wconf 75' lang='grc' dir='ltr'>Δευϊ</span> 
     </span>
    </p>
   </div>
   <div class='ocr_carea' id='block_1_33' title="bbox 219 923 1002 958">
    <p class='ocr_par' dir='ltr' id='par_1_33' title="bbox 219 923 1002 958">
     <span class='ocr_line' id='line_1_33' title="bbox 219 923 1002 958; baseline -0.006 -3"><span class='ocrx_word' id='word_1_233' title='bbox 219 926 359 955; x_wconf 87' lang='lat' dir='ltr'><strong>occidente</strong></span> <span class='ocrx_word' id='word_1_234' title='bbox 371 931 399 953; x_wconf 84' lang='lat' dir='ltr'><strong>et</strong></span> <span class='ocrx_word' id='word_1_235' title='bbox 412 930 518 952; x_wconf 86' lang='lat' dir='ltr'><strong>austro.</strong></span> <span class='ocrx_word' id='word_1_236' title='bbox 534 924 567 951; x_wconf 82' lang='lat' dir='ltr'><strong>Et</strong></span> <span class='ocrx_word' id='word_1_237' title='bbox 579 924 770 951; x_wconf 77' lang='lat' dir='ltr'><strong>existimantes</strong></span> <span class='ocrx_word' id='word_1_238' title='bbox 786 923 833 958; x_wconf 93' lang='lat' dir='ltr'><strong>qui</strong></span> <span class='ocrx_word' id='word_1_239' title='bbox 848 931 930 958; x_wconf 84' lang='lat' dir='ltr'><strong>super</strong></span> <span class='ocrx_word' id='word_1_240' title='bbox 940 931 1002 951; x_wconf 85' lang='lat' dir='ltr'><strong>mu-</strong></span> 
     </span>
    </p>
   </div>
   <div class='ocr_carea' id='block_1_34' title="bbox 218 969 1001 1006">
    <p class='ocr_par' dir='ltr' id='par_1_34' title="bbox 218 969 1001 1006">
     <span class='ocr_line' id='line_1_34' title="bbox 218 969 1001 1006; baseline -0.005 -6"><span class='ocrx_word' id='word_1_241' title='bbox 218 980 265 1000; x_wconf 87' lang='lat' dir='ltr'><strong>ros</strong></span> <span class='ocrx_word' id='word_1_242' title='bbox 275 976 363 1005; x_wconf 87' lang='lat' dir='ltr'><strong>erant,</strong></span> <span class='ocrx_word' id='word_1_243' title='bbox 376 971 449 1006; x_wconf 92' lang='lat' dir='ltr'><strong>quod</strong></span> <span class='ocrx_word' id='word_1_244' title='bbox 464 978 514 998; x_wconf 86' lang='lat' dir='ltr'><strong>nus</strong></span> <span class='ocrx_word' id='word_1_245' title='bbox 528 970 579 998; x_wconf 89' lang='lat' dir='ltr'><strong>soli</strong></span> <span class='ocrx_word' id='word_1_246' title='bbox 601 977 738 1001; x_wconf 84' lang='lat' dir='ltr'><strong>essemus,</strong></span> <span class='ocrx_word' id='word_1_247' title='bbox 765 969 872 997; x_wconf 87' lang='lat' dir='ltr'><strong>attracti</strong></span> <span class='ocrx_word' id='word_1_248' title='bbox 887 974 952 997; x_wconf 88' lang='lat' dir='ltr'><strong>sunt</strong></span> <span class='ocrx_word' id='word_1_249' title='bbox 973 971 1001 997; x_wconf 90' lang='lat' dir='ltr'><strong>in</strong></span> 
     </span>
    </p>
   </div>
   <div class='ocr_carea' id='block_1_35' title="bbox 218 1015 1002 1051">
    <p class='ocr_par' dir='ltr' id='par_1_35' title="bbox 218 1015 1002 1051">
     <span class='ocr_line' id='line_1_35' title="bbox 218 1015 1002 1051; baseline -0.004 -5"><span class='ocrx_word' id='word_1_250' title='bbox 218 1026 286 1050; x_wconf 90' lang='lat' dir='ltr'><strong>nos;</strong></span> <span class='ocrx_word' id='word_1_251' title='bbox 315 1022 343 1046; x_wconf 90' lang='lat' dir='ltr'><strong>et</strong></span> <span class='ocrx_word' id='word_1_252' title='bbox 366 1018 402 1044; x_wconf 92' lang='lat' dir='ltr'><strong>ita</strong></span> <span class='ocrx_word' id='word_1_253' title='bbox 429 1017 544 1044; x_wconf 85' lang='lat' dir='ltr'><strong>latentes</strong></span> <span class='ocrx_word' id='word_1_254' title='bbox 564 1015 665 1043; x_wconf 76' lang='lat' dir='ltr'><strong>fratres</strong></span> <span class='ocrx_word' id='word_1_255' title='bbox 682 1016 735 1043; x_wconf 91' lang='lat' dir='ltr'><strong>mei</strong></span> <span class='ocrx_word' id='word_1_256' title='bbox 750 1023 784 1043; x_wconf 75' lang='lat' dir='ltr'><strong>ex</strong></span> <span class='ocrx_word' id='word_1_257' title='bbox 796 1021 911 1051; x_wconf 89' lang='lat' dir='ltr'><strong>utraque</strong></span> <span class='ocrx_word' id='word_1_258' title='bbox 926 1022 1002 1051; x_wconf 84' lang='lat' dir='ltr'><strong>parte</strong></span> 
     </span>
    </p>
   </div>
   <div class='ocr_carea' id='block_1_36' title="bbox 218 1062 1001 1101">
    <p class='ocr_par' dir='ltr' id='par_1_36' title="bbox 218 1062 1001 1101">
     <span class='ocr_line' id='line_1_36' title="bbox 218 1062 1001 1101; baseline -0.005 -8"><span class='ocrx_word' id='word_1_259' title='bbox 218 1065 326 1101; x_wconf 80' lang='lat' dir='ltr'><strong>paxillis</strong></span> <span class='ocrx_word' id='word_1_260' title='bbox 345 1064 526 1092; x_wconf 78' lang='lat' dir='ltr'><strong>ascenderunt</strong></span> <span class='ocrx_word' id='word_1_261' title='bbox 548 1070 668 1094; x_wconf 87' lang='lat' dir='ltr'><strong>murum,</strong></span> <span class='ocrx_word' id='word_1_262' title='bbox 697 1066 724 1089; x_wconf 86' lang='lat' dir='ltr'><strong>et</strong></span> <span class='ocrx_word' id='word_1_263' title='bbox 749 1062 919 1090; x_wconf 84' lang='lat' dir='ltr'><strong>intraverunt</strong></span> <span class='ocrx_word' id='word_1_264' title='bbox 932 1062 1001 1090; x_wconf 91' lang='lat' dir='ltr'><strong>civi-</strong></span> 
     </span>
    </p>
   </div>
   <div class='ocr_carea' id='block_1_37' title="bbox 216 1107 1001 1145">
    <p class='ocr_par' dir='ltr' id='par_1_37' title="bbox 216 1107 1001 1145">
     <span class='ocr_line' id='line_1_37' title="bbox 216 1107 1001 1145; baseline -0.004 -6"><span class='ocrx_word' id='word_1_265' title='bbox 216 1116 310 1144; x_wconf 79' lang='lat' dir='ltr'><strong>tatem,</strong></span> <span class='ocrx_word' id='word_1_266' title='bbox 336 1109 525 1145; x_wconf 77' lang='lat' dir='ltr'><strong>ignorantibus</strong></span> <span class='ocrx_word' id='word_1_267' title='bbox 541 1108 619 1143; x_wconf 83' lang='lat' dir='ltr'><strong>ipsis.</strong></span> <span class='ocrx_word' id='word_1_268' title='bbox 635 1107 669 1134; x_wconf 82' lang='lat' dir='ltr'><strong>Et</strong></span> <span class='ocrx_word' id='word_1_269' title='bbox 689 1107 812 1142; x_wconf 84' lang='lat' dir='ltr'><strong>cepimus</strong></span> <span class='ocrx_word' id='word_1_270' title='bbox 826 1115 886 1134; x_wconf 88' lang='lat' dir='ltr'><strong>eam</strong></span> <span class='ocrx_word' id='word_1_271' title='bbox 910 1107 938 1135; x_wconf 91' lang='lat' dir='ltr'><strong>iu</strong></span> <span class='ocrx_word' id='word_1_272' title='bbox 952 1115 1001 1136; x_wconf 84' lang='lat' dir='ltr'><strong>ore</strong></span> 
     </span>
    </p>
   </div>
   <div class='ocr_carea' id='block_1_38' title="bbox 216 1154 998 1194">
    <p class='ocr_par' dir='ltr' id='par_1_38' title="bbox 216 1154 998 1194">
     <span class='ocr_line' id='line_1_38' title="bbox 216 1154 998 1194; baseline -0.004 -9"><span class='ocrx_word' id='word_1_273' title='bbox 216 1157 308 1194; x_wconf 77' lang='lat' dir='ltr'><strong>gladii,</strong></span> <span class='ocrx_word' id='word_1_274' title='bbox 324 1162 352 1184; x_wconf 86' lang='lat' dir='ltr'><strong>et</strong></span> <span class='ocrx_word' id='word_1_275' title='bbox 374 1155 539 1191; x_wconf 76' lang='lat' dir='ltr'><strong>refugientes</strong></span> <span class='ocrx_word' id='word_1_276' title='bbox 561 1155 590 1182; x_wconf 90' lang='lat' dir='ltr'><strong>in</strong></span> <span class='ocrx_word' id='word_1_277' title='bbox 604 1154 714 1186; x_wconf 88' lang='lat' dir='ltr'><strong>turrim,</strong></span> <span class='ocrx_word' id='word_1_278' title='bbox 735 1154 917 1182; x_wconf 84' lang='lat' dir='ltr'><strong>incendentes</strong></span> <span class='ocrx_word' id='word_1_279' title='bbox 927 1162 998 1188; x_wconf 87' lang='lat' dir='ltr'><strong>eam,</strong></span> 
     </span>
    </p>
   </div>
   <div class='ocr_carea' id='block_1_39' title="bbox 218 1201 1000 1238">
    <p class='ocr_par' dir='ltr' id='par_1_39' title="bbox 218 1201 1000 1238">
     <span class='ocr_line' id='line_1_39' title="bbox 218 1201 1000 1238; baseline -0.003 -7"><span class='ocrx_word' id='word_1_280' title='bbox 218 1211 280 1232; x_wconf 92' lang='lat' dir='ltr'><strong>cum</strong></span> <span class='ocrx_word' id='word_1_281' title='bbox 296 1203 364 1238; x_wconf 87' lang='lat' dir='ltr'><strong>ipsis</strong></span> <span class='ocrx_word' id='word_1_282' title='bbox 378 1203 513 1237; x_wconf 76' lang='lat' dir='ltr'><strong>cepimus.</strong></span> <span class='ocrx_word' id='word_1_283' title='bbox 528 1201 561 1229; x_wconf 89' lang='lat' dir='ltr'><strong>Et</strong></span> <span class='ocrx_word' id='word_1_284' title='bbox 571 1209 634 1229; x_wconf 93' lang='lat' dir='ltr'><strong>cum</strong></span> <span class='ocrx_word' id='word_1_285' title='bbox 649 1202 847 1234; x_wconf 87' lang='lat' dir='ltr'><strong>recederemus,</strong></span> <span class='ocrx_word' id='word_1_286' title='bbox 858 1202 909 1229; x_wconf 88' lang='lat' dir='ltr'><strong>viri</strong></span> <span class='ocrx_word' id='word_1_287' title='bbox 926 1202 1000 1230; x_wconf 87' lang='lat' dir='ltr'><strong>Tha-</strong></span> 
     </span>
    </p>
   </div>
   <div class='ocr_carea' id='block_1_40' title="bbox 215 1247 1000 1286">
    <p class='ocr_par' dir='ltr' id='par_1_40' title="bbox 215 1247 1000 1286">
     <span class='ocr_line' id='line_1_40' title="bbox 215 1247 1000 1286; baseline -0.001 -9"><span class='ocrx_word' id='word_1_288' title='bbox 215 1250 288 1286; x_wconf 80' lang='lat' dir='ltr'><strong>pbue</strong></span> <span class='ocrx_word' id='word_1_289' title='bbox 307 1249 470 1277; x_wconf 85' lang='lat' dir='ltr'><strong>invadebant</strong></span> <span class='ocrx_word' id='word_1_290' title='bbox 481 1247 600 1283; x_wconf 75' lang='lat' dir='ltr'><strong>praedam</strong></span> <span class='ocrx_word' id='word_1_291' title='bbox 625 1252 766 1282; x_wconf 87' lang='lat' dir='ltr'><strong>nostram;</strong></span> <span class='ocrx_word' id='word_1_292' title='bbox 782 1251 810 1276; x_wconf 87' lang='lat' dir='ltr'><strong>et</strong></span> <span class='ocrx_word' id='word_1_293' title='bbox 831 1256 892 1276; x_wconf 92' lang='lat' dir='ltr'><strong>cum</strong></span> <span class='ocrx_word' id='word_1_294' title='bbox 922 1256 1000 1276; x_wconf 56' lang='lat' dir='ltr'><strong>accc-</strong></span> 
     </span>
    </p>
   </div>
   <div class='ocr_carea' id='block_1_41' title="bbox 214 1293 998 1332">
    <p class='ocr_par' dir='ltr' id='par_1_41' title="bbox 214 1293 998 1332">
     <span class='ocr_line' id='line_1_41' title="bbox 214 1293 998 1332; baseline -0.004 -8"><span class='ocrx_word' id='word_1_295' title='bbox 214 1296 320 1332; x_wconf 82' lang='lat' dir='ltr'><strong>pissent</strong></span> <span class='ocrx_word' id='word_1_296' title='bbox 329 1303 389 1323; x_wconf 88' lang='lat' dir='ltr'><strong>eam</strong></span> <span class='ocrx_word' id='word_1_297' title='bbox 402 1303 465 1322; x_wconf 90' lang='lat' dir='ltr'><strong>cum</strong></span> <span class='ocrx_word' id='word_1_298' title='bbox 479 1294 543 1321; x_wconf 83' lang='lat' dir='ltr'><strong>filiis</strong></span> <span class='ocrx_word' id='word_1_299' title='bbox 555 1293 667 1326; x_wconf 87' lang='lat' dir='ltr'><strong>nostris,</strong></span> <span class='ocrx_word' id='word_1_300' title='bbox 678 1293 817 1328; x_wconf 74' lang='lat' dir='ltr'><strong>congressi</strong></span> <span class='ocrx_word' id='word_1_301' title='bbox 829 1301 924 1322; x_wconf 88' lang='lat' dir='ltr'><strong>sumus</strong></span> <span class='ocrx_word' id='word_1_302' title='bbox 935 1302 998 1322; x_wconf 82' lang='lat' dir='ltr'><strong>cum</strong></span> 
     </span>
    </p>
   </div>
   <div class='ocr_carea' id='block_1_42' title="bbox 214 1339 999 1376">
    <p class='ocr_par' dir='ltr' id='par_1_42' title="bbox 214 1339 999 1376">
     <span class='ocr_line' id='line_1_42' title="bbox 214 1339 999 1376; baseline -0.003 -7"><span class='ocrx_word' id='word_1_303' title='bbox 214 1341 255 1369; x_wconf 86' lang='lat' dir='ltr'><strong>eis</strong></span> <span class='ocrx_word' id='word_1_304' title='bbox 265 1349 353 1376; x_wconf 88' lang='lat' dir='ltr'><strong>usque</strong></span> <span class='ocrx_word' id='word_1_305' title='bbox 364 1341 397 1368; x_wconf 89' lang='lat' dir='ltr'><strong>ad</strong></span> <span class='ocrx_word' id='word_1_306' title='bbox 411 1339 543 1375; x_wconf 86' lang='lat' dir='ltr'><strong>Thaphue</strong></span> <span class='ocrx_word' id='word_1_307' title='bbox 555 1348 563 1373; x_wconf 85' lang='lat'><strong>;</strong></span> <span class='ocrx_word' id='word_1_308' title='bbox 577 1346 679 1373; x_wconf 88' lang='lat' dir='ltr'><strong>eosque</strong></span> <span class='ocrx_word' id='word_1_309' title='bbox 699 1339 859 1372; x_wconf 77' lang='lat' dir='ltr'><strong>occidimus,</strong></span> <span class='ocrx_word' id='word_1_310' title='bbox 883 1344 910 1367; x_wconf 89' lang='lat' dir='ltr'><strong>et</strong></span> <span class='ocrx_word' id='word_1_311' title='bbox 932 1340 999 1367; x_wconf 85' lang='lat' dir='ltr'><strong>civi—</strong></span> 
     </span>
    </p>
   </div>
   <div class='ocr_carea' id='block_1_43' title="bbox 214 1385 997 1420">
    <p class='ocr_par' dir='ltr' id='par_1_43' title="bbox 214 1385 997 1420">
     <span class='ocr_line' id='line_1_43' title="bbox 214 1385 997 1420; baseline 0 -6"><span class='ocrx_word' id='word_1_312' title='bbox 214 1391 297 1414; x_wconf 85' lang='lat' dir='ltr'><strong>tatem</strong></span> <span class='ocrx_word' id='word_1_313' title='bbox 325 1385 507 1417; x_wconf 86' lang='lat' dir='ltr'><strong>incendimus,</strong></span> <span class='ocrx_word' id='word_1_314' title='bbox 537 1388 681 1419; x_wconf 85' lang='lat' dir='ltr'><strong>postquam</strong></span> <span class='ocrx_word' id='word_1_315' title='bbox 708 1385 801 1412; x_wconf 80' lang='lat' dir='ltr'><strong>omnia</strong></span> <span class='ocrx_word' id='word_1_316' title='bbox 815 1392 875 1420; x_wconf 86' lang='lat' dir='ltr'><strong>quae</strong></span> <span class='ocrx_word' id='word_1_317' title='bbox 889 1385 916 1412; x_wconf 89' lang='lat' dir='ltr'><strong>in</strong></span> <span class='ocrx_word' id='word_1_318' title='bbox 939 1385 997 1420; x_wconf 85' lang='lat' dir='ltr'><strong>ipsa</strong></span> 
     </span>
    </p>
   </div>
   <div class='ocr_carea' id='block_1_44' title="bbox 214 1431 523 1467">
    <p class='ocr_par' dir='ltr' id='par_1_44' title="bbox 214 1431 523 1467">
     <span class='ocr_line' id='line_1_44' title="bbox 214 1431 523 1467; baseline -0.006 -7"><span class='ocrx_word' id='word_1_319' title='bbox 214 1437 303 1466; x_wconf 84' lang='lat' dir='ltr'><strong>erant,</strong></span> <span class='ocrx_word' id='word_1_320' title='bbox 317 1431 523 1467; x_wconf 84' lang='lat' dir='ltr'><strong>spoliassemus.</strong></span> 
     </span>
    </p>
   </div>
   <div class='ocr_carea' id='block_1_45' title="bbox 250 1521 994 1557">
    <p class='ocr_par' dir='ltr' id='par_1_45' title="bbox 250 1521 994 1557">
     <span class='ocr_line' id='line_1_45' title="bbox 250 1521 994 1557; baseline 0.003 -9"><span class='ocrx_word' id='word_1_321' title='bbox 250 1522 294 1549; x_wconf 82' lang='lat' dir='ltr'><strong>Vl.</strong></span> <span class='ocrx_word' id='word_1_322' title='bbox 314 1531 324 1548; x_wconf 87' lang='grc'><strong><em>‹</em></strong></span> <span class='ocrx_word' id='word_1_323' title='bbox 339 1521 371 1549; x_wconf 86' lang='lat' dir='ltr'><strong>Et</strong></span> <span class='ocrx_word' id='word_1_324' title='bbox 385 1527 412 1549; x_wconf 81' lang='lat' dir='ltr'><strong>ut</strong></span> <span class='ocrx_word' id='word_1_325' title='bbox 429 1529 503 1549; x_wconf 89' lang='lat' dir='ltr'><strong>cram</strong></span> <span class='ocrx_word' id='word_1_326' title='bbox 522 1522 549 1549; x_wconf 92' lang='lat' dir='ltr'><strong>in</strong></span> <span class='ocrx_word' id='word_1_327' title='bbox 564 1522 643 1557; x_wconf 83' lang='lat' dir='ltr'><strong>aquis</strong></span> <span class='ocrx_word' id='word_1_328' title='bbox 657 1521 797 1555; x_wconf 82' lang='lat' dir='ltr'><strong>Chuzeba,</strong></span> <span class='ocrx_word' id='word_1_329' title='bbox 821 1521 839 1548; x_wconf 93' lang='lat' dir='ltr'><strong>ii</strong></span> <span class='ocrx_word' id='word_1_330' title='bbox 861 1522 934 1557; x_wconf 89' lang='lat' dir='ltr'><strong>quia</strong></span> <span class='ocrx_word' id='word_1_331' title='bbox 947 1521 994 1550; x_wconf 80' lang='lat' dir='ltr'><strong>Jo-</strong></span> 
     </span>
    </p>
   </div>
   <div class='ocr_carea' id='block_1_46' title="bbox 213 1569 996 1604">
    <p class='ocr_par' dir='ltr' id='par_1_46' title="bbox 213 1569 996 1604">
     <span class='ocr_line' id='line_1_46' title="bbox 213 1569 996 1604; baseline -0.001 -7"><span class='ocrx_word' id='word_1_332' title='bbox 213 1569 267 1601; x_wconf 82' lang='lat' dir='ltr'><strong>bcl,</strong></span> <span class='ocrx_word' id='word_1_333' title='bbox 283 1569 430 1596; x_wconf 88' lang='lat' dir='ltr'><strong>veniebant</strong></span> <span class='ocrx_word' id='word_1_334' title='bbox 452 1569 584 1596; x_wconf 87' lang='lat' dir='ltr'><strong>adversus</strong></span> <span class='ocrx_word' id='word_1_335' title='bbox 608 1576 659 1596; x_wconf 92' lang='lat' dir='ltr'><strong>nos</strong></span> <span class='ocrx_word' id='word_1_336' title='bbox 684 1569 711 1596; x_wconf 89' lang='lat' dir='ltr'><strong>in</strong></span> <span class='ocrx_word' id='word_1_337' title='bbox 727 1569 865 1604; x_wconf 75' lang='lat' dir='ltr'><strong>praelium;</strong></span> <span class='ocrx_word' id='word_1_338' title='bbox 886 1573 914 1596; x_wconf 88' lang='lat' dir='ltr'><strong>et</strong></span> <span class='ocrx_word' id='word_1_339' title='bbox 929 1577 996 1596; x_wconf 85' lang='lat' dir='ltr'><strong>con—</strong></span> 
     </span>
    </p>
   </div>
   <div class='ocr_carea' id='block_1_47' title="bbox 213 1615 996 1650">
    <p class='ocr_par' dir='ltr' id='par_1_47' title="bbox 213 1615 996 1650">
     <span class='ocr_line' id='line_1_47' title="bbox 213 1615 996 1650; baseline 0.001 -9"><span class='ocrx_word' id='word_1_340' title='bbox 213 1615 299 1650; x_wconf 79' lang='lat' dir='ltr'><strong>gressi</strong></span> <span class='ocrx_word' id='word_1_341' title='bbox 315 1622 410 1642; x_wconf 82' lang='lat' dir='ltr'><strong>sumus</strong></span> <span class='ocrx_word' id='word_1_342' title='bbox 425 1623 487 1642; x_wconf 88' lang='lat' dir='ltr'><strong>cum</strong></span> <span class='ocrx_word' id='word_1_343' title='bbox 502 1616 557 1648; x_wconf 90' lang='lat' dir='ltr'><strong>eis,</strong></span> <span class='ocrx_word' id='word_1_344' title='bbox 574 1616 705 1650; x_wconf 88' lang='lat' dir='ltr'><strong>ipsosque</strong></span> <span class='ocrx_word' id='word_1_345' title='bbox 722 1615 882 1648; x_wconf 86' lang='lat' dir='ltr'><strong>occidimus,</strong></span> <span class='ocrx_word' id='word_1_346' title='bbox 894 1622 996 1650; x_wconf 85' lang='lat' dir='ltr'><strong>eosque</strong></span> 
     </span>
    </p>
   </div>
   <div class='ocr_carea' id='block_1_48' title="bbox 213 1659 996 1695">
    <p class='ocr_par' dir='ltr' id='par_1_48' title="bbox 213 1659 996 1695">
     <span class='ocr_line' id='line_1_48' title="bbox 213 1659 996 1695; baseline -0.001 -8"><span class='ocrx_word' id='word_1_347' title='bbox 213 1660 260 1695; x_wconf 89' lang='lat' dir='ltr'><strong>qui</strong></span> <span class='ocrx_word' id='word_1_348' title='bbox 279 1668 294 1687; x_wconf 93' lang='lat' dir='ltr'><strong>a</strong></span> <span class='ocrx_word' id='word_1_349' title='bbox 316 1659 396 1687; x_wconf 84' lang='lat' dir='ltr'><strong>Selon</strong></span> <span class='ocrx_word' id='word_1_350' title='bbox 411 1660 548 1687; x_wconf 82' lang='lat' dir='ltr'><strong>auxiliarii</strong></span> <span class='ocrx_word' id='word_1_351' title='bbox 564 1660 684 1695; x_wconf 83' lang='lat' dir='ltr'><strong>ipsorum</strong></span> <span class='ocrx_word' id='word_1_352' title='bbox 701 1665 795 1692; x_wconf 86' lang='lat' dir='ltr'><strong>erant;</strong></span> <span class='ocrx_word' id='word_1_353' title='bbox 808 1665 835 1687; x_wconf 88' lang='lat' dir='ltr'><strong>et</strong></span> <span class='ocrx_word' id='word_1_354' title='bbox 850 1667 904 1687; x_wconf 89' lang='lat' dir='ltr'><strong>non</strong></span> <span class='ocrx_word' id='word_1_355' title='bbox 919 1660 996 1687; x_wconf 84' lang='lat' dir='ltr'><strong>dedi-</strong></span> 
     </span>
    </p>
   </div>
   <div class='ocr_carea' id='block_1_49' title="bbox 212 1706 995 1742">
    <p class='ocr_par' dir='ltr' id='par_1_49' title="bbox 212 1706 995 1742">
     <span class='ocr_line' id='line_1_49' title="bbox 212 1706 995 1742; baseline 0 -8"><span class='ocrx_word' id='word_1_356' title='bbox 212 1714 274 1735; x_wconf 86' lang='lat' dir='ltr'><strong>mus</strong></span> <span class='ocrx_word' id='word_1_357' title='bbox 285 1707 327 1734; x_wconf 88' lang='lat' dir='ltr'><strong>eis</strong></span> <span class='ocrx_word' id='word_1_358' title='bbox 340 1714 491 1742; x_wconf 83' lang='lat' dir='ltr'><strong>egressum,</strong></span> <span class='ocrx_word' id='word_1_359' title='bbox 513 1711 543 1734; x_wconf 93' lang='lat' dir='ltr'><strong>ut</strong></span> <span class='ocrx_word' id='word_1_360' title='bbox 556 1707 680 1734; x_wconf 81' lang='lat' dir='ltr'><strong>venirent</strong></span> <span class='ocrx_word' id='word_1_361' title='bbox 699 1707 731 1733; x_wconf 87' lang='lat' dir='ltr'><strong>ad</strong></span> <span class='ocrx_word' id='word_1_362' title='bbox 749 1714 808 1734; x_wconf 93' lang='lat' dir='ltr'><strong>nos.</strong></span> <span class='ocrx_word' id='word_1_363' title='bbox 826 1706 859 1733; x_wconf 86' lang='lat' dir='ltr'><strong>Et</strong></span> <span class='ocrx_word' id='word_1_364' title='bbox 871 1707 917 1742; x_wconf 87' lang='lat' dir='ltr'><strong>qui</strong></span> <span class='ocrx_word' id='word_1_365' title='bbox 932 1711 995 1734; x_wconf 85' lang='lat' dir='ltr'><strong>sunt</strong></span> 
     </span>
    </p>
   </div>
   <div class='ocr_carea' id='block_1_50' title="bbox 211 1748 994 1787">
    <p class='ocr_par' dir='ltr' id='par_1_50' title="bbox 211 1748 994 1787">
     <span class='ocr_line' id='line_1_50' title="bbox 211 1748 994 1787; baseline 0 -7"><span class='ocrx_word' id='word_1_366' title='bbox 211 1761 227 1781; x_wconf 86' lang='lat' dir='ltr'><strong>a</strong></span> <span class='ocrx_word' id='word_1_367' title='bbox 242 1752 346 1780; x_wconf 80' lang='lat' dir='ltr'><strong>Mechir</strong></span> <span class='ocrx_word' id='word_1_368' title='bbox 362 1757 579 1787; x_wconf 85' lang='lat' dir='ltr'><strong>supervenerunt</strong></span> <span class='ocrx_word' id='word_1_369' title='bbox 603 1752 681 1779; x_wconf 89' lang='lat' dir='ltr'><strong>nobis</strong></span> <span class='ocrx_word' id='word_1_370' title='bbox 695 1748 792 1787; x_wconf 75' lang='lat' dir='ltr'><strong>quinto</strong></span> <span class='ocrx_word' id='word_1_371' title='bbox 805 1752 858 1785; x_wconf 90' lang='lat' dir='ltr'><strong>die,</strong></span> <span class='ocrx_word' id='word_1_372' title='bbox 870 1756 900 1779; x_wconf 90' lang='lat' dir='ltr'><strong>ut</strong></span> <span class='ocrx_word' id='word_1_373' title='bbox 910 1753 994 1787; x_wconf 91' lang='lat' dir='ltr'><strong>capti-</strong></span> 
     </span>
    </p>
   </div>
   <div class='ocr_carea' id='block_1_51' title="bbox 212 1798 994 1834">
    <p class='ocr_par' dir='ltr' id='par_1_51' title="bbox 212 1798 994 1834">
     <span class='ocr_line' id='line_1_51' title="bbox 212 1798 994 1834; baseline 0.003 -10"><span class='ocrx_word' id='word_1_374' title='bbox 212 1806 261 1826; x_wconf 86' lang='lat' dir='ltr'><strong>vos</strong></span> <span class='ocrx_word' id='word_1_375' title='bbox 298 1799 474 1831; x_wconf 83' lang='lat' dir='ltr'><strong>abducerent,</strong></span> <span class='ocrx_word' id='word_1_376' title='bbox 487 1802 513 1826; x_wconf 91' lang='lat' dir='ltr'><strong>ct</strong></span> <span class='ocrx_word' id='word_1_377' title='bbox 525 1799 626 1834; x_wconf 86' lang='lat' dir='ltr'><strong>agressi</strong></span> <span class='ocrx_word' id='word_1_378' title='bbox 642 1806 690 1826; x_wconf 89' lang='lat' dir='ltr'><strong>eos</strong></span> <span class='ocrx_word' id='word_1_379' title='bbox 708 1798 772 1825; x_wconf 88' lang='lat' dir='ltr'><strong>forti</strong></span> <span class='ocrx_word' id='word_1_380' title='bbox 787 1805 877 1833; x_wconf 85' lang='lat' dir='ltr'><strong>pugna</strong></span> <span class='ocrx_word' id='word_1_381' title='bbox 893 1798 994 1826; x_wconf 88' lang='lat' dir='ltr'><strong>invasi-</strong></span> 
     </span>
    </p>
   </div>
   <div class='ocr_carea' id='block_1_52' title="bbox 211 1843 993 1879">
    <p class='ocr_par' dir='ltr' id='par_1_52' title="bbox 211 1843 993 1879">
     <span class='ocr_line' id='line_1_52' title="bbox 211 1843 993 1879; baseline -0.001 -7"><span class='ocrx_word' id='word_1_382' title='bbox 211 1852 285 1877; x_wconf 91' lang='lat' dir='ltr'><strong>mus,</strong></span> <span class='ocrx_word' id='word_1_383' title='bbox 306 1844 435 1879; x_wconf 89' lang='lat' dir='ltr'><strong>quoniam</strong></span> <span class='ocrx_word' id='word_1_384' title='bbox 456 1848 535 1870; x_wconf 90' lang='lat' dir='ltr'><strong>erant</strong></span> <span class='ocrx_word' id='word_1_385' title='bbox 556 1843 730 1871; x_wconf 88' lang='lat' dir='ltr'><strong>multitudine</strong></span> <span class='ocrx_word' id='word_1_386' title='bbox 745 1847 886 1878; x_wconf 85' lang='lat' dir='ltr'><strong>potentes;</strong></span> <span class='ocrx_word' id='word_1_387' title='bbox 903 1848 929 1870; x_wconf 90' lang='lat' dir='ltr'><strong>et</strong></span> <span class='ocrx_word' id='word_1_388' title='bbox 945 1851 993 1871; x_wconf 84' lang='lat' dir='ltr'><strong>oc-</strong></span> 
     </span>
    </p>
   </div>
   <div class='ocr_carea' id='block_1_53' title="bbox 211 1889 992 1925">
    <p class='ocr_par' dir='ltr' id='par_1_53' title="bbox 211 1889 992 1925">
     <span class='ocr_line' id='line_1_53' title="bbox 211 1889 992 1925; baseline 0 -7"><span class='ocrx_word' id='word_1_389' title='bbox 211 1891 327 1918; x_wconf 86' lang='lat' dir='ltr'><strong>cidimus</strong></span> <span class='ocrx_word' id='word_1_390' title='bbox 349 1897 407 1923; x_wconf 89' lang='lat' dir='ltr'><strong>eos,</strong></span> <span class='ocrx_word' id='word_1_391' title='bbox 421 1894 568 1925; x_wconf 84' lang='lat' dir='ltr'><strong>antequam</strong></span> <span class='ocrx_word' id='word_1_392' title='bbox 589 1889 772 1917; x_wconf 87' lang='lat' dir='ltr'><strong>ascenderunt</strong></span> <span class='ocrx_word' id='word_1_393' title='bbox 791 1889 992 1918; x_wconf 85' lang='lat' dir='ltr'><strong>ascensionem.</strong></span> 
     </span>
    </p>
   </div>
   <div class='ocr_carea' id='block_1_54' title="bbox 211 1935 993 1968">
    <p class='ocr_par' dir='ltr' id='par_1_54' title="bbox 211 1935 993 1968">
     <span class='ocr_line' id='line_1_54' title="bbox 211 1935 993 1968; baseline -0.003 -4"><span class='ocrx_word' id='word_1_394' title='bbox 211 1935 247 1964; x_wconf 85' lang='lat' dir='ltr'><strong>Ut</strong></span> <span class='ocrx_word' id='word_1_395' title='bbox 267 1940 358 1963; x_wconf 90' lang='lat' dir='ltr'><strong>autem</strong></span> <span class='ocrx_word' id='word_1_396' title='bbox 384 1936 510 1963; x_wconf 85' lang='lat' dir='ltr'><strong>venimus</strong></span> <span class='ocrx_word' id='word_1_397' title='bbox 526 1936 560 1962; x_wconf 86' lang='lat' dir='ltr'><strong>ad</strong></span> <span class='ocrx_word' id='word_1_398' title='bbox 581 1935 720 1962; x_wconf 87' lang='lat' dir='ltr'><strong>civitatem</strong></span> <span class='ocrx_word' id='word_1_399' title='bbox 739 1943 846 1968; x_wconf 85' lang='lat' dir='ltr'><strong>eorum,</strong></span> <span class='ocrx_word' id='word_1_400' title='bbox 864 1935 993 1962; x_wconf 86' lang='lat' dir='ltr'><strong>mulieres</strong></span> 
     </span>
    </p>
   </div>
   <div class='ocr_carea' id='block_1_55' title="bbox 208 1982 1005 2018">
    <p class='ocr_par' dir='ltr' id='par_1_55' title="bbox 208 1982 1005 2018">
     <span class='ocr_line' id='line_1_55' title="bbox 208 1982 1005 2018; baseline -0.004 -7"><span class='ocrx_word' id='word_1_401' title='bbox 208 1991 302 2011; x_wconf 91' lang='lat' dir='ltr'><strong>eorum</strong></span> <span class='ocrx_word' id='word_1_402' title='bbox 314 1983 458 2011; x_wconf 85' lang='lat' dir='ltr'><strong>volvebant</strong></span> <span class='ocrx_word' id='word_1_403' title='bbox 469 1990 552 2018; x_wconf 86' lang='lat' dir='ltr'><strong>super</strong></span> <span class='ocrx_word' id='word_1_404' title='bbox 562 1990 611 2010; x_wconf 90' lang='lat' dir='ltr'><strong>nos</strong></span> <span class='ocrx_word' id='word_1_405' title='bbox 622 1982 726 2017; x_wconf 79' lang='lat' dir='ltr'><strong>lapides</strong></span> <span class='ocrx_word' id='word_1_406' title='bbox 740 1989 754 2009; x_wconf 88' lang='lat' dir='ltr'><strong>a</strong></span> <span class='ocrx_word' id='word_1_407' title='bbox 766 1983 867 2010; x_wconf 88' lang='lat' dir='ltr'><strong>vertice</strong></span> <span class='ocrx_word' id='word_1_408' title='bbox 879 1982 991 2014; x_wconf 89' lang='lat' dir='ltr'><strong>montis,</strong></span> <span class='ocrx_word' id='word_1_409' title='bbox 1003 2015 1005 2017; x_wconf 25' lang='grc' dir='ltr'><strong><em>ι</em></strong></span> 
     </span>
    </p>
   </div>
   <div class='ocr_carea' id='block_1_56' title="bbox 209 2027 990 2065">
    <p class='ocr_par' dir='ltr' id='par_1_56' title="bbox 209 2027 990 2065">
     <span class='ocr_line' id='line_1_56' title="bbox 209 2027 990 2065; baseline -0.004 -9"><span class='ocrx_word' id='word_1_410' title='bbox 209 2031 236 2056; x_wconf 90' lang='lat' dir='ltr'><strong>in</strong></span> <span class='ocrx_word' id='word_1_411' title='bbox 255 2037 310 2065; x_wconf 86' lang='lat' dir='ltr'><strong>quo</strong></span> <span class='ocrx_word' id='word_1_412' title='bbox 325 2033 383 2057; x_wconf 83' lang='lat' dir='ltr'><strong>erat</strong></span> <span class='ocrx_word' id='word_1_413' title='bbox 403 2029 509 2056; x_wconf 82' lang='lat' dir='ltr'><strong>civitas.</strong></span> <span class='ocrx_word' id='word_1_414' title='bbox 535 2027 569 2055; x_wconf 79' lang='lat' dir='ltr'><strong>Et</strong></span> <span class='ocrx_word' id='word_1_415' title='bbox 583 2028 722 2056; x_wconf 86' lang='lat' dir='ltr'><strong>latitantes</strong></span> <span class='ocrx_word' id='word_1_416' title='bbox 737 2035 788 2063; x_wconf 88' lang='lat' dir='ltr'><strong>ego</strong></span> <span class='ocrx_word' id='word_1_417' title='bbox 802 2032 829 2055; x_wconf 90' lang='lat' dir='ltr'><strong>et</strong></span> <span class='ocrx_word' id='word_1_418' title='bbox 854 2027 962 2054; x_wconf 88' lang='lat' dir='ltr'><strong>Simcon</strong></span> <span class='ocrx_word' id='word_1_419' title='bbox 976 2035 990 2053; x_wconf 92' lang='lat' dir='ltr'><strong>a</strong></span> 
     </span>
    </p>
   </div>
   <div class='ocr_carea' id='block_1_57' title="bbox 208 2073 990 2110">
    <p class='ocr_par' dir='ltr' id='par_1_57' title="bbox 208 2073 990 2110">
     <span class='ocr_line' id='line_1_57' title="bbox 208 2073 990 2110; baseline -0.003 -8"><span class='ocrx_word' id='word_1_420' title='bbox 208 2080 293 2110; x_wconf 80' lang='lat' dir='ltr'><strong>tergo,</strong></span> <span class='ocrx_word' id='word_1_421' title='bbox 318 2074 546 2110; x_wconf 86' lang='lat' dir='ltr'><strong>apprehendimus</strong></span> <span class='ocrx_word' id='word_1_422' title='bbox 568 2074 689 2107; x_wconf 78' lang='lat' dir='ltr'><strong>excelsa,</strong></span> <span class='ocrx_word' id='word_1_423' title='bbox 705 2077 732 2101; x_wconf 90' lang='lat' dir='ltr'><strong>et</strong></span> <span class='ocrx_word' id='word_1_424' title='bbox 745 2077 829 2101; x_wconf 86' lang='lat' dir='ltr'><strong>totam</strong></span> <span class='ocrx_word' id='word_1_425' title='bbox 851 2073 990 2101; x_wconf 89' lang='lat' dir='ltr'><strong>civitatem</strong></span> 
     </span>
    </p>
   </div>
   <div class='ocr_carea' id='block_1_58' title="bbox 208 2120 388 2156">
    <p class='ocr_par' dir='ltr' id='par_1_58' title="bbox 208 2120 388 2156">
     <span class='ocr_line' id='line_1_58' title="bbox 208 2120 388 2156; baseline -0.006 -8"><span class='ocrx_word' id='word_1_426' title='bbox 208 2120 388 2156; x_wconf 87' lang='lat' dir='ltr'><strong>perdidimus.</strong></span> 
     </span>
    </p>
   </div>
   <div class='ocr_carea' id='block_1_59' title="bbox 244 2165 990 2200">
    <p class='ocr_par' dir='ltr' id='par_1_59' title="bbox 244 2165 990 2200">
     <span class='ocr_line' id='line_1_59' title="bbox 244 2165 990 2200; baseline 0 -8"><span class='ocrx_word' id='word_1_427' title='bbox 244 2165 300 2192; x_wconf 86' lang='lat' dir='ltr'><strong>VII.</strong></span> <span class='ocrx_word' id='word_1_428' title='bbox 321 2175 331 2191; x_wconf 75' lang='grc' dir='ltr'><strong>ι</strong></span> <span class='ocrx_word' id='word_1_429' title='bbox 347 2165 380 2193; x_wconf 87' lang='lat' dir='ltr'><strong>Et</strong></span> <span class='ocrx_word' id='word_1_430' title='bbox 391 2165 515 2200; x_wconf 86' lang='lat' dir='ltr'><strong>sequenti</strong></span> <span class='ocrx_word' id='word_1_431' title='bbox 530 2165 574 2193; x_wconf 85' lang='lat' dir='ltr'><strong>die</strong></span> <span class='ocrx_word' id='word_1_432' title='bbox 589 2165 692 2192; x_wconf 88' lang='lat' dir='ltr'><strong>dictum</strong></span> <span class='ocrx_word' id='word_1_433' title='bbox 709 2168 751 2192; x_wconf 90' lang='lat' dir='ltr'><strong>est</strong></span> <span class='ocrx_word' id='word_1_434' title='bbox 764 2165 853 2196; x_wconf 82' lang='lat' dir='ltr'><strong>nobis.</strong></span> <span class='ocrx_word' id='word_1_435' title='bbox 865 2166 937 2199; x_wconf 85' lang='lat' dir='ltr'><strong>quod</strong></span> <span class='ocrx_word' id='word_1_436' title='bbox 952 2165 990 2193; x_wconf 83' lang='lat' dir='ltr'><strong>ci—</strong></span> 
     </span>
    </p>
   </div>
   <div class='ocr_carea' id='block_1_60' title="bbox 1052 921 1841 961">
    <p class='ocr_par' dir='ltr' id='par_1_60' title="bbox 1052 921 1841 961">
     <span class='ocr_line' id='line_1_60' title="bbox 1052 921 1841 961; baseline 0.006 -13"><span class='ocrx_word' id='word_1_437' title='bbox 1052 922 1106 949; x_wconf 86' lang='grc' dir='ltr'><strong>ἀπὺ</strong></span> <span class='ocrx_word' id='word_1_438' title='bbox 1121 921 1230 958; x_wconf 82' lang='grc' dir='ltr'>δυσμῶν</span> <span class='ocrx_word' id='word_1_439' title='bbox 1247 924 1293 950; x_wconf 81' lang='grc' dir='ltr'>καὶ</span> <span class='ocrx_word' id='word_1_440' title='bbox 1307 924 1394 951; x_wconf 80' lang='grc' dir='ltr'>νάτου.</span> <span class='ocrx_word' id='word_1_441' title='bbox 1412 924 1467 951; x_wconf 86' lang='lat' dir='ltr'><strong>Kal</strong></span> <span class='ocrx_word' id='word_1_442' title='bbox 1490 925 1644 961; x_wconf 78' lang='grc' dir='ltr'>νομίζοντες</span> <span class='ocrx_word' id='word_1_443' title='bbox 1668 927 1692 952; x_wconf 82' lang='grc' dir='ltr'>οε</span> <span class='ocrx_word' id='word_1_444' title='bbox 1719 927 1774 953; x_wconf 72' lang='grc' dir='ltr'>ἀπὸ</span> <span class='ocrx_word' id='word_1_445' title='bbox 1796 927 1841 953; x_wconf 77' lang='grc' dir='ltr'>τοῦ</span> 
     </span>
    </p>
   </div>
   <div class='ocr_carea' id='block_1_61' title="bbox 1051 968 1841 1009">
    <p class='ocr_par' dir='ltr' id='par_1_61' title="bbox 1051 968 1841 1009">
     <span class='ocr_line' id='line_1_61' title="bbox 1051 968 1841 1009; baseline 0.006 -15"><span class='ocrx_word' id='word_1_446' title='bbox 1051 968 1166 1003; x_wconf 82' lang='grc' dir='ltr'>τείχους,</span> <span class='ocrx_word' id='word_1_447' title='bbox 1183 969 1224 996; x_wconf 87' lang='grc' dir='ltr'>ὃτι</span> <span class='ocrx_word' id='word_1_448' title='bbox 1241 970 1322 1005; x_wconf 87' lang='grc' dir='ltr'>ἡμεῖς</span> <span class='ocrx_word' id='word_1_449' title='bbox 1340 971 1415 1006; x_wconf 83' lang='grc' dir='ltr'>μόνοι</span> <span class='ocrx_word' id='word_1_450' title='bbox 1431 971 1524 1006; x_wconf 82' lang='grc' dir='ltr'>ἐσμὲν,</span> <span class='ocrx_word' id='word_1_451' title='bbox 1543 971 1758 1008; x_wconf 81' lang='grc' dir='ltr'>ἐφειλκύσθησαν</span> <span class='ocrx_word' id='word_1_452' title='bbox 1776 973 1841 1009; x_wconf 69' lang='grc' dir='ltr'>πρὸς</span> 
     </span>
    </p>
   </div>
   <div class='ocr_carea' id='block_1_62' title="bbox 1051 1013 1842 1052">
    <p class='ocr_par' dir='ltr' id='par_1_62' title="bbox 1051 1013 1842 1052">
     <span class='ocr_line' id='line_1_62' title="bbox 1051 1013 1842 1052; baseline 0.008 -13"><span class='ocrx_word' id='word_1_453' title='bbox 1051 1013 1134 1047; x_wconf 74' lang='grc' dir='ltr'>ἡμᾶς’</span> <span class='ocrx_word' id='word_1_454' title='bbox 1152 1014 1198 1040; x_wconf 78' lang='grc' dir='ltr'>καὶ</span> <span class='ocrx_word' id='word_1_455' title='bbox 1214 1013 1299 1046; x_wconf 76' lang='grc' dir='ltr'>οὕτως</span> <span class='ocrx_word' id='word_1_456' title='bbox 1316 1014 1436 1050; x_wconf 84' lang='grc' dir='ltr'>λαθραῖοι</span> <span class='ocrx_word' id='word_1_457' title='bbox 1459 1017 1483 1042; x_wconf 75' lang='lat' dir='ltr'><strong>ot</strong></span> <span class='ocrx_word' id='word_1_458' title='bbox 1500 1016 1608 1050; x_wconf 88' lang='grc' dir='ltr'>ἀδελφοί</span> <span class='ocrx_word' id='word_1_459' title='bbox 1633 1025 1683 1052; x_wconf 83' lang='grc' dir='ltr'><strong>μου</strong></span> <span class='ocrx_word' id='word_1_460' title='bbox 1701 1017 1731 1050; x_wconf 83' lang='grc' dir='ltr'>ἐξ</span> <span class='ocrx_word' id='word_1_461' title='bbox 1748 1013 1842 1045; x_wconf 76' lang='grc' dir='ltr'>ἐκατέ-</span> 
     </span>
    </p>
   </div>
   <div class='ocr_carea' id='block_1_63' title="bbox 1055 1058 1842 1096">
    <p class='ocr_par' dir='ltr' id='par_1_63' title="bbox 1055 1058 1842 1096">
     <span class='ocr_line' id='line_1_63' title="bbox 1055 1058 1842 1096; baseline 0.005 -12"><span class='ocrx_word' id='word_1_462' title='bbox 1055 1066 1111 1093; x_wconf 88' lang='grc' dir='ltr'><strong>ρων</strong></span> <span class='ocrx_word' id='word_1_463' title='bbox 1128 1058 1183 1094; x_wconf 77' lang='grc'>(65)</span> <span class='ocrx_word' id='word_1_464' title='bbox 1202 1059 1350 1091; x_wconf 78' lang='grc' dir='ltr'>πασσάλοις</span> <span class='ocrx_word' id='word_1_465' title='bbox 1367 1060 1537 1095; x_wconf 73' lang='grc' dir='ltr'>ἐπανέῦησαν</span> <span class='ocrx_word' id='word_1_466' title='bbox 1554 1060 1593 1096; x_wconf 83' lang='grc' dir='ltr'>τῷ</span> <span class='ocrx_word' id='word_1_467' title='bbox 1611 1061 1706 1096; x_wconf 79' lang='grc' dir='ltr'>τείχει,</span> <span class='ocrx_word' id='word_1_468' title='bbox 1725 1060 1771 1087; x_wconf 78' lang='grc' dir='ltr'><strong>καὶ</strong></span> <span class='ocrx_word' id='word_1_469' title='bbox 1787 1062 1842 1088; x_wconf 76' lang='lat' dir='ltr'><strong>eia-</strong></span> 
     </span>
    </p>
   </div>
   <div class='ocr_carea' id='block_1_64' title="bbox 1050 1102 1842 1140">
    <p class='ocr_par' dir='ltr' id='par_1_64' title="bbox 1050 1102 1842 1140">
     <span class='ocr_line' id='line_1_64' title="bbox 1050 1102 1842 1140; baseline 0.006 -11"><span class='ocrx_word' id='word_1_470' title='bbox 1050 1103 1129 1139; x_wconf 85' lang='grc' dir='ltr'>ῆλθον</span> <span class='ocrx_word' id='word_1_471' title='bbox 1145 1104 1185 1136; x_wconf 80' lang='grc' dir='ltr'><strong>εἰς</strong></span> <span class='ocrx_word' id='word_1_472' title='bbox 1210 1104 1259 1140; x_wconf 80' lang='grc' dir='ltr'>τὴν</span> <span class='ocrx_word' id='word_1_473' title='bbox 1276 1105 1361 1138; x_wconf 88' lang='grc' dir='ltr'>πόλιν,</span> <span class='ocrx_word' id='word_1_474' title='bbox 1375 1106 1543 1140; x_wconf 81' lang='grc' dir='ltr'>ἀγνοούντων</span> <span class='ocrx_word' id='word_1_475' title='bbox 1561 1107 1660 1134; x_wconf 79' lang='grc' dir='ltr'>αὐτῶν.</span> <span class='ocrx_word' id='word_1_476' title='bbox 1678 1107 1734 1133; x_wconf 88' lang='lat' dir='ltr'><strong>Kal</strong></span> <span class='ocrx_word' id='word_1_477' title='bbox 1746 1102 1842 1134; x_wconf 71' lang='grc' dir='ltr'><strong>¹ἐλάσο-</strong></span> 
     </span>
    </p>
   </div>
   <div class='ocr_carea' id='block_1_65' title="bbox 1052 1150 1840 1189">
    <p class='ocr_par' dir='ltr' id='par_1_65' title="bbox 1052 1150 1840 1189">
     <span class='ocr_line' id='line_1_65' title="bbox 1052 1150 1840 1189; baseline 0.005 -13"><span class='ocrx_word' id='word_1_478' title='bbox 1052 1158 1101 1184; x_wconf 88' lang='grc' dir='ltr'><strong>μεν</strong></span> <span class='ocrx_word' id='word_1_479' title='bbox 1125 1150 1209 1186; x_wconf 75' lang='grc' dir='ltr'>αὐτὴν</span> <span class='ocrx_word' id='word_1_480' title='bbox 1232 1151 1262 1177; x_wconf 84' lang='grc' dir='ltr'><strong>ἐν</strong></span> <span class='ocrx_word' id='word_1_481' title='bbox 1286 1151 1399 1186; x_wconf 83' lang='grc' dir='ltr'>στόματι</span> <span class='ocrx_word' id='word_1_482' title='bbox 1424 1151 1577 1187; x_wconf 82' lang='grc' dir='ltr'>μαχαίρας,</span> <span class='ocrx_word' id='word_1_483' title='bbox 1604 1152 1651 1179; x_wconf 83' lang='grc' dir='ltr'>καὶ</span> <span class='ocrx_word' id='word_1_484' title='bbox 1675 1153 1741 1184; x_wconf 71' lang='grc' dir='ltr'>τοὺς</span> <span class='ocrx_word' id='word_1_485' title='bbox 1758 1154 1788 1180; x_wconf 81' lang='grc' dir='ltr'><strong>ἐν</strong></span> <span class='ocrx_word' id='word_1_486' title='bbox 1803 1154 1840 1189; x_wconf 70' lang='grc' dir='ltr'><strong>τῳ</strong></span> 
     </span>
    </p>
   </div>
   <div class='ocr_carea' id='block_1_66' title="bbox 1050 1195 1839 1234">
    <p class='ocr_par' dir='ltr' id='par_1_66' title="bbox 1050 1195 1839 1234">
     <span class='ocr_line' id='line_1_66' title="bbox 1050 1195 1839 1234; baseline 0.004 -12"><span class='ocrx_word' id='word_1_487' title='bbox 1050 1195 1147 1231; x_wconf 82' lang='grc' dir='ltr'><strong>πύργῳ</strong></span> <span class='ocrx_word' id='word_1_488' title='bbox 1164 1197 1377 1232; x_wconf 81' lang='grc' dir='ltr'>καταφυγόντας,</span> <span class='ocrx_word' id='word_1_489' title='bbox 1394 1198 1585 1233; x_wconf 83' lang='grc' dir='ltr'>ἐμπρήσαντες</span> <span class='ocrx_word' id='word_1_490' title='bbox 1601 1198 1646 1224; x_wconf 83' lang='grc' dir='ltr'>τὸν</span> <span class='ocrx_word' id='word_1_491' title='bbox 1662 1199 1779 1234; x_wconf 80' lang='grc' dir='ltr'>πύργον,</span> <span class='ocrx_word' id='word_1_492' title='bbox 1795 1200 1839 1226; x_wconf 63' lang='grc' dir='ltr'><strong>σὺν</strong></span> 
     </span>
    </p>
   </div>
   <div class='ocr_carea' id='block_1_67' title="bbox 1049 1242 1839 1281">
    <p class='ocr_par' dir='ltr' id='par_1_67' title="bbox 1049 1242 1839 1281">
     <span class='ocr_line' id='line_1_67' title="bbox 1049 1242 1839 1281; baseline 0.005 -13"><span class='ocrx_word' id='word_1_493' title='bbox 1049 1243 1140 1274; x_wconf 81' lang='grc' dir='ltr'>αὐτοῖς</span> <span class='ocrx_word' id='word_1_494' title='bbox 1156 1242 1296 1278; x_wconf 77' lang='grc' dir='ltr'>ἐλάὃομεν.</span> <span class='ocrx_word' id='word_1_495' title='bbox 1320 1244 1374 1270; x_wconf 87' lang='lat' dir='ltr'><strong>Kal</strong></span> <span class='ocrx_word' id='word_1_496' title='bbox 1391 1244 1420 1271; x_wconf 85' lang='grc' dir='ltr'>ὲν</span> <span class='ocrx_word' id='word_1_497' title='bbox 1445 1243 1484 1279; x_wconf 86' lang='grc' dir='ltr'>τῷ</span> <span class='ocrx_word' id='word_1_498' title='bbox 1501 1244 1609 1271; x_wconf 77' lang='grc' dir='ltr'>ἀπιέναι</span> <span class='ocrx_word' id='word_1_499' title='bbox 1625 1245 1718 1279; x_wconf 75' lang='grc' dir='ltr'>ἡμᾶς,</span> <span class='ocrx_word' id='word_1_500' title='bbox 1747 1246 1839 1281; x_wconf 80' lang='grc' dir='ltr'>ἄνδρες</span> 
     </span>
    </p>
   </div>
   <div class='ocr_carea' id='block_1_68' title="bbox 1049 1288 1841 1327">
    <p class='ocr_par' dir='ltr' id='par_1_68' title="bbox 1049 1288 1841 1327">
     <span class='ocr_line' id='line_1_68' title="bbox 1049 1288 1841 1327; baseline 0.005 -12"><span class='ocrx_word' id='word_1_501' title='bbox 1049 1288 1154 1323; x_wconf 78' lang='grc' dir='ltr'>Θαφουέ</span> <span class='ocrx_word' id='word_1_502' title='bbox 1166 1289 1296 1316; x_wconf 79' lang='grc' dir='ltr'>ἐπέϐαλον</span> <span class='ocrx_word' id='word_1_503' title='bbox 1305 1291 1338 1325; x_wconf 83' lang='grc' dir='ltr'><strong>τῇ</strong></span> <span class='ocrx_word' id='word_1_504' title='bbox 1356 1290 1533 1326; x_wconf 76' lang='grc' dir='ltr'>αἰχμαλωσίᾳ</span> <span class='ocrx_word' id='word_1_505' title='bbox 1552 1292 1568 1326; x_wconf 79' lang='grc' dir='ltr'>ἡ</span> <span class='ocrx_word' id='word_1_506' title='bbox 1573 1291 1640 1326; x_wconf 81' lang='grc' dir='ltr'>μῶν,</span> <span class='ocrx_word' id='word_1_507' title='bbox 1651 1291 1700 1318; x_wconf 83' lang='grc' dir='ltr'>καὶ</span> <span class='ocrx_word' id='word_1_508' title='bbox 1719 1292 1841 1327; x_wconf 77' lang='grc' dir='ltr'>παραλα-</span> 
     </span>
    </p>
   </div>
   <div class='ocr_carea' id='block_1_69' title="bbox 1049 1335 1840 1373">
    <p class='ocr_par' dir='ltr' id='par_1_69' title="bbox 1049 1335 1840 1373">
     <span class='ocr_line' id='line_1_69' title="bbox 1049 1335 1840 1373; baseline 0.004 -12"><span class='ocrx_word' id='word_1_509' title='bbox 1049 1335 1142 1368; x_wconf 75' lang='grc' dir='ltr'>ϐόντες</span> <span class='ocrx_word' id='word_1_510' title='bbox 1159 1335 1246 1371; x_wconf 81' lang='grc' dir='ltr'>αὐτὴν</span> <span class='ocrx_word' id='word_1_511' title='bbox 1262 1335 1310 1362; x_wconf 77' lang='grc' dir='ltr'>σὺν</span> <span class='ocrx_word' id='word_1_512' title='bbox 1329 1336 1383 1371; x_wconf 80' lang='grc'>(66)</span> <span class='ocrx_word' id='word_1_513' title='bbox 1401 1338 1457 1368; x_wconf 84' lang='grc' dir='ltr'>τοῖς</span> <span class='ocrx_word' id='word_1_514' title='bbox 1474 1337 1541 1368; x_wconf 84' lang='grc' dir='ltr'>υἱοῖς</span> <span class='ocrx_word' id='word_1_515' title='bbox 1563 1337 1652 1372; x_wconf 82' lang='grc' dir='ltr'>ἡμῶν,</span> <span class='ocrx_word' id='word_1_516' title='bbox 1682 1338 1840 1373; x_wconf 70' lang='grc' dir='ltr'>συνήψαμεν</span> 
     </span>
    </p>
   </div>
   <div class='ocr_carea' id='block_1_70' title="bbox 1049 1380 1839 1418">
    <p class='ocr_par' dir='ltr' id='par_1_70' title="bbox 1049 1380 1839 1418">
     <span class='ocr_line' id='line_1_70' title="bbox 1049 1380 1839 1418; baseline 0.005 -12"><span class='ocrx_word' id='word_1_517' title='bbox 1049 1380 1119 1416; x_wconf 82' lang='grc' dir='ltr'>πρὸς</span> <span class='ocrx_word' id='word_1_518' title='bbox 1137 1381 1236 1413; x_wconf 78' lang='grc' dir='ltr'>αὐτοὺς</span> <span class='ocrx_word' id='word_1_519' title='bbox 1244 1382 1296 1414; x_wconf 73' lang='grc' dir='ltr'><strong>ἕως</strong></span> <span class='ocrx_word' id='word_1_520' title='bbox 1312 1381 1418 1417; x_wconf 85' lang='grc' dir='ltr'>Θαφουέ</span> <span class='ocrx_word' id='word_1_521' title='bbox 1436 1381 1491 1418; x_wconf 88' lang='grc'>(67)</span> <span class='ocrx_word' id='word_1_522' title='bbox 1503 1391 1509 1398; x_wconf 89' lang='grc'>·</span> <span class='ocrx_word' id='word_1_523' title='bbox 1521 1383 1666 1415; x_wconf 85' lang='grc' dir='ltr'>κάκείνους</span> <span class='ocrx_word' id='word_1_524' title='bbox 1676 1384 1839 1410; x_wconf 76' lang='grc' dir='ltr'>ἀπεκτείνα-</span> 
     </span>
    </p>
   </div>
   <div class='ocr_carea' id='block_1_71' title="bbox 1049 1429 1839 1466">
    <p class='ocr_par' dir='ltr' id='par_1_71' title="bbox 1049 1429 1839 1466">
     <span class='ocr_line' id='line_1_71' title="bbox 1049 1429 1839 1466; baseline 0.004 -11"><span class='ocrx_word' id='word_1_525' title='bbox 1049 1437 1110 1463; x_wconf 82' lang='grc' dir='ltr'>μεν,</span> <span class='ocrx_word' id='word_1_526' title='bbox 1129 1430 1176 1456; x_wconf 76' lang='grc' dir='ltr'>καὶ</span> <span class='ocrx_word' id='word_1_527' title='bbox 1192 1429 1242 1466; x_wconf 75' lang='grc' dir='ltr'>τὴν</span> <span class='ocrx_word' id='word_1_528' title='bbox 1268 1430 1344 1458; x_wconf 91' lang='grc' dir='ltr'>πόλιν</span> <span class='ocrx_word' id='word_1_529' title='bbox 1361 1431 1566 1466; x_wconf 79' lang='grc' dir='ltr'>ἐνεπρήσαμεν,</span> <span class='ocrx_word' id='word_1_530' title='bbox 1586 1431 1676 1458; x_wconf 79' lang='grc' dir='ltr'>πάντα</span> <span class='ocrx_word' id='word_1_531' title='bbox 1692 1431 1728 1458; x_wconf 81' lang='grc' dir='ltr'>τὰ</span> <span class='ocrx_word' id='word_1_532' title='bbox 1746 1433 1775 1458; x_wconf 78' lang='grc' dir='ltr'><strong>ἐν</strong></span> <span class='ocrx_word' id='word_1_533' title='bbox 1792 1432 1839 1458; x_wconf 49' lang='grc' dir='ltr'><strong>αὖ-</strong></span> 
     </span>
    </p>
   </div>
   <div class='ocr_carea' id='block_1_72' title="bbox 1047 1475 1306 1510">
    <p class='ocr_par' dir='ltr' id='par_1_72' title="bbox 1047 1475 1306 1510">
     <span class='ocr_line' id='line_1_72' title="bbox 1047 1475 1306 1510; baseline 0.012 -10"><span class='ocrx_word' id='word_1_534' title='bbox 1047 1476 1080 1510; x_wconf 83' lang='grc' dir='ltr'><strong>τῇ</strong></span> <span class='ocrx_word' id='word_1_535' title='bbox 1099 1475 1306 1509; x_wconf 83' lang='grc' dir='ltr'>σκυλεύσαντες.</span> 
     </span>
    </p>
   </div>
   <div class='ocr_carea' id='block_1_73' title="bbox 1084 1519 1841 1559">
    <p class='ocr_par' dir='ltr' id='par_1_73' title="bbox 1084 1519 1841 1559">
     <span class='ocr_line' id='line_1_73' title="bbox 1084 1519 1841 1559; baseline 0.005 -12"><span class='ocrx_word' id='word_1_536' title='bbox 1084 1522 1127 1554; x_wconf 72' lang='grc' dir='ltr'><strong>(τ’.</strong></span> <span class='ocrx_word' id='word_1_537' title='bbox 1144 1531 1152 1547; x_wconf 85' lang='grc' dir='ltr'><strong>ι</strong></span> <span class='ocrx_word' id='word_1_538' title='bbox 1173 1522 1226 1549; x_wconf 80' lang='grc' dir='ltr'><strong>Καὶ</strong></span> <span class='ocrx_word' id='word_1_539' title='bbox 1241 1523 1278 1555; x_wconf 87' lang='grc' dir='ltr'>ὼς</span> <span class='ocrx_word' id='word_1_540' title='bbox 1296 1523 1369 1559; x_wconf 76' lang='grc' dir='ltr'>ήμην</span> <span class='ocrx_word' id='word_1_541' title='bbox 1385 1523 1414 1550; x_wconf 94' lang='grc' dir='ltr'><strong>ἐν</strong></span> <span class='ocrx_word' id='word_1_542' title='bbox 1430 1525 1486 1556; x_wconf 78' lang='grc' dir='ltr'>τοῖς</span> <span class='ocrx_word' id='word_1_543' title='bbox 1504 1519 1580 1551; x_wconf 83' lang='grc' dir='ltr'>ὕδασι</span> <span class='ocrx_word' id='word_1_544' title='bbox 1595 1523 1773 1559; x_wconf 73' lang='grc' dir='ltr'><strong>Χωζηὸᾶ,οι</strong></span> <span class='ocrx_word' id='word_1_545' title='bbox 1789 1524 1841 1551; x_wconf 73' lang='grc' dir='ltr'><strong>ἀπὺ</strong></span> 
     </span>
    </p>
   </div>
   <div class='ocr_carea' id='block_1_74' title="bbox 1010 1553 1839 1606">
    <p class='ocr_par' dir='ltr' id='par_1_74' title="bbox 1010 1553 1839 1606">
     <span class='ocr_line' id='line_1_74' title="bbox 1010 1553 1839 1606; baseline 0.005 -13"><span class='ocrx_word' id='word_1_546' title='bbox 1010 1553 1031 1582; x_wconf 75' lang='lat' dir='ltr'><strong><em>C</em></strong></span> <span class='ocrx_word' id='word_1_547' title='bbox 1054 1553 1148 1602; x_wconf 64' lang='grc' dir='ltr'>Ἱωόὴλ</span> <span class='ocrx_word' id='word_1_548' title='bbox 1164 1565 1245 1603; x_wconf 80' lang='grc' dir='ltr'>ἦλθον</span> <span class='ocrx_word' id='word_1_549' title='bbox 1347 1553 1420 1604; x_wconf 48' lang='lat' dir='ltr'><strong>iliaci;</strong></span> <span class='ocrx_word' id='word_1_550' title='bbox 1437 1553 1483 1602; x_wconf 45' lang='grc' dir='ltr'>είς.</span> <span class='ocrx_word' id='word_1_551' title='bbox 1495 1570 1626 1605; x_wconf 88' lang='grc' dir='ltr'>πόλεμον·</span> <span class='ocrx_word' id='word_1_552' title='bbox 1715 1553 1839 1606; x_wconf 68' lang='grc' dir='ltr'>συνήψα-</span> 
     </span>
    </p>
   </div>
   <div class='ocr_carea' id='block_1_75' title="bbox 1048 1614 1837 1651">
    <p class='ocr_par' dir='ltr' id='par_1_75' title="bbox 1048 1614 1837 1651">
     <span class='ocr_line' id='line_1_75' title="bbox 1048 1614 1837 1651; baseline 0.005 -12"><span class='ocrx_word' id='word_1_553' title='bbox 1048 1622 1097 1649; x_wconf 85' lang='grc' dir='ltr'><strong>μεν</strong></span> <span class='ocrx_word' id='word_1_554' title='bbox 1114 1614 1211 1646; x_wconf 77' lang='grc' dir='ltr'>αὐτοὺς</span> <span class='ocrx_word' id='word_1_555' title='bbox 1230 1614 1295 1650; x_wconf 83' lang='grc'>(68),</span> <span class='ocrx_word' id='word_1_556' title='bbox 1314 1615 1456 1648; x_wconf 79' lang='grc' dir='ltr'>κάκείνους</span> <span class='ocrx_word' id='word_1_557' title='bbox 1473 1616 1673 1651; x_wconf 86' lang='grc' dir='ltr'>ἀπεκτείναμεν</span> <span class='ocrx_word' id='word_1_558' title='bbox 1684 1625 1691 1631; x_wconf 72' lang='grc' dir='ltr'><strong>ο</strong></span> <span class='ocrx_word' id='word_1_559' title='bbox 1712 1617 1761 1643; x_wconf 77' lang='grc' dir='ltr'>καὶ</span> <span class='ocrx_word' id='word_1_560' title='bbox 1776 1617 1837 1648; x_wconf 75' lang='grc' dir='ltr'>τοὺς</span> 
     </span>
    </p>
   </div>
   <div class='ocr_carea' id='block_1_76' title="bbox 1045 1658 1840 1697">
    <p class='ocr_par' dir='ltr' id='par_1_76' title="bbox 1045 1658 1840 1697">
     <span class='ocr_line' id='line_1_76' title="bbox 1045 1658 1840 1697; baseline 0.003 -11"><span class='ocrx_word' id='word_1_561' title='bbox 1045 1658 1207 1695; x_wconf 79' lang='grc' dir='ltr'>ἀπδΣηλὼμ</span> <span class='ocrx_word' id='word_1_562' title='bbox 1226 1661 1386 1696; x_wconf 79' lang='grc' dir='ltr'>συμμάχους</span> <span class='ocrx_word' id='word_1_563' title='bbox 1403 1661 1492 1688; x_wconf 84' lang='grc' dir='ltr'>αὐτῶν</span> <span class='ocrx_word' id='word_1_564' title='bbox 1509 1662 1722 1697; x_wconf 81' lang='grc' dir='ltr'>ἀπεκτείναμεν·</span> <span class='ocrx_word' id='word_1_565' title='bbox 1735 1662 1784 1688; x_wconf 79' lang='grc' dir='ltr'>καὶ</span> <span class='ocrx_word' id='word_1_566' title='bbox 1792 1662 1840 1688; x_wconf 71' lang='grc' dir='ltr'>οὐκ</span> 
     </span>
    </p>
   </div>
   <div class='ocr_carea' id='block_1_77' title="bbox 1045 1705 1838 1744">
    <p class='ocr_par' dir='ltr' id='par_1_77' title="bbox 1045 1705 1838 1744">
     <span class='ocr_line' id='line_1_77' title="bbox 1045 1705 1838 1744; baseline 0.004 -12"><span class='ocrx_word' id='word_1_567' title='bbox 1045 1705 1183 1741; x_wconf 73' lang='grc' dir='ltr'>ἐδώκαμεν</span> <span class='ocrx_word' id='word_1_568' title='bbox 1200 1707 1290 1738; x_wconf 81' lang='grc' dir='ltr'>αὐτοῖς</span> <span class='ocrx_word' id='word_1_569' title='bbox 1312 1707 1436 1740; x_wconf 77' lang='grc' dir='ltr'>διέξοδον,</span> <span class='ocrx_word' id='word_1_570' title='bbox 1453 1707 1500 1734; x_wconf 81' lang='grc' dir='ltr'>τοῦ</span> <span class='ocrx_word' id='word_1_571' title='bbox 1518 1707 1647 1734; x_wconf 77' lang='grc' dir='ltr'>εἰσελθεῖν</span> <span class='ocrx_word' id='word_1_572' title='bbox 1666 1707 1737 1744; x_wconf 82' lang='grc' dir='ltr'>πρὸς</span> <span class='ocrx_word' id='word_1_573' title='bbox 1756 1709 1838 1743; x_wconf 71' lang='grc' dir='ltr'>ἡμεῖς.</span> 
     </span>
    </p>
   </div>
   <div class='ocr_carea' id='block_1_78' title="bbox 1044 1752 1837 1790">
    <p class='ocr_par' dir='ltr' id='par_1_78' title="bbox 1044 1752 1837 1790">
     <span class='ocr_line' id='line_1_78' title="bbox 1044 1752 1837 1790; baseline 0.003 -12"><span class='ocrx_word' id='word_1_574' title='bbox 1044 1752 1099 1779; x_wconf 86' lang='lat' dir='ltr'><strong>Kal</strong></span> <span class='ocrx_word' id='word_1_575' title='bbox 1115 1753 1139 1778; x_wconf 85' lang='grc' dir='ltr'>οἱ</span> <span class='ocrx_word' id='word_1_576' title='bbox 1158 1752 1210 1778; x_wconf 59' lang='lat' dir='ltr'><strong>aee</strong></span> <span class='ocrx_word' id='word_1_577' title='bbox 1227 1753 1323 1788; x_wconf 83' lang='grc' dir='ltr'>Μεχὴρ</span> <span class='ocrx_word' id='word_1_578' title='bbox 1339 1752 1455 1788; x_wconf 85' lang='grc' dir='ltr'>ἐπῆλθον</span> <span class='ocrx_word' id='word_1_579' title='bbox 1471 1754 1538 1788; x_wconf 81' lang='grc' dir='ltr'>ἡμῖν</span> <span class='ocrx_word' id='word_1_580' title='bbox 1555 1755 1587 1788; x_wconf 78' lang='grc' dir='ltr'>τῇ</span> <span class='ocrx_word' id='word_1_581' title='bbox 1605 1752 1721 1790; x_wconf 78' lang='grc' dir='ltr'>πέμπτῃ</span> <span class='ocrx_word' id='word_1_582' title='bbox 1735 1754 1837 1790; x_wconf 65' lang='grc' dir='ltr'>ἡμέρᾳ,</span> 
     </span>
    </p>
   </div>
   <div class='ocr_carea' id='block_1_79' title="bbox 1044 1797 1838 1834">
    <p class='ocr_par' dir='ltr' id='par_1_79' title="bbox 1044 1797 1838 1834">
     <span class='ocr_line' id='line_1_79' title="bbox 1044 1797 1838 1834; baseline 0.003 -10"><span class='ocrx_word' id='word_1_583' title='bbox 1044 1797 1134 1825; x_wconf 68' lang='grc' dir='ltr'>λαϐεῖν</span> <span class='ocrx_word' id='word_1_584' title='bbox 1157 1799 1205 1832; x_wconf 83' lang='grc' dir='ltr'>τὴν</span> <span class='ocrx_word' id='word_1_585' title='bbox 1231 1798 1435 1834; x_wconf 60' lang='grc' dir='ltr'>αἰχμαλωσίαν</span> <span class='ocrx_word' id='word_1_586' title='bbox 1461 1799 1509 1825; x_wconf 76' lang='grc' dir='ltr'>καὶ</span> <span class='ocrx_word' id='word_1_587' title='bbox 1534 1799 1722 1834; x_wconf 78' lang='grc' dir='ltr'>προσάξαντες</span> <span class='ocrx_word' id='word_1_588' title='bbox 1746 1801 1838 1831; x_wconf 74' lang='grc' dir='ltr'>αὐτοῖς</span> 
     </span>
    </p>
   </div>
   <div class='ocr_carea' id='block_1_80' title="bbox 1044 1842 1839 1881">
    <p class='ocr_par' dir='ltr' id='par_1_80' title="bbox 1044 1842 1839 1881">
     <span class='ocr_line' id='line_1_80' title="bbox 1044 1842 1839 1881; baseline 0.004 -12"><span class='ocrx_word' id='word_1_589' title='bbox 1044 1844 1073 1869; x_wconf 71' lang='grc' dir='ltr'><strong>ἐν</strong></span> <span class='ocrx_word' id='word_1_590' title='bbox 1090 1845 1212 1879; x_wconf 77' lang='grc' dir='ltr'>κρατερᾷ</span> <span class='ocrx_word' id='word_1_591' title='bbox 1229 1844 1304 1880; x_wconf 81' lang='grc' dir='ltr'>μάχῃ</span> <span class='ocrx_word' id='word_1_592' title='bbox 1321 1844 1547 1880; x_wconf 78' lang='grc' dir='ltr'>περιεγενόμεθα,</span> <span class='ocrx_word' id='word_1_593' title='bbox 1573 1845 1614 1871; x_wconf 77' lang='grc' dir='ltr'>ὅτι</span> <span class='ocrx_word' id='word_1_594' title='bbox 1636 1842 1710 1880; x_wconf 81' lang='grc' dir='ltr'>ἦσαν</span> <span class='ocrx_word' id='word_1_595' title='bbox 1737 1845 1839 1881; x_wconf 80' lang='grc' dir='ltr'>πλῆθος</span> 
     </span>
    </p>
   </div>
   <div class='ocr_carea' id='block_1_81' title="bbox 1043 1890 1838 1928">
    <p class='ocr_par' dir='ltr' id='par_1_81' title="bbox 1043 1890 1838 1928">
     <span class='ocr_line' id='line_1_81' title="bbox 1043 1890 1838 1928; baseline 0.003 -12"><span class='ocrx_word' id='word_1_596' title='bbox 1043 1890 1149 1916; x_wconf 79' lang='grc' dir='ltr'>δυνατοὶ</span> <span class='ocrx_word' id='word_1_597' title='bbox 1165 1891 1194 1917; x_wconf 90' lang='grc' dir='ltr'><strong>ἐν</strong></span> <span class='ocrx_word' id='word_1_598' title='bbox 1209 1891 1300 1922; x_wconf 77' lang='grc' dir='ltr'>αὐτοῖς</span> <span class='ocrx_word' id='word_1_599' title='bbox 1310 1899 1316 1905; x_wconf 90' lang='grc'><strong>·</strong></span> <span class='ocrx_word' id='word_1_600' title='bbox 1335 1891 1382 1917; x_wconf 78' lang='grc' dir='ltr'>καὶ</span> <span class='ocrx_word' id='word_1_601' title='bbox 1393 1891 1593 1926; x_wconf 85' lang='grc' dir='ltr'>ἀπεκτείναμεν</span> <span class='ocrx_word' id='word_1_602' title='bbox 1610 1892 1712 1924; x_wconf 76' lang='grc' dir='ltr'>αὐτοὺς</span> <span class='ocrx_word' id='word_1_603' title='bbox 1728 1892 1784 1928; x_wconf 79' lang='grc' dir='ltr'><strong>πρὸ</strong></span> <span class='ocrx_word' id='word_1_604' title='bbox 1792 1891 1838 1919; x_wconf 78' lang='grc' dir='ltr'><strong>τοῦ</strong></span> 
     </span>
    </p>
   </div>
   <div class='ocr_carea' id='block_1_82' title="bbox 1047 1936 1837 1973">
    <p class='ocr_par' dir='ltr' id='par_1_82' title="bbox 1047 1936 1837 1973">
     <span class='ocr_line' id='line_1_82' title="bbox 1047 1936 1837 1973; baseline 0.003 -11"><span class='ocrx_word' id='word_1_605' title='bbox 1047 1936 1181 1970; x_wconf 72' lang='grc' dir='ltr'>ἀναϐῆναι</span> <span class='ocrx_word' id='word_1_606' title='bbox 1205 1936 1253 1972; x_wconf 82' lang='grc' dir='ltr'>τὴν</span> <span class='ocrx_word' id='word_1_607' title='bbox 1269 1936 1410 1963; x_wconf 81' lang='grc' dir='ltr'>ἀνάὃασιν.</span> <span class='ocrx_word' id='word_1_608' title='bbox 1441 1937 1484 1968; x_wconf 81' lang='grc' dir='ltr'>Ὠς</span> <span class='ocrx_word' id='word_1_609' title='bbox 1506 1937 1534 1963; x_wconf 83' lang='grc' dir='ltr'>δὲ</span> <span class='ocrx_word' id='word_1_610' title='bbox 1559 1936 1676 1972; x_wconf 74' lang='grc' dir='ltr'>ἤλθομεν</span> <span class='ocrx_word' id='word_1_611' title='bbox 1700 1939 1735 1973; x_wconf 83' lang='grc' dir='ltr'>τῇ</span> <span class='ocrx_word' id='word_1_612' title='bbox 1764 1938 1837 1965; x_wconf 80' lang='grc' dir='ltr'>πόλει</span> 
     </span>
    </p>
   </div>
   <div class='ocr_carea' id='block_1_83' title="bbox 1043 1981 1837 2018">
    <p class='ocr_par' dir='ltr' id='par_1_83' title="bbox 1043 1981 1837 2018">
     <span class='ocr_line' id='line_1_83' title="bbox 1043 1981 1837 2018; baseline 0.004 -11"><span class='ocrx_word' id='word_1_613' title='bbox 1043 1981 1147 2014; x_wconf 79' lang='grc' dir='ltr'>αὐτῶν,</span> <span class='ocrx_word' id='word_1_614' title='bbox 1166 1982 1193 2009; x_wconf 76' lang='grc' dir='ltr'>αἱ</span> <span class='ocrx_word' id='word_1_615' title='bbox 1211 1983 1338 2016; x_wconf 88' lang='grc' dir='ltr'>γυναῖκες</span> <span class='ocrx_word' id='word_1_616' title='bbox 1356 1981 1444 2008; x_wconf 81' lang='grc' dir='ltr'>αὐτῶν</span> <span class='ocrx_word' id='word_1_617' title='bbox 1467 1982 1572 2009; x_wconf 79' lang='grc' dir='ltr'>ἐκύλιον</span> <span class='ocrx_word' id='word_1_618' title='bbox 1595 1983 1637 2017; x_wconf 77' lang='grc' dir='ltr'>ἐφ’</span> <span class='ocrx_word' id='word_1_619' title='bbox 1656 1984 1732 2018; x_wconf 78' lang='grc' dir='ltr'>ἡμᾶς</span> <span class='ocrx_word' id='word_1_620' title='bbox 1748 1983 1837 2015; x_wconf 77' lang='grc' dir='ltr'>λίθους</span> 
     </span>
    </p>
   </div>
   <div class='ocr_carea' id='block_1_84' title="bbox 1042 2024 1836 2065">
    <p class='ocr_par' dir='ltr' id='par_1_84' title="bbox 1042 2024 1836 2065">
     <span class='ocr_line' id='line_1_84' title="bbox 1042 2024 1836 2065; baseline 0.001 -11"><span class='ocrx_word' id='word_1_621' title='bbox 1042 2028 1095 2055; x_wconf 82' lang='grc' dir='ltr'><strong>ἀπὺ</strong></span> <span class='ocrx_word' id='word_1_622' title='bbox 1111 2028 1160 2062; x_wconf 77' lang='grc' dir='ltr'>τῆς</span> <span class='ocrx_word' id='word_1_623' title='bbox 1177 2028 1297 2063; x_wconf 79' lang='grc' dir='ltr'>κορυφῆς</span> <span class='ocrx_word' id='word_1_624' title='bbox 1313 2027 1360 2054; x_wconf 82' lang='grc' dir='ltr'><strong>τοῦ</strong></span> <span class='ocrx_word' id='word_1_625' title='bbox 1377 2028 1455 2064; x_wconf 74' lang='grc' dir='ltr'>ὅρους</span> <span class='ocrx_word' id='word_1_626' title='bbox 1469 2048 1477 2059; x_wconf 85' lang='grc'>,</span> <span class='ocrx_word' id='word_1_627' title='bbox 1494 2029 1522 2054; x_wconf 81' lang='grc' dir='ltr'><strong>ἐν</strong></span> <span class='ocrx_word' id='word_1_628' title='bbox 1586 2024 1620 2063; x_wconf 82' lang='grc' dir='ltr'>ἦν</span> <span class='ocrx_word' id='word_1_629' title='bbox 1637 2029 1654 2065; x_wconf 84' lang='grc' dir='ltr'><strong>ή</strong></span> <span class='ocrx_word' id='word_1_630' title='bbox 1674 2029 1764 2062; x_wconf 82' lang='grc' dir='ltr'>πόλις.</span> <span class='ocrx_word' id='word_1_631' title='bbox 1783 2030 1836 2056; x_wconf 82' lang='lat' dir='ltr'><strong>Kal</strong></span> 
     </span>
    </p>
   </div>
   <div class='ocr_carea' id='block_1_85' title="bbox 1042 2073 1834 2109">
    <p class='ocr_par' dir='ltr' id='par_1_85' title="bbox 1042 2073 1834 2109">
     <span class='ocr_line' id='line_1_85' title="bbox 1042 2073 1834 2109; baseline 0.004 -9"><span class='ocrx_word' id='word_1_632' title='bbox 1042 2073 1244 2109; x_wconf 76' lang='grc' dir='ltr'>ὐποκρυεέντες</span> <span class='ocrx_word' id='word_1_633' title='bbox 1262 2073 1318 2108; x_wconf 83' lang='grc' dir='ltr'>ἐγὼ</span> <span class='ocrx_word' id='word_1_634' title='bbox 1333 2074 1380 2101; x_wconf 80' lang='grc' dir='ltr'><strong>καὶ</strong></span> <span class='ocrx_word' id='word_1_635' title='bbox 1404 2073 1515 2109; x_wconf 87' lang='grc' dir='ltr'>Συμεὼν</span> <span class='ocrx_word' id='word_1_636' title='bbox 1532 2074 1684 2107; x_wconf 82' lang='grc' dir='ltr'>ἐξόπισθεν,</span> <span class='ocrx_word' id='word_1_637' title='bbox 1703 2075 1834 2103; x_wconf 72' lang='grc' dir='ltr'>ἐπελαϐό-</span> 
     </span>
    </p>
   </div>
   <div class='ocr_carea' id='block_1_86' title="bbox 1044 2119 1832 2158">
    <p class='ocr_par' dir='ltr' id='par_1_86' title="bbox 1044 2119 1832 2158">
     <span class='ocr_line' id='line_1_86' title="bbox 1044 2119 1832 2158; baseline 0.005 -12"><span class='ocrx_word' id='word_1_638' title='bbox 1044 2119 1112 2154; x_wconf 84' lang='grc' dir='ltr'>μεθα</span> <span class='ocrx_word' id='word_1_639' title='bbox 1121 2119 1176 2146; x_wconf 88' lang='grc' dir='ltr'><strong>τῶν</strong></span> <span class='ocrx_word' id='word_1_640' title='bbox 1184 2119 1305 2156; x_wconf 79' lang='grc' dir='ltr'><strong>ὑψηλῶν,</strong></span> <span class='ocrx_word' id='word_1_641' title='bbox 1316 2121 1363 2147; x_wconf 76' lang='grc' dir='ltr'><strong>καὶ</strong></span> <span class='ocrx_word' id='word_1_642' title='bbox 1373 2120 1438 2156; x_wconf 83' lang='grc' dir='ltr'>ὃλην</span> <span class='ocrx_word' id='word_1_643' title='bbox 1452 2121 1501 2156; x_wconf 84' lang='grc' dir='ltr'>τὴν</span> <span class='ocrx_word' id='word_1_644' title='bbox 1519 2120 1596 2147; x_wconf 85' lang='grc' dir='ltr'>πόλιν</span> <span class='ocrx_word' id='word_1_645' title='bbox 1612 2121 1832 2158; x_wconf 67' lang='grc' dir='ltr'>ὼλοθρειὶσαμεν.</span> 
     </span>
    </p>
   </div>
   <div class='ocr_carea' id='block_1_87' title="bbox 1077 2166 1832 2202">
    <p class='ocr_par' dir='ltr' id='par_1_87' title="bbox 1077 2166 1832 2202">
     <span class='ocr_line' id='line_1_87' title="bbox 1077 2166 1832 2202; baseline 0.004 -10"><span class='ocrx_word' id='word_1_646' title='bbox 1077 2166 1113 2192; x_wconf 90' lang='grc' dir='ltr'><strong>Ζ’.</strong></span> <span class='ocrx_word' id='word_1_647' title='bbox 1135 2175 1143 2191; x_wconf 84' lang='grc' dir='ltr'><strong>ι</strong></span> <span class='ocrx_word' id='word_1_648' title='bbox 1156 2166 1211 2192; x_wconf 83' lang='lat' dir='ltr'><strong>Kal</strong></span> <span class='ocrx_word' id='word_1_649' title='bbox 1219 2167 1252 2201; x_wconf 83' lang='grc' dir='ltr'><strong>τῇ</strong></span> <span class='ocrx_word' id='word_1_650' title='bbox 1262 2166 1325 2202; x_wconf 77' lang='grc' dir='ltr'><strong>ἑξῆς</strong></span> <span class='ocrx_word' id='word_1_651' title='bbox 1339 2167 1438 2202; x_wconf 52' lang='lat' dir='ltr'><strong>season</strong></span> <span class='ocrx_word' id='word_1_652' title='bbox 1454 2167 1522 2202; x_wconf 79' lang='grc' dir='ltr'>πρὸς</span> <span class='ocrx_word' id='word_1_653' title='bbox 1537 2167 1621 2202; x_wconf 74' lang='grc' dir='ltr'>ἡμᾶς,</span> <span class='ocrx_word' id='word_1_654' title='bbox 1640 2168 1680 2193; x_wconf 81' lang='grc' dir='ltr'>ὅτι</span> <span class='ocrx_word' id='word_1_655' title='bbox 1698 2168 1727 2194; x_wconf 78' lang='grc' dir='ltr'>αἱ</span> <span class='ocrx_word' id='word_1_656' title='bbox 1747 2169 1832 2200; x_wconf 72' lang='grc' dir='ltr'>πόλεις</span> 
     </span>
    </p>
   </div>
   <div class='ocr_carea' id='block_1_88' title="bbox 208 2211 996 2258">
    <p class='ocr_par' dir='ltr' id='par_1_88' title="bbox 208 2211 989 2247">
     <span class='ocr_line' id='line_1_88' title="bbox 208 2211 989 2247; baseline 0 -9"><span class='ocrx_word' id='word_1_657' title='bbox 208 2212 306 2240; x_wconf 83' lang='lat' dir='ltr'><strong>vitales</strong></span> <span class='ocrx_word' id='word_1_658' title='bbox 326 2212 442 2239; x_wconf 91' lang='lat' dir='ltr'><strong>duorum</strong></span> <span class='ocrx_word' id='word_1_659' title='bbox 459 2219 551 2246; x_wconf 89' lang='lat' dir='ltr'><strong>regum</strong></span> <span class='ocrx_word' id='word_1_660' title='bbox 576 2219 638 2238; x_wconf 93' lang='lat' dir='ltr'><strong>cum</strong></span> <span class='ocrx_word' id='word_1_661' title='bbox 655 2211 755 2246; x_wconf 88' lang='lat' dir='ltr'><strong>populo</strong></span> <span class='ocrx_word' id='word_1_662' title='bbox 776 2211 851 2247; x_wconf 84' lang='lat' dir='ltr'><strong>gravi</strong></span> <span class='ocrx_word' id='word_1_663' title='bbox 867 2211 989 2238; x_wconf 86' lang='lat' dir='ltr'><strong>venirent</strong></span> 
     </span>
    </p>
   </div>
   <div class='ocr_carea' id='block_1_89' title="bbox 1053 2211 1830 2258">
    <p class='ocr_par' dir='ltr' id='par_1_89' title="bbox 1053 2211 1830 2248">
     <span class='ocr_line' id='line_1_89' title="bbox 1053 2211 1830 2248; baseline 0.006 -12"><span class='ocrx_word' id='word_1_664' title='bbox 1053 2211 1095 2237; x_wconf 50' lang='grc' dir='ltr'>ζῶν</span> <span class='ocrx_word' id='word_1_665' title='bbox 1111 2211 1156 2238; x_wconf 83' lang='grc' dir='ltr'>δύο</span> <span class='ocrx_word' id='word_1_666' title='bbox 1174 2211 1306 2246; x_wconf 82' lang='grc' dir='ltr'>βασιλέων</span> <span class='ocrx_word' id='word_1_667' title='bbox 1323 2211 1378 2248; x_wconf 85' lang='grc'>(69)</span> <span class='ocrx_word' id='word_1_668' title='bbox 1395 2213 1424 2238; x_wconf 87' lang='grc' dir='ltr'><strong>ἐν</strong></span> <span class='ocrx_word' id='word_1_669' title='bbox 1441 2212 1511 2247; x_wconf 79' lang='grc' dir='ltr'>όχλῳ</span> <span class='ocrx_word' id='word_1_670' title='bbox 1529 2211 1607 2248; x_wconf 83' lang='grc' dir='ltr'>βαρεί</span> <span class='ocrx_word' id='word_1_671' title='bbox 1632 2213 1761 2248; x_wconf 79' lang='grc' dir='ltr'>ἔρχονται</span> <span class='ocrx_word' id='word_1_672' title='bbox 1779 2214 1830 2248; x_wconf 74' lang='grc' dir='ltr'>(τοι</span> 
     </span>
    </p>
   </div>
   <div class='ocr_carea' id='block_1_90' title="bbox 207 2256 987 2292">
    <p class='ocr_par' dir='ltr' id='par_1_90' title="bbox 207 2256 987 2292">
     <span class='ocr_line' id='line_1_90' title="bbox 207 2256 987 2292; baseline -0.003 -7"><span class='ocrx_word' id='word_1_673' title='bbox 207 2259 240 2285; x_wconf 90' lang='lat' dir='ltr'><strong>ad</strong></span> <span class='ocrx_word' id='word_1_674' title='bbox 268 2265 329 2285; x_wconf 88' lang='lat' dir='ltr'><strong>nos.</strong></span> <span class='ocrx_word' id='word_1_675' title='bbox 351 2257 407 2292; x_wconf 81' lang='lat' dir='ltr'><strong>Ego</strong></span> <span class='ocrx_word' id='word_1_676' title='bbox 431 2258 512 2292; x_wconf 79' lang='lat' dir='ltr'><strong>igitur</strong></span> <span class='ocrx_word' id='word_1_677' title='bbox 529 2263 556 2284; x_wconf 89' lang='lat' dir='ltr'><strong>et</strong></span> <span class='ocrx_word' id='word_1_678' title='bbox 578 2257 633 2284; x_wconf 82' lang='lat' dir='ltr'><strong>Dan</strong></span> <span class='ocrx_word' id='word_1_679' title='bbox 647 2277 655 2289; x_wconf 84' lang='grc'>,</span> <span class='ocrx_word' id='word_1_680' title='bbox 674 2257 804 2292; x_wconf 76' lang='lat' dir='ltr'><strong>[iungentes</strong></span> <span class='ocrx_word' id='word_1_681' title='bbox 819 2264 869 2284; x_wconf 88' lang='lat' dir='ltr'><strong>nos</strong></span> <span class='ocrx_word' id='word_1_682' title='bbox 888 2256 987 2284; x_wconf 81' lang='lat' dir='ltr'><strong>Amor-</strong></span> 
     </span>
    </p>
   </div>
   <div class='ocr_carea' id='block_1_91' title="bbox 209 2303 988 2336">
    <p class='ocr_par' dir='ltr' id='par_1_91' title="bbox 209 2303 988 2336">
     <span class='ocr_line' id='line_1_91' title="bbox 209 2303 988 2336; baseline -0.003 -5"><span class='ocrx_word' id='word_1_683' title='bbox 209 2305 309 2336; x_wconf 65' lang='lat' dir='ltr'><strong>rliatos,</strong></span> <span class='ocrx_word' id='word_1_684' title='bbox 335 2309 364 2331; x_wconf 85' lang='lat' dir='ltr'><strong>ut</strong></span> <span class='ocrx_word' id='word_1_685' title='bbox 388 2303 523 2331; x_wconf 80' lang='lat' dir='ltr'><strong>auxiliarii</strong></span> <span class='ocrx_word' id='word_1_686' title='bbox 540 2304 663 2330; x_wconf 81' lang='lat' dir='ltr'><strong>venimus</strong></span> <span class='ocrx_word' id='word_1_687' title='bbox 687 2303 714 2330; x_wconf 89' lang='lat' dir='ltr'><strong>iu</strong></span> <span class='ocrx_word' id='word_1_688' title='bbox 731 2303 868 2330; x_wconf 86' lang='lat' dir='ltr'><strong>civitatem</strong></span> <span class='ocrx_word' id='word_1_689' title='bbox 882 2310 988 2330; x_wconf 88' lang='lat' dir='ltr'><strong>eorum.</strong></span> 
     </span>
    </p>
   </div>
   <div class='ocr_carea' id='block_1_92' title="bbox 206 2348 989 2383">
    <p class='ocr_par' dir='ltr' id='par_1_92' title="bbox 206 2348 989 2383">
     <span class='ocr_line' id='line_1_92' title="bbox 206 2348 989 2383; baseline -0.001 -7"><span class='ocrx_word' id='word_1_690' title='bbox 206 2349 289 2377; x_wconf 82' lang='lat' dir='ltr'><strong>Nocte</strong></span> <span class='ocrx_word' id='word_1_691' title='bbox 304 2353 394 2376; x_wconf 74' lang='lat' dir='ltr'><strong>autem</strong></span> <span class='ocrx_word' id='word_1_692' title='bbox 411 2348 546 2383; x_wconf 74' lang='lat' dir='ltr'><strong>profunda</strong></span> <span class='ocrx_word' id='word_1_693' title='bbox 570 2348 743 2376; x_wconf 78' lang='lat' dir='ltr'><strong>venientibus</strong></span> <span class='ocrx_word' id='word_1_694' title='bbox 768 2349 899 2376; x_wconf 81' lang='lat' dir='ltr'><strong>fratribus</strong></span> <span class='ocrx_word' id='word_1_695' title='bbox 923 2356 989 2383; x_wconf 72' lang='lat' dir='ltr'><strong>ape—</strong></span> 
     </span>
    </p>
   </div>
   <div class='ocr_carea' id='block_1_93' title="bbox 206 2395 988 2430">
    <p class='ocr_par' dir='ltr' id='par_1_93' title="bbox 206 2395 988 2430">
     <span class='ocr_line' id='line_1_93' title="bbox 206 2395 988 2430; baseline -0.001 -7"><span class='ocrx_word' id='word_1_696' title='bbox 206 2396 313 2423; x_wconf 88' lang='lat' dir='ltr'><strong>ruimus</strong></span> <span class='ocrx_word' id='word_1_697' title='bbox 333 2400 437 2430; x_wconf 86' lang='lat' dir='ltr'><strong>portas,</strong></span> <span class='ocrx_word' id='word_1_698' title='bbox 449 2400 475 2422; x_wconf 82' lang='lat' dir='ltr'><strong>et</strong></span> <span class='ocrx_word' id='word_1_699' title='bbox 487 2402 582 2423; x_wconf 85' lang='lat' dir='ltr'><strong>omnes</strong></span> <span class='ocrx_word' id='word_1_700' title='bbox 598 2403 645 2422; x_wconf 84' lang='lat' dir='ltr'><strong>eos</strong></span> <span class='ocrx_word' id='word_1_701' title='bbox 659 2395 826 2429; x_wconf 90' lang='lat' dir='ltr'><strong>perdidimus</strong></span> <span class='ocrx_word' id='word_1_702' title='bbox 837 2415 844 2428; x_wconf 90' lang='lat'><strong>,</strong></span> <span class='ocrx_word' id='word_1_703' title='bbox 858 2399 886 2422; x_wconf 91' lang='lat' dir='ltr'><strong>et</strong></span> <span class='ocrx_word' id='word_1_704' title='bbox 897 2395 988 2422; x_wconf 89' lang='lat' dir='ltr'><strong>omnia</strong></span> 
     </span>
    </p>
   </div>
   <div class='ocr_carea' id='block_1_94' title="bbox 206 2441 988 2477">
    <p class='ocr_par' dir='ltr' id='par_1_94' title="bbox 206 2441 988 2477">
     <span class='ocr_line' id='line_1_94' title="bbox 206 2441 988 2477; baseline -0.001 -8"><span class='ocrx_word' id='word_1_705' title='bbox 206 2451 267 2477; x_wconf 78' lang='lat' dir='ltr'><strong>quae</strong></span> <span class='ocrx_word' id='word_1_706' title='bbox 281 2450 376 2469; x_wconf 89' lang='lat' dir='ltr'><strong>eorum</strong></span> <span class='ocrx_word' id='word_1_707' title='bbox 396 2446 484 2474; x_wconf 82' lang='lat' dir='ltr'><strong>erant,</strong></span> <span class='ocrx_word' id='word_1_708' title='bbox 501 2441 697 2476; x_wconf 66' lang='lat' dir='ltr'><strong>depraedantes,</strong></span> <span class='ocrx_word' id='word_1_709' title='bbox 713 2446 767 2469; x_wconf 89' lang='lat' dir='ltr'><strong>tres</strong></span> <span class='ocrx_word' id='word_1_710' title='bbox 782 2450 876 2469; x_wconf 93' lang='lat' dir='ltr'><strong>muros</strong></span> <span class='ocrx_word' id='word_1_711' title='bbox 892 2450 988 2469; x_wconf 88' lang='lat' dir='ltr'><strong>eorum</strong></span> 
     </span>
    </p>
   </div>
   <div class='ocr_carea' id='block_1_95' title="bbox 206 2486 988 2522">
    <p class='ocr_par' dir='ltr' id='par_1_95' title="bbox 206 2486 988 2522">
     <span class='ocr_line' id='line_1_95' title="bbox 206 2486 988 2522; baseline 0 -8"><span class='ocrx_word' id='word_1_712' title='bbox 206 2488 414 2522; x_wconf 78' lang='lat' dir='ltr'><strong>prostravimus.</strong></span> <span class='ocrx_word' id='word_1_713' title='bbox 432 2486 465 2514; x_wconf 84' lang='lat' dir='ltr'><strong>Et</strong></span> <span class='ocrx_word' id='word_1_714' title='bbox 483 2486 613 2514; x_wconf 71' lang='lat' dir='ltr'><strong>Thamnw.</strong></span> <span class='ocrx_word' id='word_1_715' title='bbox 633 2487 929 2522; x_wconf 84' lang='lat' dir='ltr'><strong>appropinquavimus,</strong></span> <span class='ocrx_word' id='word_1_716' title='bbox 942 2488 988 2515; x_wconf 92' lang='lat' dir='ltr'><strong>ubi</strong></span> 
     </span>
    </p>
   </div>
   <div class='ocr_carea' id='block_1_96' title="bbox 207 2532 990 2568">
    <p class='ocr_par' dir='ltr' id='par_1_96' title="bbox 207 2532 990 2568">
     <span class='ocr_line' id='line_1_96' title="bbox 207 2532 990 2568; baseline 0 -8"><span class='ocrx_word' id='word_1_717' title='bbox 207 2537 265 2560; x_wconf 87' lang='lat' dir='ltr'><strong>erat</strong></span> <span class='ocrx_word' id='word_1_718' title='bbox 284 2541 364 2560; x_wconf 87' lang='lat' dir='ltr'><strong>omne</strong></span> <span class='ocrx_word' id='word_1_719' title='bbox 375 2532 510 2567; x_wconf 82' lang='lat' dir='ltr'><strong>refugium</strong></span> <span class='ocrx_word' id='word_1_720' title='bbox 529 2533 688 2560; x_wconf 88' lang='lat' dir='ltr'><strong>bellantium</strong></span> <span class='ocrx_word' id='word_1_721' title='bbox 705 2541 809 2568; x_wconf 79' lang='lat' dir='ltr'><strong>regum.</strong></span> <span class='ocrx_word' id='word_1_722' title='bbox 824 2532 903 2560; x_wconf 90' lang='lat' dir='ltr'><strong>Tunc</strong></span> <span class='ocrx_word' id='word_1_723' title='bbox 917 2532 990 2568; x_wconf 83' lang='lat' dir='ltr'><strong>inju-</strong></span> 
     </span>
    </p>
   </div>
   <div class='ocr_carea' id='block_1_97' title="bbox 206 2577 988 2613">
    <p class='ocr_par' dir='ltr' id='par_1_97' title="bbox 206 2577 988 2613">
     <span class='ocr_line' id='line_1_97' title="bbox 206 2577 988 2613; baseline -0.001 -7"><span class='ocrx_word' id='word_1_724' title='bbox 206 2586 274 2607; x_wconf 77' lang='lat' dir='ltr'><strong>Lam</strong></span> <span class='ocrx_word' id='word_1_725' title='bbox 289 2586 387 2613; x_wconf 82' lang='lat' dir='ltr'><strong>passus</strong></span> <span class='ocrx_word' id='word_1_726' title='bbox 412 2579 499 2606; x_wconf 86' lang='lat' dir='ltr'><strong>iratus</strong></span> <span class='ocrx_word' id='word_1_727' title='bbox 515 2586 592 2610; x_wconf 83' lang='lat' dir='ltr'><strong>sum.</strong></span> <span class='ocrx_word' id='word_1_728' title='bbox 611 2583 638 2606; x_wconf 88' lang='lat' dir='ltr'><strong>et</strong></span> <span class='ocrx_word' id='word_1_729' title='bbox 654 2579 785 2613; x_wconf 89' lang='lat' dir='ltr'><strong>impetum</strong></span> <span class='ocrx_word' id='word_1_730' title='bbox 803 2577 855 2606; x_wconf 88' lang='lat' dir='ltr'><strong>feci</strong></span> <span class='ocrx_word' id='word_1_731' title='bbox 868 2578 897 2605; x_wconf 88' lang='lat' dir='ltr'><strong>in</strong></span> <span class='ocrx_word' id='word_1_732' title='bbox 914 2578 988 2613; x_wconf 88' lang='lat' dir='ltr'><strong>ipsos</strong></span> 
     </span>
    </p>
   </div>
   <div class='ocr_carea' id='block_1_98' title="bbox 243 2655 782 2691">
    <p class='ocr_par' dir='ltr' id='par_1_98' title="bbox 243 2655 782 2691">
     <span class='ocr_line' id='line_1_98' title="bbox 243 2655 782 2691; baseline -0.004 -8"><span class='ocrx_word' id='word_1_733' title='bbox 243 2657 299 2691; x_wconf 70' lang='grc'>(63)</span> <span class='ocrx_word' id='word_1_734' title='bbox 324 2656 493 2690; x_wconf 76' lang='grc' dir='ltr'>Ἐκατέρων.</span> <span class='ocrx_word' id='word_1_735' title='bbox 511 2656 570 2682; x_wconf 86' lang='grc' dir='ltr'><strong>Τῶν</strong></span> <span class='ocrx_word' id='word_1_736' title='bbox 585 2655 782 2691; x_wconf 36' lang='grc' dir='ltr'>μερῶνίϐιιιιο.</span> 
     </span>
    </p>
   </div>
   <div class='ocr_carea' id='block_1_99' title="bbox 229 2690 987 2732">
    <p class='ocr_par' dir='ltr' id='par_1_99' title="bbox 229 2690 987 2732">
     <span class='ocr_line' id='line_1_99' title="bbox 229 2690 987 2732; baseline -0.001 -15"><span class='ocrx_word' id='word_1_737' title='bbox 229 2693 298 2732; x_wconf 39' lang='lat'><strong>.(6&#39;6)</strong></span> <span class='ocrx_word' id='word_1_738' title='bbox 314 2691 368 2732; x_wconf 61' lang='lat' dir='ltr'><strong>Kal</strong></span> <span class='ocrx_word' id='word_1_739' title='bbox 384 2692 607 2725; x_wconf 64' lang='grc' dir='ltr'>παραλαϐόιτες</span> <span class='ocrx_word' id='word_1_740' title='bbox 618 2690 722 2723; x_wconf 76' lang='grc' dir='ltr'>αὐτήν.</span> <span class='ocrx_word' id='word_1_741' title='bbox 744 2690 798 2716; x_wconf 78' lang='grc' dir='ltr'><strong>Καὶ</strong></span> <span class='ocrx_word' id='word_1_742' title='bbox 817 2690 987 2726; x_wconf 78' lang='grc' dir='ltr'>πράσσοντες</span> 
     </span>
    </p>
   </div>
   <div class='ocr_carea' id='block_1_100' title="bbox 207 2728 845 2797">
    <p class='ocr_par' dir='ltr' id='par_1_100' title="bbox 207 2728 845 2797">
     <span class='ocr_line' id='line_1_100' title="bbox 207 2728 845 2797; baseline -0.003 -8"><span class='ocrx_word' id='word_1_743' title='bbox 207 2728 300 2797; x_wconf 33' lang='lat' dir='ltr'><strong>at???)</strong></span> <span class='ocrx_word' id='word_1_744' title='bbox 415 2761 539 2796; x_wconf 72' lang='grc' dir='ltr'><strong>Θαφουέ.</strong></span> <span class='ocrx_word' id='word_1_745' title='bbox 564 2761 608 2787; x_wconf 84' lang='grc' dir='ltr'>Ἐν</span> <span class='ocrx_word' id='word_1_746' title='bbox 624 2761 662 2796; x_wconf 80' lang='grc' dir='ltr'>τῷ</span> <span class='ocrx_word' id='word_1_747' title='bbox 675 2761 791 2794; x_wconf 80' lang='grc' dir='ltr'>Θαφουέ.</span> <span class='ocrx_word' id='word_1_748' title='bbox 807 2760 845 2787; x_wconf 87' lang='lat' dir='ltr'><strong>ID.</strong></span> 
     </span>
    </p>
   </div>
   <div class='ocr_carea' id='block_1_101' title="bbox 243 2796 986 2840">
    <p class='ocr_par' dir='ltr' id='par_1_101' title="bbox 243 2796 986 2840">
     <span class='ocr_line' id='line_1_101' title="bbox 243 2796 986 2840; baseline -0.001 -17"><span class='ocrx_word' id='word_1_749' title='bbox 243 2797 303 2840; x_wconf 51' lang='lat'><strong>(68)</strong></span> <span class='ocrx_word' id='word_1_750' title='bbox 314 2796 493 2840; x_wconf 59' lang='grc' dir='ltr'>Σιξνήψαμεν</span> <span class='ocrx_word' id='word_1_751' title='bbox 499 2797 618 2829; x_wconf 76' lang='grc' dir='ltr'>αὐτούς.</span> <span class='ocrx_word' id='word_1_752' title='bbox 628 2797 682 2822; x_wconf 87' lang='lat' dir='ltr'><strong>Kal</strong></span> <span class='ocrx_word' id='word_1_753' title='bbox 693 2797 859 2830; x_wconf 67' lang='grc' dir='ltr'>συνάψαντες</span> <span class='ocrx_word' id='word_1_754' title='bbox 872 2796 986 2831; x_wconf 79' lang='grc' dir='ltr'>ἐτρέψα-</span> 
     </span>
    </p>
   </div>
   <div class='ocr_carea' id='block_1_102' title="bbox 210 2832 985 2901">
    <p class='ocr_par' dir='ltr' id='par_1_102' title="bbox 210 2832 985 2901">
     <span class='ocr_line' id='line_1_102' title="bbox 210 2832 433 2864; baseline 0.009 -8"><span class='ocrx_word' id='word_1_755' title='bbox 210 2840 260 2864; x_wconf 80' lang='grc' dir='ltr'><strong>μεν</strong></span> <span class='ocrx_word' id='word_1_756' title='bbox 275 2832 380 2862; x_wconf 82' lang='grc' dir='ltr'>αὐτούς.</span> <span class='ocrx_word' id='word_1_757' title='bbox 396 2832 433 2858; x_wconf 79' lang='lat' dir='ltr'><strong>In.</strong></span> 
     </span>
     <span class='ocr_line' id='line_1_103' title="bbox 245 2865 985 2901; baseline 0 -9"><span class='ocrx_word' id='word_1_758' title='bbox 245 2865 301 2901; x_wconf 77' lang='lat'><strong>(69)</strong></span> <span class='ocrx_word' id='word_1_759' title='bbox 318 2868 350 2893; x_wconf 83' lang='grc' dir='ltr'><strong>Αἱ</strong></span> <span class='ocrx_word' id='word_1_760' title='bbox 365 2867 465 2898; x_wconf 74' lang='grc' dir='ltr'>πόλεις</span> <span class='ocrx_word' id='word_1_761' title='bbox 481 2865 539 2893; x_wconf 82' lang='grc' dir='ltr'><strong>τῶν</strong></span> <span class='ocrx_word' id='word_1_762' title='bbox 560 2865 613 2893; x_wconf 77' lang='grc' dir='ltr'>δύο</span> <span class='ocrx_word' id='word_1_763' title='bbox 633 2866 795 2898; x_wconf 77' lang='grc' dir='ltr'><strong>βασιλέων.</strong></span> <span class='ocrx_word' id='word_1_764' title='bbox 816 2867 887 2899; x_wconf 80' lang='grc' dir='ltr'>Γαᾶς</span> <span class='ocrx_word' id='word_1_765' title='bbox 910 2865 985 2897; x_wconf 85' lang='grc' dir='ltr'>πόλις</span> 
     </span>
    </p>
   </div>
   <div class='ocr_carea' id='block_1_103' title="bbox 1041 2255 1830 2293">
    <p class='ocr_par' dir='ltr' id='par_1_103' title="bbox 1041 2255 1830 2293">
     <span class='ocr_line' id='line_1_104' title="bbox 1041 2255 1830 2293; baseline 0.003 -10"><span class='ocrx_word' id='word_1_766' title='bbox 1041 2256 1107 2292; x_wconf 80' lang='grc' dir='ltr'>πρὸς</span> <span class='ocrx_word' id='word_1_767' title='bbox 1123 2257 1207 2292; x_wconf 78' lang='grc' dir='ltr'>ἡμᾶς.</span> <span class='ocrx_word' id='word_1_768' title='bbox 1232 2256 1301 2291; x_wconf 87' lang='grc' dir='ltr'>Ἐγὼ</span> <span class='ocrx_word' id='word_1_769' title='bbox 1317 2255 1363 2284; x_wconf 84' lang='grc' dir='ltr'>οὖν</span> <span class='ocrx_word' id='word_1_770' title='bbox 1380 2258 1426 2284; x_wconf 75' lang='grc' dir='ltr'>καὶ</span> <span class='ocrx_word' id='word_1_771' title='bbox 1443 2257 1505 2289; x_wconf 77' lang='grc' dir='ltr'>Δάν,</span> <span class='ocrx_word' id='word_1_772' title='bbox 1523 2259 1778 2293; x_wconf 80' lang='grc' dir='ltr'>προσποιησάμενοι</span> <span class='ocrx_word' id='word_1_773' title='bbox 1792 2259 1830 2285; x_wconf 84' lang='grc' dir='ltr'><strong>’Δ-</strong></span> 
     </span>
    </p>
   </div>
   <div class='ocr_carea' id='block_1_104' title="bbox 1041 2303 1828 2338">
    <p class='ocr_par' dir='ltr' id='par_1_104' title="bbox 1041 2303 1828 2338">
     <span class='ocr_line' id='line_1_105' title="bbox 1041 2303 1828 2338; baseline 0.003 -10"><span class='ocrx_word' id='word_1_774' title='bbox 1041 2303 1197 2338; x_wconf 80' lang='grc' dir='ltr'>μοῤῥαίους,</span> <span class='ocrx_word' id='word_1_775' title='bbox 1215 2303 1253 2334; x_wconf 90' lang='grc' dir='ltr'>ὼς</span> <span class='ocrx_word' id='word_1_776' title='bbox 1271 2303 1408 2338; x_wconf 84' lang='grc' dir='ltr'>σύμμαχοι</span> <span class='ocrx_word' id='word_1_777' title='bbox 1434 2303 1550 2338; x_wconf 73' lang='grc' dir='ltr'>ἧλθομεν</span> <span class='ocrx_word' id='word_1_778' title='bbox 1567 2303 1608 2334; x_wconf 87' lang='grc' dir='ltr'><strong>είς</strong></span> <span class='ocrx_word' id='word_1_779' title='bbox 1623 2303 1674 2338; x_wconf 79' lang='grc' dir='ltr'>τὴν</span> <span class='ocrx_word' id='word_1_780' title='bbox 1691 2304 1770 2330; x_wconf 80' lang='grc' dir='ltr'>πόλιν</span> <span class='ocrx_word' id='word_1_781' title='bbox 1786 2305 1828 2330; x_wconf 69' lang='grc' dir='ltr'><strong>αῦ-</strong></span> 
     </span>
    </p>
   </div>
   <div class='ocr_carea' id='block_1_105' title="bbox 1039 2349 1826 2388">
    <p class='ocr_par' dir='ltr' id='par_1_105' title="bbox 1039 2349 1826 2388">
     <span class='ocr_line' id='line_1_106' title="bbox 1039 2349 1826 2388; baseline 0.001 -12"><span class='ocrx_word' id='word_1_782' title='bbox 1039 2350 1103 2376; x_wconf 88' lang='grc' dir='ltr'>τῶν.</span> <span class='ocrx_word' id='word_1_783' title='bbox 1135 2349 1222 2376; x_wconf 74' lang='grc' dir='ltr'>Νυκτὶ</span> <span class='ocrx_word' id='word_1_784' title='bbox 1245 2349 1273 2376; x_wconf 86' lang='grc' dir='ltr'>δὲ</span> <span class='ocrx_word' id='word_1_785' title='bbox 1297 2349 1391 2385; x_wconf 76' lang='grc' dir='ltr'>βαθείᾳ</span> <span class='ocrx_word' id='word_1_786' title='bbox 1416 2349 1521 2376; x_wconf 81' lang='grc' dir='ltr'>ἐλθοῦσι</span> <span class='ocrx_word' id='word_1_787' title='bbox 1545 2351 1600 2381; x_wconf 85' lang='grc' dir='ltr'>τοῖς</span> <span class='ocrx_word' id='word_1_788' title='bbox 1624 2349 1752 2384; x_wconf 77' lang='grc' dir='ltr'>ἀδελφοῖς</span> <span class='ocrx_word' id='word_1_789' title='bbox 1776 2351 1826 2388; x_wconf 81' lang='grc'>(71)</span> 
     </span>
    </p>
   </div>
   <div class='ocr_carea' id='block_1_106' title="bbox 1040 2393 1828 2429">
    <p class='ocr_par' dir='ltr' id='par_1_106' title="bbox 1040 2393 1828 2429">
     <span class='ocr_line' id='line_1_107' title="bbox 1040 2393 1828 2429; baseline 0.003 -9"><span class='ocrx_word' id='word_1_790' title='bbox 1040 2393 1182 2429; x_wconf 77' lang='grc' dir='ltr'>ὴνοίξαμεν</span> <span class='ocrx_word' id='word_1_791' title='bbox 1200 2393 1248 2426; x_wconf 81' lang='grc' dir='ltr'><strong>τὰς</strong></span> <span class='ocrx_word' id='word_1_792' title='bbox 1265 2394 1352 2426; x_wconf 79' lang='grc' dir='ltr'>πύλας</span> <span class='ocrx_word' id='word_1_793' title='bbox 1370 2394 1437 2429; x_wconf 70' lang='grc'>(72),</span> <span class='ocrx_word' id='word_1_794' title='bbox 1462 2394 1510 2420; x_wconf 79' lang='grc' dir='ltr'>καὶ</span> <span class='ocrx_word' id='word_1_795' title='bbox 1528 2394 1633 2426; x_wconf 82' lang='grc' dir='ltr'>πάντας</span> <span class='ocrx_word' id='word_1_796' title='bbox 1651 2396 1752 2427; x_wconf 72' lang='grc' dir='ltr'>αὐτοὺς</span> <span class='ocrx_word' id='word_1_797' title='bbox 1768 2395 1828 2422; x_wconf 80' lang='grc' dir='ltr'>ὡλο-</span> 
     </span>
    </p>
   </div>
   <div class='ocr_carea' id='block_1_107' title="bbox 1040 2439 1827 2476">
    <p class='ocr_par' dir='ltr' id='par_1_107' title="bbox 1040 2439 1827 2476">
     <span class='ocr_line' id='line_1_108' title="bbox 1040 2439 1827 2476; baseline 0.003 -10"><span class='ocrx_word' id='word_1_798' title='bbox 1040 2439 1202 2475; x_wconf 86' lang='grc' dir='ltr'>Θρεύσαμεν,</span> <span class='ocrx_word' id='word_1_799' title='bbox 1219 2441 1265 2467; x_wconf 84' lang='grc' dir='ltr'>καὶ</span> <span class='ocrx_word' id='word_1_800' title='bbox 1282 2440 1369 2467; x_wconf 83' lang='grc' dir='ltr'>πάντα</span> <span class='ocrx_word' id='word_1_801' title='bbox 1380 2439 1414 2466; x_wconf 81' lang='grc' dir='ltr'>τὰ</span> <span class='ocrx_word' id='word_1_802' title='bbox 1425 2439 1514 2467; x_wconf 79' lang='grc' dir='ltr'>αὐτῶν</span> <span class='ocrx_word' id='word_1_803' title='bbox 1530 2440 1780 2476; x_wconf 78' lang='grc' dir='ltr'>προνομεύσαντες.</span> <span class='ocrx_word' id='word_1_804' title='bbox 1795 2441 1827 2468; x_wconf 76' lang='grc' dir='ltr'>τὰ</span> 
     </span>
    </p>
   </div>
   <div class='ocr_carea' id='block_1_108' title="bbox 1039 2485 1825 2522">
    <p class='ocr_par' dir='ltr' id='par_1_108' title="bbox 1039 2485 1825 2522">
     <span class='ocr_line' id='line_1_109' title="bbox 1039 2485 1825 2522; baseline -0.001 -9"><span class='ocrx_word' id='word_1_805' title='bbox 1039 2487 1105 2522; x_wconf 90' lang='grc' dir='ltr'>τρία</span> <span class='ocrx_word' id='word_1_806' title='bbox 1121 2487 1200 2522; x_wconf 80' lang='grc' dir='ltr'>τείχη</span> <span class='ocrx_word' id='word_1_807' title='bbox 1224 2485 1312 2512; x_wconf 84' lang='grc' dir='ltr'>αὐτῶν</span> <span class='ocrx_word' id='word_1_808' title='bbox 1339 2485 1508 2521; x_wconf 80' lang='grc' dir='ltr'>καθείλομεν.</span> <span class='ocrx_word' id='word_1_809' title='bbox 1535 2486 1590 2512; x_wconf 88' lang='lat' dir='ltr'><strong>Kal</strong></span> <span class='ocrx_word' id='word_1_810' title='bbox 1619 2486 1650 2512; x_wconf 83' lang='grc' dir='ltr'><strong>ἐν</strong></span> <span class='ocrx_word' id='word_1_811' title='bbox 1672 2488 1708 2522; x_wconf 80' lang='grc' dir='ltr'>τῇ</span> <span class='ocrx_word' id='word_1_812' title='bbox 1735 2487 1825 2522; x_wconf 67' lang='grc' dir='ltr'>Θάμνα</span> 
     </span>
    </p>
   </div>
   <div class='ocr_carea' id='block_1_109' title="bbox 1041 2529 1825 2570">
    <p class='ocr_par' dir='ltr' id='par_1_109' title="bbox 1041 2529 1825 2570">
     <span class='ocr_line' id='line_1_110' title="bbox 1041 2529 1825 2570; baseline 0.003 -11"><span class='ocrx_word' id='word_1_813' title='bbox 1041 2533 1276 2569; x_wconf 74' lang='grc' dir='ltr'>προσηγγίσαμεν,</span> <span class='ocrx_word' id='word_1_814' title='bbox 1302 2529 1332 2559; x_wconf 73' lang='grc' dir='ltr'><strong>οὗ</strong></span> <span class='ocrx_word' id='word_1_815' title='bbox 1357 2530 1390 2567; x_wconf 79' lang='grc' dir='ltr'>ἦν</span> <span class='ocrx_word' id='word_1_816' title='bbox 1413 2533 1487 2558; x_wconf 80' lang='grc' dir='ltr'>πᾶσα</span> <span class='ocrx_word' id='word_1_817' title='bbox 1510 2533 1526 2568; x_wconf 82' lang='grc' dir='ltr'>ἡ</span> <span class='ocrx_word' id='word_1_818' title='bbox 1551 2533 1682 2569; x_wconf 65' lang='grc' dir='ltr'>ἀποφυγὴ</span> <span class='ocrx_word' id='word_1_819' title='bbox 1704 2535 1758 2570; x_wconf 79' lang='lat'><strong>(75)</strong></span> <span class='ocrx_word' id='word_1_820' title='bbox 1774 2534 1825 2561; x_wconf 81' lang='grc' dir='ltr'><strong>τῶν</strong></span> 
     </span>
    </p>
   </div>
   <div class='ocr_carea' id='block_1_110' title="bbox 1040 2578 1821 2616">
    <p class='ocr_par' dir='ltr' id='par_1_110' title="bbox 1040 2578 1821 2616">
     <span class='ocr_line' id='line_1_111' title="bbox 1040 2578 1821 2616; baseline 0 -10"><span class='ocrx_word' id='word_1_821' title='bbox 1040 2579 1175 2614; x_wconf 87' lang='grc' dir='ltr'>πολεμίων</span> <span class='ocrx_word' id='word_1_822' title='bbox 1207 2578 1347 2614; x_wconf 82' lang='grc' dir='ltr'>βασιλέων.</span> <span class='ocrx_word' id='word_1_823' title='bbox 1381 2578 1446 2604; x_wconf 83' lang='grc' dir='ltr'>Τότε</span> <span class='ocrx_word' id='word_1_824' title='bbox 1472 2578 1650 2613; x_wconf 75' lang='grc' dir='ltr'>ὑϐριζόμενος</span> <span class='ocrx_word' id='word_1_825' title='bbox 1673 2580 1821 2616; x_wconf 76' lang='grc' dir='ltr'>ἐθυμώθην,</span> 
     </span>
    </p>
   </div>
   <div class='ocr_carea' id='block_1_111' title="bbox 1040 2657 1244 2694">
    <p class='ocr_par' dir='ltr' id='par_1_111' title="bbox 1040 2657 1244 2694">
     <span class='ocr_line' id='line_1_112' title="bbox 1040 2657 1244 2694; baseline 0 -9"><span class='ocrx_word' id='word_1_826' title='bbox 1040 2659 1181 2694; x_wconf 80' lang='grc' dir='ltr'>βασιλέων.</span> <span class='ocrx_word' id='word_1_827' title='bbox 1207 2657 1244 2685; x_wconf 81' lang='lat' dir='ltr'><strong>In.</strong></span> 
     </span>
    </p>
   </div>
   <div class='ocr_carea' id='block_1_112' title="bbox 1072 2693 1523 2729">
    <p class='ocr_par' dir='ltr' id='par_1_112' title="bbox 1072 2693 1523 2729">
     <span class='ocr_line' id='line_1_113' title="bbox 1072 2693 1523 2729; baseline 0 -10"><span class='ocrx_word' id='word_1_828' title='bbox 1072 2694 1129 2728; x_wconf 60' lang='lat'><strong>(70!</strong></span> <span class='ocrx_word' id='word_1_829' title='bbox 1149 2694 1314 2727; x_wconf 81' lang='grc' dir='ltr'>Ἔρχονται.</span> <span class='ocrx_word' id='word_1_830' title='bbox 1332 2694 1469 2729; x_wconf 85' lang='grc' dir='ltr'>Ἔρχεται.</span> <span class='ocrx_word' id='word_1_831' title='bbox 1486 2693 1523 2720; x_wconf 88' lang='lat' dir='ltr'><strong>In.</strong></span> 
     </span>
    </p>
   </div>
   <div class='ocr_carea' id='block_1_113' title="bbox 1074 2727 1823 2788">
    <p class='ocr_par' dir='ltr' id='par_1_113' title="bbox 1074 2727 1823 2788">
     <span class='ocr_line' id='line_1_114' title="bbox 1074 2727 1823 2764; baseline 0.004 -9"><span class='ocrx_word' id='word_1_832' title='bbox 1074 2728 1130 2764; x_wconf 82' lang='grc'>(71)</span> <span class='ocrx_word' id='word_1_833' title='bbox 1157 2729 1292 2755; x_wconf 80' lang='grc' dir='ltr'>Ἐλθοῦσι</span> <span class='ocrx_word' id='word_1_834' title='bbox 1320 2727 1388 2760; x_wconf 43' lang='lat' dir='ltr'><strong>tofi&quot;</strong></span> <span class='ocrx_word' id='word_1_835' title='bbox 1404 2727 1556 2763; x_wconf 67' lang='grc' dir='ltr'>ἀδελφοῖς.</span> <span class='ocrx_word' id='word_1_836' title='bbox 1592 2728 1742 2758; x_wconf 74' lang='grc' dir='ltr'>Ἐλθόντων</span> <span class='ocrx_word' id='word_1_837' title='bbox 1772 2728 1823 2758; x_wconf 59' lang='grc' dir='ltr'><strong>τάν</strong></span> 
     </span>
     <span class='ocr_line' id='line_1_115' title="bbox 1074 2762 1314 2788; baseline 0 0"><span class='ocrx_word' id='word_1_838' title='bbox 1074 2764 1159 2788; x_wconf 67' lang='grc' dir='ltr'>ελωῶν</span> <span class='ocrx_word' id='word_1_839' title='bbox 1175 2763 1263 2788; x_wconf 72' lang='grc' dir='ltr'>ἡμῶν.</span> <span class='ocrx_word' id='word_1_840' title='bbox 1277 2762 1314 2788; x_wconf 80' lang='lat' dir='ltr'><strong>lo.</strong></span> 
     </span>
    </p>
   </div>
   <div class='ocr_carea' id='block_1_114' title="bbox 1038 2764 1434 2833">
    <p class='ocr_par' dir='ltr' id='par_1_114' title="bbox 1038 2764 1434 2833">
     <span class='ocr_line' id='line_1_116' title="bbox 1038 2764 1314 2807; baseline -0.004 -17"><span class='ocrx_word' id='word_1_841' title='bbox 1038 2764 1159 2806; x_wconf 69' lang='grc' dir='ltr'>ἀδελφῶν</span> <span class='ocrx_word' id='word_1_842' title='bbox 1175 2764 1263 2807; x_wconf 71' lang='grc' dir='ltr'>ἡμῶν.</span> <span class='ocrx_word' id='word_1_843' title='bbox 1277 2764 1314 2789; x_wconf 81' lang='lat' dir='ltr'><strong>lo.</strong></span> 
     </span>
     <span class='ocr_line' id='line_1_117' title="bbox 1074 2797 1434 2833; baseline -0.006 -6"><span class='ocrx_word' id='word_1_844' title='bbox 1074 2799 1130 2833; x_wconf 71' lang='grc'><strong>(12)</strong></span> <span class='ocrx_word' id='word_1_845' title='bbox 1150 2800 1262 2831; x_wconf 80' lang='grc' dir='ltr'>Πυλας.</span> <span class='ocrx_word' id='word_1_846' title='bbox 1276 2799 1382 2830; x_wconf 78' lang='grc' dir='ltr'>Αὑτοίς.</span> <span class='ocrx_word' id='word_1_847' title='bbox 1396 2797 1434 2825; x_wconf 81' lang='lat' dir='ltr'><strong>In.</strong></span> 
     </span>
    </p>
   </div>
   <div class='ocr_carea' id='block_1_115' title="bbox 1074 2833 1553 2869">
    <p class='ocr_par' dir='ltr' id='par_1_115' title="bbox 1074 2833 1553 2869">
     <span class='ocr_line' id='line_1_118' title="bbox 1074 2833 1553 2869; baseline 0.004 -10"><span class='ocrx_word' id='word_1_848' title='bbox 1074 2834 1131 2869; x_wconf 80' lang='grc'>(75)</span> <span class='ocrx_word' id='word_1_849' title='bbox 1158 2833 1315 2868; x_wconf 74' lang='grc' dir='ltr'>Ἀποφυγή,</span> <span class='ocrx_word' id='word_1_850' title='bbox 1337 2834 1499 2869; x_wconf 71' lang='grc' dir='ltr'>’Δποσκευή.</span> <span class='ocrx_word' id='word_1_851' title='bbox 1515 2833 1553 2862; x_wconf 84' lang='lat' dir='ltr'><strong>In.</strong></span> 
     </span>
    </p>
   </div>
  </div>
