1913 3102
65 187 128 216 11175

686 187 946 218 ἜΕΞΤΑΜΕΝΤΠΜ
961 190 1067 219 ιίυωὲ.

1600 196 1669 223 107ι

63 246 105 272 καὶ
120 244 237 280 ὥρμησα
254 244 298 271 ἐπ’
315 245 413 277 αὐτοὺς
433 245 479 272 ἐπὶ
502 245 551 281 τὴν
568 245 693 281 κορυφήν
706 254 712 260 '
726 246 841 273 κάκεῖνοι

898 256 980 282 super
993 249 1121 276 verticem
1139 258 1145 276 :
1160 254 1185 276 et
1209 249 1248 277 illi
1267 249 1358 278 fundis
1375 251 1510 286 jaciebant
1528 261 1609 288 super
1625 263 1668 282 me

62 289 217 324 ἐσφενδόνων
237 289 280 316 ἐπ’
305 290 354 324 ἐμὲ
376 289 461 321 λίθοις
487 291 534 316 καὶ
557 289 662 322 τόξοις·
688 291 737 317 καὶ
760 293 786 318 εἰ
805 292 841 327 μὴ

61 336 107 362 Δὰν
122 336 136 362 ὁ
151 335 264 370 ἀδελφός
282 344 331 370 μου
350 336 520 371 συνεμάχησε
532 345 586 371 μοι,
596 334 668 371 εἶχόν
680 345 712 372 με
725 337 839 364 ἀνελεῖν.

67 381 228 417 Ἐπήλθομεν
245 379 291 408 οὖν
307 382 352 408 ἐπ’
369 382 468 413 αὐτοὺς
487 382 556 417 μετά
572 382 727 417 θυμοῦ,καὶ
743 383 842 415 πάντες

61 427 167 461 ἔφυγον·
197 427 246 453 καὶ
268 427 417 459 διελθόντες
441 427 474 454 δι’
493 427 575 463 ἀλλης
591 428 669 460 ὀδοῦ,
695 428 842 464 ἐδεήθησαν

61 472 101 498 τοῦ
117 471 219 507 πατρός
236 481 285 507 μου
297 491 304 503 ,
321 471 368 498 καὶ
389 471 520 507 ἐποίησεν
544 473 654 508 εἰρήνην
679 473 737 508 μετ’
753 472 842 499 αὐτῶν

62 517 121 552 (74),
133 517 180 544 καὶ
190 517 242 544 οὐκ
257 517 425 552 ἐποιήσαμεν
450 516 541 548 αὐτοῖς
565 517 641 544 οὐδὲν
666 517 766 550 κακὸν,
785 517 841 544 ἀλλ’

61 563 218 598 ἐποιήσαμεν
244 563 342 594 αὐτοὺς
369 562 566 594 ὑποσπόνδους,
591 563 639 589 καὶ
664 562 843 598 ἀπεδώκαμεν

61 609 143 640 αὐτοῖς
161 609 253 635 πᾶσαν
261 609 310 643 τὴν
328 608 526 644 αἰχμαλωσίαν.
544 608 600 634 Καὶ
609 608 770 644 ᾠκοδόμησα
787 608 842 643 ἐγὼ

60 654 103 689 τήν
118 654 238 689 Θάμναν,
255 654 302 681 καὶ
318 655 332 680 ὁ
345 655 435 690 πατήρ
453 664 502 690 μου
518 654 569 690 τὴν
585 654 732 690 Ῥαμὸαήλ.
749 655 841 681 Εἴκοσι

61 700 121 725 ἑτῶν
137 699 222 734 ήμην,
240 700 285 726 ὅτε
301 700 408 733 ἐγένετο
425 701 439 726 ό
452 700 569 735 πόλεμος
587 697 678 731 οὗτος·
704 701 750 726 καὶ
772 698 841 735 ἦσαν

60 743 82 770 οἱ
95 743 237 771 Χαναναῖοι
256 743 415 778 φοῦούμενοί
432 752 480 778 με,
490 744 537 770 καὶ
553 744 616 775 τοὺς
628 743 757 778 ἀδελφούς
777 753 838 779 μου.

91 788 128 815 Η¹.
146 797 155 814 ι
169 786 226 814 Ἦν
238 788 267 815 δέ
288 797 332 823 μοι
345 789 392 815 καὶ
407 789 492 825 κτήνη
508 788 603 821 πολλὰ,
618 790 665 816 καὶ
678 787 750 824 εἶχον
764 790 841 825 ἀρχι-

60 833 168 869 ποίμενα
189 834 262 870 Ἱρᾶν
279 833 324 860 τὸν
344 834 534 870 ὀδολαμίτηνσ
557 836 626 871 πρὸς
642 836 672 862 ὃν
690 835 784 866 ἐλθὼν,
802 834 840 862 εί-

59 879 98 905 δον
113 879 221 915 Βάρααν
235 879 290 916 (75)
302 879 413 916 βασιλέα
431 880 554 916 Ὀδολάμ.
568 881 623 908 Καὶ
639 881 763 916 ἐποίησεν
777 882 841 917 ήμῐν

894 296 1007 331 lapides,
1022 301 1047 324 ct
1061 297 1253 331 iaculabantur
1265 298 1382 326 arcubus
1394 307 1401 331 ;
1417 304 1443 326 et
1456 300 1507 326 nisi
1520 299 1575 327 Dan
1586 300 1669 327 frater

893 350 971 370 mens
997 343 1133 377 suppetias
1157 343 1223 370 mihi
1253 344 1379 376 tulisset,
1398 345 1596 372 interfecissent
1614 354 1667 372 me.

894 387 1106 422 Supervenimus
1135 389 1217 424 igitur
1243 389 1311 424 ipsis
1335 397 1397 417 cum
1416 389 1516 421 furore.
1536 395 1563 417 et
1574 399 1670 419 omnes

895 432 1041 467 fugerunt;
1064 437 1091 460 et
1111 438 1285 463 transeuntes
1301 443 1347 470 per
1364 436 1445 463 aliam
1456 437 1527 463 viam
1539 437 1665 471 depreca-

892 477 991 504 bantur
1011 482 1115 512 patrem
1138 487 1239 512 meum,
1264 486 1291 507 et
1310 480 1374 508 fecit
1392 488 1484 515 pacem
1500 489 1560 508 cum
1573 482 1629 514 eis,
1644 487 1671 510 et

893 531 948 550 non
960 523 1074 552 fecimus
1104 524 1144 552 eis
1174 525 1322 560 quidquam
1350 527 1435 559 mali,
1458 527 1505 554 sed
1528 527 1590 554 data
1606 529 1668 560 ﬁde.

892 570 1046 604 recepimus
1058 577 1106 597 eos
1120 570 1146 596 in
1158 571 1327 605 societatem,
1339 577 1365 599 et
1375 573 1540 601 reddidimus
1558 574 1598 601 eis
1613 582 1672 601 on-

894 623 944 642 nes
957 617 1089 650 captivos.
1103 616 1135 643 Et
1149 617 1280 644 :ediilcavi
1303 625 1353 652 ego
1372 617 1534 651 Thamnam,
1556 625 1583 647 et
1597 626 1671 654 pater

892 668 970 689 meus
997 661 1160 689 Rambahel.
1187 662 1286 698 Viginti
1305 671 1438 691 annorum
1458 667 1672 699 eram.I|uando

892 707 994 734 factum
1019 712 1061 735 est
1081 709 1153 736 istud
1170 709 1290 742 bellum;
1312 714 1340 737 et
1362 709 1507 738 Chananzei
1523 712 1672 739 timuerunt

892 761 945 784 me,
963 757 990 780 et
1005 752 1102 780 fratres
1121 761 1207 781 meos.

927 799 994 826 VIII.
1017 809 1026 824 ‹
1041 799 1124 826 Erant
1139 804 1228 827 autem
1241 800 1307 826 mihi
1320 805 1347 827 et
1361 808 1458 835 pecora
1473 802 1570 834 multa,
1583 807 1610 829 et
1623 803 1672 830 ha-

891 843 986 871 bebam
1009 844 1157 878 principem
1173 850 1311 879 pastorum
1335 845 1395 873 Iran
1420 845 1616 880 Odolamiteni;
1638 849 1672 874 ad

891 896 971 923 quem
994 897 1057 916 cum
1080 890 1151 921 veni,
1170 890 1223 917 vidi
1250 889 1352 917 Barsan
1374 898 1464 925 regem
1489 892 1613 919 Odolam.
1639 893 1673 920 ΕΙ.

60 923 134 950 πότον
143 931 149 938 ·
163 925 210 950 καὶ
231 925 422 960 παρακαλέσας
433 925 523 952 δίδωσί
536 934 580 961 μοι
592 926 641 962 τὴν
655 926 791 961 θυγατέρα
798 927 841 952 αὺ-

897 932 955 959 leeit
979 933 1058 960 nobis
1082 933 1252 966 convivium,
1279 939 1305 961 et
1331 923 1479 968 deprecans
1506 936 1579 962 dedit
1606 937 1672 965 mihi

59 968 100 995 τοῦ
108 969 229 1005 Βησσουὲ
241 970 280 1002 εἰς
288 972 414 1004 γυναῖκα.
425 971 499 1006 Αὕτη
508 971 584 997 ἔτεκέ
594 980 638 1007 μοι
646 971 691 998 τὸν
700 972 750 1006 Εἳρ
760 972 839 1007 (75‘),

59 1016 101 1040 καί
112 1015 156 1041 τὸν
169 1017 258 1043 Αὺνᾶν
269 1015 334 1051 (76),
348 1016 394 1043 καὶ
406 1016 512 1051 Σιλώμ·
529 1013 566 1043 ὧν
579 1017 642 1048 τοὺς
653 1017 699 1043 δύο
712 1018 842 1048 ἀτέκνους

59 1059 140 1087 ἀνεῖλε
165 1060 283 1095 Κύριος·
302 1062 316 1087 ό
335 1061 391 1097 γὰρ
411 1061 504 1099 Σιλὼμ
529 1061 620 1098 ἔζησε,
637 1063 684 1089 καὶ
707 1062 741 1089 τὰ
759 1063 841 1090 τέκνα

60 1105 134 1133 αὐτοῦ
149 1106 230 1141 ὑμεῖς
245 1107 315 1133 ἐστε,

89 1150 125 1177 Θ’.
145 1161 154 1176 ι
169 1151 314 1178 Δεκαοκτὼ
332 1151 378 1188 ἔτη
402 1152 571 1188 ἐποιήσαμεν
590 1153 710 1188 εἰρήνην,
723 1155 738 1180 ὁ
752 1153 842 1189 πατὴρ

60 1197 130 1231 ἡμῶν
145 1198 192 1224 καὶ
204 1198 295 1233 ἡμεῖς,
313 1197 381 1232 μετὰ
392 1198 438 1224 τοῦ
455 1198 568 1233 ἀδελφοῦ
581 1199 661 1226 αὑτοῦ
685 1199 781 1231 Ἠσαῦ,
795 1200 841 1226 καὶ

60 1243 80 1268 οἱ
97 1243 147 1269 υἱοὶ
167 1242 251 1270 αὑτοῦ
273 1243 429 1279 μεθ’ήμῶν,
449 1244 518 1280 μετά
540 1245 586 1271 τοῦ
609 1244 695 1272 ἐλθεῖν
716 1246 789 1281 ἡμᾶς
810 1247 841 1272 ἐκ

60 1290 268 1325 Μεσοποταμίας
291 1290 343 1317 ἀπὸ
362 1290 464 1321 Δάϐαν.
491 1291 546 1317 Καὶ
571 1291 768 1327 πληρωθέντων
785 1292 842 1318 τῶν

59 1335 187 1362 δεκαοκτιῦ
205 1336 283 1368 ἐτῶν,
300 1338 329 1363 ἐν
344 1336 383 1375 τῷ
394 1336 603 1372 τεσσαρακοστῷ
623 1337 678 1364 ἔτει
697 1337 747 1373 τῆς
769 1337 842 1373 ζωῆς

62 1389 116 1419 μου,
127 1381 244 1416 ἐπῆλθεν
257 1382 321 1417 ἡμῖν
336 1380 430 1413 Ἡσαῦ,
443 1382 457 1407 ὸ
468 1381 580 1416 ἀδελφὸς
597 1382 644 1408 τοῦ
661 1383 764 1418 πατρός
780 1391 841 1418 μου,

61 1425 86 1450 ἐν
102 1425 155 1461 λαῷ
179 1426 260 1462 βαρεῖ
277 1427 324 1454 καὶ
341 1426 453 1462 ἰσχυρῷ·
472 1427 519 1454 καὶ
540 1427 635 1453 ἔπεσεν
654 1427 709 1463 (77)
726 1428 754 1454 ἐν
773 1427 841 1463 τόξῳ

66 1470 156 1503 Ἰακὼϐ
183 1472 256 1508 (78),
279 1473 326 1499 καὶ
347 1472 416 1508 ήρθη
440 1472 535 1508 νεκρὸς
561 1473 589 1499 ὲν
610 1472 666 1508 ὄρει
691 1473 775 1508 Σιείρ·
795 1473 842 1500 καὶ

61 1517 236 1552 πορευόμενος
248 1518 339 1545 ἐπάνω
350 1519 493 1554 Εῐρραμνᾶ
508 1518 565 1553 (80)
582 1518 725 1545 ἀπέθανεν.
745 1519 841 1554 Ἡμεῖς

60 1560 85 1592 if:
101 1561 248 1598 ἐδιώξαμεν
266 1564 311 1590 ἐπὶ
327 1564 391 1595 τοὺς
412 1564 484 1595 υἱοὺς
501 1563 595 1590 Ἡσαῦ.
612 1561 666 1589 ’Ἦν
688 1563 716 1590 δέ
737 1563 841 1595 τούτοις

61 1607 139 1639 πόλις,
157 1608 206 1634 καὶ
226 1609 315 1643 τεῖχος
338 1608 474 1644 σιδηροῦν,
493 1609 539 1636 καὶ
559 1608 641 1635 πύλαι
663 1608 775 1644 χαλκαῖ·
795 1610 841 1636 καὶ
854 1599 875 1627 c

60 1651 104 1678 ιῦκ
119 1652 289 1688 ἠδυνήθημεν
306 1653 434 1680 εἰσελθεῖν
452 1655 480 1680 ἐν
493 1655 569 1689 αὐτῇ,
584 1655 629 1680 κα)¹
646 1654 842 1690 περικαθίσανι

60 1705 101 1729 τες
112 1698 270 1734 ἐπολιορκοῦ
276 1707 324 1734 μεν
339 1699 445 1732 αὐτούς.
464 1700 519 1727 Καὶ
531 1700 568 1731 ὡς
579 1700 629 1726 οὐκ
642 1700 758 1735 ἤνοιγον,
773 1699 842 1735 μετὰ

61 1744 154 1771 εἴκοσιν
174 1745 292 1780 ἡμέρας,
303 1745 427 1780 ὁρώντων
448 1746 548 1778 αὐτῶν,
565 1746 695 1782 προσάγω
710 1745 841 1781 κλίμακα,

62 1789 103 1816 καὶ
120 1790 168 1825 τὴν
189 1790 291 1817 ἀσπίδα
307 1791 353 1817 ἐπὶ
370 1791 420 1826 τῆς
439 1791 559 1826 κεφαλῆς
581 1800 642 1827 μου·
662 1792 709 1818 καὶ
729 1791 842 1826 ἀνῆλθον

61 1835 253 1871 ἀποδεχόμενος
269 1836 358 1867 λίθους
374 1837 426 1868 ἓως
437 1837 575 1864 ταλάντων
590 1838 684 1873 τριῶν·
703 1838 750 1867 καὶ
766 1837 843 1866 ἀνελ-

62 1880 110 1907 θὼν
124 1881 177 1916 (81)
196 1882 331 1917 τέσσαρας
350 1883 412 1914 τοὺς
429 1883 558 1914 δυνατοὺς
575 1883 603 1916 ἐξ
622 1882 721 1910 αὐτῶν.
738 1883 793 1909 Καὶ
807 1884 840 1918 τῇ

61 1926 118 1961 ἑξῆς
127 1928 259 1963 ἐμϐάντες
266 1928 385 1963 Ῥουόὴμ
393 1929 438 1954 καὶ
446 1928 498 1955 Γὰδ
507 1928 612 1955 ἀνεῖλον
622 1928 729 1964 ἐτέρους
738 1927 768 1960 ’ἐξ
775 1927 839 1962 (82).

62 1972 123 1999 Τότε
136 1973 259 2000 αἰτοῦσιν
273 1974 345 2009 ἡμᾶς
361 1973 395 2000 τὰ
412 1974 480 2009 πρὸς
499 1975 619 2010 εἰρήνην·
640 1974 687 2001 καὶ
702 1974 842 2008 γενόμενοι.

61 2019 106 2054 τῆς
119 2020 218 2056 βουλῆς
228 2019 274 2046 τοῦ
287 2020 389 2055 πατρὸς
405 2020 493 2055 ἡμῶν,
504 2020 651 2055 ἐδεξάμεθα
663 2021 761 2051 αὐτοὺς
774 2020 841 2046 ὑπο-

62 2065 163 2101 φόρους.
193 2067 248 2093 Καὶ
264 2064 333 2102 ἦσαν
356 2065 474 2097 διδόντες
496 2067 560 2101 ἡμῖν
585 2066 671 2102 πυροῦ
695 2066 791 2101 κόρους
809 2068 841 2096 α’,

62 2111 146 2137 ἐλαίου
157 2111 209 2137 Βέθ
227 2112 283 2147 (85)
296 2115 332 2146 φ’,
345 2110 417 2137 οἴνου
433 2110 520 2146 μέτρα
533 2119 558 2146 ,α
571 2114 607 2145 φ’,
619 2110 671 2142 ἓως
686 2111 729 2137 ὅτε
741 2110 841 2146 κατήλ-

63 2155 137 2191 θομεν
152 2158 193 2188 εἰς
203 2156 348 2191 Αἴγυπτον.

93 2202 118 2229 ι’.
139 2211 148 2228 ι
163 2202 241 2229 Μετὰ
255 2202 283 2229 δέ
293 2202 379 2230 ταῦτα
391 2202 441 2237 Εἳρ
454 2202 468 2228 ό
480 2202 536 2234 υἰός
554 2211 604 2237 μου
620 2202 714 2236 ἄγεται
725 2202 774 2237 τὴν
787 2202 841 2228 Θά-

63 2256 114 2283 μαρ
127 2249 158 2276 ἐκ
174 2248 396 2283 Μεσοποταμίας,
411 2248 548 2284 θυγατέρα
569 2248 666 2283 Ἀράμ.
685 2246 738 2274 Ἦν
752 2248 779 2274 δὲ
793 2248 842 2283 Εἳρ

62 2295 184 2329 πονηρὸς,
205 2295 251 2320 καὶ
263 2294 361 2329 ἠπόρει
379 2293 443 2329 περὶ
459 2294 507 2328 τῆς
523 2287 630 2328 Θάμαρ,
648 2294 689 2318 ὅτι
702 2293 750 2319 οὐκ
766 2290 798 2327 ἦν
812 2293 844 2318 ἐκ

62 2337 110 2372 γῆς
127 2338 247 2365 Χαναὰν.
267 2338 321 2368 Καὶ
343 2338 456 2372 ἄγγελος
475 2337 576 2372 Κυρίου
595 2336 698 2364 ἀνεῖλεν
715 2336 794 2363 αὑτὸν
810 2338 842 2371 τῇ

61 2382 136 2419 τρίτῃ
154 2383 246 2419 ἡμέρᾳ
267 2384 299 2418 τῇ
320 2384 407 2415 νυκτὶ,
422 2383 469 2409 καὶ
493 2382 573 2414 αὐτὸς
595 2383 644 2408 οὐκ
663 2382 732 2416 ἔγνω
748 2382 841 2417 αὐτὴν,

63 2430 129 2456 κατά
146 2429 312 2464 πανουργίαν
330 2429 379 2463 τῆς
399 2428 500 2464 μητρὸς
513 2427 606 2453 αὐτοῦ’
628 2428 658 2453 οὺ
677 2426 733 2462 γὰρ
748 2426 842 2462 ήθελεν

64 2475 130 2509 ἔχειν
141 2475 224 2502 τέκνα
236 2475 283 2501 ἀπ’
294 2474 388 2509 αὐτῆς·
412 2473 489 2506 καίγε
505 2471 581 2504 οὗτος
598 2471 732 2499 ἀπέθανεν
747 2473 776 2498 ἐν
795 2481 843 2500 πο-

62 2510 149 2554 νηρίᾳ.
169 2519 213 2547 Ἐν
227 2520 286 2551 ταῖς
304 2519 420 2554 ἡμέραις
435 2517 487 2544 τοῦ
499 2517 619 2552 θαλάμου
634 2516 843 2552 ὲπεγάμθρευσα

97 2595 152 2628 (74)
172 2595 284 2622 Αὐτῶν.
302 2594 397 2621 Αὐτοῦ.
415 2594 454 2621 In.

109 2630 152 2664 75)
172 2629 303 2664 Βάρσίῑν.
321 2629 458 2664 Βαρσαϐά.
477 2628 514 2658 In.

107 2665 163 2700 75')
181 2664 395 2700 Septuagt'Hp.
414 2664 518 2691 Dmcu.

96 2698 157 2733 (76)
170 2698 297 2727 Αὐὶνᾶνξ
313 2698 453 2734 Origenes,
476 2705 541 2726 tom.
557 2707 604 2726 VIII
649 2699 791 2726 Comment.
815 2699 843 2725 in

64 2733 199 2765 Joannem.
222 2735 323 2770 p.152.
339 2733 384 2770 Τῷ
403 2734 485 2769 Ἰούδᾳ
496 2735 648 2770 παρξήμῖν
663 2734 711 2769 μέν
729 2734 843 2760 ὁδεύτε-

68 2776 108 2802 ρος
125 2770 212 2804 Αυνᾶν
223 2767 301 2796 ἐἶναι
318 2767 439 2804 λέγεται,
455 2767 578 2804 τέαρὲίδὲ
591 2767 739 2804 ’Ἒόραίοις
765 2770 842 2795 Ὠνᾶν

66 2803 126 2829 ἐστιν
144 2803 222 2831 Iudae
237 2805 365 2831 secundum
377 2803 471 2865 gilius)
487 2803 557 2838 dpud
569 2812 615 2830 nos
631 2803 734 2837 quidem
747 2804 841 2831 Aunau

66 2846 117 2864 esse
129 2839 235 2865 dicitur.
249 2840 319 2865 αωιά
337 2839 375 2865 He
394 2847 458 2865 mos
474 2847 534 2865 vero
547 2838 632 2865 0mm.
646 2841 729 2865 (inin.

66 2846 117 2874 esse
129 2839 235 2870 dicitur,
249 2840 319 2874 apud
337 2838 458 2866 Hebrmos
474 2847 534 2874 vero
547 2838 632 2866 0mm.
646 2841 729 2869 Gaia.

99 2873 152 2905 ι77)
174 2873 311 2901 Ἔπεσεν.
327 2875 467 2903 Ἐπαισεν,
486 2873 525 2901 Io.

100 2909 154 2943 trs)
180 2910 285 2938 Ἰακώϐ.
304 2909 354 2936 Τὸν
374 2907 456 2935 Ἠσαῦ
475 2908 534 2936 add.
550 2908 586 2936 ID.

891 977 972 1004 filiam
995 984 1071 1004 suam
1095 977 1195 1005 Bcssue
1210 978 1237 1005 in
1253 986 1377 1005 uxorem.
1401 978 1464 1006 Haec
1482 980 1584 1014 peperit
1604 981 1672 1007 mihi

891 1023 956 1057 Her,
968 1028 994 1051 et
1011 1024 1118 1055 Aunan.
1133 1028 1160 1051 et
1184 1024 1284 1057 Silom;
1303 1032 1419 1059 quorum
1443 1025 1512 1052 duos
1532 1025 1590 1052 sine
1609 1025 1672 1058 ﬁliis

891 1070 990 1098 occidit
1004 1069 1151 1102 Dominus;
1170 1069 1254 1097 Silom
1272 1070 1345 1096 enim
1364 1070 1440 1102 vixit,
1453 1074 1479 1097 et
1492 1071 1540 1097 lilii
1552 1070 1610 1105 ejus
1623 1079 1673 1102 vos

891 1115 966 1142 estis.

927 1160 973 1187 IX.
994 1170 1003 1186 ι
1017 1160 1170 1189 Octodecim
1189 1161 1268 1188 annis
1282 1160 1397 1189 fecimus
1411 1169 1515 1196 pacem,
1531 1166 1606 1196 pater
1620 1169 1671 1188 nos

892 1211 948 1234 ster
962 1211 989 1234 et
1003 1215 1064 1240 nos,
1079 1215 1141 1235 cum
1157 1207 1240 1235 fratre
1261 1207 1321 1242 ejus
1339 1206 1421 1240 Esau,
1438 1212 1465 1234 et
1479 1207 1526 1234 filii
1546 1208 1605 1242 ejus
1619 1215 1671 1236 no,—

891 1252 1016 1284 biscum,
1040 1258 1183 1288 postquam
1218 1253 1343 1280 venimus
1376 1261 1409 1279 ex
1437 1252 1631 1288 Mesopotamia
1656 1260 1672 1279 a

892 1299 995 1327 Laban.
1012 1298 1045 1326 Et
1067 1299 1186 1334 impletis
1204 1299 1355 1326 octodecim
1369 1299 1458 1330 annis,
1477 1298 1503 1325 in
1522 1299 1672 1333 quadrage-

891 1346 962 1373 simo
980 1353 1052 1372 anno
1066 1345 1129 1372 vita:
1143 1352 1209 1372 meae
1219 1365 1226 1378 ,
1240 1345 1395 1379 supervenit
1410 1344 1488 1372 nobis
1502 1343 1573 1371 Esau
1588 1343 1672 1372 frater

891 1392 977 1427 patris
998 1392 1062 1424 mei,
1075 1391 1102 1418 in
1123 1391 1223 1426 populo
1243 1391 1318 1426 gravi
1336 1394 1364 1418 et
1381 1389 1461 1423 forti;
1478 1397 1504 1418 et
1524 1390 1621 1418 cecidit
1643 1390 1670 1416 in

892 1446 957 1466 arcu
967 1437 1060 1468 Iacob.
1067 1442 1094 1465 et
1103 1438 1226 1475 latusest
1237 1442 1361 1464 mortuus
1370 1437 1396 1463 in
1406 1441 1525 1464 montem
1537 1436 1596 1463 Seir
1604 1434 1672 1471 (79).

893 1484 948 1513 Nos
961 1490 1050 1512 autem
1066 1484 1200 1519 perSecuti
1213 1491 1308 1513 sumus
1321 1483 1391 1510 filios
1404 1482 1487 1511 Esau.
1503 1482 1568 1509 Erat
1578 1487 1670 1510 autem

891 1531 931 1558 eis
954 1530 1062 1563 civitas,
1085 1535 1111 1557 et
1131 1536 1226 1557 murus
1247 1527 1362 1561 ferreus,
1384 1532 1411 1555 et
1435 1532 1519 1563 portae
1541 1535 1630 1560 aereae,
1646 1531 1675 1556 et

892 1584 948 1603 non
960 1576 1100 1611 potuimus
1113 1575 1216 1603 intrare
1231 1574 1259 1601 in
1270 1582 1341 1607 eam,
1355 1573 1510 1602 obsidentes
1527 1580 1593 1603 vero
1605 1580 1673 1603 con,-

893 1624 1025 1651 clusimus
1042 1630 1106 1656 eos;
1118 1626 1146 1649 et
1166 1629 1229 1650 cum
1247 1629 1302 1648 non
1319 1620 1465 1655 aperirent,
1484 1624 1544 1654 post
1562 1619 1620 1646 dics
1633 1619 1674 1646 vi-

893 1670 970 1706 ginti,
993 1669 1147 1697 videntibus
1169 1668 1219 1700 eis,
1240 1667 1341 1696 adduxi
1369 1668 1484 1697 scalam.
1503 1671 1533 1693 et
1548 1666 1672 1701 clypeum

892 1723 974 1750 super
998 1719 1080 1750 caput
1102 1722 1208 1747 meum;
1223 1718 1250 1741 et
1269 1713 1389 1745 ascendi,
1412 1713 1549 1747 accipiens
1571 1711 1672 1746 lapides

893 1770 979 1796 usque
992 1762 1026 1789 ad
1040 1761 1146 1796 pondus
1156 1758 1325 1787 'talentorum
1343 1760 1424 1789 trium
1436 1768 1443 1788 ς
1459 1765 1485 1786 el
1499 1767 1560 1786 cum
1578 1765 1673 1785 ascen-

892 1808 1010 1839 dissem.
1032 1807 1118 1835 occidi
1139 1811 1256 1841 quatuor
1276 1810 1398 1841 potentes
1419 1813 1453 1832 ex
1478 1805 1553 1839 ipsis.
1576 1803 1609 1831 Et
1630 1804 1674 1831 die

893 1855 1016 1889 sequenti
1041 1854 1174 1881 intrantes
1197 1852 1291 1880 Ruben
1307 1856 1334 1879 et
1347 1851 1404 1879 Gad
1425 1851 1582 1878 occiderunt
1604 1850 1672 1876 alios

893 1909 950 1928 sex.
967 1899 1044 1928 Tune
1059 1901 1213 1935 petiverunt
1227 1907 1242 1926 a
1258 1898 1336 1925 nobis
1350 1897 1521 1925 conditiones
1540 1895 1630 1930 paris;
1646 1900 1674 1922 et

892 1946 965 1974 ducti
987 1946 1102 1973 consilio
1118 1946 1203 1980 patris
1217 1945 1302 1972 nostri
1318 1943 1469 1978 recepimus
1489 1949 1536 1969 eos
1555 1941 1671 1968 tributa-

892 1991 957 2019 rios.
979 1991 1012 2018 Et
1035 1991 1166 2018 dederunt
1182 1990 1262 2018 nobis
1281 1989 1409 2016 frumenti
1428 1995 1507 2016 coros
1527 1987 1671 2018 ducentos.

892 2044 920 2066 et
941 2039 993 2066 olei
1016 2038 1067 2065 Bes
1092 2038 1273 2072 quingentos,
1299 2036 1354 2062 vini
1381 2042 1524 2062 mensuras
1549 2033 1621 2060 mille
1644 2036 1673 2058 et

893 2084 1068 2120 quingentas,
1081 2084 1167 2110 donec
1180 2082 1371 2110 descendimus
1384 2081 1410 2108 in
1426 2080 1583 2115 Egyptnm.

927 2185 962 2213 Χ.
980 2194 989 2212 ι
1004 2184 1068 2212 Post
1083 2184 1134 2211 hoc
1148 2182 1199 2210 Her
1214 2182 1285 2210 illius
1297 2190 1374 2209 meus
1388 2181 1461 2209 duxit
1479 2187 1590 2207 uxorem
1603 2179 1674 2207 Thaa

892 2241 953 2261 mar
976 2241 1009 2261 ex
1032 2231 1242 2266 Mesopotamia,
1266 2230 1349 2257 ﬁliam
1374 2229 1466 2257 Aram.
1492 2228 1558 2256 Erat
1581 2233 1673 2256 autem

859 2271 880 2297 θ
895 2282 948 2309 Her
961 2282 1140 2317 perniciosus,
1155 2284 1182 2307 et
1192 2280 1323 2307 dubitavit
1347 2278 1380 2306 de
1402 2278 1530 2310 Thamar,
1543 2278 1672 2312 quoniam

895 2337 948 2356 non
963 2333 1021 2356 erat
1038 2336 1071 2355 ex
1087 2333 1158 2355 terra
1172 2326 1311 2353 Chanaan.
1328 2325 1360 2352 Et
1374 2325 1485 2360 angelus
1503 2324 1610 2351 Domini
1625 2331 1673 2350 oe-

893 2376 958 2404 cidit
977 2383 1038 2403 eum
1059 2375 1136 2402 tertia
1159 2374 1202 2401 die
1216 2374 1242 2400 in
1257 2377 1345 2405 nocte,
1358 2376 1386 2399 et
1400 2372 1457 2407 ipse
1477 2379 1531 2398 non
1547 2370 1673 2405 cognovit

893 2430 963 2454 eam,
985 2429 1032 2456 per
1054 2421 1180 2448 astutiam
1207 2418 1301 2446 matris
1319 2426 1390 2451 suae;
1414 2425 1467 2444 non
1495 2417 1567 2443 enim
1587 2416 1673 2443 voluit

893 2470 992 2497 habere
1014 2469 1084 2496 lilios
1106 2476 1138 2495 ex
1160 2468 1233 2502 ipsa;
1248 2471 1275 2494 ct
1291 2466 1334 2492 hic
1354 2465 1381 2492 in
1403 2463 1523 2498 nequitia
1547 2467 1672 2490 mortuus

893 2520 944 2544 est.
959 2515 988 2542 1n
1001 2516 1095 2543 diebus
1112 2514 1223 2541 thalami
1238 2512 1297 2540 dedi
1310 2512 1334 2539 ei
1349 2512 1437 2539 virum
1452 2510 1567 2542 Auuan;
1583 2513 1609 2536 et
1620 2509 1672 2536 iste

930 2594 986 2626 (79)
1008 2594 1121 2620 Montem
1138 2592 1205 2620 Seir.
1226 2591 1339 2626 Additur
1363 2591 1388 2616 in
1414 2589 1507 2617 Grrrco
1526 2592 1611 2626 ιεξιιι,
1630 2588 1671 2614 vi-

888 2621 956 2656 tiose
970 2621 983 2653 ε’
993 2631 1016 2653 et
1030 2627 1124 2652 radens
1139 2633 1215 2658 super
1230 2623 1347 2653 lramna.
1360 2625 1543 2658 mortuus_est._
1553 2621 1589 2647 In.

924 2662 979 2698 (80)
998 2655 1285 2698 {EndwElﬁﬁeM-
1303 2659 1348 2698 LE“
1369 2655 1603 2698 Ἀνονιράμ-.¹υε..,
1635 2690 1652 2698 ..

924 2690 980 2731 (81)
1002 2690 1374 2731 ἊνελθώνΪᾸιίἀηάνεῖλον,
1390 2690 1497 2731 propter
1512 2690 1669 2731 similitudi—

890 2725 951 2761 nein
967 2725 1041 2758 vocis
1053 2729 1227 2765 praecedentis
1243 2725 1457 2765 incur_ia_scri_ha3
1470 2726 1612 2765 omissum.
1629 2725 1666 2765 In.

926 2768 981 2801 (82)
995 2760 1059 2796 "EE:
1073 2765 1232 2801 'Eﬁﬁxowa.
1244 2771 1295 2790 ms.
1310 2763 1391 2801 90".:
1402 2760 1615 2801 Τι’ἰιιηςςηιιτιιι.
1630 2760 1668 2798 In.

928 2794 984 2836 (85)
1005 2794 1070 2829 Bel).
1084 2794 1217 2836 Suspicor.
1226 2797 1366 2836 legendum
1379 2796 1484 2836 βάτρυς.
1500 2794 1582 2836 βάτος
1595 2794 1668 2836 en‘ini

892 2828 1077 2866 estvln'ensura
1094 2828 1270 2868 liquidorum':
1286 2836 1316 2858 ut
1331 2828 1410 2859 docet
1425 2829 1532 2865 Ioseph.
1551 2830 1598 2857 lib.
1614 2828 1670 2858 AI.-

895 2875 981 2909 liquit.
997 2871 1060 2899 Iud.
1074 2866 1133 2902 vni,
1146 2875 1204 2903 cap.
1218 2867 1245 2894 2.
1261 2866 1298 2894 In.
