1913 3102
52 130 109 159 1οΠ

49 184 161 220 Rixath
174 184 252 213 τοῦτο
260 184 376 222 πονηρὸν
386 185 415 212 ιν
422 184 568 221 ὀφθαλμοῖς
581 184 691 220 Κυρίου.
709 183 816 219 Ἐπειδὴ
832 187 854 214 Α

50 231 94 267 γὰρ
107 229 177 264 κάγὼ
192 229 410 266 καυχησάμενος,
431 230 472 257 ὅτι
488 229 517 256 ὲν
533 228 662 265 πολέμοις
678 230 727 256 οὐκ
742 229 815 264 ἡπά-

49 277 103 312 τησέ
128 285 160 312 με
184 276 328 312 πρόσωπον
351 276 480 311 γυναικὸς
503 276 656 311 εὐμόρφου,
680 274 818 306 ὠνείδιζον

54 323 157 358 Ῥουὸὴμ
171 323 216 349 τὸν
232 322 345 357 ἀδελφόν
363 331 413 358 μου
427 323 491 358 περί
507 322 611 354 Βάλλας
624 321 751 356 γυναικὸς
764 329 817 347 πα-

48 369 100 405 τρός
111 377 167 404 μου·
179 368 226 395 καὶ
238 368 270 395 τὸ
282 367 389 403 πνεῦμα
405 367 451 394 τοῦ
469 368 550 404 ζήλου
567 368 614 395 καὶ
629 367 679 402 τῆς
693 367 819 403 πορνείας

49 415 201 451 παρετάξατο
221 415 250 441 ὲν
268 415 338 450 ἐμοὶ,
351 414 404 446 ἕως
418 413 555 440 συνέπεσα
574 415 614 446 εἰς
631 413 753 448 Βησσουὲ
769 413 819 448 τὴν

48 460 195 492 Χαναναίαν,
217 460 265 486 καὶ
291 460 330 491 εἰς
353 459 452 494 Θάμαρ
476 459 526 494 τὴν
544 458 742 494 νυμφευθεῖσαν
763 459 819 490 τοῖς

48 507 102 538 υἱοῖς
124 514 181 541 μου.
204 505 261 532 Kal
284 505 375 539 ἔλεγον
398 504 437 540 τῷ
455 504 578 540 πενθερῷ
599 512 660 540 μου·
675 514 684 529 ι
699 503 821 539 Συμόου-

47 551 120 578 λεύσω
132 549 167 586 τῷ
183 550 267 584 πατρί
286 558 348 585 μου,
367 550 414 576 καὶ
433 548 519 581 οὕτως
538 549 658 585 λήψομαι
674 548 721 585 τὴν
738 548 821 584 θυγα-

47 597 102 632 τέρα
117 605 170 624 σου.
184 606 193 622 ι
209 596 266 623 Καὶ
281 595 365 628 ἔδειεέ
383 604 428 631 μοι
441 596 484 622 ἐπ’
492 595 604 631 ὀνόματι
619 595 669 630 τῆς
687 595 820 631 θυγατρὸς

48 642 116 670 αὑτοῦ
131 641 230 678 χρυσοῦ
245 642 347 677 πλῆθος
364 641 486 677 ἄπειρον·
498 639 532 677 ἦν
548 641 602 677 γὰρ
616 641 750 676 βασιλεύς.
765 641 820 668 Kal

48 688 118 724 αὐτὴν
129 689 268 723 κοσμήσας
281 689 308 714 ὲν
319 688 421 724 χρυσίῳ
431 687 478 714 καὶ
492 687 683 724 μαργαρίταις,
695 686 820 722 ἐποίησεν

47 736 101 770 ἡμῖν
111 735 235 770 οἰνοχοεῖν
247 736 276 761 ὲν
287 735 325 770 τῷ
335 734 444 770 δείπνῳ,
458 735 486 761 ἐν
500 733 593 762 κάλλει
604 733 750 768 γυναικῶν.
765 734 820 760 Καὶ

46 778 131 813 (Salvo;
153 780 296 817 διέστρεψέ
322 789 366 817 μοι
390 781 456 813 τοὺς
478 780 643 816 ὀφθαλμοὺς,
661 781 708 807 καὶ
730 780 820 817 ὴμαύ-

48 835 105 861 ρωσε
116 826 163 862 τὴν
175 827 291 862 καρδίαν
310 835 361 862 μου
379 827 395 861 ἡ
415 826 503 862 ἡδονή,
524 827 579 853 Καὶ
592 826 717 860 ἐρασθεὶς
733 825 820 861 αὐτῆς

47 873 174 906 συνέπεσα,
194 873 242 900 καὶ
258 872 385 909 παρέϐην
405 872 514 907 ἐντολὴν
525 871 641 908 Κυρίου,
654 872 701 898 xal
712 870 820 907 ἐντολὴν

45 918 156 954 πατέρων
175 927 237 954 μου,
258 919 306 945 καὶ
329 917 424 945 ἔλαϐον
447 917 533 952 αὐτὴν
551 918 591 950 εἰς
613 918 738 951 γυναῖκα.
766 917 821 944 Καὶ

45 962 204 989 ἀνταπέδωκέ
219 971 266 998 μοι
278 962 380 997 Κύριος
397 962 467 993 κατὰ
479 962 510 989 τὸ
526 961 678 989 διαὸούλιον
691 961 742 997 τῆς
753 969 821 997 καρ-

44 1006 94 1038 δίας
106 1015 164 1042 μου,
174 1007 216 1034 ὅτι
228 1007 279 1033 οὐκ
289 1007 442 1043 εὖφράνθην
454 1007 482 1034 ὲν
492 1008 547 1039 τοῖς
558 1006 766 1042 τέκνοιςαύτῆς.

74 1052 116 1079 ΙΔ’.
132 1062 141 1078 ι
158 1053 213 1079 Kal
231 1052 292 1085 νῦν,
313 1053 395 1080 τέκνα
416 1062 478 1089 μου,
494 1052 530 1089 μὴ
553 1052 721 1088 μεθύσκεσθε
743 1052 819 1087 01'th-

45 1098 78 1124 ὃτι
90 1095 155 1130 οἶνος
169 1098 327 1134 διαστρέφει
337 1099 382 1125 τὸν
397 1098 458 1126 νοῦν
473 1099 528 1126 ἀπὸ
555 1099 605 1135 τῆς
623 1098 762 1133 ἀληθείας,
774 1097 821 1124 καὶ

46 1143 158 1177 ὲμὸἀλλει
171 1144 260 1180 ὀργὴν
283 1144 337 1179 (90)
352 1143 508 1180 ἐπιθυμίας,
531 1144 578 1171 καὶ
598 1144 690 1179 ὁδηγεί
702 1144 742 1175 είς
754 1143 821 1170 πλά-

46 1196 86 1222 νην
99 1188 157 1220 τοὺς
178 1188 346 1224 ὀφθαλμούς.
363 1189 399 1215 Τὸ
414 1188 468 1225 γὰρ
488 1188 597 1224 πνεῦμα
620 1189 667 1224 τῆς
693 1188 820 1224 πορνείας

46 1232 83 1259 τὸν
103 1231 168 1261 οἶνον
181 1254 188 1266 ,
213 1235 251 1266 ὼς
280 1234 402 1261 διάκονον
424 1235 494 1271 πρὸς
511 1234 561 1267 τὰς
580 1234 675 1270 ἡδονὰς
698 1233 755 1269 ἔχει
772 1233 820 1260 τοῦ

46 1279 109 1311 νοός·
121 1280 161 1306 ὃτι
180 1281 260 1316 καίγε
274 1280 309 1307 τὰ
327 1281 372 1308 δύο
388 1281 476 1308 ταῦτα
491 1281 627 1316 ἀφιστῶσι
643 1280 692 1316 τὴν
707 1280 821 1315 δύναμιν

46 1324 84 1351 τοῦ
101 1325 249 1362 ἀνθρώπου.
273 1327 336 1354 Ἐὰν
350 1327 404 1363 γάρ
414 1336 455 1360 τις
471 1327 521 1364 πίῃ
536 1324 608 1353 οἶνον
623 1327 663 1358 είς
678 1326 778 1362 μέθην,
791 1326 820 1352 ὲν

46 1370 213 1408 διαλογισμοῖς
241 1374 375 1410 ῥυπαροῖς
403 1373 583 1408 συνταράσσει
609 1372 655 1398 τὸν
687 1371 749 1399 νοῦν
776 1371 817 1404 εἰς

48 1417 168 1452 πορνείαν,
183 1419 230 1445 καὶ
245 1418 419 1454 ἐκθερμαίνει
432 1419 462 1444 τὸ
476 1419 555 1453 σῶμα
569 1419 608 1450 εἰς
624 1418 697 1454 μίξιν
707 1427 713 1433 ·
736 1419 783 1445 xal
796 1419 821 1445 εἰ

48 1461 148 1496 πάρεστι
158 1463 188 1489 τὸ
197 1463 249 1498 τῆς
262 1463 409 1498 ἐπιθυμίας
424 1463 521 1495 αἴτιον,
538 1463 654 1498 πράσσει
672 1464 722 1498 τὴν
735 1463 821 1498 ἁμαρ-

48 1507 97 1533 τίαν
110 1507 172 1544 (9i),
186 1510 234 1536 καὶ
248 1509 298 1535 οὐκ
311 1509 474 1544 αἰσχύνεται.
484 1508 610 1540 Τοιοῦτός
623 1510 696 1535 ἐστιν
708 1509 721 1534 ό
734 1506 819 1540 οἶνος,

48 1541 117 1580 τέκνα
140 1541 200 1590 μου,
223 1555 265 1581 ὅτι
283 1556 296 1580 ὁ
313 1541 420 1590 μεθθων
443 1555 520 1582 οὐδὲν
541 1555 665 1582 αἰδεῖται.
686 1554 751 1581 Ἰδοὺ
768 1554 821 1589 γὰρ
834 1541 855 1571 c

50 1599 109 1634 κάμὲ
128 1600 270 1636 ἐπλάνησε,
287 1601 324 1636 μὴ
339 1601 514 1636 αἰσχυνθῆναι
527 1600 627 1636 πλῆθος
641 1601 670 1627 ἐν
680 1601 713 1636 τῇ
729 1599 818 1626 πόλει·

47 1642 81 1670 δτι
94 1645 119 1670 ὲν
129 1645 278 1682 ὀφθαλμοῖς
293 1647 401 1673 πάντων
420 1647 544 1680 ἐξέκλινα
563 1647 631 1682 πρὸς
646 1646 696 1681 τὴν
711 1646 819 1681 Θάμαρ,

48 1690 87 1716 καὶ
103 1691 212 1726 ἐποίησα
229 1690 366 1728 ἁμαρτίαν
389 1694 520 1729 μεγάλην,
536 1694 584 1720 καὶ
598 1692 754 1727 summa
769 1692 820 1719 κά-

48 1733 128 1772 λυμμα
139 1739 308 1775 ἀκαθαρσίας
328 1740 394 1766 υἱῶν
413 1749 472 1776 μου.
486 1739 559 1766 Πιὼν
569 1737 649 1772 οἶνον,
662 1740 711 1766 οὐκ
722 1739 821 1774 ὴσχύν-

49 1779 89 1816 θην
102 1783 147 1820 τὴν
160 1785 268 1821 ἐντολὴν
278 1785 324 1812 τοῦ
340 1786 418 1818 Θεοῦ,
431 1787 478 1815 καί
491 1786 585 1813 ἔλαϐον
600 1787 718 1820 γυναῖκα
732 1786 822 1812 Χανα-

49 1828 123 1856 ναίαν.
132 1831 268 1863 Συνὲσεως
282 1831 335 1866 γὰρ
350 1831 444 1868 χρῄζει
459 1833 472 1859 ὁ
489 1831 557 1858 πιὼν
571 1831 652 1863 οἶνον,
666 1832 749 1858 τέκνα
759 1839 818 1866 μου·

49 1873 87 1899 καὶ
99 1874 162 1910 αὕτη
175 1877 250 1903 ἐστὶν
262 1878 279 1912 ἡ
292 1877 398 1909 σύνεσις
409 1878 459 1913 τῆς
469 1878 634 1910 οἱνοποσίας,
646 1877 690 1904 ἵνα
697 1877 749 1910 ἕως
759 1877 821 1904 ὅτου

49 1917 96 1953 ἔχει
108 1921 180 1953 αἰὸὼ,
195 1923 261 1958 πίῃ’
279 1923 325 1949 ἐὰν
338 1923 366 1949 δὲ
378 1923 501 1959 παρέλθῃ
515 1923 560 1950 τὸν
577 1924 640 1959 ὅρον
651 1923 756 1956 τοῦτον,
773 1924 822 1959 ἑμ-

50 1963 129 1992 6άλλει
140 1968 178 2000 είς
192 1969 240 1995 τὸν
252 1968 315 1995 νοῦν
329 1969 359 1996 τὸ
375 1968 481 2004 πνεῦμα
499 1969 548 2004 τῆς
563 1969 677 2005 πλάνης,
691 1970 737 1996 καὶ
751 1971 823 1997 ποιετ

50 2010 88 2037 τὸν
102 2013 212 2048 μέθυσον
227 2015 484 2051 αἰσχρορῤημονεῖν,
504 2016 551 2042 καὶ
576 2017 758 2052 παρανομεῖν,
774 2017 822 2044 καὶ

52 2057 82 2092 μὴ
98 2059 277 2094 αἰσχύνεσθαι,
296 2061 353 2087 ἀλλ’
369 2062 554 2097 ὲγκαυχᾶσθαι
568 2063 600 2098 τῇ
622 2062 728 2098 ἀτιμίᾳ,
747 2062 822 2098 νομί-

50 2100 118 2132 ζοντα
130 2103 197 2132 εῖναι
213 2106 304 2133 καλόν.

79 2148 123 2176 1Ε¹.
141 2160 150 2176 ‹
175 2151 204 2178 ’0
224 2152 374 2186 πορνεύων,
404 2153 450 2179 καὶ
469 2153 656 2188 γυμνούμενος
675 2153 724 2189 τῆς
743 2152 820 2188 βασι-

645 126 909 156 TESTAMENTUM
926 127 1034 155 Il'DE.

1578 125 1653 152 10⁸78,

872 184 915 212 nis
927 184 1078 220 juvenlutis
1092 188 1198 218 vestra},
1214 184 1343 220 quoniam
1354 188 1381 212 et
1394 183 1447 211 hoc
1461 186 1503 212 est
1514 183 1650 218 pernicio-

868 238 928 258 sum
946 231 975 258 in
990 231 1078 259 oculis
1095 231 1214 258 Domini.
1235 230 1304 264 Quia
1324 230 1396 258 enim
1411 234 1439 258 et
1453 237 1504 265 ego
1517 229 1648 264 gloriatus

869 285 941 311 sum,
953 277 1026 312 quod
1039 277 1066 306 in
1086 278 1163 305 bellis
1181 285 1235 305 non
1255 277 1359 312 decepit
1373 285 1416 305 me
1430 276 1513 304 facies
1526 276 1648 303 mulieris

871 322 1009 355 formosae,
1027 323 1127 358 probro
1151 323 1227 351 aﬂ'eci
1250 322 1345 350 Ruben
1367 322 1476 349 fratrem
1501 329 1589 349 meum
1614 322 1648 350 de

872 368 947 396 Bulla
968 376 1052 396 uxore
1071 369 1155 403 patris
1170 369 1223 396 mei
1237 379 1243 396 :
1257 374 1284 396 et
1296 369 1407 404 spiritus
1421 369 1469 396 zeli
1487 373 1514 395 et
1532 368 1649 395 l’ornica.

871 415 953 442 tionis
969 414 1091 442 constitit
1104 415 1130 441 in
1145 422 1199 448 me,
1213 414 1301 442 donec
1319 414 1400 441 incidi
1421 413 1446 440 in
1460 413 1559 440 Bcssue
1575 413 1648 440 Cba-

870 469 1003 494 nameam,
1019 466 1046 489 et
1060 461 1086 488 in
1101 460 1220 488 Thamar
1235 465 1345 495 nuptam
1361 459 1423 487 ﬁliis
1438 460 1516 486 meis.
1533 458 1565 486 Et
1577 459 1651 485 dice-

870 508 931 536 bam
956 515 1051 534 socero
1078 506 1348 534 meo:Pcrsuadebo
1370 505 1438 540 patri
1463 513 1539 536 meo,
1562 509 1588 531 et
1612 505 1652 531 ita

871 553 1004 587 accipiam
1019 552 1102 580 ﬁliam
1116 557 1201 580 tuam.
1219 551 1252 578 Et
1265 551 1383 579 ostendit
1394 551 1459 578 mihi
1469 551 1577 578 nomine
1591 550 1652 577 ﬁlia:

869 607 927 627 suae
941 599 1001 626 auri
1015 599 1214 626 multitudinem
1231 599 1378 631 inﬁnitain;
1394 602 1451 624 erat
1462 598 1533 624 enim
1546 604 1604 624 rex.
1619 595 1652 622 Et

870 653 932 674 cum
955 649 1082 673 ornasset
1099 653 1159 674 eam
1182 653 1249 674 auro
1269 650 1296 674 et
1314 645 1478 679 margaritis,
1492 644 1554 671 fecit
1573 644 1653 671 nobis

871 692 964 719 vinum
982 692 1082 720 eﬁ'undi
1095 692 1122 719 in
1137 699 1225 725 omna,
1241 692 1267 719 in
1281 691 1482 727 pulchritudine
1496 690 1651 718 mulierum.

871 737 905 766 Et
922 738 1014 765 viuum
1030 738 1160 773 pervertit
1180 738 1275 765 oculos
1291 745 1378 770 meos,
1390 741 1417 764 et
1433 735 1590 764 obscurarit
1605 742 1653 762 cor

871 791 962 811 meum
991 783 1126 818 voluptas.
1159 782 1192 810 Et
1216 783 1375 810 desiderans
1400 790 1460 809 eam
1486 781 1605 813 concidi,
1627 785 1654 808 ea

872 835 1059 866 transgressus
1074 838 1135 857 sum
1151 829 1308 856 mandatum
1329 828 1437 856 Domini
1450 833 1477 856 et
1495 828 1653 855 mandatum

872 881 978 911 patrum
995 883 1129 908 meorum,
1142 881 1168 903 et
1190 875 1283 910 accepi
1302 882 1362 902 eam
1377 875 1402 901 in
1425 882 1548 901 uxorem.
1567 874 1599 902 Et
1611 882 1654 902 se-

871 922 990 950 cundum
1008 922 1153 949 consilium
1171 921 1263 949 cordis
1276 921 1329 948 mei
1341 921 1467 947 retribuit
1483 921 1548 947 mibi
1562 920 1654 947 Domi-

871 975 935 1002 nus,
949 969 1077 1003 quoniam
1094 975 1149 995 non
1167 967 1274 995 laetatus
1287 975 1348 995 sum
1359 967 1387 994 in
1401 966 1464 994 ﬁliis
1477 967 1546 1001 ejus.

905 1047 976 1074 XIV.
996 1057 1006 1072 ι
1023 1046 1054 1073 Et
1067 1054 1150 1078 nunc.
1174 1045 1222 1073 ﬁlii
1247 1045 1311 1078 mei,
1329 1053 1362 1072 ne
1377 1043 1546 1072 inebriemini
1570 1043 1652 1076 vino;

871 1093 1000 1128 quoniam
1017 1093 1109 1120 vinum
1138 1092 1238 1120 avertit
1266 1092 1432 1119 intellectum
1448 1099 1464 1118 a
1478 1091 1601 1123 veritate,
1625 1095 1654 1118 et

871 1139 993 1168 immittit
1006 1139 1074 1166 iram
1089 1138 1228 1172 desiderii,
1241 1143 1267 1166 et
1282 1138 1357 1166 ducit
1371 1138 1397 1165 in
1410 1145 1530 1165 errorem
1545 1138 1652 1165 oculos.

872 1185 990 1220 Spiritus
1003 1185 1076 1213 enim
1091 1184 1279 1212 fornicationis
1291 1184 1385 1211 vinum
1408 1188 1439 1211 ut
1452 1183 1606 1211 ministrum
1617 1182 1653 1210 ad

871 1233 1024 1268 voluptates
1041 1232 1122 1260 habet
1136 1232 1255 1266 mentis;
1272 1231 1401 1267 quoniam
1417 1235 1445 1258 et
1462 1231 1516 1258 duo
1532 1230 1590 1257 haec
1604 1238 1654 1258 au-

871 1278 962 1307 ferunt
978 1278 1127 1314 potentiam
1145 1277 1274 1305 hominis.
1301 1277 1330 1304 Si
1349 1277 1421 1304 enim
1436 1276 1534 1311 aliquis
1556 1275 1655 1303 biberit

871 1325 965 1353 vinum
978 1325 1005 1352 in
1018 1325 1189 1358 ebrietatem,
1207 1323 1417 1358 cogitationibus
1442 1323 1562 1350 sordidis
1586 1329 1654 1349 con-

871 1372 964 1400 turbat
975 1371 1140 1399 intellectum
1155 1372 1181 1398 in
1196 1370 1449 1402 fornicationem,et
1460 1368 1583 1396 accendit
1593 1375 1654 1394 cor-

871 1426 922 1453 pus
934 1419 969 1446 ad
983 1418 1136 1446 mistionem
1149 1427 1156 1451 ;
1175 1422 1202 1445 et
1219 1418 1242 1445 si
1257 1417 1333 1444 adest
1343 1415 1468 1443 desiderii
1484 1422 1579 1446 causa,
1590 1421 1655 1448 ope-

872 1470 948 1492 ratur
961 1468 1115 1499 peccatum,
1126 1467 1153 1491 et
1164 1471 1219 1491 non
1233 1462 1400 1490 suﬁ’unditur
1411 1461 1523 1496 pudore.
1539 1459 1603 1486 Tale
1613 1463 1655 1486 est

871 1511 977 1544 vinum,
997 1509 1046 1537 ﬁlii
1070 1509 1134 1543 mei,
1153 1509 1283 1544 quoniam
1305 1507 1398 1534 ebrius
1423 1506 1491 1533 nihil
1506 1504 1653 1533 erubescit.

872 1556 941 1585 Ecce
957 1557 1031 1584 enim
1050 1560 1077 1584 et
1091 1564 1134 1584 me
1148 1563 1239 1583 errare
1260 1554 1333 1587 fecit,
1349 1558 1445 1581 utnon
1465 1553 1655 1580 erubescerem

871 1603 906 1631 ob
918 1602 1119 1630 multitudinem
1132 1602 1159 1630 in
1172 1601 1296 1633 civitate;
1312 1600 1440 1635 quoniam
1454 1599 1481 1626 in
1493 1598 1581 1626 oculis
1596 1605 1656 1624 om«

871 1648 950 1675 nium
971 1647 1105 1676 declinavi
1131 1647 1164 1674 ad
1180 1646 1310 1678 Thamar,
1327 1651 1354 1673 et
1368 1645 1418 1672 feci
1441 1648 1582 1679 peccatum
1595 1651 1654 1670 ma-

858 1701 965 1728 .gnum,
990 1697 1018 1720 et
1043 1691 1159 1720 revelavi
1183 1691 1305 1718 velamen
1331 1689 1510 1716 immunditiaa
1535 1688 1654 1714 Iiliorum

872 1746 1006 1766 meorum.
1022 1738 1091 1766 Cum
1109 1738 1231 1765 biberem
1255 1737 1360 1768 vinum,
1383 1742 1438 1762 non
1458 1733 1655 1762 verecundatns

871 1792 932 1813 sum
946 1785 1104 1811 mandatum
1120 1783 1179 1816 Dci,
1194 1787 1221 1810 et
1231 1782 1321 1817 accepi
1336 1789 1450 1809 uxorem
1460 1781 1653 1808 Cbananasam.

872 1831 986 1866 Propter
1001 1830 1073 1865 quod
1090 1829 1228 1856 intellectu
1248 1836 1317 1862 opus
1343 1827 1434 1859 habet,
1459 1827 1506 1862 qui
1530 1826 1598 1853 bibit
1615 1826 1653 1852 vi-

872 1885 949 1910 num,
963 1876 1010 1903 ﬁlii
1026 1875 1094 1907 mei;
1112 1879 1138 1902 ct
1153 1875 1176 1902 is
1187 1879 1229 1902 est
1245 1873 1398 1900 intellectus
1416 1872 1470 1907 vini
1489 1871 1653 1907 potationis.

872 1927 903 1951 ut
921 1922 1040 1957 quandiu
1059 1923 1140 1948 habet
1160 1919 1388 1950 erubescentiam,
1417 1919 1509 1950 bibat;
1539 1918 1561 1946 si
1590 1925 1653 1945 vero

873 1972 993 1996 transeat
1005 1968 1149 1995 terminum
1159 1967 1241 1999 hunc,
1250 1966 1369 1993 immittit
1380 1965 1406 1992 in
1418 1964 1581 1992 intellectum
1597 1965 1655 1998 spi-

872 2017 954 2044 ritum
972 2016 1082 2048 erroris,
1099 2014 1145 2050 qui
1164 2014 1228 2041 facit
1242 2013 1348 2041 ebrium
1360 2012 1449 2046 turpia
1465 2012 1550 2046 loqui.
1563 2015 1590 2038 et
1603 2011 1654 2037 ini-

872 2070 927 2097 qua
957 2069 1047 2097 agere,
1072 2065 1099 2088 et
1120 2068 1173 2088 non
1189 2058 1377 2091 verecundari,
1390 2059 1437 2086 sed
1456 2062 1484 2084 ct
1499 2057 1607 2094 gloriari
1626 2057 1654 2083 in

873 2108 1032 2144 ignominia,
1051 2107 1252 2134 existimantem
1264 2113 1324 2133 esse
1339 2105 1451 2132 bonum.

908 2153 966 2180 XV.
980 2163 990 2179 ‹
1005 2153 1056 2186 Qui
1076 2152 1234 2184 fornicatur,
1254 2156 1281 2178 et
1303 2151 1421 2178 nudatus
1442 2157 1535 2185 regno,
1550 2148 1654 2184 egredi-

49 2191 114 2226 λείας
127 2194 191 2230 (92),
204 2195 344 2232 ἐξέρχεται
353 2197 419 2232 (95),
434 2197 578 2229 δουλωθεὶς
590 2199 623 2234 τῇ
640 2198 764 2234 πορνείᾳ,
783 2198 819 2230 ὡς

873 2205 928 2233 tur,
947 2206 1042 2226 servus
1057 2198 1169 2226 cli‘ectus
1180 2197 1367 2229 fornicationi,
1384 2197 1455 2224 sicut
1465 2200 1492 2223 et
1504 2202 1554 2230 ego
1569 2194 1654 2221 nuda—

50 2238 116 2272 κάγὼ
130 2241 291 2276 γυμνωθείς.
306 2243 414 2270 Ἔδωκα
430 2243 484 2279 γὰρ
493 2244 542 2279 τὴν
561 2244 656 2279 ῥάϐδον
670 2253 730 2280 μου,
743 2253 821 2271 τουτ-

49 2282 107 2317 έστι,
120 2286 149 2312 τὸ
163 2288 301 2323 στήριγμα
321 2289 369 2324 τῆς
392 2289 460 2324 ἐμῆς
481 2289 579 2324 φυλῆς·
596 2290 642 2316 καὶ
662 2290 711 2326 τὴν
735 2290 822 2326 ζώνην

50 2337 107 2364 μου,
125 2334 258 2366 τουτέστι,
277 2333 403 2369 δύναμιν·
421 2334 468 2361 καὶ
486 2335 518 2362 τὸ
541 2335 670 2371 διάδημα,
686 2336 819 2370 τουτέστι,

49 2375 90 2411 τὴν
103 2377 176 2412 δόξαν
190 2380 242 2414 τῆς
257 2380 395 2415 βασιλείας
408 2389 469 2416 μου.
483 2382 570 2416 Καίγε
591 2383 760 2418 μετανοήσας
775 2383 822 2410 ἐπὶ

50 2421 152 2456 τούτοις,
161 2422 231 2451 οἶνον
239 2425 286 2451 καί⁵
295 2424 379 2461 κρέας
385 2425 434 2452 οὐκ
442 2425 535 2451 ἔλαϐον
542 2425 594 2457 ἕως
605 2426 704 2461 γῆρας,
713 2426 759 2453 καὶ
768 2426 820 2452 πᾶ-

51 2474 94 2493 σαν
106 2469 270 2506 εὐφροσύνην
288 2470 338 2497 οὐκ
352 2468 432 2498 εἶδον.
447 2472 502 2498 Kal
515 2471 600 2505 ἔδειξέ
618 2480 663 2507 μοι
679 2473 693 2498 ὁ
706 2471 820 2507 ἅγγελος

50 2512 88 2538 τοῦ
96 2513 168 2547 Θεοῦ,
183 2516 223 2543 ὅτι
231 2516 283 2547 ἓως
291 2515 338 2542 τοῦ
350 2516 456 2549 αἰῶνος,
465 2517 514 2543 κᾶν
523 2517 636 2552 βασιλεῖ,
648 2517 699 2544 κᾶν
710 2518 820 2554 πτωχῷ,

52 2557 75 2584 αἱ
89 2562 208 2594 γυναῖκες
229 2561 488 2597 κατακυριεύσουσι,
503 2564 551 2589 καὶ
564 2563 612 2589 τοῦ
629 2563 678 2598 μὲν
688 2564 821 2600 βασιλέως

51 2602 135 2638 ἀροῦσι
145 2607 194 2643 τὴν
209 2607 298 2641 δόξαν,
314 2607 362 2634 τοῦ
376 2608 405 2634 δὲ
428 2608 550 2644 ἀνδρείου
569 2609 617 2645 τὴν
631 2609 760 2646 δύναμιν,
773 2611 821 2638 καὶ

51 2649 89 2676 τοῦ
106 2653 209 2688 πτωχοῦ
234 2654 266 2680 τὸ
285 2654 336 2690 τῆς
360 2655 497 2690 πτωχείας
517 2655 657 2691 ἐλάχιστον
673 2658 819 2694 στήριγμα.

53 2728 132 2791 Cal???
155 2731 266 2766 Ὀρτήν.
278 2731 410 2768 Suspicor
419 2731 563 2768 legendum
575 2734 674 2770 ὁρμήν,
683 2734 818 2768 impetum.

82 2799 118 2835 (9i

83 2800 133 2865 (ξιτ)
156 2802 328 2847 Ἁλιαρτίαν-,Ι
338 2803 507 2844 Ἐπιθυμίαν.
521 2803 557 2831 in.

83 2835 122 2869 (δί
149 2839 203 2868 Kat
217 2846 421 2869 γυμνουιιενος
444 2848 498 2869 της
510 2839 557 2869 βας

149 2838 203 2868 Καὶ
217 2839 421 2874 γυμνούμενος
435 2838 498 2873 ’τῆς
510 2839 676 2873 βασιλείας.
703 2841 817 2877 Ζημιού-

874 2251 917 2273 tus
934 2253 1006 2273 sum.
1023 2244 1088 2271 Dedi
1104 2244 1176 2271 enim
1191 2243 1275 2278 (aliis)
1296 2242 1401 2277 virgam
1417 2249 1516 2272 meam.
1534 2241 1585 2268 hoc
1602 2244 1653 2272 est,

873 2291 1073 2319 ﬁrmamentum
1083 2297 1149 2316 mea:
1163 2289 1250 2317 tribus
1260 2298 1266 2322 ;
1276 2293 1302 2315 et
1313 2295 1409 2315 zonam
1424 2295 1525 2320 meam,
1542 2287 1593 2314 hoc
1603 2292 1653 2318 cst,

873 2337 1038 2372 potentiam;
1054 2340 1080 2363 et
1095 2336 1230 2367 diadema,
1251 2336 1301 2362 hoc
1317 2340 1357 2362 est
1374 2334 1486 2369 gloriam
1502 2333 1576 2368 regni
1589 2332 1652 2359 mci.

874 2383 907 2409 Et
921 2382 1055 2417 paenitens
1066 2382 1099 2409 de
1113 2382 1166 2415 his,
1183 2382 1275 2408 viuum
1291 2385 1317 2407 ct
1330 2388 1427 2408 carnes
1440 2387 1495 2407 non
1519 2378 1653 2413 assumpsi

872 2436 959 2463 usque
973 2428 1007 2455 ad
1021 2432 1200 2461 senectutem,
1224 2431 1251 2454 et
1265 2434 1374 2453 onmem
1401 2425 1519 2452 laetitiam
1539 2423 1651 2451 nescivi.

873 2474 907 2503 Et
921 2474 1042 2502 ostendit
1057 2474 1123 2501 mihi
1137 2473 1248 2508 angelus
1262 2472 1319 2504 Dei,
1335 2471 1408 2506 quod
1420 2478 1506 2505 usque
1527 2470 1553 2496 in
1567 2476 1653 2498 sucu-

871 2523 942 2554 lum,
957 2526 984 2548 et
995 2521 1097 2555 regi,et
1105 2519 1226 2554 pauperi,
1245 2518 1373 2545 mulieres
1386 2516 1611 2548 dominabuntur;
1625 2520 1653 2542 ct

872 2567 947 2602 regis
957 2566 1067 2602 quidem
1080 2565 1176 2592 tollent
1187 2563 1300 2599 gloriam
1314 2567 1340 2589 et
1353 2562 1439 2589 virilis
1451 2561 1609 2596 potentiam,
1624 2565 1651 2587 et

875 2613 1002 2649 pauperis
1015 2611 1182 2648 paupertatis
1196 2609 1340 2637 minimum
1357 2608 1567 2635 ﬁrmamentum.

873 2746 951 2773 μενος
962 2737 1011 2773 οὐκ
1024 2735 1188 2773 αἰσθανεται,
1202 2734 1248 2761 καὶ
1259 2732 1351 2773 ᾇδοξον
1361 2733 1410 2759 οὐκ
1418 2731 1583 2773 αἰσχύνεται.
1594 2729 1660 2757 Κᾶν,

871 2765 924 2808 γάρ
939 2765 980 2804 τις
998 2771 1152 2808 βασιλεύσῃ,
1173 2765 1310 2808 πορνευων
1324 2767 1515 2804 γυμνούμενος.
1531 2765 1570 2794 ιν.

907 2805 962 2843 (95)
988 2805 1160 2841 Ἐξέρχετάι.
1177 2805 1239 2832 Οὐκ.
1260 2805 1298 2832 ΙΙ).
