1913 3102
227 103 239 132 I
244 103 296 131 079

740 101 971 130 TESTAMENTA
991 101 1038 129 XII
1055 78 1359 135 PA'I‘RIARCHARUM.

1790 107 1866 133 101ηὲΙ

262 161 332 189 XVI.
348 171 358 187 ι
377 161 518 189 Custodite
529 169 604 197 ergo,
626 161 674 189 ﬁlii
697 161 766 195 mei,
781 162 928 189 terminum
944 162 1010 188 vini.

1101 162 1160 195 ις’.
1193 173 1203 189 ‹
1223 162 1391 190 Φυλάσσεσθε
1406 160 1462 195 οὖν,
1482 163 1566 190 τέκνα
1581 172 1644 200 μου,
1658 163 1708 190 τὺν
1720 164 1788 200 ὅρον
1812 164 1866 190 τοῦ

227 207 299 235 Sunt
312 207 385 234 enim
408 208 479 234 ineo
497 211 614 242 quatuor
636 207 750 242 spiritus
773 207 1010 242 perniciosi;con-

227 253 412 289 cupiscentize,
427 253 659 287 inﬂammationis,
677 253 804 285 luxuriae,
817 258 843 281 et
858 254 946 288 turpis
966 253 1010 279 lu-

227 300 277 326 cri.
303 299 330 326 Si
354 299 453 327 bibatis
475 299 569 326 vinum
598 299 625 326 in
646 299 749 332 laetitia,
772 307 834 326 cum
854 300 951 326 timore
964 298 1009 325 Dei

227 346 427 379 erubescentes,
453 345 559 373 vivetis.
576 344 604 372 Si
627 346 699 373 enim
725 345 824 372 bibatis
844 353 898 372 non
915 345 1013 372 erube-

227 395 345 425 scentes,
359 396 386 418 et
398 391 505 418 recedat
522 390 567 418 Dei
582 391 673 422 timor.
684 391 742 426 jam
756 391 870 418 eiiicitur
882 391 1011 423 ebrietas,

227 443 253 465 et
277 437 413 465 subintrat
435 437 638 465 inverecundia.
665 437 694 464 Si
718 445 783 464 vero
799 445 887 472 neque
899 437 1013 464 omnino

226 483 325 511 bibetis
346 484 414 519 (95),
429 489 459 511 ut
482 491 535 511 non
550 484 666 518 peccetis
681 484 708 511 in
723 484 814 512 verbis
828 483 1011 517 contumeliae,

227 536 255 558 et
269 538 375 565 pugnae,
393 535 420 558 et
431 530 585 564 calumniae,
609 535 635 558 et
657 531 885 565 transgressionis
899 530 1014 557 manda-

228 581 318 604 torum
338 576 395 609 Dei,
410 580 437 604 et
452 577 569 611 pereatis
594 581 656 603 ante
677 581 785 611 tempus
800 580 932 604 vestrum.
945 575 1013 603 Nam

229 623 356 658 mysteria
373 622 420 649 Dei
433 627 459 650 et
473 622 613 649 hominum
629 623 725 650 alienis
739 622 838 649 revelat
853 622 946 649 vinum
971 622 1012 656 (ut

228 673 255 696 ct
270 676 319 703 ego
333 668 461 696 mandata
472 668 519 696 Dei
532 673 558 696 et
570 669 697 704 mysteria
709 668 793 696 Iacob
807 669 891 703 patris
903 667 956 696 mei
969 675 1013 696 re-

228 714 314 741 \‘elavi
327 713 496 741 Chanauitidi
515 714 626 750 Bessue)
643 715 742 750 quibus
753 715 838 742 vetuit
854 714 924 742 Deus
938 722 1014 742 reve-

228 758 293 785 lare.
323 757 375 786 Sed
391 763 417 786 ct
432 759 493 786 belli
519 763 546 785 et
560 759 776 787 conturbationis
801 767 884 787 causa
898 759 1016 787 efﬁcitur

228 811 333 830 Vlllllln.

1063 207 1147 235 οἴνου.
1163 208 1242 234 Ἐστι
1255 208 1310 244 γάρ
1325 210 1353 235 ἐν
1365 208 1440 244 αὐτῷ
1449 209 1568 245 τέσσαρα
1580 209 1725 244 πνεύματα
1753 207 1867 242 πονηρά

1062 254 1221 290 ἐπιθυμίας,
1233 255 1390 289 πυρώσεως,
1407 256 1534 287 ἀσωτίας,
1543 255 1780 291 αἰσχροκερδείας.
1796 255 1864 282 Ἐὰν

1065 300 1160 336 πίνητε
1176 298 1246 327 οἶνον
1267 300 1296 327 ἐν
1309 300 1471 337 εὐφροσύνῃ,
1489 301 1556 336 μετά
1571 300 1653 335 φόϐου
1674 301 1742 327 Θεοῦ
1765 300 1863 327 αἰδού-

1066 354 1152 381 μενοι,
1170 346 1294 382 ζήσεσθε.
1313 346 1376 373 Ἐὰν
1397 346 1451 382 γὰρ
1464 346 1557 381 πίνητε
1574 346 1611 382 μὴ
1626 346 1794 382 αἰδούμενοι,
1810 346 1864 372 καὶ

1068 393 1172 428 ἀποστῇ
1181 394 1194 419 ό
1201 392 1249 419 τοῦ
1257 392 1324 419 Θεοῦ
1331 393 1422 427 φόϐος,
1431 393 1522 419 λοιπὸν
1529 393 1633 427 γίνεται
1643 393 1722 428 μέθη,
1731 393 1783 418 καί
1791 401 1863 428 παρ-

1064 438 1122 465 εισέ
1129 438 1435 474 ρχεταιήάναισχυντία.
1452 439 1482 465 Εἰ
1496 438 1524 465 δέ
1537 438 1603 474 μηδὲ
1615 438 1683 470 ὅλως
1697 439 1782 473 πίητε
1789 439 1860 474 (9-5),

1065 485 1111 512 ἶνα
1125 485 1161 520 μὴ
1177 485 1317 521 ἁμάρτητε
1339 486 1367 511 ἐν
1382 485 1472 519 λόγοις
1487 485 1602 521 ὑϐρεως,
1620 485 1667 512 καὶ
1683 485 1787 520 μάχης,
1811 486 1862 512 καὶ

1065 531 1259 566 συκοφαντίας,
1285 531 1332 558 καὶ
1355 531 1536 566 παραϐάσεως
1561 531 1673 557 ἐντολῶν
1699 531 1782 563 Θεοῦ,
1811 533 1861 558 καὶ

1066 577 1209 605 ἀπολεῖσθε
1219 578 1268 604 οὺχ
1283 579 1311 604 ὲν
1325 577 1412 612 καιρῷ
1424 577 1511 612 ὑμῶν.
1522 577 1611 611 Καίγε
1631 578 1770 612 μυστήρια
1789 577 1859 604 Θεοῦ

1065 625 1112 651 καὶ
1135 623 1284 659 ἀνθρώπων
1308 623 1458 659 ἀλλοτρίοις
1480 623 1665 649 ἀποκαλύπτει
1688 621 1791 654 όοϊνος
1809 623 1860 657 (ὡς

1065 669 1143 704 κάγὼ
1156 669 1264 702 ἐντολὰς
1277 669 1344 696 Θεοῦ
1359 670 1406 696 καὶ
1417 670 1554 704 μυστήρια
1577 668 1673 695 Ἰακὼϐ
1688 668 1736 695 τοῦ
1752 669 1860 704 πατρός

1067 724 1117 751 μου
1134 715 1296 750 ἀπεκάλυψα
1314 716 1347 750 τῇ
1364 715 1517 741 Χανανίτιδι
1538 714 1668 750 Βησσουὲ)
1688 712 1729 746 οἷς
1745 713 1825 741 εἶπεν
1844 716 1860 740 ὀ

1065 759 1132 792 Θεὸς
1151 760 1189 796 μὴ
1213 760 1395 795 ἀποκαλύψαι.
1412 761 1466 787 Καὶ
1489 760 1518 787 δὲ
1534 760 1654 795 πολέμου
1667 760 1715 786 καὶ
1728 760 1859 796 ταραχῆς

1066 805 1150 838 αῐτιος
1162 806 1266 841 γίνεται
1276 806 1290 832 ό
1306 804 1386 838 οἶνος,

264 847 345 875 XVII.
363 857 373 874 ι
393 847 492 876 Mando
509 849 590 884 igitur
604 849 699 882 vobis,
717 849 764 876 lilii
782 849 846 882 mei,
860 853 889 875 ut
905 856 959 876 non
973 848 1013 876 di-

1100 853 1147 879 lZ’.
1166 861 1176 878 (
1204 852 1377 888 Ἑντέλλομαι
1392 849 1438 879 οὖν
1455 852 1534 887 ὑμῖν,
1555 852 1638 879 τέκνα
1654 861 1716 888 μου,
1738 852 1779 887 μὴ
1790 852 1859 886 ἀγα-

228 894 320 929 ligatis
333 899 487 929 argentum,
501 903 590 929 neque
605 895 760 930 inspiciatis
780 895 808 922 in
833 895 1014 930 pulchritudi—

229 947 291 966 nem
308 939 470 973 mulierum;
485 940 548 974 quia
565 944 591 967 et
605 945 714 975 propter
722 945 864 975 argentum
875 945 902 967 et
913 940 1014 968 formo-

229 986 336 1013 sitatem
349 985 437 1012 erravi
461 986 488 1012 iu
513 985 616 1013 Bessue
632 985 829 1013 Chananzeam.
846 984 914 1012 Novi
928 987 1012 1019 enim,

229 1032 301 1066 quod
314 1035 423 1067 propter
438 1031 493 1058 duo
505 1031 562 1059 hac
572 1032 625 1058 erit
636 1039 720 1067 genus
732 1039 822 1058 meum
833 1031 859 1058 in
874 1032 1014 1066 nequitia;

229 1077 359 1112 quoniam
375 1081 403 1104 et
417 1077 552 1112 sapientes
563 1077 634 1104 viros
646 1077 764 1104 ﬁliorum
777 1084 902 1104 meorum
913 1078 1015 1105 aliena-

228 1123 312 1156 bunt,
334 1128 362 1151 et
384 1131 498 1159 regnum
513 1122 589 1151 Iudae
608 1124 742 1157 minuent,
758 1124 830 1159 quod
857 1124 931 1152 dedit
946 1125 1015 1152 mihi

229 1169 362 1198 Dominus
375 1170 401 1197 in
416 1170 570 1198 obedientia
582 1170 676 1205 patris.
695 1169 838 1206 Nunquam
861 1171 934 1198 enim
948 1179 1015 1198 con-

229 1217 336 1244 trislavi
352 1216 465 1244 verbum
491 1216 576 1251 patris
591 1217 644 1243 mei
668 1215 763 1250 Jacob,
779 1217 907 1252 quoniatn
923 1217 1016 1244 omnia

230 1271 292 1298 quae
308 1262 386 1295 dixit,
402 1262 545 1290 iaciebam.
559 1261 593 1289 Et
604 1262 742 1290 Abraham
761 1267 837 1297 pater
859 1263 944 1297 patris
962 1263 1015 1290 mei

230 1309 371 1336 benedixit
385 1309 462 1341 mibi,
478 1312 507 1335 ut
521 1316 663 1344 regnarem
679 1308 706 1335 in
726 1307 808 1336 Israel
820 1317 827 1342 ;
843 1313 870 1335 et
881 1307 958 1336 Isaac
970 1309 1018 1336 be—

231 1354 337 1381 nedixit
349 1354 416 1381 mihi
432 1354 515 1381 simili
529 1353 621 1380 modo.
638 1353 669 1380 Et
686 1361 737 1389 ego
753 1353 827 1387 novi,
842 1353 915 1389 quod
926 1362 960 1382 ex
974 1362 1018 1382 uie

231 1401 316 1429 stabit.
332 1409 457 1436 regnum.

269 1446 360 1474 XVIII.
371 1455 380 1472 ι
393 1445 426 1473 Ει
439 1446 491 1481 legi
506 1446 531 1474 in
549 1446 626 1474 libris
638 1446 731 1475 Euoch
743 1447 820 1482 justi,
833 1451 935 1483 quanta
947 1448 1018 1475 mala

232 1493 340 1522 facietis
353 1494 380 1520 in
396 1494 528 1521 extremis
544 1494 649 1522 diebus.
664 1493 764 1522 Cavete
778 1495 870 1529 igitur,
893 1495 939 1522 lilii
952 1494 1017 1526 mei,

233 1548 250 1567 a
274 1539 454 1568 fornicatione
480 1545 507 1568 et
524 1541 655 1575 avaritia;
680 1540 770 1568 audite
791 1540 889 1568 Iudam
915 1546 1019 1576 patrem

233 1591 366 1620 vestrum,
375 1587 504 1621 quoniam
520 1587 572 1614 ista
584 1591 711 1622 separant
724 1595 739 1614 a
753 1587 811 1623 legc
821 1587 881 1620 Dei,
897 1593 924 1614 et
935 1594 1022 1614 excat-

234 1637 299 1660 cant
312 1634 456 1660 consilium
469 1634 576 1666 animae,
590 1638 617 1661 et
635 1634 789 1669 superbiam
806 1634 915 1667 docent,
929 1638 955 1661 et
967 1641 1022 1660 non

233 1679 376 1715 patiuntur
384 1680 522 1707 hominem
534 1680 751 1707 misericordiam
761 1680 890 1708 exhibere
897 1680 1036 1715 proximo-

236 1732 298 1755 suo.
308 1725 540 1759 privantanimam
551 1725 637 1759 ipsius
654 1726 727 1753 omni
744 1725 876 1758 bonitate,
889 1729 917 1752 et
932 1725 1022 1753 conti-

235 1777 300 1799 nent
323 1771 412 1807 ipsum
429 1772 457 1799 in
478 1772 617 1799 laboribus
638 1777 665 1799 et
678 1772 818 1800 doloribus
830 1793 837 1806 ,
854 1777 881 1800 et
896 1776 1024 1800 amovent

237 1824 366 1844 somnum
374 1817 408 1844 ab
416 1825 459 1851 eo,
470 1823 637 1845 consumunt
645 1825 742 1845 carnes
751 1818 846 1852 ipsius,
855 1822 882 1845 et.
890 1818 1023 1845 sacriﬁcia

237 1862 285 1889 Dei
300 1863 462 1898 impediunt,
485 1868 513 1890 et
529 1863 732 1891 benedictioues
745 1871 800 1890 non
815 1868 978 1896 memorant,
997 1867 1025 1890 et

237 1909 378 1944 propheta:
402 1909 523 1944 loquenti
545 1916 600 1936 non
622 1909 764 1941 obediunt,
779 1914 804 1937 et
817 1909 900 1937 verbo
915 1909 1024 1944 pietatis

238 1955 424 1982 oﬂ'enduntur.
454 1955 567 1982 Duabus
585 1956 658 1982 enim
680 1955 855 1990 passionibus
877 1955 1024 1983 contrariis

239 2001 375 2029 mandatis
386 2001 432 2029 Dei
446 2002 578 2035 serviens,
595 2001 650 2029 Deo
658 2001 770 2029 obedire
781 2009 835 2029 non
848 2006 1024 2037 potest,quo-

240 2047 313 2073 niam
327 2051 533 2074 excaecaveruut
543 2047 663 2074 animam
676 2047 747 2081 ejus,
763 2051 790 2074 et
806 2047 833 2073 in
845 2047 900 2080 die,
915 2047 986 2074 sicut
997 2047 1024 2074 in

240 2097 319 2120 nocte
328 2093 459 2120 ambulat.

276 2139 347 2167 XIX.
363 2150 373 2165 ι
390 2139 452 2167 Filii
469 2141 532 2173 mei,
551 2140 665 2168 avaritia
693 2140 727 2168 ad
753 2139 825 2168 idola
848 2140 933 2172 ducit,
956 2147 1026 2175 quo-

1065 897 1118 932 πᾷν
1140 896 1280 932 ἀργύριον,
1297 897 1363 931 μηδέ
1379 895 1524 932 ἐμϐλέπειν
1535 897 1576 928 είς
1597 896 1695 928 κάλλος
1705 897 1856 931 γυναικῶν·

1064 943 1105 969 ὅτι
1125 943 1205 978 καίγε
1218 943 1252 970 δι’
1263 943 1402 979 ἀργύριον,
1418 943 1466 970 καὶ
1484 942 1517 969 δι’
1527 943 1678 978 εὐμορφίαν
1699 942 1858 978 ἐπλανήθην

1064 989 1105 1021 εἰς
1116 989 1237 1024 Βησσουὲ
1247 990 1297 1025 τὴν
1309 989 1474 1017 Χαναναίαν.
1486 990 1547 1016 Ὀτι
1561 987 1619 1017 οῖδα
1633 989 1700 1024 ἐγὼ,
1715 991 1758 1017 ὅτι
1770 990 1815 1016 διὰ
1825 991 1858 1017 τὰ

1064 1035 1110 1062 δύο
1126 1036 1212 1062 ταῦτα
1227 1036 1302 1063 ἔσται
1314 1037 1345 1062 τὸ
1356 1036 1432 1071 γένος
1451 1045 1501 1071 μου
1521 1037 1550 1064 ἐν
1565 1036 1699 1072 πονηρίᾳ’
1718 1038 1762 1063 ὅτι
1779 1038 1858 1070 καί-(ε

1067 1082 1166 1116 σοφοὺς
1181 1082 1281 1118 ἄνδρας
1291 1082 1345 1110 τῶν
1362 1082 1428 1109 υίῶν
1449 1091 1499 1119 μου
1513 1082 1701 1114 ἀλλοιὼσουσι,
1715 1084 1764 1109 καὶ
1782 1083 1857 1118 βασι-

1065 1128 1140 1155 λείαν
1158 1128 1243 1156 Ἰούδα
1259 1128 1456 1164 σμικρυνθῆναι
1472 1130 1640 1165 ποιήσουσιν,
1656 1129 1690 1164 ῆν
1710 1129 1797 1156 ἐδωκὲ
1815 1138 1857 1164 μοι

1065 1174 1168 1210 Κύριος
1192 1174 1221 1201 ἐν
1246 1174 1352 1209 ὑπακοῇ
1377 1173 1488 1210 πατρός.
1511 1174 1644 1201 Οὐδέποτε
1662 1173 1718 1209 γὰρ
1732 1173 1858 1208 ἐλύπησα

1066 1219 1144 1253 λόγον
1170 1218 1268 1246 Ἰακὼϐ
1286 1219 1335 1246 τοῦ
1352 1219 1454 1256 πατρός
1477 1220 1531 1256 (96)
1555 1229 1621 1256 μου,
1636 1220 1677 1246 ὅτι
1689 1219 1792 1252 πάντα,
1809 1221 1858 1247 ὅσα

1066 1262 1152 1297 εἶπεν,
1164 1264 1281 1291 ἐποίουν.
1297 1265 1352 1292 Καὶ
1369 1264 1494 1301 Ἀϐραὰμ
1505 1265 1520 1291 ὁ
1529 1265 1621 1301 πατὴρ
1630 1265 1676 1291 τοῦ
1689 1266 1795 1302 πατρός
1809 1275 1857 1301 μου

1066 1310 1196 1346 εὐλόγησέ
1213 1319 1255 1347 με,
1277 1310 1428 1345 βασιλεύειν
1445 1312 1474 1338 ἐν
1494 1311 1615 1347 Ἰσραήλ·
1632 1311 1680 1338 καὶ
1702 1312 1799 1338 Ἰσαὰκ
1813 1313 1857 1338 εὑ-

1067 1356 1169 1391 λόγησέ
1190 1364 1223 1392 με
1237 1356 1346 1392 ὁμοίως.
1360 1357 1416 1383 Καὶ
1429 1356 1483 1392 ἐγὼ
1497 1355 1568 1389 οἶδα,
1584 1357 1624 1384 ὅτι
1635 1357 1665 1390 ἐξ
1676 1357 1746 1392 ἐμοῦ
1762 1358 1859 1393 στήσε-

1067 1410 1112 1428 ται
1121 1402 1152 1428 τὸ
1165 1401 1308 1437 βασίλειον.

1103 1447 1157 1473 Iﬂ'.
1173 1456 1182 1472 (
1197 1447 1285 1481 Καίγε
1297 1447 1383 1482 ἔγνων
1398 1448 1426 1474 ἐν
1443 1447 1556 1483 βιϐλίοις
1575 1447 1661 1484 Ἑνὼχ
1681 1448 1730 1475 τοῦ
1742 1448 1858 1481 δικαίου,

1070 1493 1120 1520 ὅσα
1135 1493 1208 1519 κακὰ
1224 1494 1350 1528 ποιήσετε
1365 1495 1394 1520 ἐν
1412 1494 1540 1530 ἐσχάταις
1553 1494 1682 1530 ἡμέραις.
1703 1495 1859 1528 Φυλάξασθι

1071 1537 1127 1571 οὖν⁷
1142 1539 1224 1566 τέκνα
1239 1548 1300 1574 μου,
1320 1540 1374 1566 ἀπὸ
1387 1540 1436 1575 τῆς
1451 1540 1579 1576 πορνείας
1592 1541 1640 1567 καὶ
1658 1540 1711 1575 τῆς
1725 1541 1858 1576 φιλαργυ-

1073 1585 1149 1621 ρίαςι
1172 1585 1306 1612 ἀκούσατε
1325 1585 1409 1612 Ἰούδα
1430 1585 1478 1612 τοῦ
1491 1586 1594 1622 πατρὸς
1607 1585 1695 1621 ὑμῶν,
1712 1585 1754 1612 δτι
1775 1585 1858 1612 ταῦτα

1072 1631 1175 1666 ἀφιστᾷ
1192 1631 1273 1666 νόμου
1287 1630 1364 1663 Θεοῦ,
1380 1631 1427 1657 καὶ
1438 1631 1532 1665 τυφλοῖ
1541 1632 1572 1657 τὸ
1581 1630 1734 1658 διαϐούλιον
1746 1630 1798 1665 τῆς
1813 1630 1859 1664 ψυ-

1073 1677 1134 1712 χῆς,
1156 1677 1203 1704 καὶ
1227 1676 1414 1713 ὑπερηφανίαν
1428 1676 1590 1709 ἐκδιδάσκει,
1613 1678 1662 1703 καὶ
1672 1677 1724 1703 οὑκ
1751 1677 1859 1711 ἀφίησιν

1073 1723 1158 1759 ἄνδρα
1173 1723 1284 1758 ἐλεῆσαι
1300 1723 1347 1749 τοῦ
1358 1723 1470 1758 πλησίον
1488 1722 1581 1754 αὑτοῦ,
1598 1723 1739 1758 στερίσκει
1752 1722 1801 1758 τὴν
1812 1722 1859 1756 ψυ-

1074 1770 1124 1805 χήν
1138 1769 1219 1796 αὑτοῦ
1231 1770 1284 1796 ἀπὸ
1300 1769 1389 1804 πάσης
1403 1769 1591 1804 ἀγαθωσύνης,
1603 1769 1650 1795 καὶ
1661 1769 1772 1803 συνέχει
1785 1768 1860 1795 αὐτὸν

1074 1817 1104 1843 ἐν
1122 1815 1231 1851 μόχθοις
1244 1816 1290 1842 καὶ
1302 1815 1402 1847 πόνοις,
1419 1815 1466 1842 καὶ
1481 1815 1586 1850 ἀφιστᾷ
1607 1814 1693 1841 ὕπνον
1706 1814 1803 1846 αὐτοῦ,
1816 1823 1860 1840 κα-

1074 1862 1215 1897 ταδαπανᾷ.
1230 1861 1333 1897 σάρκας
1349 1860 1442 1893 αὑτοῦ,
1456 1860 1504 1886 καὶ
1518 1859 1613 1891 θυσίας
1628 1858 1699 1885 Θεοῦ
1715 1857 1859 1894 ἐμποδίζει,

1076 1908 1124 1935 κα),
1137 1907 1261 1942 εὐλογίας
1267 1907 1297 1933 οὑ
1310 1906 1445 1943 μέμνηται
1460 1905 1525 1941 (97),
1536 1905 1582 1932 καὶ
1595 1905 1727 1940 προφήτῃ
1742 1904 1862 1930 λαλοῦντι

1078 1954 1130 1990 οὑχ
1143 1953 1285 1985 ὑπακούει,
1302 1953 1349 1979 καὶ
1365 1952 1435 1987 λόγῳ
1449 1950 1586 1982 εὐσεϐείας
1598 1950 1788 1986 προσοχθίζει.
1803 1951 1862 1977 Auct

1075 2001 1130 2037 γὰρ
1153 2000 1267 2027 πάθεσιν
1284 1999 1413 2030 ἐναντίοις
1425 1998 1480 2025 τῶν
1499 1997 1612 2024 ἐντολῶν
1640 1997 1688 2023 τοῦ
1714 1997 1785 2023 Θεοῦ
1809 1997 1861 2024 δου-

1079 2046 1175 2078 λεύων,
1188 2045 1248 2081 Θεῷ
1263 2044 1409 2072 ὑπακούειν
1422 2045 1452 2071 οὐ
1462 2044 1581 2075 δύναται,
1594 2043 1635 2070 ὅτι
1644 2042 1808 2077 ἐτύφλωσαν
1819 2042 1860 2077 τὴν

1080 2093 1170 2129 ψυχὴν
1182 2091 1274 2123 αὑτοῦ,
1289 2092 1335 2118 καὶ
1352 2092 1381 2118 ἐν
1394 2091 1494 2126 ἡμέρᾳ,
1509 2089 1547 2121 ὠς
1562 2090 1591 2115 ἐν
1606 2089 1697 2121 νυκτὶ,
1711 2087 1856 2124 πορεύεται

1112 2139 1161 2165 ΙΘ’.
1174 2148 1182 2164 ‹
1197 2137 1285 2164 Τέκνα
1298 2145 1358 2172 μου,
1368 2138 1384 2172 ἡ
1394 2135 1559 2171 φιλαργυρία
1572 2134 1641 2170 πρὸς
1655 2134 1756 2161 εἴδωλα
1768 2134 1860 2168 ὁδηγεῖ,

241 2185 314 2212 niam
327 2184 353 2211 in
364 2192 457 2212 errore
469 2193 516 2220 per
528 2192 680 2221 argentum,
693 2193 740 2213 eos
748 2186 792 2220 qui
809 2193 863 2213 non
873 2190 946 2219 sunt,
959 2186 1019 2214 deos

1077 2185 1118 2211 ὅτι
1136 2185 1164 2210 ἐν
1180 2192 1200 2210 π
1218 2183 1268 2220 άνῃ
1281 2183 1315 2209 δι’
1325 2181 1454 2218 ἀργυρίου
1469 2181 1532 2212 τοὺς
1546 2180 1581 2216 μὴ
1594 2180 1674 2212 ὄντας
1683 2179 1765 2211 θεοὺς
1773 2180 1859 2214 ὀνομά-

241 2228 402 2262 mminant;
418 2233 445 2256 et
454 2228 519 2256 facit
533 2230 677 2257 habentem
695 2238 754 2258 eam
778 2231 805 2257 in
820 2231 941 2258 exstasin
958 2231 1025 2258 inci-

242 2274 318 2302 dere.
329 2273 442 2308 Propter
456 2281 597 2310 argentum
608 2275 664 2311 (98)
673 2283 723 2310 ego
732 2276 836 2311 perdidi
847 2277 916 2304 tilios
932 2285 1006 2304 meos
1018 2285 1025 2310 ;

242 2324 270 2346 et
284 2320 335 2348 nisi
352 2321 510 2355 paenitentia
523 2321 615 2348 carnis
635 2329 711 2353 meat,
727 2325 753 2348 et
770 2321 909 2349 humilitas
929 2321 1027 2349 animae

243 2374 311 2394 mea:
321 2371 349 2393 et
358 2366 498 2394 orationes
506 2365 590 2393 Iacob
599 2367 683 2401 patris
692 2367 744 2393 mei
754 2367 958 2402 (obstitissent),
967 2368 1027 2395 sine

243 2411 337 2439 liberis
352 2419 481 2439 morerer.
505 2411 558 2439 Sed
575 2411 645 2439 Deus
656 2418 761 2447 patrum
775 2420 909 2444 meorum,
922 2412 1030 2440 miseri—

244 2462 338 2485 corset
345 2457 475 2490 clemens,
485 2458 612 2493 cognovit
619 2458 691 2493 quod
702 2458 728 2485 in
740 2458 892 2493 ignorantia
903 2457 966 2486 feci.
976 2458 1030 2486 Ex-

244 2503 357 2530 cazeavit
370 2504 442 2530 enim
455 2511 497 2530 me
507 2504 634 2538 princeps
644 2505 755 2536 erroris,
769 2508 796 2531 et
808 2504 941 2540 ignoravi,
959 2505 1030 2532 sicut

246 2548 340 2581 homo,
356 2553 383 2575 et
398 2549 469 2576 sicut
486 2555 562 2582 caro,
581 2548 608 2575 in
624 2549 743 2583 peccatis
767 2554 924 2584 corruptus.
939 2548 970 2576 Et
985 2556 1031 2577 co-

283 2617 338 2651 (94)
357 2619 391 2644 El
403 2617 436 2644 δὲ
451 2617 528 2651 μηδὲ
543 2617 621 2650 ὅλως
637 2617 732 2651 πίητε.
750 2617 862 2651 corrige
885 2624 919 2644 ex
941 2616 1029 2644 Oxon.

283 2625 338 2651 (ιιι)
357 2625 391 2644 L‘t
403 2625 436 2644 σε
451 2625 528 2651 μηοε
543 2625 621 2650 ολως
637 2625 732 2675 πιητε.
750 2625 862 2651 borrlge
885 2625 919 2644 ex
941 2625 1023 2644 uxon.

252 2651 356 2689 coti_._fri
409 2651 489 2685 λέγω.
504 2651 565 2686 μηδ’
578 2651 645 2682 ὂλως
659 2658 680 2689 τι
692 2658 760 2689 veste:
773 2649 857 2689 (ξιιΑὲ
883 2683 888 2688 _
901 2682 907 2689 Ι
1006 2681 1023 2689 μ

288 2686 344 2721 (95)
362 2686 392 2713 Si
415 2681 474 2712 vero
491 2681 572 2720 n‘eriue
597 2681 702 2721 coruino
719 2684 822 2711 bibatis.
836 2682 907 2715 Quid
921 2690 979 2710 vero
995 2681 1037 2708 di-

253 2719 331 2747 cunt?
344 2729 374 2747 ne
388 2721 492 2748 omnino
509 2721 615 2747 bibatis.
631 2719 668 2746 In.

272 2755 458 2817 ἐ(9ϐ)ΙΛόγ-ον
479 2755 578 2783 Ἰακὼό
597 2755 650 2782 τοῦ
666 2754 785 2789 πατρός.
807 2752 903 2780 Ἰακὼϐ
921 2751 968 2779 τὸν
984 2760 1036 2778 πα-

289 2798 331 2817 οα.
360 2799 387 2817 ο.

256 2798 331 2817 τερα.
350 2798 387 2817 ιι).

288 2799 406 2860 ἵζὴηδὺ
421 2831 575 2861 μεμνηται.
589 2823 657 2853 Θεοῦ
671 2824 701 2852 οὐ
717 2823 889 2863 μνημονεύει.
905 2822 942 2850 In.

1081 2230 1167 2263 ζουσι·
1176 2231 1223 2257 καὶ
1233 2231 1304 2256 ποιεῖ
1318 2229 1363 2256 τὸν
1372 2228 1466 2263 ἔχοντα
1482 2227 1566 2263 αὐτὴν
1582 2227 1622 2258 εἰς
1636 2226 1769 2253 ἔκστασιν
1785 2228 1858 2261 ἐμπε-

1080 2277 1146 2302 σεῖν.
1166 2275 1205 2301 Δι’
1220 2274 1350 2310 ἀργυρίου
1371 2273 1427 2308 ἐγὼ
1444 2271 1571 2300 ἀπώλεσα
1586 2271 1621 2297 τὰ
1635 2271 1722 2298 τέκνα
1745 2279 1810 2306 μου,
1820 2270 1858 2296 καὶ

1078 2322 1102 2348 el
1113 2321 1150 2357 μὴ
1162 2321 1179 2356 ἡ
1192 2320 1319 2356 μετάνοια
1326 2320 1375 2354 τῆς
1387 2319 1487 2355 σαρκός
1499 2327 1559 2353 μου,
1569 2318 1639 2353 καὶὴ
1647 2317 1811 2348 ταπείνωσις
1817 2316 1857 2350 τῆς

1078 2368 1169 2403 ψυχῆς
1191 2375 1254 2403 μου,
1274 2367 1321 2393 καὶ
1343 2367 1370 2392 αἱ
1392 2365 1470 2400 εὐχαὶ
1491 2363 1586 2391 Ἰακὼϐ
1607 2363 1656 2390 τοῦ
1679 2364 1785 2399 πατρός
1805 2371 1855 2398 μου,

1080 2414 1193 2445 ἄτεκνος
1212 2410 1283 2447 εἶχον
1305 2411 1458 2438 ἀποθανεῖν.
1482 2409 1574 2436 Ἀλλό
1585 2409 1652 2441 Θεὸς
1665 2409 1722 2435 τῶν
1746 2409 1855 2443 πατέρων

1084 2467 1145 2494 μου,
1157 2459 1172 2484 ό
1183 2457 1332 2492 οἰκτίρμων
1342 2457 1388 2482 καὶ
1397 2455 1530 2490 ἐλεήμων,
1542 2453 1661 2487 συνέγνω
1671 2453 1714 2479 ("ru
1731 2453 1761 2478 ἐν
1775 2451 1855 2485 ἀγνοίᾳ

1080 2503 1206 2539 ἐποίησα.
1225 2503 1377 2537 Ἑτύφλωσε
1389 2502 1443 2536 γάρ
1459 2509 1491 2536 με
1502 2501 1516 2526 ὸ
1529 2500 1620 2536 ἄρχων
1631 2499 1683 2534 τῆς
1697 2499 1807 2532 πλάνης,
1818 2496 1855 2523 καὶ

1080 2550 1216 2586 ἠγνόησα,
1231 2549 1268 2581 ὡς
1283 2549 1434 2584 ἄνθρωπος,
1458 2547 1504 2574 καὶ
1515 2547 1553 2578 ὡς
1573 2545 1641 2581 σὰρξ
1657 2545 1725 2580 (99),
1741 2545 1769 2570 ἐν
1779 2544 1854 2578 ἁμαρ-

1117 2618 1174 2653 (98)
1189 2618 1302 2653 Propter
1320 2621 1467 2653 gzrgentum.
1492 2615 1551 2653 Duo
1568 2614 1653 2653 verba
1671 2614 1725 2653 ista
1750 2613 1780 2640 ad
1799 2619 1854 2647 prb

1082 2648 1219 2682 cedentem
1235 2648 1376 2687 periodum
1388 2656 1451 2679 sunt
1460 2650 1615 2687 referenda,
1632 2650 1656 2676 si
1671 2648 1794 2687 Graecum
1808 2653 1852 2673 ιι-ιι

1082 2694 1140 2716 tum
1150 2689 1227 2723 sequi
1235 2684 1370 2723 velimus,
1380 2687 1408 2713 in
1423 2686 1631 2723 cujusutroquc
1638 2684 1798 2718 exemplari,
1811 2687 1852 2723 tatu

1082 2724 1170 2751 Oxon.
1183 2719 1264 2758 quam
1277 2722 1392 2758 Cantab.
1407 2719 1469 2756 post
1478 2721 1511 2748 δι’
1522 2719 1660 2758 ἀργυρίου
1673 2722 1853 2754 cstpuuctutn;

1082 2759 1180 2787 melius
1192 2754 1269 2790 vero,
1282 2757 1360 2792 juxta
1379 2754 1448 2784 hanc
1457 2754 1622 2792 versionem.
1634 2754 1675 2782 In.

1120 2794 1129 2812 ί
1132 2793 1176 2829 99)
1185 2792 1265 2828 Σὰρξ
1269 2813 1275 2820 .
1283 2790 1441 2822 Ὀωἱδευιιι.
1457 2790 1494 2819 In.
