1913 3102
43 133 98 163 1081

39 193 102 222 ttat;
115 183 238 225 φθαρείς,
250 189 306 217 Καὶ
321 190 443 224 ἐπέγνων
457 190 506 226 τὴν
518 190 638 226 ἐμαυτοῦ
664 191 814 226 ἀσθένειαν,
830 195 852 223 Α

39 236 143 272 νυμίζων
152 235 366 271 ἀκαταμάχητος
380 234 459 263 εἶναι.

68 284 122 310 Κ¹.‹
137 283 287 317 Ἐπίγνωτε
301 280 346 310 οὖν
357 283 441 320 (100),
455 284 538 311 ’τέκνα
554 293 614 320 μου,
625 284 666 311 δτι
677 284 723 311 δύο
736 284 815 312 πνεύ-

41 338 102 365 ματα
115 328 275 364 σχολάζουσι
289 329 329 365 τῷ
346 329 492 366 ἀνθρώπῳ,
506 330 536 356 τὸ
550 331 600 365 τῆς
614 330 751 366 ἀληθείας,
766 330 815 357 καὶ

38 377 63 402 ab
74 375 120 410 τῆς
133 375 239 410 πλάνης
248 383 255 390 ·
275 375 323 402 καὶ
338 375 418 411 μέσον
434 376 493 403 ἐστὶ
504 376 536 402 τὸ
546 377 595 412 τῆς
609 377 741 408 συνέσεως
766 376 813 403 τοῦ

38 420 95 452 νοὸς,
108 417 137 446 οὗ
153 420 200 447 ἐὰν
213 420 280 457 θέλῃ
293 421 391 447 κλῖναι.
404 422 491 456 Καίγε
506 421 541 448 τὰ
553 422 603 457 τῆς
615 421 752 457 ἀληθείας,
767 421 814 448 καὶ

37 465 65 491 τὰ
73 465 117 499 τῆς
131 464 245 500 πλάνης,
260 465 412 501 γέγραπται
428 466 475 492 ἐπὶ
487 466 517 492 τὸ
533 466 628 502 στῆθος
645 467 692 493 τοῦ
708 466 813 502 ἀνθρώ-

37 519 93 536 ’κου’
106 510 150 536 καὶ
163 510 192 537 ἓν
202 510 319 537 ἕκαστον
329 511 419 538 αὐτῶν
433 512 560 548 γνωρίζει
575 512 686 548 Κύριος.
699 513 754 539 Καὶ
765 513 815 539 οὑκ

37 556 84 583 ἐστι
93 556 194 592 καιρὸς,
207 557 237 583 ἐν
247 553 270 590 ᾧ
280 556 421 592 δυνήσεται
432 557 522 584 λαθεῖν
528 558 575 584 ἀνθ
581 558 677 593 ρώπων
686 558 763 594 ἔργα,
774 559 814 585 ὅτι

37 602 61 628 ἐν
76 602 161 637 στήθει
172 602 276 629 ὀστέων
291 602 360 629 αὐτὰ
371 602 558 638 ἐγγέγραπται
572 602 685 630 ἐνώπιον
702 603 813 639 Κυρίου.

37 648 83 674 Καὶ
94 648 122 674 τὸ
141 649 253 684 πνεῦμα
267 649 318 684 τῆς
339 648 468 684 ἀληθείας
493 650 626 684 μαρτυρεῖ
651 648 749 680 πάντα,
768 649 815 675 καὶ

38 697 170 731 κατηγορεῖ
189 696 316 727 πάντων,
333 695 379 722 καὶ
393 695 596 730 ἐμπεπύρισται
617 696 631 721 ὁ
653 696 814 730 ἁμαρτήσας

37 741 64 767 ἐκ
74 741 119 776 τῆς
135 741 202 773 ἰδίας
216 740 342 777 καρδίας,
358 741 405 767 καὶ
420 739 484 776 ἆραι
496 740 644 777 πρόσωπον
659 741 689 767 οὺ
704 740 814 771 δύναται

37 785 95 821 πρὸς
105 786 147 812 τὸν
162 786 274 822 κριτήν.

65 831 123 857 KA'.
139 840 148 857 (
166 831 223 858 Καὶ
238 831 297 864 νῦν,
312 831 395 858 τέκνα
419 839 480 866 μου,
497 829 658 867 ἀγαπήσατε
673 831 718 858 τὸν
737 831 813 863 Aeni,

36 878 72 903 ἵνα
85 878 253 913 διαμείνητεο
271 878 318 905 καὶ
335 878 371 914 μὴ
385 877 530 913 ἐπαίρεσθε
552 879 596 904 ἐπ’
606 877 704 910 αὑτὸν,
718 877 762 904 ἴνα
777 877 813 913 μὴ
830 870 852 897 Β

36 922 243 959 ὲξολοθρευθῆτε.
273 924 350 960 Ἐμοὶ
364 924 418 960 γὰρ
443 924 526 951 ἐδωκε
547 923 649 959 Κύριος
671 923 719 959 τὴν
739 922 816 958 βασι-

36 969 108 1001 λείαν,
128 969 248 1004 κάκείνῳ
261 970 311 1005 τὴν
331 970 482 1005 ἱερατείαν,
498 970 546 996 καὶ
567 967 684 1000 ὑπέταξε
698 968 748 1004 τὴν
765 966 814 1002 βα-

36 1015 125 1042 σιλείαν
140 1017 173 1051 τῇ
191 1015 338 1052 ἱερωσύνῃ.
362 1016 438 1052 Ἐμοὶ
459 1016 544 1042 ἐδωκε
566 1014 600 1041 τὰ
615 1015 660 1040 ἐπὶ
678 1014 727 1049 τῆς
749 1013 815 1048 γῆς,

36 1061 141 1096 κάκείνῳ
154 1061 190 1087 τὰ
210 1062 240 1087 ἐν
261 1062 396 1097 οὐρανοῖς.
422 1062 465 1094 Ὡς
486 1062 615 1097 ὑπερέχει
638 1059 752 1096 οὑρανὸς
766 1059 816 1094 τῆς

35 1106 87 1141 γῆς,
102 1106 185 1139 οὔτως
196 1107 328 1143 ὑπερέχει
337 1107 403 1134 Θεοῦ
421 1107 540 1143 ίερατεία
551 1107 601 1141 τῆς
617 1106 663 1133 ἐπὶ⁸
676 1105 727 1140 γῆς
741 1105 826 1140 βασι-Δ

36 1151 98 1183 λείας
110 1152 155 1187 (1).
172 1153 228 1179 Καὶ
241 1152 296 1188 γὰρ
309 1153 389 1179 αὑτὸν
414 1153 484 1188 ὑπὲρ
505 1153 536 1179 σὲ
560 1150 701 1184 ἐξελέξατο
714 1149 816 1185 Κύριος

35 1196 140 1231 ἐγγίζειν
163 1198 251 1233 αὐτῷ,
279 1199 325 1224 καὶ
351 1198 449 1225 ἐσθίειν
482 1197 622 1233 τράπεζαν
642 1196 741 1228 αὑτοῦ,
769 1195 816 1222 καὶ

36 1242 150 1278 ἀπαρχὰς
163 1243 382 1278 ἐντρυφημάτων
395 1242 461 1269 υἱῶν
485 1240 606 1277 Ἰσραήλ·
629 1240 676 1266 καὶ
694 1239 744 1275 ἔσῃ
768 1239 817 1271 αὑ-

35 1288 83 1318 τοῖς
97 1286 131 1322 (2)
145 1288 182 1320 ὡς
200 1289 218 1324 ἡ
244 1288 377 1315 θάλασσα.
399 1288 502 1323 Ὥσπερ
519 1286 573 1322 γὰρ
590 1287 617 1313 ἐν
634 1286 701 1321 αὐτῇ
717 1285 816 1311 δίκαιοι

37 1333 76 1359 καὶ
92 1333 175 1361 ἀδικοι
195 1334 383 1369 χειμάζονται,
399 1334 424 1360 οἱ
440 1334 490 1369 μὲν
508 1331 780 1368 αἰχμαλωτιζὸμενοι,
791 1330 816 1356 οι

35 1377 59 1404 δέ
79 1379 267 1411 πλουτοῦντες·
287 1379 372 1411 οὑτως
387 1379 434 1406 καὶ
445 1380 474 1405 ἐν
490 1379 531 1404 σοὶ
546 1378 600 1404 πᾶν
620 1377 698 1411 γένος
713 1375 818 1411 ἀνθρώτ

40 1433 99 1457 πων,
121 1426 144 1452 οἱ
167 1426 216 1461 μὲν
239 1425 439 1453 κινδυνεύουσιν
459 1422 733 1460 αὶχμαλαγτιζόμενοι,
748 1422 772 1448 οί
789 1420 818 1449 δὲ

38 1471 183 1498 πλουτοῦσιν
196 1470 378 1507 ἁρπάζοντες.
393 1471 452 1498 Ὅτι
465 1471 490 1497 οἱ
502 1468 692 1504 βασιλεύοντες
701 1466 817 1498 ἔσονται,

37 1518 69 1550 ὼς
82 1520 156 1554 κήτη,
170 1518 367 1570 καταπίνοντες
380 1515 599 1570 ἀνθρώπουςζάῒς
615 1514 708 1550 ἰχθύας
717 1513 819 1567 ιθυγα-
831 1540 854 1570 c

37 1565 107 1600 τέρας
116 1566 160 1591 καὶ
172 1565 250 1596 υἱοὺς
263 1563 419 1599 ἐλευθέρους
435 1561 683 1589 καταδουλώσουσιν
692 1568 698 1575 ·
715 1559 816 1592 οἴκους,

38 1611 136 1647 ἀγροὺς,
152 1612 281 1647 ποίμνια,
306 1611 434 1646 χρήματα
453 1609 621 1644 ἀρπάσουσι·
647 1608 695 1634 καὶ
713 1606 818 1638 πολλῶν

39 1656 130 1691 σάρκας
150 1657 252 1687 ἀδίκως
276 1656 391 1691 κόρακες
413 1654 460 1682 καὶ
482 1653 549 1685 ἴϐεις
577 1653 749 1689 χορτάσουσι,
772 1651 819 1678 καὶ

40 1703 208 1738 προκόψουσιν
228 1702 277 1729 ἐπὶ
292 1702 323 1729 τὸ
342 1702 426 1728 κακὸν
446 1701 475 1727 ἐν
496 1700 638 1735 πλεονεξίᾳ.
661 1699 823 1734 ὑψούμενοι.·
857 1714 864 1721 ι

40 1748 85 1774 Καὶ
96 1748 199 1775 ἐσονται
216 1749 256 1780 ὼς
271 1748 426 1783 καταιγίδες
439 1745 674 1782 ψευδοπροφῆται,
690 1745 737 1772 καὶ
751 1745 818 1777 πάν-

38 1801 80 1825 τας
92 1795 208 1827 δικαίους
217 1794 369 1826 διώξονται.

69 1841 126 1868 ΚΒ’.
148 1851 158 1868 ‹
180 1840 293 1874 Ἐπάξει
308 1840 336 1867 δέ
353 1840 444 1872 αὐτοῖς
469 1840 573 1875 Κύριος
588 1838 734 1874 διαιρέσεις
759 1838 819 1864 κατ’

40 1887 158 1924 ἀλλήλων,
172 1882 229 1916 ’καὶ
252 1888 364 1924 πόλεμοι
382 1888 502 1922 συνεχεῖς
519 1886 625 1913 ἔσονται
641 1887 669 1912 ἐν
693 1885 818 1921 Ἰσραὴλ,

40 1935 79 1960 καὶ
93 1935 120 1961 ἐν
132 1934 292 1969 ἀλλοφύλοις
311 1932 549 1968 συντελεσθήσεται
569 1933 586 1968 ὴ
608 1931 730 1966 βασιλεία
748 1940 799 1967 μου
811 1951 818 1963 ,

40 1979 84 2011 ἕως
97 1980 140 2007 τοῦ
158 1980 246 2007 ἐλθεῖν
259 1980 290 2006 τὸ
303 1980 434 2014 σωτήριον
451 1977 489 2013 τῷ
512 1977 633 2014 Ἰσραὴλ,
648 1977 703 2009 ἕως
719 1985 820 2012 παρου-

42 2024 92 2055 σίας
107 2025 150 2051 τοῦ
171 2024 241 2051 Θεοῦ
250 2024 299 2060 τῆς
313 2022 497 2058 δικαιοσύνης,
508 2021 555 2048 τοῦ
564 2021 699 2057 ήσυχάσαι
708 2020 752 2047 τὸν
769 2021 821 2048 Ἰα-

41 2069 90 2096 κὼὸ
106 2071 132 2097 ἐν
142 2072 250 2107 εἰρήνῃ,
259 2070 306 2097 καὶ
321 2070 409 2096 πάντα
422 2067 458 2094 τὰ
465 2067 538 2103 ἐθνη.
549 2066 603 2094 Καὶ
613 2066 692 2098 αὐτὸς
709 2065 820 2100 φυλάξει

42 2116 128 2150 κράτος
144 2116 285 2152 βασιλείας
309 2124 358 2151 μου
375 2115 426 2146 ἓως
449 2113 496 2141 τοῦ
517 2113 624 2144 αἰῶνος.
652 2113 745 2147 "Opti
767 2110 820 2146 γὰρ

41 2160 120 2196 ὦμοσέ
131 2171 173 2197 μοι
183 2162 297 2198 Κύριος,
309 2162 345 2196 μὴ
357 2159 491 2194 ἐκλείψειν
499 2159 528 2185 τὸ
537 2158 668 2194 βασίλειόν
678 2166 726 2193 μου
735 2158 766 2183 ἐκ
773 2156 819 2182 τοῦ

649 132 912 162 TESTAMENTUM
930 134 1036 163 JUDE.

1575 143 1645 171 {082

867 195 1032 230 gnoscebam
1059 196 1166 223 tandem
1196 197 1249 224 mei
1274 197 1359 233 ipsius
1385 199 1579 234 infirmitatem,
1597 202 1644 237 qui

865 241 1064 268 existimassem
1078 249 1121 269 me
1135 242 1370 277 inexpugnabilem
1383 252 1453 272 esse.
1651 275 1653 278 ν

900 285 962 313 XX.
981 297 990 312 ι
1010 287 1174 323 Cognoscite
1188 289 1282 323 igitur,
1298 290 1345 316 lilii
1360 291 1424 324 mei,
1438 291 1510 326 quod
1523 292 1576 319 duo
1589 293 1644 327 spi-

868 332 937 360 ritus
952 337 1052 360 vacant
1065 334 1180 366 homini,
1199 335 1309 369 spiritus
1324 336 1461 369 veritatis,
1484 341 1510 364 et
1533 338 1644 372 spiritus

867 379 985 412 erroris;
1005 383 1032 406 et
1053 379 1159 406 medius
1175 384 1216 407 est
1238 381 1351 415 spiritus
1370 382 1520 409 intellectus
1535 383 1644 416 mentis,

865 425 945 460 cujus
962 430 1014 459 est,
1030 433 1085 461 quo
1096 427 1153 453 vult
1167 426 1307 454 inclinare.
1318 426 1351 453 Et
1362 435 1421 462 qua:
1436 432 1499 455 sunt
1512 429 1644 461 veritatis,

865 475 893 499 et
905 479 965 506 quae
978 476 1042 511 sunt
1055 479 1167 505 erroris,
1179 473 1278 507 scripta
1291 478 1443 508 suntsnper
1454 478 1546 508 pectus
1557 475 1646 501 homi-

866 516 910 544 nis
925 517 957 550 ¹³,
974 521 1002 544 et
1015 518 1228 553 unumquodque
1239 526 1333 546 eorum
1347 520 1487 554 cognoscit
1504 519 1645 548 Dominus.

865 562 898 590 Et
909 571 962 590 non
976 568 1017 591 est
1028 568 1144 598 tempus,
1161 565 1188 591 in
1204 573 1258 600 quo
1268 570 1394 600 poterunt
1407 566 1489 593 latere
1504 566 1645 593 hominum

866 617 960 643 opera;
975 610 1102 643 quoniam
1119 618 1151 638 ea
1166 611 1193 637 in
1207 616 1315 645 pectore
1324 611 1427 639 ossium
1441 612 1569 646 inscripta
1583 616 1647 640 sunt

868 661 959 682 coram
982 654 1108 683 Domino.
1127 656 1160 683 Et
1186 657 1298 691 spiritus
1322 657 1442 685 veritatis
1460 659 1647 686 testimonium

865 701 990 736 perhibet
1001 702 1033 729 de
1051 702 1188 736 omnibus,
1203 709 1229 730 et
1243 708 1355 730 accusat
1370 704 1476 736 omnia;
1491 709 1516 731 et
1532 704 1648 733 adustus

866 753 908 775 est
934 749 980 783 qui
1007 752 1102 783 peccat
1123 756 1156 775 ex
1171 749 1282 784 proprio
1297 749 1389 781 corde,
1403 753 1430 776 et
1447 749 1536 777 levare
1550 749 1647 777 faciem

865 803 918 822 non
938 799 1024 829 potest
1035 794 1068 822 ad
1084 794 1212 829 judicem.
1474 818 1475 821 η

901 840 971 868 XXI.
985 850 994 866 ‹
1004 840 1037 868 Ει
1050 849 1132 873 nunc,
1147 841 1196 868 ﬁlii
1211 841 1276 874 mei,
1292 841 1395 877 diligite
1408 841 1483 873 Levi,
1501 845 1530 868 ut
1541 849 1648 876 perma-

867 887 972 920 ncatis;
989 891 1016 914 ct
1030 894 1084 914 non
1096 887 1245 914 eﬂeramini
1258 895 1339 921 super
1353 887 1441 921 ipsum
1455 909 1462 919 ,
1479 892 1510 914 ut
1521 895 1579 915 non
1588 887 1646 914 dis-

869 933 998 968 pereatis.
1015 932 1080 960 Mihi
1100 933 1171 960 enim
1188 933 1260 960 dedit
1274 932 1407 960 Dominus
1429 941 1553 968 regnum,
1566 937 1593 960 et
1608 933 1648 960 illi

867 979 1061 1011 sacerdotium,
1082 983 1108 1006 et
1128 979 1243 1013 subjecit
1258 986 1371 1015 regnum
1393 979 1555 1007 sacerdotio.
1582 978 1648 1005 Mihi

866 1024 940 1052 dedit
954 1033 1014 1059 quae
1028 1025 1055 1052 in
1070 1031 1158 1059 terra;
1178 1025 1215 1052 illi
1232 1033 1307 1058 vero,
1321 1033 1382 1060 quae
1396 1031 1460 1053 sunt
1473 1026 1500 1052 in
1516 1025 1648 1054 cmlis.Ut

867 1070 1051 1105 supereminet
1064 1071 1161 1098 coelum
1174 1074 1263 1102 terrae,
1281 1072 1318 1098 ita
1331 1072 1515 1106 supereminet
1530 1071 1577 1099 Dei
1603 1080 1648 1099 sa-

866 1117 1016 1144 cerdotium
1033 1124 1116 1151 regno
1133 1117 1205 1151 quod
1226 1121 1268 1144 est
1291 1117 1317 1144 in
1333 1122 1415 1145 terra.
1434 1118 1540 1145 Etenim
1555 1119 1647 1153 ipsum

864 1170 946 1198 supra
960 1168 986 1190 te
997 1164 1077 1199 elegit
1087 1164 1219 1193 Dominus
1230 1165 1447 1201 appropinquare
1458 1165 1519 1200 ipsi,
1532 1169 1558 1192 et
1573 1172 1648 1192 com-

864 1209 943 1237 edere
962 1218 1083 1238 mensam
1103 1212 1204 1246 ipsius,
1225 1217 1252 1240 et
1277 1212 1410 1247 primitias
1437 1211 1594 1239 deliciarum
1615 1211 1648 1238 Il-

867 1255 967 1283 Iiorum
982 1255 1065 1283 Israel
1087 1265 1093 1282 :
1113 1261 1139 1283 et
1154 1256 1208 1283 eris
1218 1256 1258 1283 eis
1274 1261 1303 1283 ut
1315 1263 1399 1282 mare.
1413 1254 1647 1288 Quemadmodum

867 1301 939 1328 enim
954 1302 981 1328 in
996 1301 1064 1328 mari
1078 1301 1144 1336 justi
1159 1305 1185 1328 et
1212 1300 1306 1335 injusti
1332 1300 1465 1331 hiemant,
1490 1300 1518 1326 hi
1539 1300 1649 1334 quidem

867 1347 966 1382 captivi
986 1346 1061 1379 facti.
1076 1347 1104 1374 hi
1120 1354 1183 1374 vero
1193 1346 1287 1374 dilati:
1302 1347 1337 1373 ita
1354 1346 1417 1373 etin
1433 1350 1459 1372 te
1474 1353 1553 1372 omne
1564 1353 1649 1381 genus

869 1393 1022 1425 hominum,
1041 1393 1068 1420 hi
1091 1392 1199 1427 quidem
1215 1392 1400 1427 periclitantur
1424 1392 1451 1418 in
1467 1391 1650 1426 captivitatem

868 1439 934 1473 acti,
949 1439 978 1465 hi
991 1446 1056 1466 vero
1081 1439 1206 1466 ditantur
1231 1438 1378 1472 rapientes.
1395 1436 1529 1470 Quoniam
1545 1437 1591 1472 qui
1606 1445 1650 1464 re-

871 1491 955 1521 gnant
970 1489 1050 1512 erunt
1066 1485 1137 1512 sicut
1151 1489 1219 1517 ccte,
1237 1485 1417 1519 deglutientes
1432 1484 1557 1511 homines
1578 1484 1652 1511 velut

870 1530 1051 1565 pisces:ﬁlias
1059 1535 1086 1557 et
1101 1530 1171 1557 tilios
1184 1530 1284 1557 liberos
1302 1531 1330 1557 in
1342 1530 1498 1557 servitutem
1513 1529 1650 1564 redigent;

870 1576 979 1609 domos,
992 1583 1083 1610 agros,
1099 1583 1205 1611 greges,
1229 1576 1359 1610 pecunias
1373 1576 1496 1610 rapient;
1513 1580 1539 1602 ct
1554 1575 1652 1602 multo—

869 1631 930 1650 rum
947 1622 1075 1650 caruibus
1096 1622 1198 1656 injuste
1220 1629 1317 1649 corvos
1339 1626 1366 1648 et
1383 1621 1465 1648 ibices
1480 1621 1650 1652 saturabunt,

869 1673 897 1696 et
921 1669 1064 1704 proﬁcient
1088 1668 1115 1694 in
1138 1667 1240 1694 malum
1271 1668 1298 1694 in
1325 1667 1439 1694 avaritia
1469 1667 1590 1694 exaltati.
1619 1665 1652 1692 Et

869 1719 949 1742 erunt
961 1719 991 1741 ut
1005 1713 1132 1749 procella:
1144 1713 1397 1748 pseudoprophctaa.
1410 1712 1543 1742 etfomnes
1562 1712 1652 1747 justos

869 1764 1077 1796 persequentur.

907 1838 988 1867 XXII.
1012 1848 1022 1864 ι
1039 1838 1151 1866 Inducet
1178 1841 1267 1863 autem
1287 1836 1327 1863 eis
1352 1835 1483 1865 Dominus
1503 1834 1652 1862 divisiones

871 1887 942 1914 inter
964 1893 1003 1919 se,
1029 1889 1056 1912 et
1076 1883 1147 1912 bella
1164 1883 1292 1910 continua
1307 1886 1388 1908 erunt
1413 1882 1439 1908 in
1463 1880 1557 1913 Israel,
1579 1886 1604 1908 et
1624 1881 1652 1907 in

870 1932 1028 1967 alienigenis
1047 1929 1281 1958 consummabitur
1304 1935 1416 1963 regnum
1434 1927 1653 1959 nteum,-donec

870 1979 961 2006 veniet
975 1977 1094 2005 salutare
1108 1975 1200 2007 Israel.
1218 1983 1303 2010 usque
1318 1975 1351 2002 ad
1366 1974 1512 2002 adventum
1532 1974 1579 2001 Dei
1603 1973 1652 2008 ju-

868 2025 959 2058 stitia,
967 2030 998 2053 ut
1006 2023 1129 2058 quiescat
1151 2021 1235 2049 .lacob
1258 2021 1285 2048 in
1300 2028 1376 2056 pace,
1395 2025 1422 2047 et
1437 2028 1531 2047 omnes
1547 2024 1650 2055 gentes.

872 2070 905 2097 Et
927 2071 986 2105 ipse
1001 2068 1136 2097 custodiet
1160 2071 1322 2103 potestatem
1349 2066 1422 2101 regni
1439 2066 1492 2092 mei
1514 2073 1599 2100 usque
1624 2065 1652 2092 in

872 2116 1014 2144 saeculum.
1031 2114 1189 2142 Juramento
1203 2114 1275 2140 enim
1297 2113 1400 2148 juravit
1419 2111 1484 2138 mihi
1508 2111 1652 2143 Dominus,

873 2170 925 2190 non
940 2160 1108 2188 deiecturum
1128 2166 1241 2194 regnum
1257 2166 1348 2185 meum
1361 2165 1376 2184 e
1389 2157 1493 2185 semine
1507 2164 1578 2189 meo,
1592 2163 1652 2183 om-

42 2206 185 2242 σπέρματός
205 2215 267 2242 μου,
286 2206 375 2238 πάσας
392 2205 440 2236 τὰς
457 2203 576 2240 ἡμέρας,
591 2203 643 2235 ἓως
654 2202 700 2228 τοῦ
711 2201 817 2233 αἰῶνος,

872 2207 953 2234 nibus
969 2206 1074 2236 diebus,
1091 2212 1176 2238 usque
1190 2205 1217 2230 in
1234 2203 1374 2231 saeculum.

70 2253 127 2280 Kl".
150 2263 159 2279 ι
173 2253 262 2288 Πολλὴ
272 2252 299 2279 δέ
315 2251 387 2287 λύπη
405 2251 450 2286 μοί
467 2252 534 2282 ἐστι,
547 2250 629 2277 τέκνα
644 2258 704 2284 μου,
715 2248 758 2274 διὰ
769 2248 818 2280 τὰς

39 2298 168 2333 ἀσελγείας
181 2301 228 2327 καὶ
241 2298 379 2334 γοητείας,
393 2297 439 2324 καὶ
456 2296 688 2332 είδωλολατρείας,
701 2295 732 2327 ἃς
744 2295 819 2329 ποιή-

41 2350 93 2370 σετε
107 2345 145 2376 εἰς
161 2345 192 2372 τὸ
205 2344 348 2380 βασίλειον,
357 2342 584 2378 ἐγγαστριμύθοις
597 2340 817 2372 ἀκολουθοῦντες,

41 2389 139 2426 κληδόσι
161 2390 217 2427 (5),
243 2391 290 2418 καὶ
314 2391 423 2426 δαίμοσι
448 2389 562 2424 πλάνης.
590 2388 645 2420 Τὰς
667 2387 818 2423 θυγατέρας

42 2435 108 2471 ὑμῶν
126 2438 258 2473 μουσικὰς
275 2437 321 2464 καὶ
336 2436 469 2472 δημοσίας
487 2436 630 2471 ποιήσετε,
657 2434 704 2460 καὶ
726 2434 818 2469 ἐπιμι-

40 2481 145 2516 γήσεσθε
162 2483 190 2509 ἐν
207 2482 388 2518 βδελύγμασιν
405 2481 505 2508 ἐθνῶν*
520 2480 577 2508 ἀνθ’
593 2476 630 2507 ὧν
642 2479 701 2512 ἄξει
717 2479 818 2515 Κύριος

42 2525 76 2559 ἐφ’
92 2527 158 2561 ὑμᾶς
175 2527 269 2562 λιμὸν,
287 2527 400 2554 θάνατον
417 2527 464 2554 καὶ¹
482 2525 636 2562 ῥομφαίαν,
659 2524 818 2551 ἐκδικοῦσαν

42 2571 197 2609 πολιορκίαν,
215 2575 262 2601 καὶ
277 2574 360 2606 κύνας
381 2574 420 2605 εἰς
436 2572 623 2607 διασπασμὸν,
651 2571 756 2607 ἐχθρῶν
771 2571 818 2597 καὶ

42 2616 115 2650 φίλων
135 2619 318 2655 ὀνειδισμοὺς,
343 2618 480 2646 ἀπώλειαν
504 2617 551 2644 καὶ
575 2617 612 2654 (4)
636 2617 819 2652 σφακελισμὸν

75 2663 94 2678 ¹²
109 2663 186 2692 Rom.
204 2673 233 2699 ll,
250 2666 293 2698 14,
313 2666 356 2700 15.

45 2708 140 2772 ἁυῗθξρ
165 2711 319 2747 Ἐπίτνωτε
330 2711 396 2739 οὖν.
412 2710 520 2738 Omissa
533 2710 639 2744 integra
655 2709 714 2736 haec
727 2709 818 2744 perio-

76 2778 109 2817 (l)
128 2782 297 2815 Βασιλείας.
320 2781 479 2813 Βασιλείας,
496 2781 553 2817 ἐὰν,
568 2781 604 2817 μὴ
632 2779 673 2817 δι’.
682 2779 823 2817 ἁμαρτίας

46 2811 338 2879 Ξῖᾙξξῃοᾷιῖρίουξκαὶ
354 2811 484 2853 κυριευθῇ
508 2811 718 2850 ὑπθέπιγείαξ,
744 2811 819 2842 addit

906 2252 1001 2282 XXIII.
1026 2262 1034 2278 t
1051 2251 1133 2278 Multa
1149 2255 1239 2277 autem
1255 2250 1365 2278 tristitia
1379 2248 1446 2276 mihi
1459 2254 1510 2280 est,
1524 2248 1571 2274 lilii
1588 2247 1651 2280 mei,

872 2304 984 2335 propter
1001 2299 1196 2334 impudicitias,
1210 2302 1236 2325 et
1259 2297 1409 2331 sortilegia,
1432 2299 1459 2322 et
1475 2295 1651 2326 idololatrias.

870 2353 939 2381 quas
965 2345 1073 2372 facietis
1090 2345 1118 2372 in
1135 2351 1267 2379 regnum,
1281 2343 1469 2377 ventriloquos
1491 2345 1651 2376 sequentes,

870 2391 1053 2419 divinationes
1079 2395 1106 2418 et
1131 2390 1272 2418 daemonas
1299 2389 1411 2416 erroris.
1444 2387 1525 2414 Filias
1549 2390 1653 2414 vestras

870 2438 1035 2466 cantatrices
1059 2442 1086 2465 et
1109 2437 1234 2472 publicas
1251 2435 1366 2467 facietis,
1382 2439 1409 2462 et
1433 2432 1653 2461 immiscebimini

871 2484 1125 2512 abominationibus
1137 2483 1274 2518 gentium;
1296 2489 1346 2517 pro
1358 2480 1458 2515 quibus
1468 2480 1548 2507 ducet
1562 2478 1654 2506 Domi-

869 2538 923 2558 nus
939 2538 1020 2566 super
1033 2537 1082 2557 vos
1100 2529 1199 2556 famem
1223 2532 1251 2555 et
1270 2527 1463 2561 pestilentiam,
1487 2529 1603 2552 mortem
1626 2526 1654 2551 et

871 2578 1003 2614 gladium,
1020 2576 1197 2604 ulciscentem
1215 2573 1396 2604 obsidionem,
1414 2576 1441 2599 et
1455 2578 1536 2598 canes
1559 2571 1586 2597 in
1607 2569 1648 2597 di-

871 2623 1059 2657 laniationem,
1085 2621 1260 2648 inimicorum
1281 2623 1308 2646 et
1329 2618 1480 2646 amicorum
1496 2615 1651 2652 opprobria,

896 2702 944 2747 1C2)
958 2702 1082 2747 r{falsam
1095 2688 1206 2734 αὺτοῖς.
1220 2701 1289 2729 Add.
1302 2700 1334 2727 σὺ
1348 2699 1376 2726 δὲ
1390 2699 1439 2736 ἔσῃ
1452 2688 1576 2734 βασιλεὺς
1600 2697 1651 2724 Ἰα-

869 2740 943 2810 mi?)
956 2738 1369 2810 (Ξὲἓιῗλουᾷοῦντες,ἱκιζῃὸόᾳι.
1389 2767 1650 2803 Ἐξακολουθοῦντες,

869 2807 971 2839 omissa
983 2808 1107 2844 sequenti
1123 2815 1188 2844 voce
1202 2807 1322 2844 κληδόσι.
1335 2807 1371 2844 lo.

906 2845 943 2880 (4)
962 2838 1123 2876 Kal-mirae
1137 2843 1179 2875 εἰς
1196 2838 1396 2878 διάὰπισμὸν,
1415 2839 1527 2874 ἐχθρῶν
1544 2838 1592 2866 καὶ
1605 2838 1651 2873 φί-
