1913 3102
235 135 304 164 Ν)θό

750 121 985 153 ΤΕδΤΑΜΕΝΤΛ
1000 120 1047 149 XII
1065 117 1372 148 PATRIABCHARUM.

1797 112 1869 141 1084

233 191 416 223 Ροτάὶιίοηοω
430 193 459 217 et
479 188 568 216 tabem
582 185 727 215 oculorum
740 204 749 217 ,
770 189 920 219 puerorum
943 180 1018 209 occi-

1092 177 1221 213 φθαλμῶν
1231 197 1237 208 ,
1252 175 1356 212 νηπίων
1372 174 1510 211 ἀναίρεσιν
1520 195 1527 207 ,
1545 175 1593 202 καὶ
1610 173 1733 210 συμϐίων
1747 173 1869 208 ἀφαίρε-

235 240 353 271 sionem,
369 241 397 264 et
409 243 527 263 uxorum
550 233 726 265 ablationem,
745 229 951 266 possessionum
974 235 1021 255 ra—

235 286 344 321 pinam,
368 287 448 310 terra;
460 280 668 312 desolationem,
681 276 775 312 templi
790 275 838 303 Dei
854 274 1020 321 incendium,

236 319 322 359 vestri
345 331 468 365 ipsorum
492 326 651 355 servitutem
666 325 693 351 in
707 323 851 359 gentibus;
876 325 904 348 et
916 319 1023 348 exscin-

235 378 328 406 dente
341 376 420 403 vobis
433 374 576 402 eunuchos
593 371 726 399 uxoribus
739 369 815 401 suis,
829 369 916 396 donec
932 373 1024 393 rever-

235 423 333 451 tamini
352 422 385 450 ad
402 421 548 449 Dominum
565 419 592 446 in
606 418 712 452 integro
726 415 824 448 corde,
842 413 1024 449 pmnitentes,

237 473 265 496 et
281 468 454 495 ambulantes
470 466 499 493 in
515 464 644 492 omnibus
657 461 795 490 mandatis
815 459 874 492 Dei,
893 463 920 486 et
934 457 1024 485 visitet

237 520 288 540 vos
304 512 436 539 Dominus
450 511 477 537 in
493 507 692 541 misericordia,
707 510 735 534 et
749 505 862 533 reducat
879 511 895 531 a
910 502 1024 538 captivi-

238 563 293 586 tate
310 558 483 585 inimicorum
501 561 667 583 vestrorum.

275 603 370 631 XXIV.
394 613 403 629 ι
418 602 451 630 Et
474 608 536 638 post
558 602 616 629 haec
637 601 742 628 orietur
766 597 844 626 vobis
866 601 971 627 nstrum
991 603 1025 623 ex

237 650 323 678 Jacob
336 650 362 677 in
378 657 444 684 pace
457 669 464 681 ,
487 653 514 676 et
535 651 665 682 exsurget
679 647 762 674 homo
784 652 816 672 ex
831 643 935 671 semine
951 650 1024 675 meo,

239 701 270 722 ut
289 693 468 729 soljustitite,
491 692 636 720 ambulans
655 699 717 718 cum
743 690 806 717 [iliis
829 688 971 716 hominum
997 688 1026 716 in

238 741 449 770 mansuetudine
464 744 491 767 et
504 739 609 774 justitia
619 759 627 772 ,
644 743 671 766 et
685 738 834 773 quidquam
851 735 956 771 peccati
971 742 1027 762 non

239 787 392 815 invenietur
411 794 440 813 tn
453 793 496 812 eo.
514 785 547 812 Et
560 784 718 819 aperientur
738 789 820 818 super
841 782 931 818 ipsum
945 781 1027 814 caeli,

239 833 273 862 ad
300 832 491 860 eﬂundendum
518 831 672 865 Spiritum,
696 828 913 856 benedictionem
938 826 1028 855 Patris

240 878 327 906 sancti
341 887 349 905 τ
361 881 388 904 et
404 877 461 912 ipse
473 876 594 904 effundet
609 875 737 911 spiritum
754 874 848 910 gratiae
863 881 945 909 super
959 881 1024 906 vos,

238 928 267 952 et
279 924 355 951 eritis
370 924 394 950 ei
412 923 459 950 lilii
473 923 500 950 in
512 922 628 949 veritate
639 942 647 954 ,
671 927 698 948 et
721 920 897 948 ambulabitis
912 920 940 947 in
956 927 1026 954 prte-

240 970 328 1005 eeptis
341 970 414 997 illius
428 969 524 1004 primis
538 972 564 995 et
578 967 693 995 ultimis.
718 965 767 994 Hic
785 970 828 994 cst
849 973 960 1001 germen
979 965 1027 993 Dei

239 1014 394 1048 Altissimi,
419 1019 447 1042 et
469 1015 515 1042 hic
532 1018 576 1042 est
593 1013 656 1041 lons
671 1013 698 1040 in
713 1013 797 1040 vitam
819 1012 910 1040 omnis
924 1012 1028 1045 carnis,

240 1061 318 1089 Tunc
333 1061 480 1096 refulgebit
498 1065 637 1095 sceptrum
662 1059 738 1095 regni
762 1058 828 1091 mei,
849 1063 874 1086 et
900 1067 915 1086 a
936 1058 1028 1086 radice

239 1111 330 1134 vestra
347 1110 475 1133 nascetur
494 1112 632 1140 propago;
658 1107 686 1131 et
707 1104 734 1132 in
755 1111 788 1132 eo
810 1103 939 1132 ascendet
951 1104 1028 1139 virga

238 1153 353 1188 iustitiae
366 1153 491 1188 gentibus
501 1172 510 1185 ,
530 1155 561 1179 ut
571 1151 677 1186 judicet
687 1154 714 1178 et
733 1150 818 1178 salve!
836 1156 932 1178 omnes
948 1149 1028 1177 invo-

240 1202 338 1225 cantes
348 1196 507 1224 Dominum.

275 1286 362 1314 XXV.
385 1296 395 1312 ι
410 1286 443 1314 Ει
457 1292 518 1321 post
531 1287 589 1314 haec
602 1292 726 1322 resurget
738 1287 889 1319 Abraham,
904 1293 931 1315 et
943 1287 1029 1321 Isaac,

241 1337 269 1360 et
280 1331 365 1360 Iacob
379 1332 405 1359 in
421 1332 521 1365 vitam;
537 1337 566 1359 et
583 1339 643 1368 ego,
658 1337 685 1360 et
699 1332 798 1360 fratres
813 1333 865 1360 mei
881 1333 1027 1368 principes,

241 1382 380 1412 sceptrum
393 1381 514 1405 vestrum
537 1378 563 1404 in
585 1377 668 1405 Israel
689 1379 804 1405 erimus.
827 1377 892 1404 Levi
913 1378 1028 1412 primus,

242 1422 379 1450 secundus
397 1429 458 1457 ego,
479 1422 576 1450 tertius
594 1421 693 1457 Josepb
705 1442 713 1454 ,
739 1426 854 1456 quartus
876 1421 1028 1457 Beniamin,

241 1468 355 1503 quintus
377 1467 505 1502 Simeon,
523 1473 617 1496 sextus
639 1467 761 1501 lsachar,
788 1473 816 1496 et
841 1468 877 1495 ita
902 1468 1030 1503 deinceps

241 1520 348 1540 omnes.
369 1513 402 1541 Et
421 1513 554 1541 Dominus
567 1514 708 1542 benedixit
727 1513 806 1547 Levi;
824 1514 937 1549 angelus
951 1513 1029 1541 faciei

243 1566 304 1593 me;
319 1559 434 1588 virtutes
447 1561 540 1595 gloriae
560 1559 690 1593 Simeon;
709 1561 808 1588 emtum
830 1559 946 1593 Ruben;
972 1560 1030 1587 isa-

242 1606 311 1634 char
323 1610 411 1639 terra;
430 1615 506 1634 mare
519 1606 658 1638 Zabulon;
679 1611 787 1634 montes
799 1605 898 1641 Joseph
911 1615 918 1639 ;
941 1606 1031 1633 taber-

243 1653 373 1681 naculum
400 1652 560 1688 Benjamin;
587 1653 733 1680 luminaria
757 1652 830 1685 Dan;
854 1652 958 1679 deliciae
980 1651 1032 1679 Ne-

243 1699 397 1735 phthalim;
412 1700 451 1727 sol
465 1699 538 1734 Gad;
552 1700 623 1727 oliva
639 1699 708 1727 Aser
721 1708 728 1726 :
741 1704 769 1726 et
776 1699 908 1726 eritunus
916 1698 1032 1734 populus

247 1743 365 1776 Domini.
383 1749 410 1772 et
425 1745 517 1781 lingua
531 1753 600 1779 una;
615 1750 642 1772 et
655 1753 708 1772 tton
725 1745 777 1772 erit
789 1745 907 1779 amplius
921 1744 1032 1780 spiritus

244 1791 348 1819 erroris
361 1790 461 1824 Beliar,
476 1792 606 1826 quoniam
621 1792 744 1818 mittetur
757 1791 783 1818 in
801 1791 890 1826 ignem
905 1791 933 1818 in
947 1798 1033 1818 saecu-

245 1837 313 1865 lum.
340 1837 374 1865 Et
394 1838 441 1872 qui
456 1839 484 1865 itt
504 1838 614 1865 tristitia
632 1838 732 1865 mortui
749 1841 830 1868 sunt,
847 1842 990 1872 resurgent
1005 1837 1032 1864 in

245 1884 362 1920 gaudio;
378 1888 405 1911 et
420 1885 466 1918 qui
481 1885 507 1911 in
520 1888 679 1919 paupertate
691 1888 802 1918 propter
818 1882 973 1914 Dominum,
987 1882 1032 1910 di-

247 1930 393 1963 labuntur;
408 1936 436 1957 et
448 1931 494 1965 qui
507 1930 534 1956 in
549 1929 651 1965 inopia,
671 1929 881 1961 saturabuntur;
900 1933 927 1955 ct
941 1928 988 1962 qui
1005 1927 1032 1954 in

246 1977 413 2010 inﬁrmitate,
433 1976 669 2009 fortilicabuntur;
693 1980 719 2003 et
741 1975 789 2010 qui
809 1979 918 2010 propter
940 1973 1033 2001 Domi-

190 2043 195 2048 .
247 2029 312 2049 num
332 2022 432 2049 mortui
447 2027 521 2054 sunt,
538 2021 705 2057 evigilabunt
721 2021 747 2048 in
764 2021 830 2048 vita.
845 2020 878 2047 Et
893 2021 966 2047 cervi
987 2019 1032 2047 Ja-

247 2068 299 2095 cob
314 2074 426 2095 current
440 2068 466 2094 in
479 2068 663 2095 exsultatione
674 2088 681 2100 ,
697 2072 724 2094 et
737 2067 835 2102 aquilae
855 2067 937 2094 Israel
955 2067 1031 2094 vola-

246 2115 315 2142 bunt
328 2115 354 2141 in
374 2115 489 2149 gaudio;
503 2114 579 2149 impii
592 2121 656 2141 vero
669 2114 862 2146 tristabunlur,
885 2117 912 2140 et
932 2121 1032 2148 pecca-

248 2165 321 2189 tores
332 2161 476 2195 lugebunt,
490 2165 517 2188 et
529 2169 625 2189 omnes
638 2160 730 2196 populi
742 2160 933 2195 gloriﬁcabunt
944 2159 1033 2188 Domi-

247 2214 255 2228 ι
268 2213 313 2233 um
325 2205 353 2232 in
366 2205 473 2233 saecula.

237 2341 243 2359 ί
284 2344 381 2374 XXVI.
406 2355 415 2371 ι
431 2344 571 2372 Custodite
584 2344 675 2380 igitur,
689 2345 736 2372 lilii
752 2346 814 2378 mei,
827 2353 935 2374 omnem
948 2347 1034 2383 legem

249 2393 375 2425 Domini,
403 2392 532 2426 quoniam
558 2399 621 2426 spes
643 2395 684 2419 est
706 2393 834 2420 omnibus
855 2394 1035 2428 dirigentibus

249 2440 321 2467 viam
335 2439 406 2474 ejus.
423 2447 432 2464 ι
447 2436 480 2464 Ει
490 2437 558 2465 dixit
569 2437 609 2465 eis
623 2446 630 2465 :
646 2446 656 2463 ι
666 2437 781 2465 Centum
793 2440 885 2467 decem
898 2445 925 2467 et
937 2448 1035 2468 novem

248 2493 384 2515 annorum
398 2491 447 2519 ego
464 2483 566 2510 morior
583 2483 662 2511 hodie
676 2483 702 2510 in
724 2484 811 2512 oculis
828 2486 936 2513 vestris.
951 2485 1037 2514 Nemo

250 2539 295 2563 me
308 2531 420 2566 sepeliat
442 2530 469 2556 iu
491 2529 611 2564 pretiosa
633 2534 718 2564 veste,
740 2531 782 2558 vel
797 2536 920 2559 ventrem
944 2540 1037 2560 meum

251 2612 314 2638 ,λων
329 2610 528 2644 ὀνειδισμοὺς,
541 2607 693 2644 ἀπώλειαν
707 2610 766 2636 καί.
780 2609 882 2638 Desunt
895 2611 998 2643 omnis.
1011 2615 1038 2638 et

252 2646 314 2682 loco
329 2643 467 2680 sequentis
483 2646 558 2673 vocis
571 2643 754 2682 σφακελισμόν
767 2645 856 2681 posita
868 2654 922 2674 vox
936 2646 1036 2682 λήμην.

253 2681 338 2709 (ints.

290 2716 329 2786 (5;
353 2715 563 2758 ςΥπαρχόντων
579 2717 726 2752 ἁρπαγήν.
744 2717 857 2757 Desunt.
872 2716 910 2744 In.

302 2752 318 2778 6
356 2753 508 2785 Αναγαπῃ.
533 2752 674 2786 Αναγάγῃ,
688 2753 838 2786 quales-tto
849 2753 910 2779 mult

302 2751 329 2786 6)
341 2786 347 2788 _
355 2751 508 2785 Ἀναγάπῃ.
527 2751 674 2788 Ἀναγάγῃ,
688 2760 748 2788 qua:
759 2752 838 2780 lectio
849 2753 935 2779 multo
944 2753 1039 2780 melior

257 2786 546 2823 eSI,_altera»prorsus
569 2786 677 2815 vitiosa.
698 2786 794 2822 Neque
817 2787 897 2823 enim
911 2788 1038 2823 ὰναγάπῃ

260 2820 365 2852 uspiam
380 2817 443 2846 alibi
457 2820 569 2859 legitur;
595 2830 644 2859 n_ec
660 2817 780 2859 sequens
793 2821 848 2859 ᾁπό
866 2822 900 2850 ad
920 2817 1038 2859 aliquant

260 2861 352 2882 vacem
365 2855 557 2893 praecedentem
572 2857 666 2885 referri
684 2855 780 2892 puteal.
794 2857 832 2885 In.

1072 233 1115 251 σιν
1125 244 1132 256 ,
1157 223 1332 260 ὑπαρχόντων
1349 222 1476 258 ἁρπαγὴν
1488 222 1527 257 (5)
1537 241 1544 254 ,
1561 221 1614 256 γῆς
1630 221 1783 257 ἐρήμωσιν,
1800 218 1867 245 ναοῦ

1072 269 1140 296 Θεοῦ
1157 268 1339 305 ἐμπυρισμὸν,
1360 268 1437 303 ὑμῶν
1455 267 1543 294 αὐτῶν
1564 267 1688 294 δουλείαν
1707 266 1736 292 ἐν
1758 264 1866 290 ἔθνεσι·

1075 317 1122 344 καὶ
1138 315 1300 351 ὲκτεμοῦσιν
1317 314 1347 346 ὲξ
1363 313 1440 349 ὑμῶν
1457 313 1497 344 είς
1509 312 1652 347 εὐνούχους
1664 311 1728 342 ταῖς
1741 309 1869 344 γυναιξὶν

1075 363 1176 397 αὐτῶν,
1193 363 1246 395 ἓως
1268 362 1301 390 ἂν
1321 360 1504 398 ὲπιστρέψητε
1526 360 1595 396 πρὸς
1611 359 1714 394 Κύριον
1730 359 1760 384 ἐν
1776 357 1872 392 τελείᾳ

1076 410 1186 447 καρδίᾳ,
1205 407 1434 445 μεταμελούμενοι
1444 427 1451 439 ,
1469 407 1517 434 καὶ
1532 405 1711 441 ¹ιιιοριῑυόμενοι
1724 405 1754 431 tv
1767 404 1869 435 ﬁdem;

1073 457 1137 489 ταῖς
1147 455 1267 487 ἐντολαῖς
1278 454 1325 481 τοῦ
1337 453 1416 485 Θεοῦ,
1430 453 1477 480 καὶ
1488 452 1669 488 ὲπισκέψηται
1681 452 1755 486 ὑμᾶς
1765 450 1869 486 Κύριος

1075 503 1104 530 tv
1120 501 1200 534 ἐλέει,
1218 502 1265 528 καὶ
1281 499 1410 537 ἀναγάπῃ
1421 499 1458 535 (6)
1476 498 1530 525 ἀπὸ
1545 498 1595 533 τῆς
1609 496 1798 533 αἰχμαλωσίας
1812 494 1870 522 τῶν

1075 548 1180 585 ἐχθρῶν
1197 547 1283 583 ὑμῶν.

1111 595 1174 621 ΚΔ¹.
1197 604 1206 620 ι
1226 595 1281 620 Καὶ
1299 592 1368 629 μετὰ
1388 592 1474 619 ταῦτα
1491 591 1615 618 ἀνατελεῖ
1636 591 1699 625 ὑμῖν
1723 589 1825 624 ἄστρον
1842 589 1871 621 ἐξ

1082 640 1179 668 Ἰακὼϐ
1193 642 1222 668 tv
1239 641 1345 676 εἰρήνῃ,
1363 640 1410 666 καὶ
1425 638 1605 673 ἀναστήσεται
1621 637 1766 672 ἄνθρωπος
1778 636 1810 662 ὲκ
1823 635 1871 662 τοῦ

1077 688 1234 724 σπέρματός
1253 696 1313 723 μου,
1330 687 1368 718 ὡς
1379 687 1394 712 ὁ
1408 686 1482 721 ἥλιος
1497 684 1680 719 δικαιοσύνης,
1700 683 1873 718 συμπορευίν

1079 741 1159 768 μενος
1171 734 1228 764 τοῖς
1242 733 1309 764 υίοῖς
1325 731 1379 758 τῶν
1400 731 1552 767 ἀνθρώπιον
1570 731 1600 756 tv
1616 729 1752 765 πραότητι
1769 730 1818 754 καὶ
1833 728 1872 754 δι-

1077 778 1225 814 καιοσύνῃ,
1249 779 1296 804 καὶ
1322 778 1396 804 πᾶσα
1420 776 1541 813 ἁμαρτία
1565 776 1614 810 οὐχ
1637 774 1820 809 εὑρεθήσεται
1846 774 1874 798 ὲν

1078 825 1162 862 αὐτῷ.
1178 826 1234 853 Καὶ
1250 826 1436 860 ἀνοιγήσονται
1449 824 1493 850 ἐπ’
1505 823 1585 850 αὑτὸν
1599 824 1622 848 οἱ
1635 822 1763 857 οὐρανοὶ,
1777 821 1873 855 ἐκχέαι

1078 871 1200 907 Πνεῦμα,
1216 871 1340 905 εὐλογίαν
1356 870 1462 905 Πατρὸς
1485 869 1577 903 ἁγίουι
1604 868 1652 894 καὶ
1675 867 1760 898 αὐτὸς
1784 867 1875 901 ὲκχεεῑ

1077 918 1186 954 πνεῦμα
1199 919 1308 954 χάριτος
1320 917 1363 952 ἐφ’
1380 917 1461 952 ὑμᾶς,
1479 916 1525 942 καὶ
1541 914 1634 941 ἔσεσθε
1652 913 1726 948 αὐτῷ
1743 914 1785 945 εἱς
1799 914 1874 944 υἱοὺς

1078 965 1107 991 tv
1121 963 1252 999 ἀληθείᾳ,
1269 964 1315 990 καὶ
1335 961 1500 998 πορεύσεσθε
1517 962 1546 987 tv
1569 960 1765 996 προστάγματι
1790 957 1873 985 αὐτοί

1078 1008 1196 1045 πρώτοις
1209 1008 1256 1034 καὶ
1269 1008 1392 1043 ἐσχάτοις
1406 1006 1455 1043 (7).
1468 1003 1551 1037 Οὗτος
1562 1006 1577 1031 ὸ
1590 1004 1702 1041 piam;
1719 1004 1792 1031 Θεοῦ
1813 1003 1875 1039 ὺψὶ-

1079 1062 1153 1085 στου,
1167 1054 1213 1080 καὶ
1225 1053 1295 1089 αὕτη
1309 1054 1326 1088 ή
1341 1053 1416 1088 πηγὴ
1432 1053 1472 1084 είς
1486 1052 1558 1088 ζωὴν
1575 1052 1665 1086 πάσης
1679 1051 1796 1087 σαρκός.
1807 1049 1875 1076 Tim

1079 1100 1231 1136 ἀναλάμψει
1244 1100 1281 1135 (8)
1297 1100 1435 1135 σκῆπτρον
1455 1098 1592 1134 βασιλείας
1610 1106 1671 1133 μου,
1686 1097 1735 1124 καὶ
1749 1097 1807 1123 ἀπὸ
1827 1096 1875 1130 τῆς

1081 1147 1158 1184 ῥίζης
1167 1147 1392 1182 ὑμῶνηγενήσεται
1404 1145 1521 1181 πυθμήν·
1531 1145 1578 1172 καὶ
1585 1146 1613 1171 tv
1621 1144 1696 1178 αὑτῷ
1705 1144 1876 1179 ἀναϐήσεται

1042 854 1064 883 Β

1081 1194 1178 1232 ῥάϐδος
1194 1193 1368 1228 δικαιοσύνης
1390 1193 1447 1224 τοῖς
1471 1191 1577 1225 ἔθνεσι,
1601 1192 1694 1225 κρῖναι
1716 1190 1768 1217 καὶ
1791 1189 1877 1216 σῶσαι

1080 1241 1184 1272 πάντας
1196 1240 1260 1271 τοὺς
1275 1238 1505 1273 ἐπικαλουμένους
1518 1237 1630 1273 Κύριον.

1116 1287 1180 1313 ΚΕ’.
1205 1295 1213 1311 ι
1230 1285 1284 1312 Καὶ
1297 1284 1365 1320 μετά
1377 1283 1464 1310 ταῦτα
1474 1283 1654 1318 ἀναστήσεται
1674 1281 1818 1317 Ἀϐραὰμ,
1832 1282 1878 1307 καὶ

1087 1332 1190 1364 Ἰσαὰκ,
1203 1333 1250 1359 καὶ
1268 1330 1375 1362 Ἰακὼϐ,
1391 1331 1431 1361 είς
1443 1329 1514 1365 ζωήν
1527 1337 1532 1344 ·
1552 1329 1600 1355 καὶ
1615 1328 1682 1361 ἐγὼ,
1699 1329 1748 1355 καὶ
1761 1329 1787 1354 οἱ
1803 1327 1878 1355 ἀδελ-

1081 1379 1126 1414 φοί
1143 1387 1192 1414 μου
1207 1378 1326 1414 ἕξαρχοι,
1344 1377 1481 1413 σκῆπιρον
1494 1376 1573 1412 ήμῶν
1586 1376 1623 1411 (9)
1640 1376 1671 1403 ὲν
1691 1374 1808 1411 Ἰσραὴλ
1819 1374 1878 1400 ἑώ-

1082 1425 1161 1461 μεθα.
1184 1423 1250 1451 Λευῖ
1273 1423 1391 1460 πρῶτος,
1407 1423 1532 1458 δεύτερος
1549 1422 1620 1456 ἐγὼ,
1639 1422 1730 1458 τρίτος
1758 1421 1877 1456 Ἰωσὴφ,

1080 1472 1209 1508 τέταρτος
1222 1472 1360 1507 Βενιαμὶν,
1380 1471 1504 1506 πέμπτος
1515 1470 1637 1506 Συμεὼν,
1656 1470 1737 1501 ἕκτος
1755 1470 1877 1505 Ίσαχὲρ,

1043 1524 1066 1555 ρ
1082 1519 1128 1547 καὶ
1139 1519 1224 1551 οὕτως
1237 1518 1355 1553 καθεξῆς
1372 1518 1481 1550 πάντες.
1498 1517 1552 1544 Καὶ
1564 1517 1666 1552 Κύριος
1679 1516 1819 1552 εὑλόγησε
1835 1517 1879 1542 τὸν

1082 1565 1148 1591 Asti!
1157 1573 1163 1579 ·
1181 1565 1195 1591 ὁ
1207 1564 1322 1598 ἄγγελος
1333 1563 1381 1590 τοῦ
1398 1562 1543 1599 προσώπου
1556 1563 1607 1598 ὲμέ
1616 1571 1623 1578 ·
1639 1563 1666 1589 αἱ
1682 1562 1821 1597 δυνάμεις
1833 1562 1880 1595 τῆς

1081 1610 1160 1645 δόξης
1181 1609 1226 1637 τὸν
1251 1609 1379 1645 Συμεών·
1404 1610 1419 1636 ὁ
1444 1609 1556 1645 οὐρανὸς
1582 1609 1627 1635 τὸν
1658 1608 1804 1644 Ῥουϐήμ·
1835 1608 1881 1634 τὸν

1088 1656 1198 1693 Ἱσαχὰρ
1215 1657 1231 1693 ἠ
1248 1656 1285 1692 γῆ
1295 1665 1301 1672 ·
1315 1658 1331 1692 ἡ
1345 1656 1465 1684 θάλασσα
1477 1656 1523 1682 τὸν
1539 1655 1681 1682 Ζαϐουλὼν
1690 1663 1697 1670 ·
1715 1655 1753 1681 τά
1770 1657 1825 1691 ὅρη
1836 1655 1881 1682 τὸν

1089 1702 1201 1738 Ἰωσήφ·
1226 1703 1243 1738 ή
1267 1702 1354 1737 σκηνὴ
1377 1701 1422 1728 τὸν
1445 1701 1589 1736 Βενιαμίνσ
1614 1701 1639 1727 oi
1666 1701 1818 1736 φωστῆρες
1838 1701 1881 1727 τὸν

1083 1749 1151 1775 Δάν·
1176 1749 1194 1784 ὴ
1216 1747 1307 1784 τρυφὴ
1328 1748 1373 1775 τὸν
1398 1747 1574 1782 Νεφθαλείμ’
1598 1747 1612 1774 ὁ
1635 1746 1711 1782 ήλιος
1738 1747 1787 1773 τὸν
1811 1747 1879 1773 Γάδα

1083 1793 1160 1820 ἐλαία
1182 1793 1228 1819 τὸν
1257 1793 1355 1828 ’Δσήρ-
1380 1792 1428 1819 καὶ
1450 1792 1526 1819 ἔσται
1547 1789 1587 1824 εἷς
1608 1791 1672 1824 λαὸς
1696 1792 1818 1827 Κυρίου,
1837 1792 1881 1818 καὶ

1083 1838 1194 1873 γλῶσσα
1207 1839 1272 1874 μία·
1294 1838 1341 1865 καὶ
1361 1838 1412 1865 οὐκ
1433 1838 1509 1865 ἔσται
1527 1838 1568 1864 ἔτι
1581 1838 1693 1873 πνεῦμα
1707 1837 1821 1873 πλάνης
1836 1838 1880 1864 τοῦ

1084 1885 1193 1921 Βελιάρ,
1205 1886 1246 1912 ὅτι
1259 1885 1460 1921 ὲμϐληθήσεται
1477 1886 1506 1911 ἐν
1516 1885 1556 1919 τῷ
1569 1886 1637 1920 πυρὶ
1656 1885 1698 1917 εἰς
1712 1885 1763 1911 τὸν
1784 1884 1879 1910 αἰῶ-ινα.

1085 1931 1140 1958 Καὶ
1148 1932 1172 1957 οἱ
1184 1932 1212 1957 tv
1223 1930 1295 1967 λύπῃ
1312 1931 1527 1966 τελευτήσαντεςε
1538 1930 1738 1966 ἀναστήσονται
1751 1931 1782 1957 ὲν
1798 1931 1878 1966 χαρᾷ,

1086 1977 1133 2003 καὶ
1149 1977 1174 2003 οί
1191 1977 1219 2003 tv
1236 1975 1358 2011 πτωχείᾳ
1373 1975 1417 2002 διὰ
1432 1977 1544 2012 Κύριον,
1563 1975 1826 2012 πλουτισθήσονται,
1837 1978 1879 2003 καὶ

1085 2023 1109 2049 οὶ
1127 2023 1155 2048 tv
1172 2022 1270 2057 πενίᾳ,
1293 2022 1539 2058 χορτασθήσονται,
1563 2021 1610 2048 καὶ
1630 2021 1656 2048 οἱ
1679 2022 1711 2048 ὲν
1734 2021 1876 2056 ἀσθενείᾳ,

1087 2069 1243 2104 ίσχύσουσι,
1269 2069 1316 2096 καὶ
1339 2070 1363 2096 οἱ
1386 2069 1430 2095 διὰ
1447 2068 1548 2104 Κύριον
1563 2068 1750 2101 ἀποθανόντες
1776 2069 1879 2102 ἐξυπνι-

1086 2114 1229 2150 σθήσονται
1245 2116 1275 2142 tv
1291 2115 1357 2150 ζωῇ.
1375 2115 1430 2141 Καὶ
1442 2115 1467 2141 οἱ
1481 2114 1574 2149 ἔλαφοι
1597 2113 1696 2141 Ἰακὼϐ
1713 2115 1877 2150 δραμοῦπαι

1085 2161 1114 2187 tv
1131 2160 1300 2195 ἀγαλλιάσει,
1319 2161 1366 2187 καὶ
1390 2161 1415 2186 οἱ
1439 2161 1512 2187 ἀετοὶ¹
1533 2159 1640 2196 Ἰσραὴλ
1663 2160 1876 2197 πετασθήσονται

1048 2200 1074 2230 Ῑ)
1087 2205 1116 2231 tv
1132 2205 1220 2240 χαρᾷ·
1239 2205 1263 2231 οἱ
1279 2204 1307 2230 δὲ
1324 2203 1431 2236 ἀσεϐεῖς
1448 2205 1610 2240 πενθήσουσι
1622 2225 1630 2235 ,
1655 2204 1706 2231 καὶ
1722 2205 1876 2241 ἁμαρτωλοὶ

1085 2250 1260 2283 κλαύσονται,
1278 2251 1327 2277 καὶ
1343 2251 1443 2283 πάντες
1458 2251 1483 2277 οἱ
1495 2251 1555 2278 λαοὶ
1566 2250 1712 2283 δοξάσουσι
1725 2252 1830 2288 Κύριον
1840 2253 1875 2283 εἰς

1085 2295 1197 2329 αίῶνας.

1121 2344 1194 2377 Kq’.
1209 2353 1218 2370 ι
1233 2344 1370 2376 ι1²υλάξατε
1385 2342 1442 2377 οὖν,
1453 2344 1534 2371 τέκνα
1552 2353 1614 2380 μου,
1632 2345 1724 2372 πάντα
1741 2346 1790 2373 τὸν
1803 2346 1875 2381 νόμον

1086 2392 1200 2428 Κυρίου,
1217 2392 1258 2418 ὅτι
1275 2391 1352 2423 ἐλπίς
1368 2392 1441 2418 ἐστιν
1458 2392 1525 2418 πᾶσι
1541 2392 1595 2422 τοῖς
1612 2391 1813 2418 κατευθύνουσι
1832 2391 1875 2426 τὴν

1087 2437 1145 2464 ὁδὸν
1157 2436 1249 2464 αὐτοῦ.
1265 2447 1274 2463 ι
1289 2437 1346 2464 Καὶ
1354 2434 1431 2464 εἶπεν
1442 2436 1510 2473 πρὸς
1522 2436 1630 2468 αὐτούς’
1648 2446 1658 2462 ι
1672 2437 1724 2472 ριθ¹
1734 2437 1803 2464 ἐτῶν
1815 2438 1874 2464 ἀπυ-

1088 2483 1197 2519 Θνήσκω
1213 2482 1268 2518 ἐγὼ
1285 2484 1404 2519 σήμερον
1419 2483 1448 2509 tv
1464 2483 1613 2519 ὀφθαλμοῖς
1626 2483 1716 2519 ὑμῶν.
1731 2485 1832 2520 Μηδεὶς
1843 2492 1873 2519 με

1088 2529 1238 2566 ὲνταφιάσῃ
1255 2529 1396 2556 πολυτελεῖ
1412 2529 1523 2565 ἐσθῆτι,
1551 2529 1567 2565 ἢ
1585 2530 1740 2566 ἀναρῤήξοι
1756 2530 1806 2566 τήν
1820 2538 1872 2557 κοι-

1125 2609 1163 2644 (7)
1191 2609 1249 2636 Καὶ
1281 2611 1466 2644 πορεύσεσθε
1490 2609 1525 2636 ὲν
1551 2609 1759 2644 προστάγματι
1786 2608 1872 2644 afﬁcit

1089 2645 1213 2680 πρώτοις
1227 2645 1276 2672 καί
1291 2643 1441 2680 ἐσχάτοις.
1458 2645 1561 2672 Desunt
1581 2645 1608 2671 in
1624 2643 1788 2680 Oxorniensi.
1810 2643 1873 2680 Puto

1088 2679 1154 2708 vero
1165 2688 1215 2715 pro
1226 2681 1428 2716 προστάγματι,
1444 2680 1586 2715 legendum
1601 2679 1748 2716 plu_ra|iter
1762 2679 1871 2715 προσ-’.ἑ-

1089 2714 1186 2751 γμασι,
1202 2721 1231 2743 ut
1243 2714 1382 2750 sequentia
1395 2714 1481 2744 verba
1490 2715 1621 2751 indicant.
1643 2714 1683 2741 lu.

1120 2751 1164 2818 g8)
1187 2751 1254 2778 Τότε
1279 2748 1458 2786 ἂναλάμψει.
1483 2750 1591 2778 Omissa
1615 2750 1711 2776 omnia
1737 2756 1822 2784 usque
1841 2748 1870 2775 ad

1136 2787 1230 2813 άσουσι
1252 2786 1353 2818 Κύριον
1372 2787 1412 2818 είς
1429 2785 1540 2817 αίῶνας,
1557 2786 1615 2813 sive
1632 2792 1723 2818 usque
1743 2786 1776 2813 ad
1796 2785 1870 2812 linem

1089 2785 1230 2818 δοξάσουσι
1252 2786 1353 2822 Κύριον
1372 2785 1412 2818 εις
1429 2785 1540 2817 αίῶνας,
1557 2786 1615 2813 sive
1632 2792 1723 2820 usque
1743 2786 1776 2813 ad
1796 2785 1873 2812 linem

1091 2823 1229 2851 sequentis
1243 2822 1414 2857 paragraphi.
1428 2822 1466 2850 In.

1127 2857 1163 2893 (9)
1190 2855 1294 2894 'llpifnr.
1311 2855 1388 2896 Lego
1400 2857 1490 2893 potius
1504 2855 1589 2893 ὑμῶν.
1606 2856 1644 2886 Ιι).
