1913 3102
25 151 73 181 085

592 140 856 173 TESTAMENTUM
880 139 1041 169 ISACHAR.

1567 135 1637 164 1086

24 210 60 236 ίαν
77 216 139 244 μου,
156 207 201 234 δτι
213 205 306 234 ταῦτα
321 205 448 242 μέλλουσι
460 203 548 232 ποιεῖν
563 202 588 230 οἱ
602 200 787 238 βασιλεύοντες

852 198 1004 230 rescindat,
1019 197 1150 233 quoniam
1164 196 1223 225 haec
1235 196 1335 224 facturi
1349 200 1413 224 sunt
1429 201 1583 232 regnantes.
1603 196 1636 224 Et

24 256 56 283 μαι
77 253 238 288 ἀναγαγετὲ
268 261 302 289 με
324 253 365 284 εἰς
387 250 501 287 Χεϐρὼν
525 249 584 286 μεθ’
610 248 695 284 ὑμῶν.
711 257 721 274 ι
745 246 801 273 Καὶ

24 301 86 329 αὕτα
110 300 199 327 εἰπὼν
212 321 221 333 ,
248 299 382 335 ἐκοιμήθη
406 297 523 330 Ἰούδας·
547 296 595 323 καὶ
619 295 752 330 ἐποίησαν
774 293 799 320 ot

25 349 53 374 tot
68 345 149 374 αὑτοῦ
167 344 250 373 κατὰ
271 345 359 372 πάντα
371 365 379 377 ,
397 344 446 371 ὅσα
464 341 600 370 ὲντείλατο
623 341 715 372 αὐτοῖς
726 359 734 372 ,
752 338 799 365 καὶ

24 394 99 429 Βαψαν
114 392 201 420 αὑτὸν
219 393 254 419 ὲν
270 390 383 426 Χεϐρὼν
401 389 471 426 μετὰ
486 388 540 416 τῶν
563 386 688 423 πατέρων
704 383 798 413 αὑτοῦ.

273 457 472 486 ΚΕΦΑᾹΑΙΟΝ
491 457 530 483 E'.

116 505 257 540 Διαθήκη
277 504 410 539 Ἶσαχὰρ,
425 503 493 537 περὶ
507 502 685 535 ἁπλότητος.

36 555 70 581 A'.
102 553 292 588 Ἀντίγραφον
318 550 404 585 λόγων
434 548 553 585 Ἰσαχάρ.
583 547 708 580 Καλέσας
732 546 798 579 τοὺς

24 600 70 630 ἰοὺς
85 597 181 629 αὐτοῦ,
201 595 283 624 εἶπεν
299 595 407 627 αὐτοῖς’
421 604 430 621 ι
447 594 603 626 Ἀκούσατε,
616 593 710 625 τέκνα,
728 593 796 619 Ἰσα-

24 645 52 680 ὰρ
67 643 111 670 τοῦ
129 643 244 679 πατρὸς
260 641 354 678 ὑμῶν,
373 640 537 668 ἐνωτίσασθε
555 640 663 676 ῥήματα
684 640 794 674 ἠγαπη-

24 691 73 716 ένοι
89 689 145 725 (10)
163 689 221 716 ὑπὸ
244 688 359 724 Κυρίου.
379 686 449 722 Ἐγὼ
465 686 577 722 ὲτὲχθην
594 686 718 722 πέμπτος
737 686 795 718 υίὸς

24 738 39 772 ῷ
56 735 161 769 Ἰακὼϐ,
180 736 212 763 ὲν
234 734 323 771 μισθῷ
335 734 389 761 τῶν
404 734 607 770 μανδραγόρων.
628 733 725 760 Ἰακὼϐ
738 733 793 769 (Η)

24 782 52 818 ip
67 782 165 817 ἥνεγκε
187 781 397 818 μανδραγόρους
416 779 471 816 (12)
492 780 525 807 ὲκ
551 778 600 806 τοῦ
626 778 728 815 ἀγροῦ,
746 778 794 805 καὶ

24 827 237 864 προαπαντήσασα
255 827 356 863 Ῥαχὴλ
372 826 468 853 ἔλαϐεν
486 825 583 858 αὐτούς
596 825 662 861 (15).
681 824 792 852 Ἔκλαιε

851 243 973 271 reducite
987 250 1032 270 me
1056 242 1085 270 in
1109 241 1219 269 Rebron
1243 241 1393 270 vobiscum.
1409 250 1418 267 ι
1445 240 1553 269 Etcum
1576 241 1635 268 hate

850 290 987 324 dixisset,
1007 289 1175 318 obdormivit
1195 288 1298 322 Judas;
1317 292 1345 316 et
1366 288 1491 316 fecerunt
1509 288 1557 317 ﬁlii
1575 288 1634 322 ejus

850 338 1003 366 secundum
1018 337 1110 364 omnia
1124 343 1185 372 quae
1198 335 1338 364 mandavit
1349 336 1389 364 eis
1398 356 1406 369 ,
1429 340 1457 363 et
1470 335 1634 371 sepelierunt

848 392 912 414 eum
924 384 951 412 in
965 383 1076 412 Hebrou
1091 390 1154 411 cum
1170 382 1294 418 patribus
1311 383 1379 410 suis.

1157 449 1271 478 CAPUT
1291 450 1324 480 Υ.

954 497 1152 526 Testamentum
1167 496 1290 530 Isachar,
1304 497 1337 524 de
1352 497 1532 532 simplicitate.

882 543 902 573 1.
918 543 1126 579 Transcriptum
1138 544 1284 572 verborum
1296 544 1416 572 Isaehnr.
1427 544 1495 572 Cum
1508 549 1632 573 vocasset

845 590 918 618 ntios
935 597 999 618 suos
1011 611 1019 624 ,
1037 590 1107 617 dixit
1122 589 1162 617 eis
1177 598 1184 616 :
1202 598 1212 614 ‹
1226 589 1324 616 Audite
1339 589 1387 616 ﬁlii
1406 589 1515 617 lsachar
1527 595 1631 624 patrem

845 641 966 664 vestrum
977 656 985 667 .
1006 635 1119 664 auribus
1139 635 1269 671 percipite
1281 635 1364 663 verba
1373 635 1465 662 dilecti
1477 643 1491 662 a
1505 635 1629 663 Domino.

845 683 902 720 Ego
929 690 989 711 sum
1015 687 1096 711 natus
1120 682 1233 718 quintus
1249 682 1322 710 ﬁlius
1337 681 1436 715 Iacob,
1455 682 1482 710 in
1508 683 1632 710 mercede

845 730 1099 766 mandragorarum.
1123 729 1219 757 Ruben
1234 730 1309 757 enim
1326 730 1418 757 attulit
1435 729 1630 764 mandragoras

843 784 878 804 ex
894 783 970 812 agro.
993 781 1020 804 et
1035 776 1204 812 praebvians
1224 775 1326 804 Rachel
1342 776 1446 811 accepit
1460 783 1516 803 eas.
1543 775 1630 803 Flevit

843 826 934 849 autem
953 820 1048 849 Ruben
1060 841 1068 854 ,
1082 825 1112 848 et
1133 820 1161 848 in
1176 828 1246 849 voce
1262 821 1349 856 ipsius
1365 820 1450 848 exivit
1473 820 1520 848 Lia
1542 825 1630 848 mater

24 877 29 900 ὲ
47 873 164 909 Ῥουϐἢμ
175 894 183 907 ,
212 873 264 900 καὶ
289 873 336 900 ἐπὶ
352 874 385 909 τῇ
403 873 479 908 φωνῇ
495 871 577 899 αὐτοῦ
597 871 691 907 ἐξῆλθε
707 871 758 898 Δία
774 872 787 907 ἦ

845 875 913 895 mea.
925 867 1112 902 Mandragora:
1125 871 1216 894 autem
1229 871 1308 894 erant
1319 866 1389 894 mala
1406 866 1554 899 odorifera,
1569 874 1629 901 qua:

25 919 87 955 ήτηρ
108 927 171 955 μου.
198 919 297 946 Ταῦτα
313 919 342 946 δὲ
358 917 427 955 ἦσαν
446 919 518 954 μῆλα
533 917 661 953 εὐώδημα
683 917 749 953 (Mr),
773 917 792 945 ἃ

24 964 81 990 ποίει
97 965 113 999 ἡ
129 964 167 1000 γῆ
193 965 288 1001 Ἀρὰμ
303 965 333 992 ὲν
350 964 412 1000 ὕψει
430 965 557 992 ὑποκάτω
574 963 714 999 φάραγγος
727 963 791 989 ὑδά-

24 1018 60 1035 υν.
72 1007 138 1036 Eine
151 1009 181 1036 δὲ
205 1009 324 1046 Ῥαχήλ-
343 1019 352 1036 ‹
367 1010 404 1037 Οὐ
415 1009 493 1036 δώσω
505 1018 545 1036 σοι
561 1008 641 1040 αὐτὰ,
659 1009 700 1035 ὅτι
715 1007 791 1034 ἔσον-

24 1055 43 1080 ιί
59 1063 100 1090 μοι
117 1055 180 1082 ἀντὶ
196 1056 313 1083 τέκνων.
330 1065 340 1082 ι
358 1053 448 1082 Ἦσαν
460 1055 488 1081 δὲ
506 1055 578 1090 μῆλα
594 1054 650 1082 δύο.
664 1054 720 1082 Καὶ
731 1052 791 1080 εἷπε

28 1100 63 1126 ία·
76 1110 85 1126 ι
95 1100 266 1128 Ἱκανούσθω
283 1109 340 1134 σοι,
359 1101 400 1128 ὅτι
417 1100 512 1133 ἔλαϐες
527 1100 573 1128 τὸν
588 1100 673 1136 ἄνδρα
689 1100 792 1136 παρθε-

24 1147 69 1178 εῐας
94 1156 162 1183 μουσ
194 1148 235 1184 μὴ
258 1149 306 1175 καὶ
327 1147 414 1175 ταῦτα
436 1147 525 1184 λήψῃ;
539 1157 548 1174 ι
583 1148 615 1174 Ἦ
640 1147 669 1174 δὲ
693 1145 790 1174 εἶπεν·

33 1192 104 1224 Ἰδοὺ,
122 1192 194 1220 ἔστω
213 1202 257 1220 σοι
281 1192 379 1220 Ἰακὼϐ
391 1192 440 1229 τὴν
452 1192 537 1219 νύκτα
547 1191 649 1228 ταύτην
665 1193 725 1220 ἀντὶ
736 1191 790 1220 τῶν

24 1237 190 1274 ανδραγόρων
207 1238 258 1265 τοῦ
275 1238 335 1265 υἱοῦ
352 1247 410 1265 σου.
426 1248 436 1264 ι
454 1236 524 1265 Εῑπε
540 1238 569 1265 δὲ
585 1238 636 1265 Λία
653 1238 722 1274 πρὸς
738 1239 789 1266 αὺ-

24 1283 61 1316 ἡν·
82 1293 90 1308 ι
103 1284 150 1319 Μὴ
163 1284 263 1319 καυχῶ
273 1305 280 1317 ,
298 1283 346 1310 καὶ
365 1283 402 1320 μὴ
417 1282 528 1316 δοξάζου
538 1291 545 1298 ·
563 1283 628 1319 ὲμδς
644 1284 699 1319 γάρ
715 1284 789 1310 ἐστιν

35 1329 135 1364 Ἰακὼϐ,
150 1330 232 1365 κάγὼ
248 1330 317 1366 γυνὴ
333 1330 459 1365 νεότητος
473 1328 588 1363 αὐτοῦ.,›
617 1329 649 1356 Ἦ
671 1329 699 1356 δὲ
728 1329 789 1356 Ῥα-

24 1374 50 1409 ὴλ
64 1373 134 1402 εἷπε·
154 1386 164 1402 ‹
178 1376 213 1402 Τί
231 1373 295 1408 οὗν;
312 1376 352 1402 ὅτι
370 1375 433 1410 ἐμοὶ
448 1374 557 1411 πρῶτον
571 1373 625 1410 (15)
642 1375 787 1410 ἥρμοσται,

25 1422 47 1447 αἱ
61 1422 91 1448 δι’
104 1423 154 1458 ἐμὲ
167 1423 311 1450 ἐδούλευσε
327 1421 367 1457 τῷ
382 1422 466 1458 πατρὶ
479 1421 557 1457 ὴμῶν
575 1421 621 1456 ἐτη
638 1421 678 1449 ιδ’.
698 1421 730 1447 Τί
747 1429 788 1448 σοι

24 1469 111 1503 κλήσω,
127 1469 169 1496 ὅτι
186 1469 339 1505 ἐπλήθυνεν
354 1471 368 1496 ὀ
385 1470 458 1501 δόλος
469 1469 516 1495 καὶ
531 1469 547 1504 ἡ
566 1467 717 1504 πανουργία
733 1467 788 1494 τῶν

24 1513 155 1549 πιθρώπων,
173 1516 224 1542 καὶ¹
239 1517 254 1543 ό
269 1516 343 1549 δόλος
357 1516 495 1552 προχωρεῖ
510 1515 556 1541 ἐπὶ
572 1515 622 1550 τῆς
634 1514 702 1550 ﬁs;
713 1514 744 1541 Εί
758 1513 787 1541 δὲ

24 1560 51 1594 .ὴ,
65 1561 111 1587 οὐκ
123 1561 156 1588 ἂν
169 1560 205 1599 ᾖς
223 1562 256 1589 σὺ
268 1562 361 1598 ὁρῶσα
378 1562 522 1598 πρόσωπον
545 1560 642 1588 Ἰακώϐ
652 1569 659 1576 ·
680 1561 710 1587 οὺ
732 1560 787 1596 γὰρ

24 1605 67 1640 wh
81 1607 160 1634 αὐτοῦ
173 1606 199 1635 εῐ
217 1609 262 1641 σὺ,
275 1608 332 1635 ἀλλ’
344 1609 373 1635 ὲν
394 1608 462 1644 δόλῳ
482 1608 539 1635 ἀντ’
561 1607 629 1643 ἐμοῦ
645 1606 785 1643 εἰσήχθης.

24 1652 56 1677 ἰαὶ
70 1653 204 1690 ὲπλάνησέ
223 1663 257 1690 με
274 1655 288 1681 ὁ
301 1655 392 1691 πατήρ
410 1663 472 1690 μου,
493 1655 541 1682 καὶ
559 1654 730 1690 μεταστήσας
753 1663 787 1690 με

26 1699 116 1732 ῇνυκτὶ
126 1700 230 1736 ἐκείνῃ,
245 1701 296 1727 οὐκ
307 1700 382 1728 είασέ
398 1710 431 1737 με
445 1701 508 1728 ἰδεῖν
518 1710 524 1717 ·
538 1701 580 1728 ὅτι
593 1701 618 1727 εί
630 1701 703 1736 ἥμην
717 1701 785 1731 ἐκεῖ,

24 1743 51 1769 six
58 1744 155 1778 ἐγίνετο
169 1746 259 1773 τοῦτο.
272 1757 282 1773 ι
297 1747 352 1774 Καὶ
361 1744 421 1773 εἷπε
439 1746 539 1783 Ῥαχήλ
548 1755 555 1762 ·
567 1756 576 1772 ι
593 1747 666 1774 Λάϐε
676 1747 722 1773 ἕνα
732 1747 786 1782 (16)

24 1789 198 1827 ιανδραγόραν,
208 1793 257 1819 καὶ
266 1792 326 1819 ἀντὶ
333 1792 379 1820 τοῦ
390 1793 449 1824 ἑνὸς
463 1792 585 1828 ὲκμισθῶ
594 1792 648 1828 (17)
658 1800 698 1819 σοι
706 1792 787 1819 αὐτὸν

24 1842 35 1858 ν
44 1835 86 1870 μιᾷ
95 1837 179 1864 νυκτί.
193 1847 203 1863 ι
221 1838 277 1864 Καὶ
288 1837 358 1872 ἔγνω
376 1837 472 1864 Ἰακὼϐ
482 1837 531 1873 τὴν
543 1837 620 1870 Δίαν,
634 1838 681 1864 καὶ
692 1837 787 1864 συλλα-

24 1877 83 1906 inﬁci
94 1889 124 1916 με
138 1882 216 1910 ἔτεκε
226 1891 234 1899 ο
254 1883 301 1910 καὶ
311 1882 355 1910 διὰ
365 1883 411 1910 τὸν
427 1883 521 1918 μισθὸν
532 1883 649 1919 ὲκλήθην
666 1883 783 1918 Ἱσαχάρ.

41 1925 156 1955 Β⁴.ιΤότε
172 1929 252 1965 ὤφθη
269 1929 309 1965 τῷ
326 1929 423 1956 Ἰακὼϐ
436 1929 550 1964 ἄγγελος
562 1929 675 1965 Κυρίου,
688 1930 784 1964 λέγων,

24 1977 46 1994 τι
55 1969 95 1998 δύο
104 1972 187 2001 τέκνα
204 1975 306 2010 Ῥαχὴλ
318 1974 435 2007 τέξεται,
449 1975 489 2001 ὅτι
501 1975 627 2002 διέπτυσε
644 1977 785 2003 συνουσίαν

24 2015 102 2050 ωδρὸς,
119 2020 165 2046 καὶ
180 2020 321 2054 ἐξελέξατο
337 2021 508 2057 ἐγκράτειαν.
525 2022 582 2048 Καὶ
598 2021 622 2048 εἰ
641 2021 677 2057 μὴ
696 2022 746 2048 Δία
767 2023 784 2058 ή

24 2060 91 2097 ιήτηρ
108 2072 156 2098 μου
169 2065 262 2092 ἀπέδω
274 2066 334 2092 ἀντὶ
352 2067 495 2098 συνουσίας
509 2066 544 2094 τὰ
555 2066 601 2093 δύο
617 2067 700 2103 μῆλα,
713 2067 785 2094 ὀκτὼ

24 2106 73 2138 Ὶὶἀδδς
88 2106 141 2144 εἶχε
157 2112 247 2138 τεκεῖν
257 2120 264 2126 ·
282 2111 326 2138 διὰ
341 2111 421 2138 τοῦτο
441 2112 470 2145 ἒξ
490 2112 565 2139 ἔτεκε
576 2133 583 2144 ,
609 2114 673 2145 τοὺς
694 2113 722 2140 δὲ
738 2113 785 2140 δύο

26 2151 110 2188 Ριχὴλ,
135 2155 176 2183 ὅτι
201 2157 232 2182 ὲν
249 2156 449 2192 μανδραγόραις
471 2157 639 2192 ἐπεσκέψατο
661 2157 745 2193 αὐτὴν
770 2159 784 2184 ὁ

24 2196 108 2232 ἱύριος.
128 2200 189 2229 Εἶδε
206 2202 277 2238 γὰρ,
296 2203 336 2229 ὅτι
349 2203 393 2229 διὰ
409 2203 492 2229 τέκνα
511 2203 589 2238 ήθελε
607 2205 724 2230 συνεῖναι
744 2204 783 2239 τῷ

25 2243 100 2271 ιακὼϐ
113 2267 119 2278 ,
135 2249 182 2275 καὶ
198 2249 228 2275 οὐ
245 2248 289 2276 διὰ
305 2249 469 2285 φιληδονίαν.
493 2249 644 2285 Προσθεῖσα
666 2250 720 2286 γὰρ
737 2251 784 2277 καὶ

24 2288 170 2333 ῇνέπαύριον
187 2295 302 2321 ἀπέδοτο
316 2295 362 2322 τὸν
390 2295 487 2322 Ἰακὼϐ
497 2316 504 2327 ,
530 2296 573 2322 ἵνα
589 2295 658 2333 λάϐῃ
676 2297 722 2323 καὶ
738 2297 783 2323 τὸν

24 2331 78 2359 ille:
92 2338 277 2375 μανδραγόραν
289 2340 355 2375 (18).
373 2340 421 2367 Διὰ
441 2340 520 2367 τοῦτο
539 2342 568 2367 ὲν
588 2331 650 2373 τοῖς*
667 2341 784 2377 μανδρα-

24 2377 93 2413 ’όραις
105 2383 155 2419 (19)
167 2386 303 2421 ἐπήκουσε
321 2386 422 2422 Κύριος
433 2386 483 2421 τῆς
504 2386 619 2422 Ῥαχήλ·
639 2387 690 2418 ὅτι,
703 2387 782 2422 καίγε

24 2424 136 2461 τοθήσασα
157 2432 254 2464 αὐτοὺς
275 2431 350 2468 (20),
366 2433 417 2458 οὐκ
437 2431 548 2467 ἔφαγεν,
573 2432 630 2459 ἀλλ’
651 2432 783 2469 ἀνέθηκεν

43 2501 93 2577 pop
114 2508 315 2545 Ἠγαπημέγοι.
340 2511 541 2552 Ἡγαπημένου.
555 2511 641 2539 (ἴση.

55 2538 80 2565 Η
116 2543 223 2572 Ἰακώϐ.
249 2546 384 2577 Ῥουϐήμε
398 2551 425 2573 et
438 2546 548 2577 quidem
560 2554 641 2577 recte.

55 2538 93 2582 11)
116 2538 228 2572 Ἰἀκώὸἶ
249 2538 384 2582 Ῥουϐήμξ
398 2538 548 2582 ειᾼέίυίἀεη]
560 2538 644 2580 recte,
670 2546 743 2574 unde
755 2551 782 2575 et

25 2575 110 2609 "illam
124 2581 277 2608 versionem
293 2575 409 2609 correxi.
425 2575 461 2608 In.

24 2607 349 2663 3.533).,‘iwflpaf‘it’n5c’j
359 2607 577 2658 Μίίινέίδίπιγᾷριῖιν-
604 2616 642 2658 ξι)-
651 2632 681 2663 ‘—
700 2619 781 2659 Μαν-

29 2646 145 2688 ξῇίξῇόριιξν
154 2646 426 2688 ειῂάνδραγῖόρους.
444 2646 587 2679 nominum
605 2653 693 2688 instar
712 2654 780 2680 sim-

121 2683 145 2724 in
158 2675 477 2724 biﬁé’siiieﬁihim'ﬁ'séd'
707 2675 779 2724 IB'éEs

24 2713 198 2756 ξξῗξραγόραν
218 2725 245 2748 ct
262 2713 498 2756 μανδραγΰραἱξῖ
518 2713 549 2749 In
570 2713 780 2752 νέέῖἱέεὶζἭ

24 2748 215 2798 EEd-pfolanos
233 2748 390 2798 scjriptortes'
402 2748 574 2798 solummodo
591 2748 778 2798 ’ίμαῖιὲρᾷγᾱξ

24 2786 323 2839 ῗξηργῗὶῢνέαινξραγὸρης
336 2792 377 2832 vel
397 2793 416 2839 η
433 2793 605 2839 μανδραγόρα
627 2786 775 2839 ἴξινθιίἱιῖῃ.

40 2817 177 2864 natm.
194 2817 776 2864 uca_a;.<.igena.;a‘aaio'z‘rattsgggatm

24 2852 40 2874 εί
56 2852 234 2897 μανδραγόραέζ
252 2854 350 2890 Βηλοιιέ

829 2762 947 2799 δραγβρα

843 913 968 950 producit
986 917 1057 941 terra
1072 913 1154 940 Aram
1169 913 1197 940 in
1211 913 1320 941 excelso
1334 913 1385 940 sub
1398 913 1470 940 valle
1482 920 1626 948 aquarum.

842 960 915 987 Dixit
928 963 1017 986 autem
1032 957 1136 986 Rachel
1150 967 1156 985 :
1173 967 1183 984 ι
1194 956 1254 985 Non
1268 958 1338 985 dabo
1351 958 1409 986 haec
1423 956 1483 991 tibi,
1498 958 1626 992 quoniam

841 1008 921 1031 erunt
935 1003 1001 1031 mihi
1018 1011 1068 1038 pro
1082 1003 1157 1031 ﬁliis.
1175 1013 1184 1029 ι
1205 1002 1291 1030 Erant
1306 1006 1398 1031 autem
1416 1003 1487 1030 mala
1503 1003 1567 1030 duo.
1594 1002 1627 1030 Et

841 1050 910 1078 dixit
926 1050 974 1078 Lia
990 1060 997 1078 :
1017 1059 1026 1076 ‹
1040 1049 1163 1078 Sulliciat
1174 1049 1236 1082 tibi,
1251 1050 1379 1084 quoniam
1395 1050 1523 1084 accepisti
1536 1051 1625 1077 virum

840 1096 1007 1132 virginitatis
1024 1104 1109 1130 mea;
1126 1105 1190 1124 num
1207 1101 1235 1124 et
1252 1097 1310 1124 haec
1325 1097 1482 1131 accipies?»
1500 1097 1546 1124 llla
1560 1105 1625 1125 vero

841 1142 910 1170 dixit
926 1152 932 1170 :
952 1151 961 1169 ‹
976 1141 1062 1174 Ecce,
1088 1142 1124 1170 sit
1139 1141 1226 1170 Jacob
1244 1143 1293 1170 tibi
1315 1147 1394 1170 nocte
1409 1142 1460 1170 hac
1474 1150 1524 1178 pro
1547 1151 1626 1171 man-

840 1189 964 1224 dragoris
977 1188 1024 1216 ﬁlii
1038 1189 1089 1216 tui.
1103 1198 1113 1214 ι
1126 1188 1200 1216 Dixit
1220 1194 1309 1217 autem
1328 1189 1352 1217 ei
1366 1188 1414 1216 Lia
1431 1198 1438 1216 :
1455 1199 1464 1215 ι
1476 1188 1514 1217 Nc
1525 1189 1623 1226 jactes,

840 1240 867 1262 et
883 1242 916 1263 ne
929 1235 1071 1270 glorieris;
1091 1243 1168 1263 meus
1184 1237 1254 1264 enim
1268 1240 1310 1264 est
1323 1235 1406 1263 Jacoh
1416 1257 1424 1270 ,
1447 1240 1474 1263 et
1489 1243 1538 1271 ego
1554 1243 1625 1263 uxor

838 1280 989 1316 iuventutis
1001 1281 1070 1316 ejus.
1085 1290 1095 1307 ι
1110 1281 1213 1309 Rachel
1227 1289 1292 1310 vero
1307 1281 1376 1310 dixit
1389 1291 1395 1309 ;
1414 1291 1424 1308 ι
1439 1282 1509 1316 Quid
1523 1282 1625 1318 igitur?

840 1327 969 1363 quoniam
987 1327 1054 1355 mihi
1070 1328 1160 1363 primo
1176 1329 1320 1364 copulatus
1335 1333 1376 1356 est
1386 1351 1393 1361 ,
1414 1334 1441 1357 et
1457 1333 1567 1364 propter
1580 1337 1624 1356 me

840 1374 951 1402 servivit
963 1375 1034 1409 patri
1046 1380 1141 1403 nostro
1158 1375 1236 1402 annis
1251 1376 1471 1411 quatuordecim.
1491 1376 1561 1410 Quid
1575 1377 1624 1404 tibi

839 1419 952 1453 faciam,
969 1421 1099 1456 quoniam
1115 1421 1313 1457 multiplicatus
1326 1426 1368 1450 est
1383 1422 1461 1450 dolus
1478 1427 1506 1450 et
1522 1424 1624 1451 astutia

839 1466 999 1500 hominum,
1023 1471 1052 1495 et
1076 1467 1153 1495 dolus
1174 1468 1295 1503 procedit
1317 1468 1343 1495 in
1359 1469 1451 1496 terra?
1479 1469 1507 1496 Si
1533 1473 1623 1497 autem

839 1519 920 1541 secus
937 1518 1028 1547 esset,
1044 1521 1101 1541 non
1125 1514 1219 1550 utique
1234 1519 1262 1542 tu
1278 1514 1386 1542 videres
1404 1514 1503 1542 faciem
1518 1515 1621 1549 Jacob;

839 1566 894 1586 non
907 1559 981 1586 enim
997 1567 1066 1586 uxor
1081 1559 1168 1595 ipsius
1185 1565 1213 1587 tu
1234 1567 1283 1594 es,
1306 1560 1353 1588 sed
1370 1561 1398 1588 in
1419 1561 1483 1589 dolo
1506 1569 1556 1596 pro
1579 1569 1623 1589 me

838 1605 946 1634 inducta
959 1613 999 1634 es.
1016 1605 1051 1634 Et
1068 1606 1178 1634 seduxit
1191 1614 1236 1634 me
1253 1610 1330 1641 pater
1350 1614 1439 1639 meus,
1462 1612 1490 1634 et
1503 1608 1621 1635 transfe-

837 1659 901 1679 rens
916 1660 960 1679 me
972 1656 1052 1679 nocte
1074 1652 1130 1685 illa,
1149 1659 1202 1680 non
1221 1653 1345 1688 permisit
1364 1660 1408 1681 me
1426 1653 1533 1687 videre;
1552 1662 1621 1690 quo»-

837 1698 910 1724 niam
925 1697 949 1725 si
963 1697 1075 1725 fuissem
1091 1697 1158 1731 illic,
1171 1705 1225 1725 non
1248 1697 1351 1726 factum
1375 1698 1472 1726 fuisset
1486 1700 1547 1727 hoc.
1561 1709 1571 1726 ι
1588 1699 1620 1727 Et

837 1743 905 1771 dixit
916 1743 1018 1772 Rachel
1032 1754 1039 1772 :
1057 1753 1067 1770 ‹
1080 1744 1181 1779 Accipe
1195 1752 1278 1772 unam
1294 1745 1514 1780 mandragoram,
1532 1750 1559 1774 et
1570 1754 1620 1782 pro

837 1798 891 1818 una
912 1791 939 1818 in
964 1791 1116 1818 mercedem
1132 1791 1167 1818 do
1188 1790 1238 1818 tibi
1260 1798 1323 1818 eum
1341 1791 1369 1818 in
1387 1799 1440 1819 una
1458 1796 1546 1819 nocte.
1563 1801 1573 1819 ι
1587 1792 1620 1820 Et

836 1837 963 1872 cognovit
974 1836 1059 1864 Jacob
1073 1836 1162 1868 Liam.
1179 1841 1206 1864 et
1217 1837 1374 1872 concipiens
1389 1845 1434 1864 me
1451 1838 1573 1873 peperit;
1593 1844 1618 1866 et

835 1888 945 1918 propter
958 1884 1111 1911 mercedem
1123 1886 1236 1911 vocatus
1248 1891 1308 1911 sum
1322 1883 1442 1912 lsachar.

871 1930 904 1957 ll.
928 1939 938 1956 ι
952 1929 1030 1957 Tunc
1051 1931 1177 1965 apparuit
1197 1930 1281 1958 Jacob
1300 1930 1412 1965 angelus
1429 1930 1554 1965 Domini,
1578 1931 1619 1959 di-

835 1984 912 2010 cens,
929 1977 1002 2012 quod
1017 1977 1086 2005 duos
1099 1977 1170 2005 ﬁlios
1186 1976 1288 2005 Rachel
1304 1977 1401 2012 pariet,
1421 1978 1549 2012 quoniam
1574 1986 1618 2006 re-

835 2024 907 2059 spuit
923 2023 1024 2051 coitum
1043 2024 1115 2057 viri,
1137 2029 1164 2052 et
1187 2024 1269 2060 elegit
1285 2023 1493 2051 continentiam.
1511 2023 1545 2051 Et
1567 2025 1618 2053 nisi

834 2069 883 2096 Lia
895 2074 983 2097 mater
994 2077 1055 2097 mea
1067 2078 1118 2105 pro
1129 2070 1203 2098 coitu
1217 2070 1380 2098 reddidisset
1391 2071 1444 2098 duo
1460 2070 1543 2104 mala,
1557 2075 1618 2098 octo

834 2116 904 2143 ﬁlios
915 2115 1038 2151 paritura
1053 2115 1166 2149 fuisset;
1179 2121 1289 2151 propter
1300 2116 1352 2144 hoc
1365 2124 1412 2144 sex
1425 2117 1538 2152 peperit,
1550 2117 1618 2145 duos

834 2170 900 2189 vero
924 2161 1046 2195 Rachel,
1072 2163 1203 2197 quoniam
1227 2163 1256 2190 in
1281 2163 1472 2199 mandragoris
1499 2164 1617 2192 visitavi!

834 2215 894 2235 eam
917 2207 1061 2236 Dominus.
1091 2208 1176 2236 Scivit
1203 2209 1294 2242 enim,
1319 2209 1391 2245 quod
1414 2215 1523 2245 propter
1548 2210 1618 2238 ﬁlios

837 2253 921 2281 voluit
934 2254 1007 2281 coire
1019 2262 1081 2282 cum
1104 2254 1199 2287 Jacob,
1222 2261 1250 2282 et
1265 2263 1319 2282 non
1333 2260 1442 2291 propter
1454 2256 1617 2284 desiderium

834 2300 997 2335 voluptatis.
1024 2301 1170 2335 Apponens
1187 2302 1261 2328 enim
1278 2306 1306 2330 et
1322 2302 1350 2329 in
1368 2303 1486 2330 crastino
1502 2303 1617 2330 reddidit

833 2345 932 2379 Jacob,
949 2350 980 2374 ut
995 2346 1131 2382 acciperet
1153 2350 1180 2374 et
1203 2348 1285 2375 aliam
1307 2349 1526 2383 mandragoram.
1550 2349 1616 2377 Pro-

833 2397 893 2427 pter
912 2392 966 2420 hoc
989 2393 1016 2420 in
1035 2393 1226 2428 mandragoris
1246 2393 1386 2420 exaudivit
1410 2393 1541 2423 Dominus
1563 2394 1613 2423 Ra-

833 2438 912 2472 chel;
928 2439 1057 2474 quoniam
1071 2443 1098 2466 et
1111 2439 1268 2467 desiderans
1280 2447 1340 2474 eas,
1355 2447 1409 2468 non
1426 2441 1552 2474 comedit,
1569 2441 1616 2473 sed

867 2515 924 2551 (15)
944 2516 1069 2549 Αὐτούς.
1081 2514 1179 2551 Ᾱὺτήν.
1193 2514 1278 2545 GRAB.

867 2550 923 2592 (14)
931 2550 1086 2592 ,Ταῦτα-δὲ
1097 2550 1180 2586 ἦσαν
1187 2551 1272 2586 μῆλα
1285 2553 1432 2587 εὐώὸημα.
1450 2553 1523 2589 Αὕτη
1535 2553 1563 2581 δὲ
1580 2552 1616 2592 ἧν

833 2586 910 2622 μῆλα
916 2586 1028 2622 εὔοσμα.
1043 2586 1079 2613 ll).
1091 2611 1096 2621 ,

867 2621 924 2658 (l5)
944 2621 1074 2655 Πρῶτον.
1088 2621 1224 2658 Πρότερόν
1235 2628 1290 2649 σου.
1305 2622 1344 2650 lt).

867 2656 923 2691 (16)
945 2657 1025 2683 Ἕνα.
1038 2656 1120 2685 Μίανζ
1135 2658 1168 2684 In.

945 2692 998 2730 ζοῦ
1096 2693 1233 2730 ἐκμισθῶ.
1248 2692 1354 2730 Ταύτης
1364 2694 1536 2729 ἐκμισθὼσω.
1555 2695 1593 2723 In.

866 2727 1115 2789 ἷρῖῡῗῖλλον
1129 2727 1348 2764 μανδραγόρατᾶ
1368 2727 1423 2765 Τῆν
1442 2730 1524 2766 ἄλλην
1544 2740 1611 2766 μανι-

949 2771 973 2788 ν.
989 2771 1025 2789 ID.

944 2797 1006 2836 Τοῖς
1015 2798 1243 2836 μανδραγόρᾳις.
1263 2800 1328 2831 Ταῖς
1343 2800 1551 2836 μανδραγόραις.
1573 2801 1609 2829 In.

867 2832 923 2867 (20)
941 2834 1065 2867 Αὐτούς.
1080 2832 1177 2867 Λύτάςζ
1192 2835 1237 2863 Sic
1249 2839 1276 2863 et
1287 2832 1369 2872 paulo
1381 2832 1503 2874 postflo.
