  <div class='ocr_page' id='page_1' title='image "/cluster/home/n/w/nwhite01/storage/ocr_20150623/2/njp.32101077772349/713.png"; bbox 0 0 1913 3102; ppageno 0'>
   <div class='ocr_carea' id='block_1_1' title="bbox 311 151 377 180">
    <p class='ocr_par' dir='ltr' id='par_1_1' title="bbox 311 151 377 180">
     <span class='ocr_line' id='line_1_1' title="bbox 311 151 377 180; baseline 0.015 -1"><span class='ocrx_word' id='word_1_1' title='bbox 311 151 377 180; x_wconf 79' lang='lat' dir='ltr'><strong>I087</strong></span> 
     </span>
    </p>
   </div>
   <div class='ocr_carea' id='block_1_2' title="bbox 309 209 1102 246">
    <p class='ocr_par' dir='ltr' id='par_1_2' title="bbox 309 209 1102 246">
     <span class='ocr_line' id='line_1_2' title="bbox 309 209 1102 246; baseline -0.003 -8"><span class='ocrx_word' id='word_1_2' title='bbox 309 211 432 246; x_wconf 78' lang='lat' dir='ltr'><strong>reposuit</strong></span> <span class='ocrx_word' id='word_1_3' title='bbox 452 218 500 240; x_wconf 84' lang='lat' dir='ltr'><strong>eas</strong></span> <span class='ocrx_word' id='word_1_4' title='bbox 525 211 551 238; x_wconf 94' lang='lat' dir='ltr'><strong>in</strong></span> <span class='ocrx_word' id='word_1_5' title='bbox 570 211 652 238; x_wconf 90' lang='lat' dir='ltr'><strong>domo</strong></span> <span class='ocrx_word' id='word_1_6' title='bbox 669 210 795 242; x_wconf 84' lang='lat' dir='ltr'><strong>Domini.</strong></span> <span class='ocrx_word' id='word_1_7' title='bbox 819 210 938 238; x_wconf 84' lang='lat' dir='ltr'><strong>oﬂcrens</strong></span> <span class='ocrx_word' id='word_1_8' title='bbox 961 209 1102 238; x_wconf 78' lang='lat' dir='ltr'><strong>sacerdoti</strong></span> 
     </span>
    </p>
   </div>
   <div class='ocr_carea' id='block_1_3' title="bbox 307 255 837 290">
    <p class='ocr_par' dir='ltr' id='par_1_3' title="bbox 307 255 837 290">
     <span class='ocr_line' id='line_1_3' title="bbox 307 255 837 290; baseline 0.002 -7"><span class='ocrx_word' id='word_1_9' title='bbox 307 256 452 287; x_wconf 79' lang='lat' dir='ltr'><strong>Altissimi.</strong></span> <span class='ocrx_word' id='word_1_10' title='bbox 465 256 511 290; x_wconf 84' lang='lat' dir='ltr'><strong>qui</strong></span> <span class='ocrx_word' id='word_1_11' title='bbox 528 261 588 283; x_wconf 90' lang='lat' dir='ltr'><strong>erat</strong></span> <span class='ocrx_word' id='word_1_12' title='bbox 604 256 631 282; x_wconf 91' lang='lat' dir='ltr'><strong>in</strong></span> <span class='ocrx_word' id='word_1_13' title='bbox 645 261 766 290; x_wconf 88' lang='lat' dir='ltr'><strong>tempore</strong></span> <span class='ocrx_word' id='word_1_14' title='bbox 781 255 837 284; x_wconf 90' lang='lat' dir='ltr'><strong>illo.</strong></span> 
     </span>
    </p>
   </div>
   <div class='ocr_carea' id='block_1_4' title="bbox 343 301 1135 336">
    <p class='ocr_par' dir='ltr' id='par_1_4' title="bbox 343 301 1135 336">
     <span class='ocr_line' id='line_1_4' title="bbox 343 301 1135 336; baseline 0.003 -8"><span class='ocrx_word' id='word_1_15' title='bbox 343 301 386 328; x_wconf 82' lang='lat' dir='ltr'><strong>Ill.</strong></span> <span class='ocrx_word' id='word_1_16' title='bbox 411 312 419 327; x_wconf 79' lang='grc' dir='ltr'><strong>ι</strong></span> <span class='ocrx_word' id='word_1_17' title='bbox 434 301 547 334; x_wconf 80' lang='lat' dir='ltr'><strong>Quando</strong></span> <span class='ocrx_word' id='word_1_18' title='bbox 568 302 649 336; x_wconf 78' lang='lat' dir='ltr'><strong>igitur</strong></span> <span class='ocrx_word' id='word_1_19' title='bbox 672 302 762 330; x_wconf 77' lang='lat' dir='ltr'><strong>lactus</strong></span> <span class='ocrx_word' id='word_1_20' title='bbox 789 311 850 330; x_wconf 84' lang='lat' dir='ltr'><strong>sum</strong></span> <span class='ocrx_word' id='word_1_21' title='bbox 872 304 924 334; x_wconf 89' lang='lat' dir='ltr'><strong>vir,</strong></span> <span class='ocrx_word' id='word_1_22' title='bbox 949 303 996 330; x_wconf 81' lang='lat' dir='ltr'><strong>lilii</strong></span> <span class='ocrx_word' id='word_1_23' title='bbox 1020 303 1092 335; x_wconf 86' lang='lat' dir='ltr'><strong>mei,</strong></span> <span class='ocrx_word' id='word_1_24' title='bbox 1132 319 1135 322; x_wconf 57' lang='grc' dir='ltr'><strong><em>ι</em></strong></span> 
     </span>
    </p>
   </div>
   <div class='ocr_carea' id='block_1_5' title="bbox 306 347 1093 383">
    <p class='ocr_par' dir='ltr' id='par_1_5' title="bbox 306 347 1093 383">
     <span class='ocr_line' id='line_1_5' title="bbox 306 347 1093 383; baseline 0.003 -9"><span class='ocrx_word' id='word_1_25' title='bbox 306 347 447 375; x_wconf 78' lang='lat' dir='ltr'><strong>ambulavi</strong></span> <span class='ocrx_word' id='word_1_26' title='bbox 462 349 487 375; x_wconf 88' lang='lat' dir='ltr'><strong>in</strong></span> <span class='ocrx_word' id='word_1_27' title='bbox 506 349 668 376; x_wconf 92' lang='lat' dir='ltr'><strong>rectitudine</strong></span> <span class='ocrx_word' id='word_1_28' title='bbox 681 349 772 376; x_wconf 87' lang='lat' dir='ltr'><strong>cordis</strong></span> <span class='ocrx_word' id='word_1_29' title='bbox 783 369 790 380; x_wconf 79' lang='lat'><strong>,</strong></span> <span class='ocrx_word' id='word_1_30' title='bbox 804 353 831 375; x_wconf 89' lang='lat' dir='ltr'><strong>et</strong></span> <span class='ocrx_word' id='word_1_31' title='bbox 843 349 930 376; x_wconf 82' lang='lat' dir='ltr'><strong>factus</strong></span> <span class='ocrx_word' id='word_1_32' title='bbox 945 357 1006 376; x_wconf 87' lang='lat' dir='ltr'><strong>sum</strong></span> <span class='ocrx_word' id='word_1_33' title='bbox 1021 349 1093 383; x_wconf 78' lang='lat' dir='ltr'><strong>agri-</strong></span> 
     </span>
    </p>
   </div>
   <div class='ocr_carea' id='block_1_6' title="bbox 306 393 1090 428">
    <p class='ocr_par' dir='ltr' id='par_1_6' title="bbox 306 393 1090 428">
     <span class='ocr_line' id='line_1_6' title="bbox 306 393 1090 428; baseline 0 -6"><span class='ocrx_word' id='word_1_34' title='bbox 306 394 364 422; x_wconf 89' lang='lat' dir='ltr'><strong>cola</strong></span> <span class='ocrx_word' id='word_1_35' title='bbox 377 399 484 428; x_wconf 82' lang='lat' dir='ltr'><strong>patrum</strong></span> <span class='ocrx_word' id='word_1_36' title='bbox 505 402 642 426; x_wconf 88' lang='lat' dir='ltr'><strong>meorum,</strong></span> <span class='ocrx_word' id='word_1_37' title='bbox 657 400 683 422; x_wconf 86' lang='lat' dir='ltr'><strong>et</strong></span> <span class='ocrx_word' id='word_1_38' title='bbox 698 393 813 422; x_wconf 80' lang='lat' dir='ltr'><strong>fratrum</strong></span> <span class='ocrx_word' id='word_1_39' title='bbox 827 403 960 427; x_wconf 88' lang='lat' dir='ltr'><strong>meorum,</strong></span> <span class='ocrx_word' id='word_1_40' title='bbox 976 399 1003 422; x_wconf 90' lang='lat' dir='ltr'><strong>et</strong></span> <span class='ocrx_word' id='word_1_41' title='bbox 1014 395 1090 422; x_wconf 79' lang='lat' dir='ltr'><strong>attuli</strong></span> 
     </span>
    </p>
   </div>
   <div class='ocr_carea' id='block_1_7' title="bbox 306 439 1091 476">
    <p class='ocr_par' dir='ltr' id='par_1_7' title="bbox 306 439 1091 476">
     <span class='ocr_line' id='line_1_7' title="bbox 306 439 1091 476; baseline 0.003 -9"><span class='ocrx_word' id='word_1_42' title='bbox 306 439 412 468; x_wconf 76' lang='lat' dir='ltr'><strong>{ructus</strong></span> <span class='ocrx_word' id='word_1_43' title='bbox 427 449 458 468; x_wconf 81' lang='lat' dir='ltr'><strong>ex</strong></span> <span class='ocrx_word' id='word_1_44' title='bbox 473 443 547 476; x_wconf 87' lang='lat' dir='ltr'><strong>agris</strong></span> <span class='ocrx_word' id='word_1_45' title='bbox 561 441 709 468; x_wconf 89' lang='lat' dir='ltr'><strong>secundum</strong></span> <span class='ocrx_word' id='word_1_46' title='bbox 725 446 831 476; x_wconf 85' lang='lat' dir='ltr'><strong>tempus</strong></span> <span class='ocrx_word' id='word_1_47' title='bbox 844 449 950 474; x_wconf 90' lang='lat' dir='ltr'><strong>eorum,</strong></span> <span class='ocrx_word' id='word_1_48' title='bbox 967 445 993 468; x_wconf 89' lang='lat' dir='ltr'><strong>et</strong></span> <span class='ocrx_word' id='word_1_49' title='bbox 1009 441 1091 469; x_wconf 88' lang='lat' dir='ltr'><strong>bene-</strong></span> 
     </span>
    </p>
   </div>
   <div class='ocr_carea' id='block_1_8' title="bbox 306 486 1090 522">
    <p class='ocr_par' dir='ltr' id='par_1_8' title="bbox 306 486 1090 522">
     <span class='ocr_line' id='line_1_8' title="bbox 306 486 1090 522; baseline 0.001 -10"><span class='ocrx_word' id='word_1_50' title='bbox 306 486 374 514; x_wconf 79' lang='lat' dir='ltr'><strong>dixit</strong></span> <span class='ocrx_word' id='word_1_51' title='bbox 391 487 456 513; x_wconf 89' lang='lat' dir='ltr'><strong>mihi</strong></span> <span class='ocrx_word' id='word_1_52' title='bbox 476 492 553 522; x_wconf 84' lang='lat' dir='ltr'><strong>pater</strong></span> <span class='ocrx_word' id='word_1_53' title='bbox 565 494 642 514; x_wconf 89' lang='lat' dir='ltr'><strong>meus</strong></span> <span class='ocrx_word' id='word_1_54' title='bbox 654 508 662 518; x_wconf 90' lang='lat'><strong>,</strong></span> <span class='ocrx_word' id='word_1_55' title='bbox 678 487 772 513; x_wconf 89' lang='lat' dir='ltr'><strong>videns</strong></span> <span class='ocrx_word' id='word_1_56' title='bbox 786 487 857 521; x_wconf 88' lang='lat' dir='ltr'><strong>quod</strong></span> <span class='ocrx_word' id='word_1_57' title='bbox 872 487 899 513; x_wconf 90' lang='lat' dir='ltr'><strong>in</strong></span> <span class='ocrx_word' id='word_1_58' title='bbox 917 487 1090 520; x_wconf 89' lang='lat' dir='ltr'><strong>simplicitate</strong></span> 
     </span>
    </p>
   </div>
   <div class='ocr_carea' id='block_1_9' title="bbox 305 532 1089 567">
    <p class='ocr_par' dir='ltr' id='par_1_9' title="bbox 305 532 1089 567">
     <span class='ocr_line' id='line_1_9' title="bbox 305 532 1089 567; baseline -0.001 -8"><span class='ocrx_word' id='word_1_59' title='bbox 305 532 489 559; x_wconf 80' lang='lat' dir='ltr'><strong>ambulabant.</strong></span> <span class='ocrx_word' id='word_1_60' title='bbox 516 532 549 559; x_wconf 87' lang='lat' dir='ltr'><strong>Et</strong></span> <span class='ocrx_word' id='word_1_61' title='bbox 573 540 625 559; x_wconf 94' lang='lat' dir='ltr'><strong>non</strong></span> <span class='ocrx_word' id='word_1_62' title='bbox 643 540 716 559; x_wconf 86' lang='lat' dir='ltr'><strong>eram</strong></span> <span class='ocrx_word' id='word_1_63' title='bbox 736 536 922 567; x_wconf 89' lang='lat' dir='ltr'><strong>perserutator</strong></span> <span class='ocrx_word' id='word_1_64' title='bbox 940 532 966 558; x_wconf 92' lang='lat' dir='ltr'><strong>in</strong></span> <span class='ocrx_word' id='word_1_65' title='bbox 983 532 1089 559; x_wconf 87' lang='lat' dir='ltr'><strong>actibus</strong></span> 
     </span>
    </p>
   </div>
   <div class='ocr_carea' id='block_1_10' title="bbox 305 577 1087 612">
    <p class='ocr_par' dir='ltr' id='par_1_10' title="bbox 305 577 1087 612">
     <span class='ocr_line' id='line_1_10' title="bbox 305 577 1087 612; baseline 0.001 -9"><span class='ocrx_word' id='word_1_66' title='bbox 305 577 385 609; x_wconf 83' lang='lat' dir='ltr'><strong>meis,</strong></span> <span class='ocrx_word' id='word_1_67' title='bbox 400 585 489 611; x_wconf 88' lang='lat' dir='ltr'><strong>neque</strong></span> <span class='ocrx_word' id='word_1_68' title='bbox 503 577 672 611; x_wconf 87' lang='lat' dir='ltr'><strong>perniciosus</strong></span> <span class='ocrx_word' id='word_1_69' title='bbox 690 581 716 604; x_wconf 86' lang='lat' dir='ltr'><strong>et</strong></span> <span class='ocrx_word' id='word_1_70' title='bbox 734 577 859 604; x_wconf 88' lang='lat' dir='ltr'><strong>invidens</strong></span> <span class='ocrx_word' id='word_1_71' title='bbox 872 577 996 612; x_wconf 79' lang='lat' dir='ltr'><strong>proximo</strong></span> <span class='ocrx_word' id='word_1_72' title='bbox 1010 585 1087 610; x_wconf 89' lang='lat' dir='ltr'><strong>meo;</strong></span> 
     </span>
    </p>
   </div>
   <div class='ocr_carea' id='block_1_11' title="bbox 303 623 1087 658">
    <p class='ocr_par' dir='ltr' id='par_1_11' title="bbox 303 623 1087 658">
     <span class='ocr_line' id='line_1_11' title="bbox 303 623 1087 658; baseline 0 -8"><span class='ocrx_word' id='word_1_73' title='bbox 303 630 359 650; x_wconf 87' lang='lat' dir='ltr'><strong>non</strong></span> <span class='ocrx_word' id='word_1_74' title='bbox 372 623 517 650; x_wconf 87' lang='lat' dir='ltr'><strong>oblocutus</strong></span> <span class='ocrx_word' id='word_1_75' title='bbox 530 631 590 651; x_wconf 93' lang='lat' dir='ltr'><strong>sum</strong></span> <span class='ocrx_word' id='word_1_76' title='bbox 607 624 707 655; x_wconf 88' lang='lat' dir='ltr'><strong>alicui,</strong></span> <span class='ocrx_word' id='word_1_77' title='bbox 733 631 821 658; x_wconf 89' lang='lat' dir='ltr'><strong>neque</strong></span> <span class='ocrx_word' id='word_1_78' title='bbox 835 623 984 658; x_wconf 71' lang='lat' dir='ltr'><strong>vituperari</strong></span> <span class='ocrx_word' id='word_1_79' title='bbox 1004 623 1087 650; x_wconf 84' lang='lat' dir='ltr'><strong>vitam</strong></span> 
     </span>
    </p>
   </div>
   <div class='ocr_carea' id='block_1_12' title="bbox 304 667 1088 704">
    <p class='ocr_par' dir='ltr' id='par_1_12' title="bbox 304 667 1088 704">
     <span class='ocr_line' id='line_1_12' title="bbox 304 667 1088 704; baseline 0.003 -9"><span class='ocrx_word' id='word_1_80' title='bbox 304 667 425 696; x_wconf 84' lang='lat' dir='ltr'><strong>hominis</strong></span> <span class='ocrx_word' id='word_1_81' title='bbox 437 669 581 697; x_wconf 83' lang='lat' dir='ltr'><strong>ambulans</strong></span> <span class='ocrx_word' id='word_1_82' title='bbox 602 670 629 697; x_wconf 94' lang='lat' dir='ltr'><strong>in</strong></span> <span class='ocrx_word' id='word_1_83' title='bbox 652 670 826 704; x_wconf 84' lang='lat' dir='ltr'><strong>simplicitate</strong></span> <span class='ocrx_word' id='word_1_84' title='bbox 846 670 998 697; x_wconf 82' lang='lat' dir='ltr'><strong>oculorum.</strong></span> <span class='ocrx_word' id='word_1_85' title='bbox 1022 670 1088 697; x_wconf 82' lang='lat' dir='ltr'><strong>Pro-</strong></span> 
     </span>
    </p>
   </div>
   <div class='ocr_carea' id='block_1_13' title="bbox 304 715 1085 751">
    <p class='ocr_par' dir='ltr' id='par_1_13' title="bbox 304 715 1085 751">
     <span class='ocr_line' id='line_1_13' title="bbox 304 715 1085 751; baseline 0.003 -10"><span class='ocrx_word' id='word_1_86' title='bbox 304 718 365 748; x_wconf 79' lang='lat' dir='ltr'><strong>pter</strong></span> <span class='ocrx_word' id='word_1_87' title='bbox 377 715 427 742; x_wconf 88' lang='lat' dir='ltr'><strong>hoc</strong></span> <span class='ocrx_word' id='word_1_88' title='bbox 441 715 551 751; x_wconf 77' lang='lat' dir='ltr'><strong>triginta</strong></span> <span class='ocrx_word' id='word_1_89' title='bbox 565 724 698 742; x_wconf 88' lang='lat' dir='ltr'><strong>annorum</strong></span> <span class='ocrx_word' id='word_1_90' title='bbox 721 716 812 750; x_wconf 86' lang='lat' dir='ltr'><strong>accepi</strong></span> <span class='ocrx_word' id='word_1_91' title='bbox 826 716 949 743; x_wconf 86' lang='lat' dir='ltr'><strong>mihimet</strong></span> <span class='ocrx_word' id='word_1_92' title='bbox 962 724 1085 749; x_wconf 80' lang='lat' dir='ltr'><strong>uxorem,</strong></span> 
     </span>
    </p>
   </div>
   <div class='ocr_carea' id='block_1_14' title="bbox 303 760 1086 793">
    <p class='ocr_par' dir='ltr' id='par_1_14' title="bbox 303 760 1086 793">
     <span class='ocr_line' id='line_1_14' title="bbox 303 760 1086 793; baseline 0.003 -7"><span class='ocrx_word' id='word_1_93' title='bbox 303 760 432 793; x_wconf 88' lang='lat' dir='ltr'><strong>quoniam</strong></span> <span class='ocrx_word' id='word_1_94' title='bbox 447 760 525 787; x_wconf 88' lang='lat' dir='ltr'><strong>labor</strong></span> <span class='ocrx_word' id='word_1_95' title='bbox 538 761 716 788; x_wconf 85' lang='lat' dir='ltr'><strong>devoraverat</strong></span> <span class='ocrx_word' id='word_1_96' title='bbox 731 761 919 788; x_wconf 84' lang='lat' dir='ltr'><strong>fortitudinem</strong></span> <span class='ocrx_word' id='word_1_97' title='bbox 939 769 1038 789; x_wconf 88' lang='lat' dir='ltr'><strong>meam.</strong></span> <span class='ocrx_word' id='word_1_98' title='bbox 1054 761 1086 789; x_wconf 86' lang='lat' dir='ltr'><strong>Et</strong></span> 
     </span>
    </p>
   </div>
   <div class='ocr_carea' id='block_1_15' title="bbox 303 805 1086 842">
    <p class='ocr_par' dir='ltr' id='par_1_15' title="bbox 303 805 1086 842">
     <span class='ocr_line' id='line_1_15' title="bbox 303 805 1086 842; baseline 0.003 -10"><span class='ocrx_word' id='word_1_99' title='bbox 303 812 356 832; x_wconf 89' lang='lat' dir='ltr'><strong>non</strong></span> <span class='ocrx_word' id='word_1_100' title='bbox 371 805 620 833; x_wconf 72' lang='lat' dir='ltr'><strong>animadvertebam</strong></span> <span class='ocrx_word' id='word_1_101' title='bbox 633 806 800 841; x_wconf 86' lang='lat' dir='ltr'><strong>voluptatem</strong></span> <span class='ocrx_word' id='word_1_102' title='bbox 817 806 950 838; x_wconf 86' lang='lat' dir='ltr'><strong>mulieris.</strong></span> <span class='ocrx_word' id='word_1_103' title='bbox 969 808 1016 834; x_wconf 89' lang='lat' dir='ltr'><strong>sed</strong></span> <span class='ocrx_word' id='word_1_104' title='bbox 1037 815 1086 842; x_wconf 89' lang='lat' dir='ltr'><strong>per</strong></span> 
     </span>
    </p>
   </div>
   <div class='ocr_carea' id='block_1_16' title="bbox 301 851 1086 888">
    <p class='ocr_par' dir='ltr' id='par_1_16' title="bbox 301 851 1086 888">
     <span class='ocr_line' id='line_1_16' title="bbox 301 851 1086 888; baseline 0.003 -10"><span class='ocrx_word' id='word_1_105' title='bbox 301 851 420 878; x_wconf 90' lang='lat' dir='ltr'><strong>laborem</strong></span> <span class='ocrx_word' id='word_1_106' title='bbox 434 860 547 880; x_wconf 87' lang='lat' dir='ltr'><strong>somnus</strong></span> <span class='ocrx_word' id='word_1_107' title='bbox 564 860 640 880; x_wconf 89' lang='lat' dir='ltr'><strong>meus</strong></span> <span class='ocrx_word' id='word_1_108' title='bbox 654 853 835 880; x_wconf 85' lang='lat' dir='ltr'><strong>circumdedit</strong></span> <span class='ocrx_word' id='word_1_109' title='bbox 856 861 915 886; x_wconf 88' lang='lat' dir='ltr'><strong>me,</strong></span> <span class='ocrx_word' id='word_1_110' title='bbox 936 858 964 880; x_wconf 89' lang='lat' dir='ltr'><strong>et</strong></span> <span class='ocrx_word' id='word_1_111' title='bbox 978 861 1086 888; x_wconf 86' lang='lat' dir='ltr'><strong>semper</strong></span> 
     </span>
    </p>
   </div>
   <div class='ocr_carea' id='block_1_17' title="bbox 300 897 1083 933">
    <p class='ocr_par' dir='ltr' id='par_1_17' title="bbox 300 897 1083 933">
     <span class='ocr_line' id='line_1_17' title="bbox 300 897 1083 933; baseline 0.005 -10"><span class='ocrx_word' id='word_1_112' title='bbox 300 897 409 931; x_wconf 81' lang='lat' dir='ltr'><strong>gavisus</strong></span> <span class='ocrx_word' id='word_1_113' title='bbox 426 902 468 924; x_wconf 89' lang='lat' dir='ltr'><strong>est</strong></span> <span class='ocrx_word' id='word_1_114' title='bbox 485 898 511 924; x_wconf 92' lang='lat' dir='ltr'><strong>in</strong></span> <span class='ocrx_word' id='word_1_115' title='bbox 537 898 711 932; x_wconf 88' lang='lat' dir='ltr'><strong>simplicitate</strong></span> <span class='ocrx_word' id='word_1_116' title='bbox 747 906 805 926; x_wconf 88' lang='lat' dir='ltr'><strong>mea</strong></span> <span class='ocrx_word' id='word_1_117' title='bbox 839 903 914 933; x_wconf 85' lang='lat' dir='ltr'><strong>pater</strong></span> <span class='ocrx_word' id='word_1_118' title='bbox 940 907 1028 926; x_wconf 86' lang='lat' dir='ltr'><strong>meus.</strong></span> <span class='ocrx_word' id='word_1_119' title='bbox 1054 899 1083 927; x_wconf 91' lang='lat' dir='ltr'><strong>Si</strong></span> 
     </span>
    </p>
   </div>
   <div class='ocr_carea' id='block_1_18' title="bbox 299 943 1084 976">
    <p class='ocr_par' dir='ltr' id='par_1_18' title="bbox 299 943 1084 976">
     <span class='ocr_line' id='line_1_18' title="bbox 299 943 1084 976; baseline 0.005 -7"><span class='ocrx_word' id='word_1_120' title='bbox 299 943 366 976; x_wconf 88' lang='lat' dir='ltr'><strong>quid</strong></span> <span class='ocrx_word' id='word_1_121' title='bbox 392 943 465 970; x_wconf 86' lang='lat' dir='ltr'><strong>enim</strong></span> <span class='ocrx_word' id='word_1_122' title='bbox 491 944 667 976; x_wconf 83' lang='lat' dir='ltr'><strong>laborabam,</strong></span> <span class='ocrx_word' id='word_1_123' title='bbox 688 952 796 975; x_wconf 86' lang='lat' dir='ltr'><strong>omnem</strong></span> <span class='ocrx_word' id='word_1_124' title='bbox 820 944 937 972; x_wconf 81' lang='lat' dir='ltr'><strong>fructum</strong></span> <span class='ocrx_word' id='word_1_125' title='bbox 959 950 986 972; x_wconf 88' lang='lat' dir='ltr'><strong>et</strong></span> <span class='ocrx_word' id='word_1_126' title='bbox 1003 953 1084 974; x_wconf 86' lang='lat' dir='ltr'><strong>omne</strong></span> 
     </span>
    </p>
   </div>
   <div class='ocr_carea' id='block_1_19' title="bbox 299 990 1084 1026">
    <p class='ocr_par' dir='ltr' id='par_1_19' title="bbox 299 990 1084 1026">
     <span class='ocr_line' id='line_1_19' title="bbox 299 990 1084 1026; baseline 0.005 -11"><span class='ocrx_word' id='word_1_127' title='bbox 299 990 418 1023; x_wconf 84' lang='lat' dir='ltr'><strong>primum</strong></span> <span class='ocrx_word' id='word_1_128' title='bbox 434 997 544 1025; x_wconf 78' lang='lat' dir='ltr'><strong>germen</strong></span> <span class='ocrx_word' id='word_1_129' title='bbox 568 991 686 1025; x_wconf 90' lang='lat' dir='ltr'><strong>primum</strong></span> <span class='ocrx_word' id='word_1_130' title='bbox 711 999 759 1026; x_wconf 86' lang='lat' dir='ltr'><strong>per</strong></span> <span class='ocrx_word' id='word_1_131' title='bbox 780 992 946 1019; x_wconf 86' lang='lat' dir='ltr'><strong>sacerdotem</strong></span> <span class='ocrx_word' id='word_1_132' title='bbox 969 991 1084 1020; x_wconf 90' lang='lat' dir='ltr'><strong>Domino</strong></span> 
     </span>
    </p>
   </div>
   <div class='ocr_carea' id='block_1_20' title="bbox 299 1035 1084 1074">
    <p class='ocr_par' dir='ltr' id='par_1_20' title="bbox 299 1035 1084 1074">
     <span class='ocr_line' id='line_1_20' title="bbox 299 1035 1084 1074; baseline 0.005 -13"><span class='ocrx_word' id='word_1_133' title='bbox 299 1035 444 1062; x_wconf 79' lang='lat' dir='ltr'><strong>oﬂ‘erebam</strong></span> <span class='ocrx_word' id='word_1_134' title='bbox 458 1056 466 1067; x_wconf 85' lang='lat'><strong>,</strong></span> <span class='ocrx_word' id='word_1_135' title='bbox 481 1036 578 1064; x_wconf 83' lang='lat' dir='ltr'><strong>deinde</strong></span> <span class='ocrx_word' id='word_1_136' title='bbox 594 1037 664 1072; x_wconf 85' lang='lat' dir='ltr'><strong>patri</strong></span> <span class='ocrx_word' id='word_1_137' title='bbox 685 1045 756 1070; x_wconf 90' lang='lat' dir='ltr'><strong>meo,</strong></span> <span class='ocrx_word' id='word_1_138' title='bbox 772 1042 799 1065; x_wconf 91' lang='lat' dir='ltr'><strong>et</strong></span> <span class='ocrx_word' id='word_1_139' title='bbox 821 1042 886 1065; x_wconf 92' lang='lat' dir='ltr'><strong>tunc</strong></span> <span class='ocrx_word' id='word_1_140' title='bbox 901 1045 951 1073; x_wconf 81' lang='lat' dir='ltr'><strong>ego</strong></span> <span class='ocrx_word' id='word_1_141' title='bbox 968 1038 1034 1074; x_wconf 70' lang='grc'><strong>(24).</strong></span> <span class='ocrx_word' id='word_1_142' title='bbox 1051 1038 1084 1066; x_wconf 85' lang='grc' dir='ltr'><strong>Ει</strong></span> 
     </span>
    </p>
   </div>
   <div class='ocr_carea' id='block_1_21' title="bbox 298 1079 1084 1117">
    <p class='ocr_par' dir='ltr' id='par_1_21' title="bbox 298 1079 1084 1117">
     <span class='ocr_line' id='line_1_21' title="bbox 298 1079 1084 1117; baseline 0.006 -10"><span class='ocrx_word' id='word_1_143' title='bbox 298 1079 430 1109; x_wconf 86' lang='lat' dir='ltr'><strong>Dominus</strong></span> <span class='ocrx_word' id='word_1_144' title='bbox 447 1082 596 1117; x_wconf 89' lang='lat' dir='ltr'><strong>duplicavit</strong></span> <span class='ocrx_word' id='word_1_145' title='bbox 620 1083 691 1110; x_wconf 88' lang='lat' dir='ltr'><strong>bona</strong></span> <span class='ocrx_word' id='word_1_146' title='bbox 709 1083 734 1110; x_wconf 94' lang='lat' dir='ltr'><strong>in</strong></span> <span class='ocrx_word' id='word_1_147' title='bbox 754 1084 881 1112; x_wconf 88' lang='lat' dir='ltr'><strong>manibus</strong></span> <span class='ocrx_word' id='word_1_148' title='bbox 897 1085 973 1112; x_wconf 88' lang='lat' dir='ltr'><strong>meis.</strong></span> <span class='ocrx_word' id='word_1_149' title='bbox 998 1084 1084 1112; x_wconf 87' lang='lat' dir='ltr'><strong>Scivit</strong></span> 
     </span>
    </p>
   </div>
   <div class='ocr_carea' id='block_1_22' title="bbox 297 1127 1082 1164">
    <p class='ocr_par' dir='ltr' id='par_1_22' title="bbox 297 1127 1082 1164">
     <span class='ocr_line' id='line_1_22' title="bbox 297 1127 1082 1164; baseline 0.004 -10"><span class='ocrx_word' id='word_1_150' title='bbox 297 1131 388 1154; x_wconf 83' lang='lat' dir='ltr'><strong>autem</strong></span> <span class='ocrx_word' id='word_1_151' title='bbox 402 1132 428 1154; x_wconf 88' lang='lat' dir='ltr'><strong>et</strong></span> <span class='ocrx_word' id='word_1_152' title='bbox 441 1127 536 1160; x_wconf 84' lang='lat' dir='ltr'><strong>Jacob,</strong></span> <span class='ocrx_word' id='word_1_153' title='bbox 560 1129 632 1163; x_wconf 88' lang='lat' dir='ltr'><strong>quod</strong></span> <span class='ocrx_word' id='word_1_154' title='bbox 650 1128 722 1157; x_wconf 86' lang='lat' dir='ltr'><strong>Deus</strong></span> <span class='ocrx_word' id='word_1_155' title='bbox 739 1135 901 1164; x_wconf 85' lang='lat' dir='ltr'><strong>cooperatur</strong></span> <span class='ocrx_word' id='word_1_156' title='bbox 916 1130 1082 1164; x_wconf 86' lang='lat' dir='ltr'><strong>simplicitati</strong></span> 
     </span>
    </p>
   </div>
   <div class='ocr_carea' id='block_1_23' title="bbox 297 1174 1081 1209">
    <p class='ocr_par' dir='ltr' id='par_1_23' title="bbox 297 1174 1081 1209">
     <span class='ocr_line' id='line_1_23' title="bbox 297 1174 1081 1209; baseline 0.006 -10"><span class='ocrx_word' id='word_1_157' title='bbox 297 1180 364 1200; x_wconf 68' lang='lat' dir='ltr'><strong>meae</strong></span> <span class='ocrx_word' id='word_1_158' title='bbox 379 1182 385 1199; x_wconf 87' lang='lat'><strong>:</strong></span> <span class='ocrx_word' id='word_1_159' title='bbox 399 1174 473 1200; x_wconf 87' lang='lat' dir='ltr'><strong>omni</strong></span> <span class='ocrx_word' id='word_1_160' title='bbox 486 1174 557 1200; x_wconf 90' lang='lat' dir='ltr'><strong>enim</strong></span> <span class='ocrx_word' id='word_1_161' title='bbox 571 1176 682 1209; x_wconf 90' lang='lat' dir='ltr'><strong>pauperi</strong></span> <span class='ocrx_word' id='word_1_162' title='bbox 696 1180 722 1202; x_wconf 90' lang='lat' dir='ltr'><strong>et</strong></span> <span class='ocrx_word' id='word_1_163' title='bbox 734 1175 806 1202; x_wconf 87' lang='lat' dir='ltr'><strong>omni</strong></span> <span class='ocrx_word' id='word_1_164' title='bbox 821 1175 919 1203; x_wconf 87' lang='lat' dir='ltr'><strong>aﬂlicto</strong></span> <span class='ocrx_word' id='word_1_165' title='bbox 931 1176 1081 1204; x_wconf 87' lang='lat' dir='ltr'><strong>tribuebatn</strong></span> 
     </span>
    </p>
   </div>
   <div class='ocr_carea' id='block_1_24' title="bbox 297 1219 805 1255">
    <p class='ocr_par' dir='ltr' id='par_1_24' title="bbox 297 1219 805 1255">
     <span class='ocr_line' id='line_1_24' title="bbox 297 1219 805 1255; baseline 0.004 -8"><span class='ocrx_word' id='word_1_166' title='bbox 297 1223 376 1247; x_wconf 82' lang='lat' dir='ltr'><strong>teme</strong></span> <span class='ocrx_word' id='word_1_167' title='bbox 390 1219 460 1246; x_wconf 86' lang='lat' dir='ltr'><strong>bona</strong></span> <span class='ocrx_word' id='word_1_168' title='bbox 477 1221 503 1247; x_wconf 93' lang='lat' dir='ltr'><strong>in</strong></span> <span class='ocrx_word' id='word_1_169' title='bbox 518 1221 690 1255; x_wconf 79' lang='lat' dir='ltr'><strong>simplicitate</strong></span> <span class='ocrx_word' id='word_1_170' title='bbox 704 1222 805 1249; x_wconf 89' lang='lat' dir='ltr'><strong>cordis.</strong></span> 
     </span>
    </p>
   </div>
   <div class='ocr_carea' id='block_1_25' title="bbox 331 1263 1080 1300">
    <p class='ocr_par' dir='ltr' id='par_1_25' title="bbox 331 1263 1080 1300">
     <span class='ocr_line' id='line_1_25' title="bbox 331 1263 1080 1300; baseline 0.009 -10"><span class='ocrx_word' id='word_1_171' title='bbox 331 1263 376 1291; x_wconf 86' lang='lat' dir='ltr'><strong>IV.</strong></span> <span class='ocrx_word' id='word_1_172' title='bbox 395 1273 404 1289; x_wconf 85' lang='grc'><strong>‹</strong></span> <span class='ocrx_word' id='word_1_173' title='bbox 426 1265 542 1293; x_wconf 88' lang='lat' dir='ltr'><strong>Etnunc</strong></span> <span class='ocrx_word' id='word_1_174' title='bbox 563 1267 655 1293; x_wconf 88' lang='lat' dir='ltr'><strong>audite</strong></span> <span class='ocrx_word' id='word_1_175' title='bbox 681 1275 741 1300; x_wconf 86' lang='lat' dir='ltr'><strong>me,</strong></span> <span class='ocrx_word' id='word_1_176' title='bbox 765 1267 829 1300; x_wconf 83' lang='lat' dir='ltr'><strong>lilii,</strong></span> <span class='ocrx_word' id='word_1_177' title='bbox 843 1273 870 1295; x_wconf 90' lang='lat' dir='ltr'><strong>et</strong></span> <span class='ocrx_word' id='word_1_178' title='bbox 893 1269 1030 1296; x_wconf 89' lang='lat' dir='ltr'><strong>ambulate</strong></span> <span class='ocrx_word' id='word_1_179' title='bbox 1053 1270 1080 1297; x_wconf 93' lang='lat' dir='ltr'><strong>in</strong></span> 
     </span>
    </p>
   </div>
   <div class='ocr_carea' id='block_1_26' title="bbox 295 1309 1080 1350">
    <p class='ocr_par' dir='ltr' id='par_1_26' title="bbox 295 1309 1080 1350">
     <span class='ocr_line' id='line_1_26' title="bbox 295 1309 1080 1350; baseline 0.01 -15"><span class='ocrx_word' id='word_1_180' title='bbox 295 1309 470 1344; x_wconf 81' lang='lat' dir='ltr'><strong>simplicitate</strong></span> <span class='ocrx_word' id='word_1_181' title='bbox 495 1311 599 1345; x_wconf 78' lang='lat' dir='ltr'><strong>cordis,</strong></span> <span class='ocrx_word' id='word_1_182' title='bbox 620 1314 750 1348; x_wconf 88' lang='lat' dir='ltr'><strong>quoniam</strong></span> <span class='ocrx_word' id='word_1_183' title='bbox 780 1315 842 1341; x_wconf 81' lang='lat' dir='ltr'><strong>novi</strong></span> <span class='ocrx_word' id='word_1_184' title='bbox 867 1315 894 1341; x_wconf 94' lang='lat' dir='ltr'><strong>in</strong></span> <span class='ocrx_word' id='word_1_185' title='bbox 917 1316 975 1350; x_wconf 87' lang='lat' dir='ltr'><strong>ipsa</strong></span> <span class='ocrx_word' id='word_1_186' title='bbox 1000 1323 1080 1342; x_wconf 87' lang='lat' dir='ltr'><strong>omne</strong></span> 
     </span>
    </p>
   </div>
   <div class='ocr_carea' id='block_1_27' title="bbox 295 1355 1079 1394">
    <p class='ocr_par' dir='ltr' id='par_1_27' title="bbox 295 1355 1079 1394">
     <span class='ocr_line' id='line_1_27' title="bbox 295 1355 1079 1394; baseline 0.009 -12"><span class='ocrx_word' id='word_1_187' title='bbox 295 1355 494 1390; x_wconf 82' lang='lat' dir='ltr'><strong>beneplacitum</strong></span> <span class='ocrx_word' id='word_1_188' title='bbox 517 1357 636 1386; x_wconf 89' lang='lat' dir='ltr'><strong>Domini.</strong></span> <span class='ocrx_word' id='word_1_189' title='bbox 659 1359 779 1394; x_wconf 88' lang='lat' dir='ltr'><strong>Simplex</strong></span> <span class='ocrx_word' id='word_1_190' title='bbox 795 1368 893 1388; x_wconf 88' lang='lat' dir='ltr'><strong>aurum</strong></span> <span class='ocrx_word' id='word_1_191' title='bbox 912 1369 966 1388; x_wconf 91' lang='lat' dir='ltr'><strong>non</strong></span> <span class='ocrx_word' id='word_1_192' title='bbox 979 1369 1079 1388; x_wconf 92' lang='lat' dir='ltr'><strong>concu-</strong></span> 
     </span>
    </p>
   </div>
   <div class='ocr_carea' id='block_1_28' title="bbox 294 1401 1079 1440">
    <p class='ocr_par' dir='ltr' id='par_1_28' title="bbox 294 1401 1079 1440">
     <span class='ocr_line' id='line_1_28' title="bbox 294 1401 1079 1440; baseline 0.011 -13"><span class='ocrx_word' id='word_1_193' title='bbox 294 1401 386 1437; x_wconf 89' lang='lat' dir='ltr'><strong>piscit,</strong></span> <span class='ocrx_word' id='word_1_194' title='bbox 405 1404 558 1437; x_wconf 82' lang='lat' dir='ltr'><strong>proximum</strong></span> <span class='ocrx_word' id='word_1_195' title='bbox 581 1413 635 1432; x_wconf 90' lang='lat' dir='ltr'><strong>non</strong></span> <span class='ocrx_word' id='word_1_196' title='bbox 659 1406 851 1440; x_wconf 86' lang='lat' dir='ltr'><strong>circumvenit,</strong></span> <span class='ocrx_word' id='word_1_197' title='bbox 882 1407 958 1436; x_wconf 91' lang='lat' dir='ltr'><strong>cibos</strong></span> <span class='ocrx_word' id='word_1_198' title='bbox 989 1408 1079 1436; x_wconf 85' lang='lat' dir='ltr'><strong>varios</strong></span> 
     </span>
    </p>
   </div>
   <div class='ocr_carea' id='block_1_29' title="bbox 295 1451 1078 1489">
    <p class='ocr_par' dir='ltr' id='par_1_29' title="bbox 295 1451 1078 1489">
     <span class='ocr_line' id='line_1_29' title="bbox 295 1451 1078 1489; baseline 0.008 -13"><span class='ocrx_word' id='word_1_199' title='bbox 295 1455 350 1476; x_wconf 85' lang='lat' dir='ltr'><strong>non</strong></span> <span class='ocrx_word' id='word_1_200' title='bbox 371 1451 483 1484; x_wconf 83' lang='lat' dir='ltr'><strong>appetit,</strong></span> <span class='ocrx_word' id='word_1_201' title='bbox 501 1455 603 1478; x_wconf 89' lang='lat' dir='ltr'><strong>vestem</strong></span> <span class='ocrx_word' id='word_1_202' title='bbox 630 1452 764 1479; x_wconf 88' lang='lat' dir='ltr'><strong>diversam</strong></span> <span class='ocrx_word' id='word_1_203' title='bbox 788 1460 842 1480; x_wconf 91' lang='lat' dir='ltr'><strong>non</strong></span> <span class='ocrx_word' id='word_1_204' title='bbox 863 1454 935 1486; x_wconf 86' lang='lat' dir='ltr'><strong>vult,</strong></span> <span class='ocrx_word' id='word_1_205' title='bbox 956 1459 1078 1489; x_wconf 87' lang='lat' dir='ltr'><strong>tempora</strong></span> 
     </span>
    </p>
   </div>
   <div class='ocr_carea' id='block_1_30' title="bbox 293 1492 1078 1535">
    <p class='ocr_par' dir='ltr' id='par_1_30' title="bbox 293 1492 1078 1535">
     <span class='ocr_line' id='line_1_30' title="bbox 293 1492 1078 1535; baseline 0.009 -16"><span class='ocrx_word' id='word_1_206' title='bbox 293 1492 373 1528; x_wconf 79' lang='lat' dir='ltr'><strong>longa</strong></span> <span class='ocrx_word' id='word_1_207' title='bbox 393 1494 444 1521; x_wconf 89' lang='lat' dir='ltr'><strong>sibi</strong></span> <span class='ocrx_word' id='word_1_208' title='bbox 460 1503 514 1523; x_wconf 86' lang='lat' dir='ltr'><strong>non</strong></span> <span class='ocrx_word' id='word_1_209' title='bbox 533 1498 685 1531; x_wconf 70' lang='lat' dir='ltr'><strong>prmscribit</strong></span> <span class='ocrx_word' id='word_1_210' title='bbox 700 1499 789 1526; x_wconf 86' lang='lat' dir='ltr'><strong>vivere</strong></span> <span class='ocrx_word' id='word_1_211' title='bbox 799 1520 805 1532; x_wconf 90' lang='lat'><strong>,</strong></span> <span class='ocrx_word' id='word_1_212' title='bbox 820 1499 866 1527; x_wconf 88' lang='lat' dir='ltr'><strong>sed</strong></span> <span class='ocrx_word' id='word_1_213' title='bbox 881 1499 969 1528; x_wconf 90' lang='lat' dir='ltr'><strong>solum</strong></span> <span class='ocrx_word' id='word_1_214' title='bbox 983 1500 1078 1535; x_wconf 86' lang='lat' dir='ltr'><strong>recipit</strong></span> 
     </span>
    </p>
   </div>
   <div class='ocr_carea' id='block_1_31' title="bbox 292 1539 1078 1578">
    <p class='ocr_par' dir='ltr' id='par_1_31' title="bbox 292 1539 1078 1578">
     <span class='ocr_line' id='line_1_31' title="bbox 292 1539 1078 1578; baseline 0.011 -13"><span class='ocrx_word' id='word_1_215' title='bbox 292 1539 460 1568; x_wconf 79' lang='lat' dir='ltr'><strong>voluntatem</strong></span> <span class='ocrx_word' id='word_1_216' title='bbox 485 1541 551 1576; x_wconf 87' lang='lat' dir='ltr'><strong>Dei;</strong></span> <span class='ocrx_word' id='word_1_217' title='bbox 574 1548 600 1570; x_wconf 91' lang='lat' dir='ltr'><strong>et</strong></span> <span class='ocrx_word' id='word_1_218' title='bbox 627 1545 739 1578; x_wconf 87' lang='lat' dir='ltr'><strong>spiritus</strong></span> <span class='ocrx_word' id='word_1_219' title='bbox 767 1546 867 1573; x_wconf 85' lang='lat' dir='ltr'><strong>erroris</strong></span> <span class='ocrx_word' id='word_1_220' title='bbox 892 1546 928 1572; x_wconf 94' lang='lat' dir='ltr'><strong>nil</strong></span> <span class='ocrx_word' id='word_1_221' title='bbox 951 1547 1078 1574; x_wconf 87' lang='lat' dir='ltr'><strong>valebunt</strong></span> 
     </span>
    </p>
   </div>
   <div class='ocr_carea' id='block_1_32' title="bbox 293 1584 1078 1626">
    <p class='ocr_par' dir='ltr' id='par_1_32' title="bbox 293 1584 1078 1626">
     <span class='ocr_line' id='line_1_32' title="bbox 293 1584 1078 1626; baseline 0.01 -16"><span class='ocrx_word' id='word_1_222' title='bbox 293 1584 424 1613; x_wconf 88' lang='lat' dir='ltr'><strong>adversus</strong></span> <span class='ocrx_word' id='word_1_223' title='bbox 443 1594 517 1615; x_wconf 75' lang='lat' dir='ltr'><strong>eum.</strong></span> <span class='ocrx_word' id='word_1_224' title='bbox 535 1587 592 1615; x_wconf 83' lang='lat' dir='ltr'><strong>Non</strong></span> <span class='ocrx_word' id='word_1_225' title='bbox 607 1590 679 1616; x_wconf 92' lang='lat' dir='ltr'><strong>enim</strong></span> <span class='ocrx_word' id='word_1_226' title='bbox 700 1590 775 1616; x_wconf 89' lang='lat' dir='ltr'><strong>novit</strong></span> <span class='ocrx_word' id='word_1_227' title='bbox 796 1591 916 1625; x_wconf 89' lang='lat' dir='ltr'><strong>recipere</strong></span> <span class='ocrx_word' id='word_1_228' title='bbox 930 1592 1078 1626; x_wconf 86' lang='lat' dir='ltr'><strong>pulchritu-</strong></span> 
     </span>
    </p>
   </div>
   <div class='ocr_carea' id='block_1_33' title="bbox 292 1629 1078 1671">
    <p class='ocr_par' dir='ltr' id='par_1_33' title="bbox 292 1629 1078 1671">
     <span class='ocr_line' id='line_1_33' title="bbox 292 1629 1078 1671; baseline 0.008 -14"><span class='ocrx_word' id='word_1_229' title='bbox 292 1629 384 1657; x_wconf 86' lang='lat' dir='ltr'><strong>dinem</strong></span> <span class='ocrx_word' id='word_1_230' title='bbox 402 1632 534 1666; x_wconf 88' lang='lat' dir='ltr'><strong>mulieris,</strong></span> <span class='ocrx_word' id='word_1_231' title='bbox 551 1638 648 1660; x_wconf 90' lang='lat' dir='ltr'><strong>utnon</strong></span> <span class='ocrx_word' id='word_1_232' title='bbox 672 1634 699 1660; x_wconf 95' lang='lat' dir='ltr'><strong>in</strong></span> <span class='ocrx_word' id='word_1_233' title='bbox 724 1636 896 1670; x_wconf 86' lang='lat' dir='ltr'><strong>perversione</strong></span> <span class='ocrx_word' id='word_1_234' title='bbox 919 1636 1078 1671; x_wconf 87' lang='lat' dir='ltr'><strong>coinquinet</strong></span> 
     </span>
    </p>
   </div>
   <div class='ocr_carea' id='block_1_34' title="bbox 293 1679 1076 1717">
    <p class='ocr_par' dir='ltr' id='par_1_34' title="bbox 293 1679 1076 1717">
     <span class='ocr_line' id='line_1_34' title="bbox 293 1679 1076 1717; baseline 0.01 -15"><span class='ocrx_word' id='word_1_235' title='bbox 293 1681 411 1703; x_wconf 85' lang='lat' dir='ltr'><strong>mentem</strong></span> <span class='ocrx_word' id='word_1_236' title='bbox 429 1685 522 1712; x_wconf 87' lang='lat' dir='ltr'><strong>suam;</strong></span> <span class='ocrx_word' id='word_1_237' title='bbox 542 1687 595 1706; x_wconf 91' lang='lat' dir='ltr'><strong>non</strong></span> <span class='ocrx_word' id='word_1_238' title='bbox 620 1679 694 1708; x_wconf 86' lang='lat' dir='ltr'><strong>zelus</strong></span> <span class='ocrx_word' id='word_1_239' title='bbox 718 1681 746 1708; x_wconf 93' lang='lat' dir='ltr'><strong>in</strong></span> <span class='ocrx_word' id='word_1_240' title='bbox 763 1682 884 1709; x_wconf 88' lang='lat' dir='ltr'><strong>consiliis</strong></span> <span class='ocrx_word' id='word_1_241' title='bbox 905 1682 964 1717; x_wconf 90' lang='lat' dir='ltr'><strong>ejus</strong></span> <span class='ocrx_word' id='word_1_242' title='bbox 981 1690 1076 1717; x_wconf 89' lang='lat' dir='ltr'><strong>super-</strong></span> 
     </span>
    </p>
   </div>
   <div class='ocr_carea' id='block_1_35' title="bbox 291 1723 1076 1765">
    <p class='ocr_par' dir='ltr' id='par_1_35' title="bbox 291 1723 1076 1765">
     <span class='ocr_line' id='line_1_35' title="bbox 291 1723 1076 1765; baseline 0.01 -16"><span class='ocrx_word' id='word_1_243' title='bbox 291 1723 399 1758; x_wconf 86' lang='lat' dir='ltr'><strong>veniet;</strong></span> <span class='ocrx_word' id='word_1_244' title='bbox 415 1732 469 1751; x_wconf 92' lang='lat' dir='ltr'><strong>non</strong></span> <span class='ocrx_word' id='word_1_245' title='bbox 486 1726 586 1753; x_wconf 72' lang='lat' dir='ltr'><strong>invidia</strong></span> <span class='ocrx_word' id='word_1_246' title='bbox 604 1726 743 1761; x_wconf 83' lang='lat' dir='ltr'><strong>liquefacit</strong></span> <span class='ocrx_word' id='word_1_247' title='bbox 761 1723 879 1755; x_wconf 79' lang='lat' dir='ltr'><strong>animam</strong></span> <span class='ocrx_word' id='word_1_248' title='bbox 898 1730 968 1764; x_wconf 87' lang='lat' dir='ltr'><strong>ejus,</strong></span> <span class='ocrx_word' id='word_1_249' title='bbox 988 1737 1076 1765; x_wconf 84' lang='lat' dir='ltr'><strong>neque</strong></span> 
     </span>
    </p>
   </div>
   <div class='ocr_carea' id='block_1_36' title="bbox 291 1769 1075 1809">
    <p class='ocr_par' dir='ltr' id='par_1_36' title="bbox 291 1769 1075 1809">
     <span class='ocr_line' id='line_1_36' title="bbox 291 1769 1075 1809; baseline 0.005 -11"><span class='ocrx_word' id='word_1_250' title='bbox 291 1769 397 1798; x_wconf 78' lang='lat' dir='ltr'><strong>lucrum</strong></span> <span class='ocrx_word' id='word_1_251' title='bbox 419 1771 445 1797; x_wconf 91' lang='lat' dir='ltr'><strong>in</strong></span> <span class='ocrx_word' id='word_1_252' title='bbox 459 1771 662 1800; x_wconf 83' lang='lat' dir='ltr'><strong>insatiabilitate</strong></span> <span class='ocrx_word' id='word_1_253' title='bbox 681 1775 829 1809; x_wconf 77' lang='lat' dir='ltr'><strong>excogitat;</strong></span> <span class='ocrx_word' id='word_1_254' title='bbox 851 1775 897 1802; x_wconf 89' lang='lat' dir='ltr'><strong>sed</strong></span> <span class='ocrx_word' id='word_1_255' title='bbox 914 1776 1034 1802; x_wconf 86' lang='lat' dir='ltr'><strong>ambulat</strong></span> <span class='ocrx_word' id='word_1_256' title='bbox 1047 1776 1075 1802; x_wconf 89' lang='lat' dir='ltr'><strong>in</strong></span> 
     </span>
    </p>
   </div>
   <div class='ocr_carea' id='block_1_37' title="bbox 289 1816 1073 1857">
    <p class='ocr_par' dir='ltr' id='par_1_37' title="bbox 289 1816 1073 1857">
     <span class='ocr_line' id='line_1_37' title="bbox 289 1816 1073 1857; baseline 0.009 -13"><span class='ocrx_word' id='word_1_257' title='bbox 289 1816 453 1845; x_wconf 82' lang='lat' dir='ltr'><strong>rectitudine</strong></span> <span class='ocrx_word' id='word_1_258' title='bbox 470 1818 551 1852; x_wconf 72' lang='lat' dir='ltr'><strong>vitaz,</strong></span> <span class='ocrx_word' id='word_1_259' title='bbox 575 1824 602 1847; x_wconf 92' lang='lat' dir='ltr'><strong>et</strong></span> <span class='ocrx_word' id='word_1_260' title='bbox 626 1820 717 1847; x_wconf 87' lang='lat' dir='ltr'><strong>omnia</strong></span> <span class='ocrx_word' id='word_1_261' title='bbox 743 1821 815 1848; x_wconf 79' lang='lat' dir='ltr'><strong>videt</strong></span> <span class='ocrx_word' id='word_1_262' title='bbox 837 1823 864 1848; x_wconf 92' lang='lat' dir='ltr'><strong>in</strong></span> <span class='ocrx_word' id='word_1_263' title='bbox 883 1823 1073 1857; x_wconf 84' lang='lat' dir='ltr'><strong>simplicitate,</strong></span> 
     </span>
    </p>
   </div>
   <div class='ocr_carea' id='block_1_38' title="bbox 289 1863 1074 1904">
    <p class='ocr_par' dir='ltr' id='par_1_38' title="bbox 289 1863 1074 1904">
     <span class='ocr_line' id='line_1_38' title="bbox 289 1863 1074 1904; baseline 0.01 -16"><span class='ocrx_word' id='word_1_264' title='bbox 289 1868 343 1888; x_wconf 86' lang='lat' dir='ltr'><strong>non</strong></span> <span class='ocrx_word' id='word_1_265' title='bbox 359 1863 492 1897; x_wconf 87' lang='lat' dir='ltr'><strong>recipiens</strong></span> <span class='ocrx_word' id='word_1_266' title='bbox 504 1864 591 1891; x_wconf 87' lang='lat' dir='ltr'><strong>oculis</strong></span> <span class='ocrx_word' id='word_1_267' title='bbox 603 1866 785 1900; x_wconf 78' lang='lat' dir='ltr'><strong>malignitates</strong></span> <span class='ocrx_word' id='word_1_268' title='bbox 805 1867 840 1895; x_wconf 83' lang='lat' dir='ltr'><strong>ab</strong></span> <span class='ocrx_word' id='word_1_269' title='bbox 853 1875 946 1895; x_wconf 89' lang='lat' dir='ltr'><strong>errore</strong></span> <span class='ocrx_word' id='word_1_270' title='bbox 967 1869 1074 1904; x_wconf 79' lang='lat' dir='ltr'><strong>mundi,</strong></span> 
     </span>
    </p>
   </div>
   <div class='ocr_carea' id='block_1_39' title="bbox 289 1911 1035 1948">
    <p class='ocr_par' dir='ltr' id='par_1_39' title="bbox 289 1911 1035 1948">
     <span class='ocr_line' id='line_1_39' title="bbox 289 1911 1035 1948; baseline 0.011 -13"><span class='ocrx_word' id='word_1_271' title='bbox 289 1913 320 1936; x_wconf 90' lang='lat' dir='ltr'><strong>ut</strong></span> <span class='ocrx_word' id='word_1_272' title='bbox 333 1917 386 1936; x_wconf 91' lang='lat' dir='ltr'><strong>non</strong></span> <span class='ocrx_word' id='word_1_273' title='bbox 402 1911 491 1938; x_wconf 86' lang='lat' dir='ltr'><strong>videat</strong></span> <span class='ocrx_word' id='word_1_274' title='bbox 507 1920 633 1946; x_wconf 88' lang='lat' dir='ltr'><strong>perverse</strong></span> <span class='ocrx_word' id='word_1_275' title='bbox 648 1913 758 1948; x_wconf 88' lang='lat' dir='ltr'><strong>aliquod</strong></span> <span class='ocrx_word' id='word_1_276' title='bbox 771 1915 961 1942; x_wconf 88' lang='lat' dir='ltr'><strong>mandatorum</strong></span> <span class='ocrx_word' id='word_1_277' title='bbox 979 1915 1035 1944; x_wconf 85' lang='lat' dir='ltr'><strong>Dei.</strong></span> 
     </span>
    </p>
   </div>
   <div class='ocr_carea' id='block_1_40' title="bbox 325 1955 1074 1997">
    <p class='ocr_par' dir='ltr' id='par_1_40' title="bbox 325 1955 1074 1997">
     <span class='ocr_line' id='line_1_40' title="bbox 325 1955 1074 1997; baseline 0.009 -14"><span class='ocrx_word' id='word_1_278' title='bbox 325 1955 357 1984; x_wconf 85' lang='lat' dir='ltr'><strong>V.</strong></span> <span class='ocrx_word' id='word_1_279' title='bbox 373 1967 382 1982; x_wconf 77' lang='grc' dir='ltr'><strong>ι</strong></span> <span class='ocrx_word' id='word_1_280' title='bbox 401 1957 541 1987; x_wconf 91' lang='lat' dir='ltr'><strong>Custodite</strong></span> <span class='ocrx_word' id='word_1_281' title='bbox 563 1959 662 1994; x_wconf 80' lang='lat' dir='ltr'><strong>igitur,</strong></span> <span class='ocrx_word' id='word_1_282' title='bbox 679 1961 727 1988; x_wconf 87' lang='lat' dir='ltr'><strong>lilii</strong></span> <span class='ocrx_word' id='word_1_283' title='bbox 750 1961 820 1994; x_wconf 89' lang='lat' dir='ltr'><strong>mei,</strong></span> <span class='ocrx_word' id='word_1_284' title='bbox 840 1962 926 1997; x_wconf 77' lang='lat' dir='ltr'><strong>legem</strong></span> <span class='ocrx_word' id='word_1_285' title='bbox 951 1962 1018 1995; x_wconf 82' lang='lat' dir='ltr'><strong>Dei,</strong></span> <span class='ocrx_word' id='word_1_286' title='bbox 1046 1967 1074 1990; x_wconf 91' lang='lat' dir='ltr'><strong>et</strong></span> 
     </span>
    </p>
   </div>
   <div class='ocr_carea' id='block_1_41' title="bbox 288 2003 1070 2042">
    <p class='ocr_par' dir='ltr' id='par_1_41' title="bbox 288 2003 1070 2042">
     <span class='ocr_line' id='line_1_41' title="bbox 288 2003 1070 2042; baseline 0.009 -13"><span class='ocrx_word' id='word_1_287' title='bbox 288 2003 489 2037; x_wconf 87' lang='lat' dir='ltr'><strong>simplicitatem</strong></span> <span class='ocrx_word' id='word_1_288' title='bbox 510 2006 655 2039; x_wconf 83' lang='lat' dir='ltr'><strong>possidete,</strong></span> <span class='ocrx_word' id='word_1_289' title='bbox 669 2012 696 2034; x_wconf 89' lang='lat' dir='ltr'><strong>et</strong></span> <span class='ocrx_word' id='word_1_290' title='bbox 711 2007 738 2034; x_wconf 93' lang='lat' dir='ltr'><strong>in</strong></span> <span class='ocrx_word' id='word_1_291' title='bbox 752 2008 907 2037; x_wconf 87' lang='lat' dir='ltr'><strong>innocentia</strong></span> <span class='ocrx_word' id='word_1_292' title='bbox 923 2009 1070 2042; x_wconf 84' lang='lat' dir='ltr'><strong>ambulate,</strong></span> 
     </span>
    </p>
   </div>
   <div class='ocr_carea' id='block_1_42' title="bbox 288 2048 1072 2087">
    <p class='ocr_par' dir='ltr' id='par_1_42' title="bbox 288 2048 1072 2087">
     <span class='ocr_line' id='line_1_42' title="bbox 288 2048 1072 2087; baseline 0.011 -14"><span class='ocrx_word' id='word_1_293' title='bbox 288 2056 343 2074; x_wconf 81' lang='lat' dir='ltr'><strong>non</strong></span> <span class='ocrx_word' id='word_1_294' title='bbox 365 2048 447 2076; x_wconf 85' lang='lat' dir='ltr'><strong>nimis</strong></span> <span class='ocrx_word' id='word_1_295' title='bbox 467 2051 573 2077; x_wconf 88' lang='lat' dir='ltr'><strong>curiose</strong></span> <span class='ocrx_word' id='word_1_296' title='bbox 596 2056 749 2079; x_wconf 82' lang='lat' dir='ltr'><strong>scrutantes</strong></span> <span class='ocrx_word' id='word_1_297' title='bbox 772 2053 896 2080; x_wconf 84' lang='lat' dir='ltr'><strong>mandata</strong></span> <span class='ocrx_word' id='word_1_298' title='bbox 909 2053 1028 2087; x_wconf 91' lang='lat' dir='ltr'><strong>Domini,</strong></span> <span class='ocrx_word' id='word_1_299' title='bbox 1044 2058 1072 2082; x_wconf 79' lang='lat' dir='ltr'><strong>et</strong></span> 
     </span>
    </p>
   </div>
   <div class='ocr_carea' id='block_1_43' title="bbox 287 2095 1070 2135">
    <p class='ocr_par' dir='ltr' id='par_1_43' title="bbox 287 2095 1070 2135">
     <span class='ocr_line' id='line_1_43' title="bbox 287 2095 1070 2135; baseline 0.01 -15"><span class='ocrx_word' id='word_1_300' title='bbox 287 2095 404 2128; x_wconf 77' lang='lat' dir='ltr'><strong>proximi</strong></span> <span class='ocrx_word' id='word_1_301' title='bbox 425 2096 564 2130; x_wconf 86' lang='lat' dir='ltr'><strong>actiones;</strong></span> <span class='ocrx_word' id='word_1_302' title='bbox 580 2098 627 2124; x_wconf 86' lang='lat' dir='ltr'><strong>sed</strong></span> <span class='ocrx_word' id='word_1_303' title='bbox 650 2098 753 2133; x_wconf 81' lang='lat' dir='ltr'><strong>diligite</strong></span> <span class='ocrx_word' id='word_1_304' title='bbox 771 2098 915 2126; x_wconf 90' lang='lat' dir='ltr'><strong>Dominum</strong></span> <span class='ocrx_word' id='word_1_305' title='bbox 936 2104 963 2127; x_wconf 88' lang='lat' dir='ltr'><strong>et</strong></span> <span class='ocrx_word' id='word_1_306' title='bbox 977 2100 1070 2135; x_wconf 82' lang='lat' dir='ltr'><strong>proxi-</strong></span> 
     </span>
    </p>
   </div>
   <div class='ocr_carea' id='block_1_44' title="bbox 286 2142 1070 2181">
    <p class='ocr_par' dir='ltr' id='par_1_44' title="bbox 286 2142 1070 2181">
     <span class='ocr_line' id='line_1_44' title="bbox 286 2142 1070 2181; baseline 0.011 -15"><span class='ocrx_word' id='word_1_307' title='bbox 286 2147 379 2171; x_wconf 84' lang='lat' dir='ltr'><strong>mum,</strong></span> <span class='ocrx_word' id='word_1_308' title='bbox 403 2142 531 2175; x_wconf 88' lang='lat' dir='ltr'><strong>pauperis</strong></span> <span class='ocrx_word' id='word_1_309' title='bbox 554 2147 580 2170; x_wconf 91' lang='lat' dir='ltr'><strong>et</strong></span> <span class='ocrx_word' id='word_1_310' title='bbox 605 2143 704 2171; x_wconf 86' lang='lat' dir='ltr'><strong>inﬁrmi</strong></span> <span class='ocrx_word' id='word_1_311' title='bbox 723 2144 899 2172; x_wconf 86' lang='lat' dir='ltr'><strong>miseremini.</strong></span> <span class='ocrx_word' id='word_1_312' title='bbox 920 2145 1070 2181; x_wconf 85' lang='lat' dir='ltr'><strong>Supponite</strong></span> 
     </span>
    </p>
   </div>
   <div class='ocr_carea' id='block_1_45' title="bbox 286 2185 1068 2224">
    <p class='ocr_par' dir='ltr' id='par_1_45' title="bbox 286 2185 1068 2224">
     <span class='ocr_line' id='line_1_45' title="bbox 286 2185 1068 2224; baseline 0.012 -13"><span class='ocrx_word' id='word_1_313' title='bbox 286 2185 397 2212; x_wconf 92' lang='lat' dir='ltr'><strong>dorsum</strong></span> <span class='ocrx_word' id='word_1_314' title='bbox 411 2191 532 2214; x_wconf 91' lang='lat' dir='ltr'><strong>vestrum</strong></span> <span class='ocrx_word' id='word_1_315' title='bbox 553 2188 587 2215; x_wconf 90' lang='lat' dir='ltr'><strong>ad</strong></span> <span class='ocrx_word' id='word_1_316' title='bbox 614 2197 708 2224; x_wconf 87' lang='lat' dir='ltr'><strong>agrum</strong></span> <span class='ocrx_word' id='word_1_317' title='bbox 727 2190 884 2223; x_wconf 86' lang='lat' dir='ltr'><strong>colendum,</strong></span> <span class='ocrx_word' id='word_1_318' title='bbox 900 2196 927 2218; x_wconf 89' lang='lat' dir='ltr'><strong>et</strong></span> <span class='ocrx_word' id='word_1_319' title='bbox 941 2192 1068 2220; x_wconf 85' lang='lat' dir='ltr'><strong>laboran-</strong></span> 
     </span>
    </p>
   </div>
   <div class='ocr_carea' id='block_1_46' title="bbox 283 2228 1067 2272">
    <p class='ocr_par' dir='ltr' id='par_1_46' title="bbox 283 2228 1067 2272">
     <span class='ocr_line' id='line_1_46' title="bbox 283 2228 1067 2272; baseline 0.013 -17"><span class='ocrx_word' id='word_1_320' title='bbox 283 2228 351 2256; x_wconf 83' lang='lat' dir='ltr'><strong>dum</strong></span> <span class='ocrx_word' id='word_1_321' title='bbox 367 2230 394 2256; x_wconf 93' lang='lat' dir='ltr'><strong>in</strong></span> <span class='ocrx_word' id='word_1_322' title='bbox 411 2232 538 2266; x_wconf 87' lang='lat' dir='ltr'><strong>operibus</strong></span> <span class='ocrx_word' id='word_1_323' title='bbox 557 2237 645 2266; x_wconf 64' lang='lat' dir='ltr'><strong>terrm,</strong></span> <span class='ocrx_word' id='word_1_324' title='bbox 677 2235 826 2262; x_wconf 90' lang='lat' dir='ltr'><strong>secundum</strong></span> <span class='ocrx_word' id='word_1_325' title='bbox 846 2243 1067 2272; x_wconf 86' lang='lat' dir='ltr'><strong>unamquamque</strong></span> 
     </span>
    </p>
   </div>
   <div class='ocr_carea' id='block_1_47' title="bbox 285 2276 1066 2315">
    <p class='ocr_par' dir='ltr' id='par_1_47' title="bbox 285 2276 1066 2315">
     <span class='ocr_line' id='line_1_47' title="bbox 285 2276 1066 2315; baseline 0.014 -14"><span class='ocrx_word' id='word_1_326' title='bbox 285 2276 481 2309; x_wconf 69' lang='lat' dir='ltr'><strong>agriculturam</strong></span> <span class='ocrx_word' id='word_1_327' title='bbox 499 2278 570 2305; x_wconf 88' lang='lat' dir='ltr'><strong>dona</strong></span> <span class='ocrx_word' id='word_1_328' title='bbox 585 2287 646 2306; x_wconf 87' lang='lat' dir='ltr'><strong>cum</strong></span> <span class='ocrx_word' id='word_1_329' title='bbox 662 2281 812 2315; x_wconf 82' lang='lat' dir='ltr'><strong>gratiarum</strong></span> <span class='ocrx_word' id='word_1_330' title='bbox 829 2283 935 2310; x_wconf 89' lang='lat' dir='ltr'><strong>actione</strong></span> <span class='ocrx_word' id='word_1_331' title='bbox 950 2283 1066 2312; x_wconf 89' lang='lat' dir='ltr'><strong>Domino</strong></span> 
     </span>
    </p>
   </div>
   <div class='ocr_carea' id='block_1_48' title="bbox 286 2322 1067 2363">
    <p class='ocr_par' dir='ltr' id='par_1_48' title="bbox 286 2322 1067 2363">
     <span class='ocr_line' id='line_1_48' title="bbox 286 2322 1067 2363; baseline 0.014 -15"><span class='ocrx_word' id='word_1_332' title='bbox 286 2322 443 2356; x_wconf 82' lang='lat' dir='ltr'><strong>oil&#39;crentes;</strong></span> <span class='ocrx_word' id='word_1_333' title='bbox 459 2325 588 2358; x_wconf 85' lang='lat' dir='ltr'><strong>quoniam</strong></span> <span class='ocrx_word' id='word_1_334' title='bbox 601 2326 626 2352; x_wconf 92' lang='lat' dir='ltr'><strong>in</strong></span> <span class='ocrx_word' id='word_1_335' title='bbox 641 2327 736 2360; x_wconf 91' lang='lat' dir='ltr'><strong>primis</strong></span> <span class='ocrx_word' id='word_1_336' title='bbox 747 2329 913 2363; x_wconf 87' lang='lat' dir='ltr'><strong>germinibus</strong></span> <span class='ocrx_word' id='word_1_337' title='bbox 929 2329 1067 2360; x_wconf 82' lang='lat' dir='ltr'><strong>fructuum</strong></span> 
     </span>
    </p>
   </div>
   <div class='ocr_carea' id='block_1_49' title="bbox 287 2370 1067 2407">
    <p class='ocr_par' dir='ltr' id='par_1_49' title="bbox 287 2370 1067 2407">
     <span class='ocr_line' id='line_1_49' title="bbox 287 2370 1067 2407; baseline 0.014 -11"><span class='ocrx_word' id='word_1_338' title='bbox 287 2373 364 2398; x_wconf 58' lang='lat' dir='ltr'><strong>terra;</strong></span> <span class='ocrx_word' id='word_1_339' title='bbox 382 2370 519 2400; x_wconf 83' lang='lat' dir='ltr'><strong>benedixit</strong></span> <span class='ocrx_word' id='word_1_340' title='bbox 534 2372 581 2400; x_wconf 90' lang='lat' dir='ltr'><strong>tibi</strong></span> <span class='ocrx_word' id='word_1_341' title='bbox 604 2373 745 2407; x_wconf 85' lang='lat' dir='ltr'><strong>Dominus,</strong></span> <span class='ocrx_word' id='word_1_342' title='bbox 767 2375 836 2403; x_wconf 88' lang='lat' dir='ltr'><strong>sicut</strong></span> <span class='ocrx_word' id='word_1_343' title='bbox 856 2377 994 2406; x_wconf 77' lang='lat' dir='ltr'><strong>benedixit</strong></span> <span class='ocrx_word' id='word_1_344' title='bbox 1007 2387 1067 2407; x_wconf 85' lang='lat' dir='ltr'><strong>om-</strong></span> 
     </span>
    </p>
   </div>
   <div class='ocr_carea' id='block_1_50' title="bbox 285 2414 1065 2459">
    <p class='ocr_par' dir='ltr' id='par_1_50' title="bbox 285 2414 1065 2459">
     <span class='ocr_line' id='line_1_50' title="bbox 285 2414 1065 2459; baseline 0.015 -18"><span class='ocrx_word' id='word_1_345' title='bbox 285 2414 365 2446; x_wconf 57' lang='lat' dir='ltr'><strong>gibus</strong></span> <span class='ocrx_word' id='word_1_346' title='bbox 377 2417 490 2451; x_wconf 88' lang='lat' dir='ltr'><strong>sanctis,</strong></span> <span class='ocrx_word' id='word_1_347' title='bbox 501 2419 536 2446; x_wconf 87' lang='lat' dir='ltr'><strong>ab</strong></span> <span class='ocrx_word' id='word_1_348' title='bbox 555 2419 622 2447; x_wconf 82' lang='lat' dir='ltr'><strong>Abel</strong></span> <span class='ocrx_word' id='word_1_349' title='bbox 639 2427 725 2456; x_wconf 71' lang='lat' dir='ltr'><strong>usque</strong></span> <span class='ocrx_word' id='word_1_350' title='bbox 740 2422 773 2449; x_wconf 89' lang='lat' dir='ltr'><strong>ad</strong></span> <span class='ocrx_word' id='word_1_351' title='bbox 796 2422 846 2450; x_wconf 90' lang='lat' dir='ltr'><strong>hoc</strong></span> <span class='ocrx_word' id='word_1_352' title='bbox 869 2428 987 2459; x_wconf 89' lang='lat' dir='ltr'><strong>tempus.</strong></span> <span class='ocrx_word' id='word_1_353' title='bbox 1005 2425 1065 2453; x_wconf 87' lang='lat' dir='ltr'><strong>Non</strong></span> 
     </span>
    </p>
   </div>
   <div class='ocr_carea' id='block_1_51' title="bbox 292 2461 1062 2504">
    <p class='ocr_par' dir='ltr' id='par_1_51' title="bbox 292 2461 1062 2504">
     <span class='ocr_line' id='line_1_51' title="bbox 292 2461 1062 2504; baseline 0.016 -17"><span class='ocrx_word' id='word_1_354' title='bbox 292 2461 355 2488; x_wconf 79' lang='lat' dir='ltr'><strong>mim</strong></span> <span class='ocrx_word' id='word_1_355' title='bbox 375 2462 456 2490; x_wconf 89' lang='lat' dir='ltr'><strong>datur</strong></span> <span class='ocrx_word' id='word_1_356' title='bbox 473 2464 520 2491; x_wconf 91' lang='lat' dir='ltr'><strong>tibi</strong></span> <span class='ocrx_word' id='word_1_357' title='bbox 536 2465 588 2492; x_wconf 89' lang='lat' dir='ltr'><strong>alia</strong></span> <span class='ocrx_word' id='word_1_358' title='bbox 604 2474 677 2501; x_wconf 88' lang='lat' dir='ltr'><strong>pars,</strong></span> <span class='ocrx_word' id='word_1_359' title='bbox 693 2475 775 2502; x_wconf 84' lang='lat' dir='ltr'><strong>quam</strong></span> <span class='ocrx_word' id='word_1_360' title='bbox 788 2469 959 2504; x_wconf 88' lang='lat' dir='ltr'><strong>piuguedinis</strong></span> <span class='ocrx_word' id='word_1_361' title='bbox 975 2478 1062 2504; x_wconf 72' lang='lat' dir='ltr'><strong>terrae,</strong></span> 
     </span>
    </p>
   </div>
   <div class='ocr_carea' id='block_1_52' title="bbox 281 2507 1064 2550">
    <p class='ocr_par' dir='ltr' id='par_1_52' title="bbox 281 2507 1064 2550">
     <span class='ocr_line' id='line_1_52' title="bbox 281 2507 1064 2550; baseline 0.014 -17"><span class='ocrx_word' id='word_1_362' title='bbox 281 2507 362 2541; x_wconf 84' lang='lat' dir='ltr'><strong>cujus</strong></span> <span class='ocrx_word' id='word_1_363' title='bbox 379 2507 408 2534; x_wconf 90' lang='lat' dir='ltr'><strong>in</strong></span> <span class='ocrx_word' id='word_1_364' title='bbox 424 2508 564 2538; x_wconf 82' lang='lat' dir='ltr'><strong>doloribus</strong></span> <span class='ocrx_word' id='word_1_365' title='bbox 586 2517 650 2539; x_wconf 87' lang='lat' dir='ltr'><strong>sunt</strong></span> <span class='ocrx_word' id='word_1_366' title='bbox 669 2512 788 2547; x_wconf 79' lang='lat' dir='ltr'><strong>fruetus;</strong></span> <span class='ocrx_word' id='word_1_367' title='bbox 807 2515 937 2549; x_wconf 88' lang='lat' dir='ltr'><strong>quoniam</strong></span> <span class='ocrx_word' id='word_1_368' title='bbox 947 2521 974 2542; x_wconf 85' lang='lat' dir='ltr'><strong>et</strong></span> <span class='ocrx_word' id='word_1_369' title='bbox 989 2522 1064 2550; x_wconf 90' lang='lat' dir='ltr'><strong>pater</strong></span> 
     </span>
    </p>
   </div>
   <div class='ocr_carea' id='block_1_53' title="bbox 283 2552 1064 2596">
    <p class='ocr_par' dir='ltr' id='par_1_53' title="bbox 283 2552 1064 2596">
     <span class='ocr_line' id='line_1_53' title="bbox 283 2552 1064 2596; baseline 0.015 -19"><span class='ocrx_word' id='word_1_370' title='bbox 283 2556 375 2578; x_wconf 87' lang='lat' dir='ltr'><strong>noster</strong></span> <span class='ocrx_word' id='word_1_371' title='bbox 393 2552 477 2581; x_wconf 84' lang='lat' dir='ltr'><strong>Jaeob</strong></span> <span class='ocrx_word' id='word_1_372' title='bbox 489 2555 516 2581; x_wconf 91' lang='lat' dir='ltr'><strong>in</strong></span> <span class='ocrx_word' id='word_1_373' title='bbox 540 2555 773 2586; x_wconf 86' lang='lat' dir='ltr'><strong>benedictionibus</strong></span> <span class='ocrx_word' id='word_1_374' title='bbox 790 2563 869 2587; x_wconf 66' lang='lat' dir='ltr'><strong>terra:</strong></span> <span class='ocrx_word' id='word_1_375' title='bbox 883 2565 910 2588; x_wconf 88' lang='lat' dir='ltr'><strong>et</strong></span> <span class='ocrx_word' id='word_1_376' title='bbox 930 2561 1064 2596; x_wconf 87' lang='lat' dir='ltr'><strong>primitia-</strong></span> 
     </span>
    </p>
   </div>
   <div class='ocr_carea' id='block_1_54' title="bbox 283 2598 1063 2635">
    <p class='ocr_par' dir='ltr' id='par_1_54' title="bbox 283 2598 1063 2635">
     <span class='ocr_line' id='line_1_54' title="bbox 283 2598 1063 2635; baseline 0.013 -10"><span class='ocrx_word' id='word_1_377' title='bbox 283 2606 344 2626; x_wconf 88' lang='lat' dir='ltr'><strong>rutn</strong></span> <span class='ocrx_word' id='word_1_378' title='bbox 373 2598 511 2628; x_wconf 80' lang='lat' dir='ltr'><strong>fructuum</strong></span> <span class='ocrx_word' id='word_1_379' title='bbox 537 2601 676 2630; x_wconf 80' lang='lat' dir='ltr'><strong>benedixit</strong></span> <span class='ocrx_word' id='word_1_380' title='bbox 707 2604 784 2632; x_wconf 89' lang='lat' dir='ltr'><strong>mihi.</strong></span> <span class='ocrx_word' id='word_1_381' title='bbox 799 2604 833 2632; x_wconf 88' lang='lat' dir='ltr'><strong>Et</strong></span> <span class='ocrx_word' id='word_1_382' title='bbox 846 2605 910 2633; x_wconf 89' lang='lat' dir='ltr'><strong>Levi</strong></span> <span class='ocrx_word' id='word_1_383' title='bbox 930 2611 957 2634; x_wconf 91' lang='lat' dir='ltr'><strong>et</strong></span> <span class='ocrx_word' id='word_1_384' title='bbox 979 2606 1063 2635; x_wconf 81' lang='lat' dir='ltr'><strong>Judas</strong></span> 
     </span>
    </p>
   </div>
   <div class='ocr_carea' id='block_1_55' title="bbox 318 2699 782 2739">
    <p class='ocr_par' dir='ltr' id='par_1_55' title="bbox 318 2699 782 2739">
     <span class='ocr_line' id='line_1_55' title="bbox 318 2699 782 2739; baseline 0.017 -14"><span class='ocrx_word' id='word_1_385' title='bbox 392 2701 534 2739; x_wconf 64' lang='grc' dir='ltr'>ΙΖον-ῃρός.</span> <span class='ocrx_word' id='word_1_386' title='bbox 548 2702 688 2739; x_wconf 70' lang='grc' dir='ltr'>Φθονερός.</span> <span class='ocrx_word' id='word_1_387' title='bbox 698 2704 782 2733; x_wconf 77' lang='lat' dir='ltr'><strong>GRAB.</strong></span> 
     </span>
    </p>
   </div>
   <div class='ocr_carea' id='block_1_56' title="bbox 317 2733 852 2769">
    <p class='ocr_par' dir='ltr' id='par_1_56' title="bbox 317 2733 852 2769">
     <span class='ocr_line' id='line_1_56' title="bbox 317 2733 852 2769; baseline 0.017 -10"><span class='ocrx_word' id='word_1_388' title='bbox 317 2733 373 2769; x_wconf 53' lang='grc' dir='ltr'>ἦξε)</span> <span class='ocrx_word' id='word_1_389' title='bbox 399 2733 566 2768; x_wconf 52' lang='grc' dir='ltr'>Τριάκοντα.</span> <span class='ocrx_word' id='word_1_390' title='bbox 585 2733 680 2769; x_wconf 73' lang='grc' dir='ltr'>Πέντε,</span> <span class='ocrx_word' id='word_1_391' title='bbox 693 2739 756 2768; x_wconf 88' lang='lat' dir='ltr'><strong>add.</strong></span> <span class='ocrx_word' id='word_1_392' title='bbox 770 2739 852 2768; x_wconf 58' lang='lat' dir='ltr'><strong>Cum.</strong></span> 
     </span>
    </p>
   </div>
   <div class='ocr_carea' id='block_1_57' title="bbox 318 2767 701 2835">
    <p class='ocr_par' dir='ltr' id='par_1_57' title="bbox 318 2767 701 2835">
     <span class='ocr_line' id='line_1_57' title="bbox 318 2767 701 2835; baseline 0.016 -41"><span class='ocrx_word' id='word_1_393' title='bbox 318 2767 374 2835; x_wconf 41' lang='lat'><strong>$23;</strong></span> <span class='ocrx_word' id='word_1_394' title='bbox 395 2767 531 2804; x_wconf 81' lang='grc' dir='ltr'>Ὀπώραν.</span> <span class='ocrx_word' id='word_1_395' title='bbox 551 2773 644 2808; x_wconf 84' lang='grc' dir='ltr'>Ὥραν.</span> <span class='ocrx_word' id='word_1_396' title='bbox 663 2767 701 2800; x_wconf 72' lang='lat' dir='ltr'><strong>In.</strong></span> 
     </span>
     <span class='ocr_line' id='line_1_58' title="bbox 329 2802 701 2835; baseline 0.019 -6"><span class='ocrx_word' id='word_1_397' title='bbox 329 2802 363 2829; x_wconf 71' lang='lat'><strong>24</strong></span> <span class='ocrx_word' id='word_1_398' title='bbox 392 2803 426 2832; x_wconf 83' lang='lat' dir='ltr'><strong>Et</strong></span> <span class='ocrx_word' id='word_1_399' title='bbox 451 2810 513 2832; x_wconf 80' lang='lat' dir='ltr'><strong>tunc</strong></span> <span class='ocrx_word' id='word_1_400' title='bbox 540 2815 594 2835; x_wconf 74' lang='lat' dir='ltr'><strong>eoo.</strong></span> <span class='ocrx_word' id='word_1_401' title='bbox 623 2807 672 2835; x_wconf 86' lang='lat' dir='ltr'><strong>Hic</strong></span> <span class='ocrx_word' id='word_1_402' title='bbox 697 2818 701 2835; x_wconf 92' lang='lat'><strong>:</strong></span> 
     </span>
    </p>
   </div>
   <div class='ocr_carea' id='block_1_58' title="bbox 329 2802 1056 2844">
    <p class='ocr_par' dir='ltr' id='par_1_58' title="bbox 329 2802 1056 2844">
     <span class='ocr_line' id='line_1_59' title="bbox 329 2802 1056 2844; baseline 0.015 -15"><span class='ocrx_word' id='word_1_403' title='bbox 329 2802 374 2837; x_wconf 73' lang='grc'><strong>24)</strong></span> <span class='ocrx_word' id='word_1_404' title='bbox 392 2803 426 2832; x_wconf 80' lang='lat' dir='ltr'><strong>Et</strong></span> <span class='ocrx_word' id='word_1_405' title='bbox 451 2802 513 2832; x_wconf 65' lang='lat' dir='ltr'><strong>tunc</strong></span> <span class='ocrx_word' id='word_1_406' title='bbox 540 2802 594 2841; x_wconf 54' lang='lat' dir='ltr'><strong>ego:</strong></span> <span class='ocrx_word' id='word_1_407' title='bbox 623 2807 672 2836; x_wconf 87' lang='lat' dir='ltr'><strong>Hic</strong></span> <span class='ocrx_word' id='word_1_408' title='bbox 697 2809 798 2844; x_wconf 91' lang='lat' dir='ltr'><strong>aliquid</strong></span> <span class='ocrx_word' id='word_1_409' title='bbox 825 2810 919 2839; x_wconf 88' lang='lat' dir='ltr'><strong>deesse</strong></span> <span class='ocrx_word' id='word_1_410' title='bbox 941 2812 1056 2840; x_wconf 75' lang='lat' dir='ltr'><strong>videtur.</strong></span> 
     </span>
    </p>
   </div>
   <div class='ocr_carea' id='block_1_59' title="bbox 283 2842 934 2863">
    <p class='ocr_par' dir='ltr' id='par_1_59' title="bbox 283 2842 934 2863">
     <span class='ocr_line' id='line_1_60' title="bbox 283 2842 934 2863; baseline 0.011 -1"><span class='ocrx_word' id='word_1_411' title='bbox 283 2842 320 2863; x_wconf 72' lang='grc' dir='ltr'><strong>ιο.</strong></span> <span class='ocrx_word' id='word_1_412' title='bbox 742 2842 749 2844; x_wconf 45' lang='grc'><strong><em>“</em></strong></span> <span class='ocrx_word' id='word_1_413' title='bbox 929 2853 934 2859; x_wconf 87' lang='lat'>&#39;</span> 
     </span>
    </p>
   </div>
   <div class='ocr_carea' id='block_1_60' title="bbox 875 150 1507 181">
    <p class='ocr_par' dir='ltr' id='par_1_60' title="bbox 875 150 1507 181">
     <span class='ocr_line' id='line_1_61' title="bbox 875 150 1507 181; baseline 0 -1"><span class='ocrx_word' id='word_1_414' title='bbox 875 151 1107 181; x_wconf 80' lang='lat' dir='ltr'><strong>TESTAMENTA</strong></span> <span class='ocrx_word' id='word_1_415' title='bbox 1134 150 1181 178; x_wconf 75' lang='grc' dir='ltr'><strong>ΧΠ</strong></span> <span class='ocrx_word' id='word_1_416' title='bbox 1206 151 1507 180; x_wconf 70' lang='lat' dir='ltr'><strong>PATRIARCHARUM.</strong></span> 
     </span>
    </p>
   </div>
   <div class='ocr_carea' id='block_1_61' title="bbox 1853 156 1889 185">
    <p class='ocr_par' dir='ltr' id='par_1_61' title="bbox 1853 156 1889 185">
     <span class='ocr_line' id='line_1_62' title="bbox 1853 156 1889 185; baseline 0.056 -2"><span class='ocrx_word' id='word_1_417' title='bbox 1853 156 1889 185; x_wconf 55' lang='lat' dir='ltr'><strong>illi</strong></span> 
     </span>
    </p>
   </div>
   <div class='ocr_carea' id='block_1_62' title="bbox 1111 209 1889 249">
    <p class='ocr_par' dir='ltr' id='par_1_62' title="bbox 1111 209 1889 249">
     <span class='ocr_line' id='line_1_63' title="bbox 1111 209 1889 249; baseline 0.005 -14"><span class='ocrx_word' id='word_1_418' title='bbox 1111 215 1133 240; x_wconf 74' lang='grc' dir='ltr'>Α</span> <span class='ocrx_word' id='word_1_419' title='bbox 1147 210 1244 242; x_wconf 80' lang='grc' dir='ltr'>αὐτοὺς</span> <span class='ocrx_word' id='word_1_420' title='bbox 1256 211 1286 236; x_wconf 84' lang='grc' dir='ltr'>ὲν</span> <span class='ocrx_word' id='word_1_421' title='bbox 1299 209 1364 244; x_wconf 72' lang='grc' dir='ltr'>οῖκῳ</span> <span class='ocrx_word' id='word_1_422' title='bbox 1376 209 1488 244; x_wconf 78' lang='grc' dir='ltr'><strong>Κυρίου,</strong></span> <span class='ocrx_word' id='word_1_423' title='bbox 1502 209 1704 245; x_wconf 66' lang='grc' dir='ltr'><strong>προσενέγκασα</strong></span> <span class='ocrx_word' id='word_1_424' title='bbox 1715 211 1757 246; x_wconf 80' lang='grc' dir='ltr'>τῷ</span> <span class='ocrx_word' id='word_1_425' title='bbox 1769 212 1832 247; x_wconf 79' lang='grc' dir='ltr'>ἱερεῖ</span> <span class='ocrx_word' id='word_1_426' title='bbox 1845 214 1889 249; x_wconf 51' lang='grc' dir='ltr'><strong>’ἴῃ</strong></span> 
     </span>
    </p>
   </div>
   <div class='ocr_carea' id='block_1_63' title="bbox 1146 254 1649 291">
    <p class='ocr_par' dir='ltr' id='par_1_63' title="bbox 1146 254 1649 291">
     <span class='ocr_line' id='line_1_64' title="bbox 1146 254 1649 291; baseline 0.004 -10"><span class='ocrx_word' id='word_1_427' title='bbox 1146 262 1220 286; x_wconf 83' lang='grc' dir='ltr'>στου,</span> <span class='ocrx_word' id='word_1_428' title='bbox 1232 254 1271 290; x_wconf 88' lang='grc' dir='ltr'>τῷ</span> <span class='ocrx_word' id='word_1_429' title='bbox 1283 255 1339 281; x_wconf 73' lang='grc' dir='ltr'>όντι</span> <span class='ocrx_word' id='word_1_430' title='bbox 1351 255 1380 281; x_wconf 83' lang='grc' dir='ltr'>ὲν</span> <span class='ocrx_word' id='word_1_431' title='bbox 1397 255 1435 289; x_wconf 84' lang='grc' dir='ltr'>τῷ</span> <span class='ocrx_word' id='word_1_432' title='bbox 1447 255 1534 290; x_wconf 80' lang='grc' dir='ltr'>καιρῷ</span> <span class='ocrx_word' id='word_1_433' title='bbox 1544 255 1649 291; x_wconf 79' lang='grc' dir='ltr'>ἐκείνῳ.</span> 
     </span>
    </p>
   </div>
   <div class='ocr_carea' id='block_1_64' title="bbox 1178 299 1889 340">
    <p class='ocr_par' dir='ltr' id='par_1_64' title="bbox 1178 299 1889 340">
     <span class='ocr_line' id='line_1_65' title="bbox 1178 299 1889 340; baseline 0.01 -14"><span class='ocrx_word' id='word_1_434' title='bbox 1178 301 1214 327; x_wconf 77' lang='lat' dir='ltr'><strong>I&quot;.</strong></span> <span class='ocrx_word' id='word_1_435' title='bbox 1227 310 1236 326; x_wconf 71' lang='grc' dir='ltr'><strong>ε</strong></span> <span class='ocrx_word' id='word_1_436' title='bbox 1253 302 1315 327; x_wconf 72' lang='lat' dir='ltr'><strong>&quot;(ne</strong></span> <span class='ocrx_word' id='word_1_437' title='bbox 1330 299 1377 327; x_wconf 78' lang='grc' dir='ltr'>οὖν</span> <span class='ocrx_word' id='word_1_438' title='bbox 1388 301 1530 337; x_wconf 74' lang='grc' dir='ltr'>ήδρύνθην,</span> <span class='ocrx_word' id='word_1_439' title='bbox 1540 302 1621 329; x_wconf 81' lang='grc' dir='ltr'>τέκνα</span> <span class='ocrx_word' id='word_1_440' title='bbox 1633 311 1692 338; x_wconf 78' lang='grc' dir='ltr'>μου,</span> <span class='ocrx_word' id='word_1_441' title='bbox 1712 305 1865 340; x_wconf 72' lang='grc' dir='ltr'>ἐπορευόμην</span> <span class='ocrx_word' id='word_1_442' title='bbox 1878 308 1889 333; x_wconf 75' lang='grc' dir='ltr'><strong>ὲ</strong></span> 
     </span>
    </p>
   </div>
   <div class='ocr_carea' id='block_1_65' title="bbox 1143 346 1889 387">
    <p class='ocr_par' dir='ltr' id='par_1_65' title="bbox 1143 346 1889 387">
     <span class='ocr_line' id='line_1_66' title="bbox 1143 346 1889 387; baseline 0.007 -15"><span class='ocrx_word' id='word_1_443' title='bbox 1143 346 1269 381; x_wconf 84' lang='grc' dir='ltr'>εὐθύτητι</span> <span class='ocrx_word' id='word_1_444' title='bbox 1279 346 1402 381; x_wconf 81' lang='grc' dir='ltr'>καρδίας,</span> <span class='ocrx_word' id='word_1_445' title='bbox 1414 347 1461 374; x_wconf 82' lang='grc' dir='ltr'><strong>καὶ</strong></span> <span class='ocrx_word' id='word_1_446' title='bbox 1471 347 1602 383; x_wconf 80' lang='grc' dir='ltr'><strong>ἐγενόμην</strong></span> <span class='ocrx_word' id='word_1_447' title='bbox 1611 349 1733 384; x_wconf 63' lang='grc' dir='ltr'>γεωργὶις</span> <span class='ocrx_word' id='word_1_448' title='bbox 1742 349 1793 376; x_wconf 87' lang='grc' dir='ltr'><strong>τῶν</strong></span> <span class='ocrx_word' id='word_1_449' title='bbox 1803 352 1889 387; x_wconf 63' lang='grc' dir='ltr'>πατέρι</span> 
     </span>
    </p>
   </div>
   <div class='ocr_carea' id='block_1_66' title="bbox 1145 391 1889 430">
    <p class='ocr_par' dir='ltr' id='par_1_66' title="bbox 1145 391 1889 430">
     <span class='ocr_line' id='line_1_67' title="bbox 1145 391 1889 430; baseline 0.007 -13"><span class='ocrx_word' id='word_1_450' title='bbox 1145 400 1207 427; x_wconf 77' lang='grc' dir='ltr'>μου,</span> <span class='ocrx_word' id='word_1_451' title='bbox 1222 393 1268 418; x_wconf 81' lang='grc' dir='ltr'>καὶ</span> <span class='ocrx_word' id='word_1_452' title='bbox 1286 391 1340 418; x_wconf 87' lang='grc' dir='ltr'><strong>τῶν</strong></span> <span class='ocrx_word' id='word_1_453' title='bbox 1361 392 1482 426; x_wconf 79' lang='grc' dir='ltr'><strong>ἀδελφῶν</strong></span> <span class='ocrx_word' id='word_1_454' title='bbox 1503 401 1564 428; x_wconf 84' lang='grc' dir='ltr'>μου,</span> <span class='ocrx_word' id='word_1_455' title='bbox 1581 395 1627 420; x_wconf 81' lang='grc' dir='ltr'>καὶ</span> <span class='ocrx_word' id='word_1_456' title='bbox 1647 394 1746 430; x_wconf 77' lang='grc' dir='ltr'>ἔφερον</span> <span class='ocrx_word' id='word_1_457' title='bbox 1762 398 1865 430; x_wconf 63' lang='grc' dir='ltr'>καρπώς</span> <span class='ocrx_word' id='word_1_458' title='bbox 1879 400 1889 423; x_wconf 64' lang='grc' dir='ltr'>ᾐ</span> 
     </span>
    </p>
   </div>
   <div class='ocr_carea' id='block_1_67' title="bbox 1142 436 1889 479">
    <p class='ocr_par' dir='ltr' id='par_1_67' title="bbox 1142 436 1889 479">
     <span class='ocr_line' id='line_1_68' title="bbox 1142 436 1889 479; baseline 0.008 -16"><span class='ocrx_word' id='word_1_459' title='bbox 1142 436 1235 472; x_wconf 79' lang='grc' dir='ltr'>ἀγρῶν</span> <span class='ocrx_word' id='word_1_460' title='bbox 1249 437 1319 464; x_wconf 82' lang='grc' dir='ltr'>κατὰ</span> <span class='ocrx_word' id='word_1_461' title='bbox 1335 438 1430 474; x_wconf 80' lang='grc' dir='ltr'>καιρὸν</span> <span class='ocrx_word' id='word_1_462' title='bbox 1446 439 1544 471; x_wconf 79' lang='grc' dir='ltr'>αὐτῶν,</span> <span class='ocrx_word' id='word_1_463' title='bbox 1558 441 1605 466; x_wconf 83' lang='grc' dir='ltr'>καὶ</span> <span class='ocrx_word' id='word_1_464' title='bbox 1617 440 1750 476; x_wconf 76' lang='grc' dir='ltr'>εὐλόγησέ</span> <span class='ocrx_word' id='word_1_465' title='bbox 1763 450 1795 477; x_wconf 82' lang='grc' dir='ltr'><strong>με</strong></span> <span class='ocrx_word' id='word_1_466' title='bbox 1809 444 1889 479; x_wconf 59' lang='grc' dir='ltr'>όπατηι</span> 
     </span>
    </p>
   </div>
   <div class='ocr_carea' id='block_1_68' title="bbox 1143 483 1890 522">
    <p class='ocr_par' dir='ltr' id='par_1_68' title="bbox 1143 483 1890 522">
     <span class='ocr_line' id='line_1_69' title="bbox 1143 483 1890 522; baseline 0.008 -13"><span class='ocrx_word' id='word_1_467' title='bbox 1143 491 1194 518; x_wconf 85' lang='grc' dir='ltr'><strong>μου</strong></span> <span class='ocrx_word' id='word_1_468' title='bbox 1207 503 1214 515; x_wconf 86' lang='grc'>,</span> <span class='ocrx_word' id='word_1_469' title='bbox 1232 483 1336 518; x_wconf 78' lang='grc' dir='ltr'>βλέπων</span> <span class='ocrx_word' id='word_1_470' title='bbox 1351 485 1392 511; x_wconf 84' lang='grc' dir='ltr'>ὅτι</span> <span class='ocrx_word' id='word_1_471' title='bbox 1415 485 1444 511; x_wconf 80' lang='grc' dir='ltr'>ὲν</span> <span class='ocrx_word' id='word_1_472' title='bbox 1468 485 1597 521; x_wconf 79' lang='grc' dir='ltr'><strong>ἁπλότητι</strong></span> <span class='ocrx_word' id='word_1_473' title='bbox 1621 487 1783 522; x_wconf 77' lang='grc' dir='ltr'><strong>πορεύομαι.</strong></span> <span class='ocrx_word' id='word_1_474' title='bbox 1805 488 1850 514; x_wconf 81' lang='grc' dir='ltr'>Καὶ</span> <span class='ocrx_word' id='word_1_475' title='bbox 1863 490 1890 516; x_wconf 77' lang='grc' dir='ltr'>ο’”ι</span> 
     </span>
    </p>
   </div>
   <div class='ocr_carea' id='block_1_69' title="bbox 1139 528 1890 570">
    <p class='ocr_par' dir='ltr' id='par_1_69' title="bbox 1139 528 1890 570">
     <span class='ocr_line' id='line_1_70' title="bbox 1139 528 1890 570; baseline 0.004 -15"><span class='ocrx_word' id='word_1_476' title='bbox 1139 528 1213 564; x_wconf 76' lang='grc' dir='ltr'>ήμην</span> <span class='ocrx_word' id='word_1_477' title='bbox 1232 529 1377 565; x_wconf 86' lang='grc' dir='ltr'>περίεργος</span> <span class='ocrx_word' id='word_1_478' title='bbox 1397 531 1426 557; x_wconf 86' lang='grc' dir='ltr'>ὲν</span> <span class='ocrx_word' id='word_1_479' title='bbox 1450 532 1510 562; x_wconf 83' lang='grc' dir='ltr'>ταῖς</span> <span class='ocrx_word' id='word_1_480' title='bbox 1531 531 1646 566; x_wconf 76' lang='grc' dir='ltr'>πράξεσί</span> <span class='ocrx_word' id='word_1_481' title='bbox 1674 540 1737 566; x_wconf 79' lang='grc' dir='ltr'>μου,</span> <span class='ocrx_word' id='word_1_482' title='bbox 1761 532 1815 558; x_wconf 73' lang='grc' dir='ltr'><strong>οὐδὲ</strong></span> <span class='ocrx_word' id='word_1_483' title='bbox 1836 542 1890 570; x_wconf 51' lang='lat' dir='ltr'><strong>amr</strong></span> 
     </span>
    </p>
   </div>
   <div class='ocr_carea' id='block_1_70' title="bbox 1141 572 1890 611">
    <p class='ocr_par' dir='ltr' id='par_1_70' title="bbox 1141 572 1890 611">
     <span class='ocr_line' id='line_1_71' title="bbox 1141 572 1890 611; baseline 0.008 -12"><span class='ocrx_word' id='word_1_484' title='bbox 1141 573 1186 608; x_wconf 76' lang='grc' dir='ltr'><strong>ρὸς</strong></span> <span class='ocrx_word' id='word_1_485' title='bbox 1201 572 1256 609; x_wconf 71' lang='grc'><strong>(21)</strong></span> <span class='ocrx_word' id='word_1_486' title='bbox 1272 574 1318 600; x_wconf 78' lang='grc' dir='ltr'>καὶ</span> <span class='ocrx_word' id='word_1_487' title='bbox 1336 574 1469 610; x_wconf 79' lang='grc' dir='ltr'><strong>βάσκανος</strong></span> <span class='ocrx_word' id='word_1_488' title='bbox 1490 575 1529 610; x_wconf 83' lang='grc' dir='ltr'>τῷ</span> <span class='ocrx_word' id='word_1_489' title='bbox 1546 575 1659 611; x_wconf 82' lang='grc' dir='ltr'>πλησίον</span> <span class='ocrx_word' id='word_1_490' title='bbox 1677 585 1745 611; x_wconf 82' lang='grc' dir='ltr'>μου·</span> <span class='ocrx_word' id='word_1_491' title='bbox 1767 578 1794 603; x_wconf 76' lang='grc' dir='ltr'>οὐ</span> <span class='ocrx_word' id='word_1_492' title='bbox 1811 579 1890 606; x_wconf 60' lang='lat' dir='ltr'><strong>utsii.</strong></span> 
     </span>
    </p>
   </div>
   <div class='ocr_carea' id='block_1_71' title="bbox 1138 618 1890 659">
    <p class='ocr_par' dir='ltr' id='par_1_71' title="bbox 1138 618 1890 659">
     <span class='ocr_line' id='line_1_72' title="bbox 1138 618 1890 659; baseline 0.008 -15"><span class='ocrx_word' id='word_1_493' title='bbox 1138 618 1208 654; x_wconf 78' lang='grc' dir='ltr'>λησά</span> <span class='ocrx_word' id='word_1_494' title='bbox 1224 628 1307 652; x_wconf 80' lang='grc' dir='ltr'>τινος,</span> <span class='ocrx_word' id='word_1_495' title='bbox 1323 620 1382 646; x_wconf 74' lang='grc' dir='ltr'>οὐδὲ</span> <span class='ocrx_word' id='word_1_496' title='bbox 1402 620 1484 655; x_wconf 68' lang='grc' dir='ltr'>ἕψεξα</span> <span class='ocrx_word' id='word_1_497' title='bbox 1506 621 1562 656; x_wconf 87' lang='grc' dir='ltr'>βίον</span> <span class='ocrx_word' id='word_1_498' title='bbox 1577 621 1735 657; x_wconf 77' lang='grc' dir='ltr'>ἀνθρώπου,</span> <span class='ocrx_word' id='word_1_499' title='bbox 1749 624 1890 659; x_wconf 49' lang='grc' dir='ltr'>πορεώξενη</span> 
     </span>
    </p>
   </div>
   <div class='ocr_carea' id='block_1_72' title="bbox 1137 664 1890 704">
    <p class='ocr_par' dir='ltr' id='par_1_72' title="bbox 1137 664 1890 704">
     <span class='ocr_line' id='line_1_73' title="bbox 1137 664 1890 704; baseline 0.009 -14"><span class='ocrx_word' id='word_1_500' title='bbox 1137 664 1166 690; x_wconf 79' lang='grc' dir='ltr'>ἐν</span> <span class='ocrx_word' id='word_1_501' title='bbox 1193 665 1324 701; x_wconf 82' lang='grc' dir='ltr'><strong>ἁπλότητι</strong></span> <span class='ocrx_word' id='word_1_502' title='bbox 1347 665 1502 702; x_wconf 79' lang='grc' dir='ltr'><strong>ὀφθαλμῶν.</strong></span> <span class='ocrx_word' id='word_1_503' title='bbox 1524 667 1574 694; x_wconf 75' lang='grc' dir='ltr'>Διὰ</span> <span class='ocrx_word' id='word_1_504' title='bbox 1593 668 1672 694; x_wconf 76' lang='grc' dir='ltr'>τοῦτο</span> <span class='ocrx_word' id='word_1_505' title='bbox 1700 670 1838 704; x_wconf 71' lang='grc' dir='ltr'>τριάκοντα</span> <span class='ocrx_word' id='word_1_506' title='bbox 1858 673 1890 704; x_wconf 55' lang='lat' dir='ltr'><strong>lii]</strong></span> 
     </span>
    </p>
   </div>
   <div class='ocr_carea' id='block_1_73' title="bbox 1137 710 1890 753">
    <p class='ocr_par' dir='ltr' id='par_1_73' title="bbox 1137 710 1890 753">
     <span class='ocr_line' id='line_1_74' title="bbox 1137 710 1890 753; baseline 0.011 -18"><span class='ocrx_word' id='word_1_507' title='bbox 1137 710 1206 737; x_wconf 81' lang='grc' dir='ltr'>ἑτῶν</span> <span class='ocrx_word' id='word_1_508' title='bbox 1223 710 1317 737; x_wconf 78' lang='grc' dir='ltr'>ἔλαϐον</span> <span class='ocrx_word' id='word_1_509' title='bbox 1331 712 1442 747; x_wconf 78' lang='grc' dir='ltr'><strong>ἐμαυτῷ</strong></span> <span class='ocrx_word' id='word_1_510' title='bbox 1461 714 1587 746; x_wconf 84' lang='grc' dir='ltr'>γυναῖκα,</span> <span class='ocrx_word' id='word_1_511' title='bbox 1607 714 1647 740; x_wconf 83' lang='grc' dir='ltr'>ὅτι</span> <span class='ocrx_word' id='word_1_512' title='bbox 1667 715 1682 740; x_wconf 86' lang='grc' dir='ltr'><strong>ὁ</strong></span> <span class='ocrx_word' id='word_1_513' title='bbox 1704 715 1821 750; x_wconf 75' lang='grc' dir='ltr'>κάματος</span> <span class='ocrx_word' id='word_1_514' title='bbox 1835 720 1890 753; x_wconf 63' lang='grc' dir='ltr'>κατῇ-</span> 
     </span>
    </p>
   </div>
   <div class='ocr_carea' id='block_1_74' title="bbox 1138 756 1890 798">
    <p class='ocr_par' dir='ltr' id='par_1_74' title="bbox 1138 756 1890 798">
     <span class='ocr_line' id='line_1_75' title="bbox 1138 756 1890 798; baseline 0.011 -16"><span class='ocrx_word' id='word_1_515' title='bbox 1138 756 1194 782; x_wconf 83' lang='grc' dir='ltr'>σθιε</span> <span class='ocrx_word' id='word_1_516' title='bbox 1211 756 1259 792; x_wconf 84' lang='grc' dir='ltr'>τὴν</span> <span class='ocrx_word' id='word_1_517' title='bbox 1273 758 1348 792; x_wconf 74' lang='grc' dir='ltr'>ἰσχύν</span> <span class='ocrx_word' id='word_1_518' title='bbox 1362 766 1412 793; x_wconf 88' lang='grc' dir='ltr'><strong>μου</strong></span> <span class='ocrx_word' id='word_1_519' title='bbox 1423 767 1429 773; x_wconf 88' lang='grc'>·</span> <span class='ocrx_word' id='word_1_520' title='bbox 1451 759 1497 785; x_wconf 79' lang='grc' dir='ltr'>καὶ</span> <span class='ocrx_word' id='word_1_521' title='bbox 1518 759 1568 785; x_wconf 79' lang='grc' dir='ltr'>οὐκ</span> <span class='ocrx_word' id='word_1_522' title='bbox 1585 761 1709 787; x_wconf 73' lang='grc' dir='ltr'>ἐνενόουν</span> <span class='ocrx_word' id='word_1_523' title='bbox 1828 773 1890 797; x_wconf 51' lang='grc' dir='ltr'>γι-οιιι</span> 
     </span>
    </p>
   </div>
   <div class='ocr_carea' id='block_1_75' title="bbox 1136 803 1890 843">
    <p class='ocr_par' dir='ltr' id='par_1_75' title="bbox 1136 803 1890 843">
     <span class='ocr_line' id='line_1_76' title="bbox 1136 803 1890 843; baseline 0.009 -14"><span class='ocrx_word' id='word_1_524' title='bbox 1136 803 1193 835; x_wconf 73' lang='grc' dir='ltr'>κὸς,</span> <span class='ocrx_word' id='word_1_525' title='bbox 1206 803 1272 830; x_wconf 78' lang='grc' dir='ltr'>ἀλλὰ</span> <span class='ocrx_word' id='word_1_526' title='bbox 1283 803 1326 830; x_wconf 76' lang='grc' dir='ltr'><strong>διὰ</strong></span> <span class='ocrx_word' id='word_1_527' title='bbox 1344 804 1389 830; x_wconf 86' lang='grc' dir='ltr'>τοῦ</span> <span class='ocrx_word' id='word_1_528' title='bbox 1409 804 1494 831; x_wconf 84' lang='grc' dir='ltr'>κόπου</span> <span class='ocrx_word' id='word_1_529' title='bbox 1509 805 1591 837; x_wconf 82' lang='grc' dir='ltr'>ὕπνος</span> <span class='ocrx_word' id='word_1_530' title='bbox 1612 815 1656 840; x_wconf 81' lang='grc' dir='ltr'><strong>μοι</strong></span> <span class='ocrx_word' id='word_1_531' title='bbox 1679 809 1851 843; x_wconf 74' lang='grc' dir='ltr'>περιεγένετο,</span> <span class='ocrx_word' id='word_1_532' title='bbox 1865 812 1890 837; x_wconf 70' lang='lat' dir='ltr'><strong>ml</strong></span> 
     </span>
    </p>
   </div>
   <div class='ocr_carea' id='block_1_76' title="bbox 1135 849 1890 890">
    <p class='ocr_par' dir='ltr' id='par_1_76' title="bbox 1135 849 1890 890">
     <span class='ocr_line' id='line_1_77' title="bbox 1135 849 1890 890; baseline 0.011 -16"><span class='ocrx_word' id='word_1_533' title='bbox 1135 849 1249 875; x_wconf 86' lang='grc' dir='ltr'>πάντοτε</span> <span class='ocrx_word' id='word_1_534' title='bbox 1267 849 1374 886; x_wconf 75' lang='grc' dir='ltr'>ἔχαιρεν</span> <span class='ocrx_word' id='word_1_535' title='bbox 1393 851 1438 877; x_wconf 72' lang='grc' dir='ltr'><strong>ἐπὶ</strong></span> <span class='ocrx_word' id='word_1_536' title='bbox 1455 852 1488 886; x_wconf 81' lang='grc' dir='ltr'><strong>τῇ</strong></span> <span class='ocrx_word' id='word_1_537' title='bbox 1503 851 1634 887; x_wconf 83' lang='grc' dir='ltr'>άπλότητί</span> <span class='ocrx_word' id='word_1_538' title='bbox 1648 861 1701 887; x_wconf 84' lang='grc' dir='ltr'><strong>μου</strong></span> <span class='ocrx_word' id='word_1_539' title='bbox 1721 855 1736 879; x_wconf 81' lang='grc' dir='ltr'><strong>ό</strong></span> <span class='ocrx_word' id='word_1_540' title='bbox 1757 857 1839 890; x_wconf 77' lang='grc' dir='ltr'>πατήρ</span> <span class='ocrx_word' id='word_1_541' title='bbox 1852 866 1890 890; x_wconf 69' lang='grc' dir='ltr'><strong>μς..</strong></span> 
     </span>
    </p>
   </div>
   <div class='ocr_carea' id='block_1_77' title="bbox 1134 894 1890 934">
    <p class='ocr_par' dir='ltr' id='par_1_77' title="bbox 1134 894 1890 934">
     <span class='ocr_line' id='line_1_78' title="bbox 1134 894 1890 934; baseline 0.009 -14"><span class='ocrx_word' id='word_1_542' title='bbox 1134 894 1193 921; x_wconf 71' lang='grc' dir='ltr'>Είτι</span> <span class='ocrx_word' id='word_1_543' title='bbox 1216 895 1270 931; x_wconf 84' lang='grc' dir='ltr'><strong>γὰρ</strong></span> <span class='ocrx_word' id='word_1_544' title='bbox 1294 895 1429 931; x_wconf 80' lang='grc' dir='ltr'>ἔκαμνον,</span> <span class='ocrx_word' id='word_1_545' title='bbox 1457 898 1546 923; x_wconf 84' lang='grc' dir='ltr'>πᾶσαν</span> <span class='ocrx_word' id='word_1_546' title='bbox 1568 896 1679 933; x_wconf 81' lang='grc' dir='ltr'>ὀπώραν</span> <span class='ocrx_word' id='word_1_547' title='bbox 1706 899 1780 934; x_wconf 76' lang='lat'><strong>(&#39;25),</strong></span> <span class='ocrx_word' id='word_1_548' title='bbox 1804 903 1842 926; x_wconf 71' lang='lat' dir='ltr'><strong>xz&quot;.</strong></span> <span class='ocrx_word' id='word_1_549' title='bbox 1860 903 1890 928; x_wconf 68' lang='lat' dir='ltr'><strong>:il</strong></span> 
     </span>
    </p>
   </div>
   <div class='ocr_carea' id='block_1_78' title="bbox 1135 941 1890 982">
    <p class='ocr_par' dir='ltr' id='par_1_78' title="bbox 1135 941 1890 982">
     <span class='ocr_line' id='line_1_79' title="bbox 1135 941 1890 982; baseline 0.009 -16"><span class='ocrx_word' id='word_1_550' title='bbox 1135 941 1350 977; x_wconf 84' lang='grc' dir='ltr'>πρωτογέννημα</span> <span class='ocrx_word' id='word_1_551' title='bbox 1363 943 1470 979; x_wconf 86' lang='grc' dir='ltr'>πρῶτον</span> <span class='ocrx_word' id='word_1_552' title='bbox 1482 944 1526 970; x_wconf 79' lang='grc' dir='ltr'>διὰ</span> <span class='ocrx_word' id='word_1_553' title='bbox 1545 944 1591 971; x_wconf 80' lang='grc' dir='ltr'>τοῦ</span> <span class='ocrx_word' id='word_1_554' title='bbox 1614 945 1713 980; x_wconf 75' lang='grc' dir='ltr'>ἱερέως</span> <span class='ocrx_word' id='word_1_555' title='bbox 1732 946 1820 982; x_wconf 74' lang='grc' dir='ltr'>Κυρίῳ</span> <span class='ocrx_word' id='word_1_556' title='bbox 1834 956 1890 982; x_wconf 62' lang='grc' dir='ltr'>τρες·</span> 
     </span>
    </p>
   </div>
   <div class='ocr_carea' id='block_1_79' title="bbox 1135 987 1890 1026">
    <p class='ocr_par' dir='ltr' id='par_1_79' title="bbox 1135 987 1890 1026">
     <span class='ocr_line' id='line_1_80' title="bbox 1135 987 1890 1026; baseline 0.008 -13"><span class='ocrx_word' id='word_1_557' title='bbox 1135 987 1242 1023; x_wconf 80' lang='grc' dir='ltr'>έφερον,</span> <span class='ocrx_word' id='word_1_558' title='bbox 1266 988 1359 1015; x_wconf 78' lang='grc' dir='ltr'>ἔπειτα</span> <span class='ocrx_word' id='word_1_559' title='bbox 1382 989 1420 1024; x_wconf 79' lang='grc' dir='ltr'>τῷ</span> <span class='ocrx_word' id='word_1_560' title='bbox 1444 991 1527 1026; x_wconf 87' lang='grc' dir='ltr'>πατρί</span> <span class='ocrx_word' id='word_1_561' title='bbox 1546 999 1607 1026; x_wconf 84' lang='grc' dir='ltr'>μου,</span> <span class='ocrx_word' id='word_1_562' title='bbox 1631 991 1678 1018; x_wconf 74' lang='grc' dir='ltr'>καὶ</span> <span class='ocrx_word' id='word_1_563' title='bbox 1708 992 1768 1018; x_wconf 70' lang='grc' dir='ltr'>τότε</span> <span class='ocrx_word' id='word_1_564' title='bbox 1788 993 1842 1026; x_wconf 75' lang='grc' dir='ltr'><strong>ἐγώ.</strong></span> <span class='ocrx_word' id='word_1_565' title='bbox 1858 994 1890 1019; x_wconf 75' lang='lat' dir='ltr'><strong>Kz&#39;</strong></span> 
     </span>
    </p>
   </div>
   <div class='ocr_carea' id='block_1_80' title="bbox 1133 1032 1891 1072">
    <p class='ocr_par' dir='ltr' id='par_1_80' title="bbox 1133 1032 1891 1072">
     <span class='ocr_line' id='line_1_81' title="bbox 1133 1032 1891 1072; baseline 0.005 -12"><span class='ocrx_word' id='word_1_566' title='bbox 1133 1032 1236 1067; x_wconf 82' lang='grc' dir='ltr'>Κύριος</span> <span class='ocrx_word' id='word_1_567' title='bbox 1276 1033 1448 1060; x_wconf 81' lang='grc' dir='ltr'>ἐδιπλασίασε</span> <span class='ocrx_word' id='word_1_568' title='bbox 1486 1034 1520 1061; x_wconf 77' lang='grc' dir='ltr'>τὰ</span> <span class='ocrx_word' id='word_1_569' title='bbox 1557 1035 1647 1069; x_wconf 78' lang='grc' dir='ltr'>ἀγαθὰ</span> <span class='ocrx_word' id='word_1_570' title='bbox 1688 1037 1720 1063; x_wconf 84' lang='grc' dir='ltr'>ὲν</span> <span class='ocrx_word' id='word_1_571' title='bbox 1756 1038 1825 1072; x_wconf 67' lang='grc' dir='ltr'>χερσί</span> <span class='ocrx_word' id='word_1_572' title='bbox 1851 1048 1891 1072; x_wconf 54' lang='grc' dir='ltr'><strong>μέλι</strong></span> 
     </span>
    </p>
   </div>
   <div class='ocr_carea' id='block_1_81' title="bbox 1135 1077 1891 1117">
    <p class='ocr_par' dir='ltr' id='par_1_81' title="bbox 1135 1077 1891 1117">
     <span class='ocr_line' id='line_1_82' title="bbox 1135 1077 1891 1117; baseline 0.008 -14"><span class='ocrx_word' id='word_1_573' title='bbox 1135 1077 1212 1113; x_wconf 78' lang='grc' dir='ltr'>’ῌδει</span> <span class='ocrx_word' id='word_1_574' title='bbox 1225 1078 1253 1104; x_wconf 78' lang='grc' dir='ltr'>δὲ</span> <span class='ocrx_word' id='word_1_575' title='bbox 1271 1079 1318 1105; x_wconf 70' lang='grc' dir='ltr'>καὶ</span> <span class='ocrx_word' id='word_1_576' title='bbox 1337 1079 1446 1112; x_wconf 80' lang='grc' dir='ltr'><strong>Ἰακὼϐ,</strong></span> <span class='ocrx_word' id='word_1_577' title='bbox 1459 1080 1499 1106; x_wconf 68' lang='grc' dir='ltr'>ὅτι</span> <span class='ocrx_word' id='word_1_578' title='bbox 1521 1081 1534 1106; x_wconf 80' lang='grc' dir='ltr'>ὁ</span> <span class='ocrx_word' id='word_1_579' title='bbox 1557 1080 1622 1113; x_wconf 80' lang='grc' dir='ltr'>Θεὸς</span> <span class='ocrx_word' id='word_1_580' title='bbox 1643 1085 1773 1116; x_wconf 82' lang='grc' dir='ltr'><strong>συνεργεῖ</strong></span> <span class='ocrx_word' id='word_1_581' title='bbox 1789 1085 1818 1117; x_wconf 74' lang='grc' dir='ltr'><strong>τῇ</strong></span> <span class='ocrx_word' id='word_1_582' title='bbox 1836 1084 1891 1109; x_wconf 68' lang='grc' dir='ltr'>ἀπλέ-</span> 
     </span>
    </p>
   </div>
   <div class='ocr_carea' id='block_1_82' title="bbox 1132 1124 1891 1164">
    <p class='ocr_par' dir='ltr' id='par_1_82' title="bbox 1132 1124 1891 1164">
     <span class='ocr_line' id='line_1_83' title="bbox 1132 1124 1891 1164; baseline 0.011 -15"><span class='ocrx_word' id='word_1_583' title='bbox 1132 1124 1192 1159; x_wconf 82' lang='grc' dir='ltr'>τητί</span> <span class='ocrx_word' id='word_1_584' title='bbox 1216 1134 1283 1160; x_wconf 75' lang='grc' dir='ltr'>μου”</span> <span class='ocrx_word' id='word_1_585' title='bbox 1303 1127 1384 1153; x_wconf 80' lang='grc' dir='ltr'>παντὶ</span> <span class='ocrx_word' id='word_1_586' title='bbox 1406 1127 1460 1163; x_wconf 80' lang='grc' dir='ltr'><strong>γὰρ</strong></span> <span class='ocrx_word' id='word_1_587' title='bbox 1482 1128 1577 1162; x_wconf 82' lang='grc' dir='ltr'>πένητι</span> <span class='ocrx_word' id='word_1_588' title='bbox 1600 1129 1647 1155; x_wconf 78' lang='grc' dir='ltr'>καὶ</span> <span class='ocrx_word' id='word_1_589' title='bbox 1671 1130 1757 1156; x_wconf 78' lang='grc' dir='ltr'>παντὶ</span> <span class='ocrx_word' id='word_1_590' title='bbox 1777 1129 1891 1164; x_wconf 59' lang='grc' dir='ltr'>θλιϐομὲιᾳ</span> 
     </span>
    </p>
   </div>
   <div class='ocr_carea' id='block_1_83' title="bbox 1133 1171 1855 1210">
    <p class='ocr_par' dir='ltr' id='par_1_83' title="bbox 1133 1171 1855 1210">
     <span class='ocr_line' id='line_1_84' title="bbox 1133 1171 1855 1210; baseline 0.008 -15"><span class='ocrx_word' id='word_1_591' title='bbox 1133 1171 1262 1206; x_wconf 85' lang='grc' dir='ltr'>παρεῖχον</span> <span class='ocrx_word' id='word_1_592' title='bbox 1279 1171 1329 1206; x_wconf 86' lang='grc' dir='ltr'>τῆς</span> <span class='ocrx_word' id='word_1_593' title='bbox 1342 1172 1393 1207; x_wconf 85' lang='grc' dir='ltr'>γῆς</span> <span class='ocrx_word' id='word_1_594' title='bbox 1406 1172 1441 1199; x_wconf 82' lang='grc' dir='ltr'>τὰ</span> <span class='ocrx_word' id='word_1_595' title='bbox 1451 1173 1541 1207; x_wconf 78' lang='grc' dir='ltr'>ἀγαθὰ</span> <span class='ocrx_word' id='word_1_596' title='bbox 1553 1174 1583 1200; x_wconf 83' lang='grc' dir='ltr'>ἐν</span> <span class='ocrx_word' id='word_1_597' title='bbox 1601 1174 1738 1210; x_wconf 73' lang='grc' dir='ltr'><strong>ἁπλότητι</strong></span> <span class='ocrx_word' id='word_1_598' title='bbox 1750 1174 1855 1209; x_wconf 77' lang='grc' dir='ltr'>καρδίας.</span> 
     </span>
    </p>
   </div>
   <div class='ocr_carea' id='block_1_84' title="bbox 1167 1259 1888 1300">
    <p class='ocr_par' dir='ltr' id='par_1_84' title="bbox 1167 1259 1888 1300">
     <span class='ocr_line' id='line_1_85' title="bbox 1167 1259 1888 1300; baseline 0.008 -16"><span class='ocrx_word' id='word_1_599' title='bbox 1167 1259 1203 1285; x_wconf 89' lang='grc' dir='ltr'><strong>Δ’.</strong></span> <span class='ocrx_word' id='word_1_600' title='bbox 1224 1269 1233 1285; x_wconf 71' lang='grc' dir='ltr'><strong>ι</strong></span> <span class='ocrx_word' id='word_1_601' title='bbox 1247 1260 1302 1287; x_wconf 78' lang='grc' dir='ltr'><strong>Καὶ</strong></span> <span class='ocrx_word' id='word_1_602' title='bbox 1313 1261 1361 1288; x_wconf 72' lang='grc' dir='ltr'>νῦν</span> <span class='ocrx_word' id='word_1_603' title='bbox 1374 1262 1508 1290; x_wconf 83' lang='grc' dir='ltr'>ἀκούσατὲ</span> <span class='ocrx_word' id='word_1_604' title='bbox 1526 1272 1586 1298; x_wconf 83' lang='grc' dir='ltr'>μου,</span> <span class='ocrx_word' id='word_1_605' title='bbox 1599 1264 1695 1296; x_wconf 78' lang='grc' dir='ltr'>τέκνα,</span> <span class='ocrx_word' id='word_1_606' title='bbox 1715 1265 1763 1292; x_wconf 74' lang='grc' dir='ltr'>καὶ</span> <span class='ocrx_word' id='word_1_607' title='bbox 1778 1265 1888 1300; x_wconf 61' lang='grc' dir='ltr'>πορεύεσθε</span> 
     </span>
    </p>
   </div>
   <div class='ocr_carea' id='block_1_85' title="bbox 1131 1303 1888 1346">
    <p class='ocr_par' dir='ltr' id='par_1_85' title="bbox 1131 1303 1888 1346">
     <span class='ocr_line' id='line_1_86' title="bbox 1131 1303 1888 1346; baseline 0.012 -17"><span class='ocrx_word' id='word_1_608' title='bbox 1131 1303 1160 1329; x_wconf 82' lang='grc' dir='ltr'>ὲν</span> <span class='ocrx_word' id='word_1_609' title='bbox 1175 1304 1302 1341; x_wconf 76' lang='grc' dir='ltr'>ἁπλότητι</span> <span class='ocrx_word' id='word_1_610' title='bbox 1319 1307 1442 1342; x_wconf 80' lang='grc' dir='ltr'>καρδίας,</span> <span class='ocrx_word' id='word_1_611' title='bbox 1456 1308 1495 1335; x_wconf 81' lang='grc' dir='ltr'>ὅτι</span> <span class='ocrx_word' id='word_1_612' title='bbox 1510 1307 1579 1336; x_wconf 77' lang='grc' dir='ltr'>εἶδον</span> <span class='ocrx_word' id='word_1_613' title='bbox 1597 1311 1627 1336; x_wconf 78' lang='grc' dir='ltr'>ὲν</span> <span class='ocrx_word' id='word_1_614' title='bbox 1641 1311 1714 1346; x_wconf 73' lang='grc' dir='ltr'>αὐτῇ</span> <span class='ocrx_word' id='word_1_615' title='bbox 1731 1312 1814 1338; x_wconf 77' lang='grc' dir='ltr'>πᾶσαν</span> <span class='ocrx_word' id='word_1_616' title='bbox 1823 1312 1888 1345; x_wconf 52' lang='grc' dir='ltr'><strong>εὖιρὲ-</strong></span> 
     </span>
    </p>
   </div>
   <div class='ocr_carea' id='block_1_86' title="bbox 1131 1351 1890 1392">
    <p class='ocr_par' dir='ltr' id='par_1_86' title="bbox 1131 1351 1890 1392">
     <span class='ocr_line' id='line_1_87' title="bbox 1131 1351 1890 1392; baseline 0.008 -17"><span class='ocrx_word' id='word_1_617' title='bbox 1131 1358 1224 1385; x_wconf 81' lang='grc' dir='ltr'>στησιν</span> <span class='ocrx_word' id='word_1_618' title='bbox 1238 1351 1351 1386; x_wconf 85' lang='grc' dir='ltr'>Κυρίου.</span> <span class='ocrx_word' id='word_1_619' title='bbox 1371 1353 1399 1379; x_wconf 92' lang='lat'><strong>&#39;0</strong></span> <span class='ocrx_word' id='word_1_620' title='bbox 1412 1353 1513 1386; x_wconf 77' lang='grc' dir='ltr'>ἁπλοῦς</span> <span class='ocrx_word' id='word_1_621' title='bbox 1525 1355 1635 1391; x_wconf 80' lang='grc' dir='ltr'>χρυσίον</span> <span class='ocrx_word' id='word_1_622' title='bbox 1648 1357 1701 1383; x_wconf 72' lang='grc' dir='ltr'>οὐκ</span> <span class='ocrx_word' id='word_1_623' title='bbox 1719 1357 1850 1392; x_wconf 80' lang='grc' dir='ltr'><strong>ἐπιθυμεῖ,</strong></span> <span class='ocrx_word' id='word_1_624' title='bbox 1860 1359 1890 1382; x_wconf 56' lang='grc' dir='ltr'>τὴν</span> 
     </span>
    </p>
   </div>
   <div class='ocr_carea' id='block_1_87' title="bbox 1130 1395 1889 1438">
    <p class='ocr_par' dir='ltr' id='par_1_87' title="bbox 1130 1395 1889 1438">
     <span class='ocr_line' id='line_1_88' title="bbox 1130 1395 1889 1438; baseline 0.013 -17"><span class='ocrx_word' id='word_1_625' title='bbox 1130 1395 1244 1431; x_wconf 82' lang='grc' dir='ltr'>πλησίον</span> <span class='ocrx_word' id='word_1_626' title='bbox 1252 1397 1281 1423; x_wconf 78' lang='grc' dir='ltr'>οὺ</span> <span class='ocrx_word' id='word_1_627' title='bbox 1297 1398 1462 1432; x_wconf 78' lang='grc' dir='ltr'><strong>πλεονεκτεῖ,</strong></span> <span class='ocrx_word' id='word_1_628' title='bbox 1477 1401 1628 1436; x_wconf 83' lang='grc' dir='ltr'>βρωμάτων</span> <span class='ocrx_word' id='word_1_629' title='bbox 1642 1404 1777 1431; x_wconf 75' lang='grc' dir='ltr'>ποικίλων</span> <span class='ocrx_word' id='word_1_630' title='bbox 1786 1405 1829 1431; x_wconf 71' lang='grc' dir='ltr'>οὐκ</span> 
     </span>
    </p>
   </div>
   <div class='ocr_carea' id='block_1_88' title="bbox 1129 1441 1888 1484">
    <p class='ocr_par' dir='ltr' id='par_1_88' title="bbox 1129 1441 1888 1484">
     <span class='ocr_line' id='line_1_89' title="bbox 1129 1441 1888 1484; baseline 0.012 -17"><span class='ocrx_word' id='word_1_631' title='bbox 1129 1448 1184 1472; x_wconf 81' lang='grc' dir='ltr'>ται,</span> <span class='ocrx_word' id='word_1_632' title='bbox 1197 1441 1297 1477; x_wconf 72' lang='grc' dir='ltr'>ἐσθῆτα</span> <span class='ocrx_word' id='word_1_633' title='bbox 1312 1443 1438 1480; x_wconf 73' lang='grc' dir='ltr'>διάφορον</span> <span class='ocrx_word' id='word_1_634' title='bbox 1457 1446 1486 1472; x_wconf 86' lang='grc' dir='ltr'>οὺ</span> <span class='ocrx_word' id='word_1_635' title='bbox 1508 1446 1589 1478; x_wconf 78' lang='grc' dir='ltr'>ϐέλει,</span> <span class='ocrx_word' id='word_1_636' title='bbox 1608 1449 1725 1483; x_wconf 83' lang='grc' dir='ltr'>χρόνους</span> <span class='ocrx_word' id='word_1_637' title='bbox 1744 1451 1849 1484; x_wconf 67' lang='grc' dir='ltr'>μακροὺς</span> <span class='ocrx_word' id='word_1_638' title='bbox 1857 1451 1888 1482; x_wconf 60' lang='grc' dir='ltr'><strong>οὐχ</strong></span> 
     </span>
    </p>
   </div>
   <div class='ocr_carea' id='block_1_89' title="bbox 1129 1485 1888 1530">
    <p class='ocr_par' dir='ltr' id='par_1_89' title="bbox 1129 1485 1888 1530">
     <span class='ocr_line' id='line_1_90' title="bbox 1129 1485 1888 1530; baseline 0.011 -19"><span class='ocrx_word' id='word_1_639' title='bbox 1129 1485 1282 1530; x_wconf 63' lang='grc' dir='ltr'>υπογράφει</span> <span class='ocrx_word' id='word_1_640' title='bbox 1295 1487 1352 1523; x_wconf 83' lang='grc' dir='ltr'><strong>ζῇν,</strong></span> <span class='ocrx_word' id='word_1_641' title='bbox 1366 1489 1433 1516; x_wconf 83' lang='grc' dir='ltr'>ἀλλὰ</span> <span class='ocrx_word' id='word_1_642' title='bbox 1451 1491 1530 1525; x_wconf 85' lang='grc' dir='ltr'>μόνον</span> <span class='ocrx_word' id='word_1_643' title='bbox 1546 1492 1687 1527; x_wconf 81' lang='grc' dir='ltr'>ἐκδέχεται</span> <span class='ocrx_word' id='word_1_644' title='bbox 1709 1495 1740 1520; x_wconf 82' lang='grc' dir='ltr'><strong>τὸ</strong></span> <span class='ocrx_word' id='word_1_645' title='bbox 1752 1494 1843 1530; x_wconf 71' lang='grc' dir='ltr'>Θέλημα</span> <span class='ocrx_word' id='word_1_646' title='bbox 1858 1493 1888 1519; x_wconf 78' lang='grc' dir='ltr'><strong>τον</strong></span> 
     </span>
    </p>
   </div>
   <div class='ocr_carea' id='block_1_90' title="bbox 1128 1529 1888 1573">
    <p class='ocr_par' dir='ltr' id='par_1_90' title="bbox 1128 1529 1888 1573">
     <span class='ocr_line' id='line_1_91' title="bbox 1128 1529 1888 1573; baseline 0.012 -18"><span class='ocrx_word' id='word_1_647' title='bbox 1128 1529 1206 1556; x_wconf 81' lang='grc' dir='ltr'>Θοοῦ·</span> <span class='ocrx_word' id='word_1_648' title='bbox 1225 1531 1303 1566; x_wconf 85' lang='grc' dir='ltr'>καίγε</span> <span class='ocrx_word' id='word_1_649' title='bbox 1321 1532 1355 1559; x_wconf 82' lang='grc' dir='ltr'><strong>τὰ</strong></span> <span class='ocrx_word' id='word_1_650' title='bbox 1372 1534 1513 1570; x_wconf 85' lang='grc' dir='ltr'>πνεύματα</span> <span class='ocrx_word' id='word_1_651' title='bbox 1523 1536 1573 1572; x_wconf 87' lang='grc' dir='ltr'>τῆς</span> <span class='ocrx_word' id='word_1_652' title='bbox 1586 1537 1690 1573; x_wconf 79' lang='grc' dir='ltr'>πλάνης</span> <span class='ocrx_word' id='word_1_653' title='bbox 1708 1539 1758 1565; x_wconf 86' lang='grc' dir='ltr'>οὐκ</span> <span class='ocrx_word' id='word_1_654' title='bbox 1771 1529 1821 1573; x_wconf 73' lang='grc'><strong>(25)</strong></span> <span class='ocrx_word' id='word_1_655' title='bbox 1837 1540 1888 1573; x_wconf 59' lang='grc' dir='ltr'>ξηιν</span> 
     </span>
    </p>
   </div>
   <div class='ocr_carea' id='block_1_91' title="bbox 1091 1564 1892 1618">
    <p class='ocr_par' dir='ltr' id='par_1_91' title="bbox 1091 1564 1892 1618">
     <span class='ocr_line' id='line_1_92' title="bbox 1091 1564 1892 1618; baseline 0.015 -17"><span class='ocrx_word' id='word_1_656' title='bbox 1091 1564 1112 1593; x_wconf 79' lang='lat' dir='ltr'><strong>c</strong></span> <span class='ocrx_word' id='word_1_657' title='bbox 1130 1584 1204 1602; x_wconf 87' lang='grc' dir='ltr'>σουσι</span> <span class='ocrx_word' id='word_1_658' title='bbox 1222 1564 1289 1613; x_wconf 80' lang='grc' dir='ltr'>πρὸς</span> <span class='ocrx_word' id='word_1_659' title='bbox 1306 1579 1397 1607; x_wconf 82' lang='grc' dir='ltr'>αὐτόν.</span> <span class='ocrx_word' id='word_1_660' title='bbox 1420 1564 1456 1607; x_wconf 67' lang='grc' dir='ltr'>Οί)</span> <span class='ocrx_word' id='word_1_661' title='bbox 1474 1580 1528 1617; x_wconf 79' lang='grc' dir='ltr'><strong>γὰρ</strong></span> <span class='ocrx_word' id='word_1_662' title='bbox 1631 1564 1892 1618; x_wconf 42' lang='lat'><strong>[1:33.60</strong></span> 
     </span>
    </p>
   </div>
   <div class='ocr_carea' id='block_1_92' title="bbox 1129 1621 1886 1666">
    <p class='ocr_par' dir='ltr' id='par_1_92' title="bbox 1129 1621 1886 1666">
     <span class='ocr_line' id='line_1_93' title="bbox 1129 1621 1886 1666; baseline 0.013 -19"><span class='ocrx_word' id='word_1_663' title='bbox 1129 1621 1248 1656; x_wconf 82' lang='grc' dir='ltr'>Θηλείας,</span> <span class='ocrx_word' id='word_1_664' title='bbox 1267 1623 1309 1650; x_wconf 80' lang='grc' dir='ltr'>ἵνα</span> <span class='ocrx_word' id='word_1_665' title='bbox 1323 1625 1359 1660; x_wconf 83' lang='grc' dir='ltr'>μὴ</span> <span class='ocrx_word' id='word_1_666' title='bbox 1371 1626 1401 1652; x_wconf 82' lang='grc' dir='ltr'>ἑν</span> <span class='ocrx_word' id='word_1_667' title='bbox 1417 1626 1564 1664; x_wconf 79' lang='grc' dir='ltr'>διαστροφῇ</span> <span class='ocrx_word' id='word_1_668' title='bbox 1580 1630 1665 1666; x_wconf 83' lang='grc' dir='ltr'>μιάνῃ</span> <span class='ocrx_word' id='word_1_669' title='bbox 1682 1630 1731 1657; x_wconf 82' lang='grc' dir='ltr'><strong>τὸν</strong></span> <span class='ocrx_word' id='word_1_670' title='bbox 1747 1631 1805 1657; x_wconf 82' lang='grc' dir='ltr'>νοῦν</span> <span class='ocrx_word' id='word_1_671' title='bbox 1820 1630 1886 1657; x_wconf 65' lang='grc' dir='ltr'>αὑτοῦ·</span> 
     </span>
    </p>
   </div>
   <div class='ocr_carea' id='block_1_93' title="bbox 1127 1667 1888 1710">
    <p class='ocr_par' dir='ltr' id='par_1_93' title="bbox 1127 1667 1888 1710">
     <span class='ocr_line' id='line_1_94' title="bbox 1127 1667 1888 1710; baseline 0.014 -18"><span class='ocrx_word' id='word_1_672' title='bbox 1127 1667 1157 1693; x_wconf 75' lang='grc' dir='ltr'>οὐ</span> <span class='ocrx_word' id='word_1_673' title='bbox 1173 1667 1252 1702; x_wconf 78' lang='grc' dir='ltr'>ζῆλος</span> <span class='ocrx_word' id='word_1_674' title='bbox 1264 1669 1292 1695; x_wconf 76' lang='grc' dir='ltr'>ἐν</span> <span class='ocrx_word' id='word_1_675' title='bbox 1309 1669 1470 1704; x_wconf 78' lang='grc' dir='ltr'>διαϐουλίοις</span> <span class='ocrx_word' id='word_1_676' title='bbox 1484 1673 1566 1699; x_wconf 78' lang='grc' dir='ltr'>αὑτοῦ</span> <span class='ocrx_word' id='word_1_677' title='bbox 1576 1673 1766 1702; x_wconf 53' lang='lat' dir='ltr'><strong>sudatio-star</strong></span> <span class='ocrx_word' id='word_1_678' title='bbox 1778 1676 1805 1702; x_wconf 75' lang='grc' dir='ltr'>οὐ</span> <span class='ocrx_word' id='word_1_679' title='bbox 1814 1675 1888 1710; x_wconf 64' lang='grc' dir='ltr'><strong>βοαί·</strong></span> 
     </span>
    </p>
   </div>
   <div class='ocr_carea' id='block_1_94' title="bbox 1127 1711 1887 1757">
    <p class='ocr_par' dir='ltr' id='par_1_94' title="bbox 1127 1711 1887 1757">
     <span class='ocr_line' id='line_1_95' title="bbox 1127 1711 1887 1757; baseline 0.014 -20"><span class='ocrx_word' id='word_1_680' title='bbox 1127 1711 1171 1738; x_wconf 89' lang='grc' dir='ltr'><strong>νία</strong></span> <span class='ocrx_word' id='word_1_681' title='bbox 1179 1713 1290 1748; x_wconf 79' lang='grc' dir='ltr'>ἐκτήκει</span> <span class='ocrx_word' id='word_1_682' title='bbox 1304 1714 1392 1750; x_wconf 76' lang='grc' dir='ltr'>ψυχὴν</span> <span class='ocrx_word' id='word_1_683' title='bbox 1403 1716 1495 1748; x_wconf 82' lang='grc' dir='ltr'>αὐτοῦ,</span> <span class='ocrx_word' id='word_1_684' title='bbox 1505 1718 1565 1744; x_wconf 66' lang='grc' dir='ltr'>οὐδὲ</span> <span class='ocrx_word' id='word_1_685' title='bbox 1573 1720 1711 1754; x_wconf 85' lang='grc' dir='ltr'>πορισμὸν</span> <span class='ocrx_word' id='word_1_686' title='bbox 1726 1721 1780 1757; x_wconf 68' lang='lat'><strong>(26)</strong></span> <span class='ocrx_word' id='word_1_687' title='bbox 1792 1723 1816 1746; x_wconf 82' lang='grc' dir='ltr'>ὲν</span> <span class='ocrx_word' id='word_1_688' title='bbox 1827 1722 1887 1753; x_wconf 54' lang='lat' dir='ltr'><strong>erit:</strong></span> 
     </span>
    </p>
   </div>
   <div class='ocr_carea' id='block_1_95' title="bbox 1127 1757 1886 1801">
    <p class='ocr_par' dir='ltr' id='par_1_95' title="bbox 1127 1757 1886 1801">
     <span class='ocr_line' id='line_1_96' title="bbox 1127 1757 1886 1801; baseline 0.014 -18"><span class='ocrx_word' id='word_1_689' title='bbox 1127 1757 1189 1793; x_wconf 75' lang='grc' dir='ltr'>στίᾳ</span> <span class='ocrx_word' id='word_1_690' title='bbox 1205 1758 1299 1785; x_wconf 84' lang='grc' dir='ltr'>ὲννοεί·</span> <span class='ocrx_word' id='word_1_691' title='bbox 1319 1760 1461 1795; x_wconf 79' lang='grc' dir='ltr'>πορεύεται</span> <span class='ocrx_word' id='word_1_692' title='bbox 1477 1762 1505 1788; x_wconf 83' lang='grc' dir='ltr'><strong>δὲ</strong></span> <span class='ocrx_word' id='word_1_693' title='bbox 1519 1763 1547 1789; x_wconf 82' lang='grc' dir='ltr'>ἐν</span> <span class='ocrx_word' id='word_1_694' title='bbox 1557 1763 1686 1800; x_wconf 75' lang='grc' dir='ltr'>εὑϐύτητι</span> <span class='ocrx_word' id='word_1_695' title='bbox 1706 1765 1778 1801; x_wconf 74' lang='grc' dir='ltr'>ζωῆς</span> <span class='ocrx_word' id='word_1_696' title='bbox 1790 1767 1846 1801; x_wconf 71' lang='grc'><strong>(27),</strong></span> <span class='ocrx_word' id='word_1_697' title='bbox 1857 1775 1886 1791; x_wconf 74' lang='grc' dir='ltr'><strong>ιιι</strong></span> 
     </span>
    </p>
   </div>
   <div class='ocr_carea' id='block_1_96' title="bbox 1126 1803 1885 1847">
    <p class='ocr_par' dir='ltr' id='par_1_96' title="bbox 1126 1803 1885 1847">
     <span class='ocr_line' id='line_1_97' title="bbox 1126 1803 1885 1847; baseline 0.013 -18"><span class='ocrx_word' id='word_1_698' title='bbox 1126 1803 1214 1830; x_wconf 84' lang='grc' dir='ltr'>πάντα</span> <span class='ocrx_word' id='word_1_699' title='bbox 1231 1806 1281 1841; x_wconf 76' lang='grc' dir='ltr'>ὁρᾷ</span> <span class='ocrx_word' id='word_1_700' title='bbox 1293 1806 1321 1832; x_wconf 80' lang='grc' dir='ltr'>ὲν</span> <span class='ocrx_word' id='word_1_701' title='bbox 1340 1807 1481 1842; x_wconf 81' lang='grc' dir='ltr'>ἁπλότητι,</span> <span class='ocrx_word' id='word_1_702' title='bbox 1505 1810 1541 1845; x_wconf 86' lang='grc' dir='ltr'>μὴ</span> <span class='ocrx_word' id='word_1_703' title='bbox 1560 1810 1754 1846; x_wconf 78' lang='grc' dir='ltr'>ἐπιδεχόμενος</span> <span class='ocrx_word' id='word_1_704' title='bbox 1771 1812 1885 1847; x_wconf 51' lang='lat' dir='ltr'><strong>detinui;</strong></span> 
     </span>
    </p>
   </div>
   <div class='ocr_carea' id='block_1_97' title="bbox 1126 1850 1885 1895">
    <p class='ocr_par' dir='ltr' id='par_1_97' title="bbox 1126 1850 1885 1895">
     <span class='ocr_line' id='line_1_98' title="bbox 1126 1850 1885 1895; baseline 0.016 -21"><span class='ocrx_word' id='word_1_705' title='bbox 1126 1850 1256 1885; x_wconf 84' lang='grc' dir='ltr'>πονηρίας</span> <span class='ocrx_word' id='word_1_706' title='bbox 1269 1851 1323 1877; x_wconf 70' lang='grc' dir='ltr'><strong>ἀπὸ</strong></span> <span class='ocrx_word' id='word_1_707' title='bbox 1335 1852 1384 1887; x_wconf 84' lang='grc' dir='ltr'>τῆς</span> <span class='ocrx_word' id='word_1_708' title='bbox 1395 1852 1497 1889; x_wconf 79' lang='grc' dir='ltr'>πλάνης</span> <span class='ocrx_word' id='word_1_709' title='bbox 1509 1855 1556 1881; x_wconf 82' lang='grc' dir='ltr'>τοῦ</span> <span class='ocrx_word' id='word_1_710' title='bbox 1571 1855 1686 1891; x_wconf 84' lang='grc' dir='ltr'>κόσμου,</span> <span class='ocrx_word' id='word_1_711' title='bbox 1705 1858 1748 1884; x_wconf 81' lang='grc' dir='ltr'>ἵνα</span> <span class='ocrx_word' id='word_1_712' title='bbox 1762 1858 1796 1894; x_wconf 77' lang='grc' dir='ltr'>μὴ</span> <span class='ocrx_word' id='word_1_713' title='bbox 1808 1858 1842 1895; x_wconf 77' lang='grc' dir='ltr'><strong>ἴδῃ</strong></span> <span class='ocrx_word' id='word_1_714' title='bbox 1852 1858 1885 1884; x_wconf 65' lang='lat' dir='ltr'><strong>ict-</strong></span> 
     </span>
    </p>
   </div>
   <div class='ocr_carea' id='block_1_98' title="bbox 1125 1896 1797 1939">
    <p class='ocr_par' dir='ltr' id='par_1_98' title="bbox 1125 1896 1797 1939">
     <span class='ocr_line' id='line_1_99' title="bbox 1125 1896 1797 1939; baseline 0.016 -19"><span class='ocrx_word' id='word_1_715' title='bbox 1125 1896 1307 1931; x_wconf 81' lang='grc' dir='ltr'>στραμμένως</span> <span class='ocrx_word' id='word_1_716' title='bbox 1319 1905 1345 1923; x_wconf 86' lang='grc' dir='ltr'><strong>τι</strong></span> <span class='ocrx_word' id='word_1_717' title='bbox 1362 1897 1415 1925; x_wconf 81' lang='grc' dir='ltr'><strong>τῶν</strong></span> <span class='ocrx_word' id='word_1_718' title='bbox 1427 1899 1541 1926; x_wconf 80' lang='grc' dir='ltr'>ἐντολῶν</span> <span class='ocrx_word' id='word_1_719' title='bbox 1554 1901 1611 1937; x_wconf 79' lang='grc'><strong>(28)</strong></span> <span class='ocrx_word' id='word_1_720' title='bbox 1623 1902 1671 1929; x_wconf 81' lang='grc' dir='ltr'>τοῦ</span> <span class='ocrx_word' id='word_1_721' title='bbox 1685 1903 1797 1939; x_wconf 78' lang='grc' dir='ltr'>Κυρίου.</span> 
     </span>
    </p>
   </div>
   <div class='ocr_carea' id='block_1_99' title="bbox 1159 1970 1881 2014">
    <p class='ocr_par' dir='ltr' id='par_1_99' title="bbox 1159 1970 1881 2014">
     <span class='ocr_line' id='line_1_100' title="bbox 1159 1970 1881 2014; baseline 0.012 -18"><span class='ocrx_word' id='word_1_722' title='bbox 1159 1970 1197 1996; x_wconf 89' lang='grc' dir='ltr'><strong>Ε’.</strong></span> <span class='ocrx_word' id='word_1_723' title='bbox 1216 1979 1225 1996; x_wconf 70' lang='grc' dir='ltr'>α</span> <span class='ocrx_word' id='word_1_724' title='bbox 1236 1971 1373 2004; x_wconf 81' lang='grc' dir='ltr'>Φυλάξατε</span> <span class='ocrx_word' id='word_1_725' title='bbox 1384 1971 1440 2006; x_wconf 79' lang='grc' dir='ltr'>οὖν,</span> <span class='ocrx_word' id='word_1_726' title='bbox 1454 1975 1535 2002; x_wconf 82' lang='grc' dir='ltr'>τέκνα</span> <span class='ocrx_word' id='word_1_727' title='bbox 1547 1985 1610 2012; x_wconf 85' lang='grc' dir='ltr'>μου,</span> <span class='ocrx_word' id='word_1_728' title='bbox 1619 1978 1702 2014; x_wconf 88' lang='grc' dir='ltr'>νόμον</span> <span class='ocrx_word' id='word_1_729' title='bbox 1715 1980 1791 2013; x_wconf 80' lang='grc' dir='ltr'>Θεοῦ,</span> <span class='ocrx_word' id='word_1_730' title='bbox 1804 1982 1841 2007; x_wconf 79' lang='grc' dir='ltr'>καὶ</span> 
     </span>
    </p>
   </div>
   <div class='ocr_carea' id='block_1_100' title="bbox 1123 2015 1881 2061">
    <p class='ocr_par' dir='ltr' id='par_1_100' title="bbox 1123 2015 1881 2061">
     <span class='ocr_line' id='line_1_101' title="bbox 1123 2015 1881 2061; baseline 0.017 -20"><span class='ocrx_word' id='word_1_731' title='bbox 1123 2015 1265 2052; x_wconf 83' lang='grc' dir='ltr'>ἁπλότητα</span> <span class='ocrx_word' id='word_1_732' title='bbox 1283 2019 1431 2054; x_wconf 76' lang='grc' dir='ltr'>κτήσασθε,</span> <span class='ocrx_word' id='word_1_733' title='bbox 1451 2022 1498 2048; x_wconf 77' lang='grc' dir='ltr'>καὶ</span> <span class='ocrx_word' id='word_1_734' title='bbox 1516 2023 1546 2048; x_wconf 82' lang='grc' dir='ltr'>ὲν</span> <span class='ocrx_word' id='word_1_735' title='bbox 1565 2023 1672 2060; x_wconf 68' lang='grc' dir='ltr'><strong>ἀκακία⁵</strong></span> <span class='ocrx_word' id='word_1_736' title='bbox 1692 2026 1844 2061; x_wconf 80' lang='grc' dir='ltr'>πορεύεσθε,</span> <span class='ocrx_word' id='word_1_737' title='bbox 1858 2028 1881 2060; x_wconf 74' lang='grc' dir='ltr'>μὴ</span> 
     </span>
    </p>
   </div>
   <div class='ocr_carea' id='block_1_101' title="bbox 1123 2062 1881 2108">
    <p class='ocr_par' dir='ltr' id='par_1_101' title="bbox 1123 2062 1881 2108">
     <span class='ocr_line' id='line_1_102' title="bbox 1123 2062 1881 2108; baseline 0.016 -21"><span class='ocrx_word' id='word_1_738' title='bbox 1123 2062 1366 2099; x_wconf 80' lang='grc' dir='ltr'>περιεργαζόμενοι</span> <span class='ocrx_word' id='word_1_739' title='bbox 1382 2066 1491 2099; x_wconf 78' lang='grc' dir='ltr'>ἐντολὰς</span> <span class='ocrx_word' id='word_1_740' title='bbox 1504 2067 1616 2104; x_wconf 82' lang='grc' dir='ltr'>Κυρίου,</span> <span class='ocrx_word' id='word_1_741' title='bbox 1627 2071 1675 2097; x_wconf 82' lang='grc' dir='ltr'>καὶ</span> <span class='ocrx_word' id='word_1_742' title='bbox 1690 2071 1740 2099; x_wconf 84' lang='grc' dir='ltr'>τοῦ</span> <span class='ocrx_word' id='word_1_743' title='bbox 1750 2072 1881 2108; x_wconf 71' lang='grc' dir='ltr'>πλησίοντὰς</span> 
     </span>
    </p>
   </div>
   <div class='ocr_carea' id='block_1_102' title="bbox 1121 2107 1881 2153">
    <p class='ocr_par' dir='ltr' id='par_1_102' title="bbox 1121 2107 1881 2153">
     <span class='ocr_line' id='line_1_103' title="bbox 1121 2107 1881 2153; baseline 0.013 -20"><span class='ocrx_word' id='word_1_744' title='bbox 1121 2107 1246 2143; x_wconf 77' lang='grc' dir='ltr'>πράξεις·</span> <span class='ocrx_word' id='word_1_745' title='bbox 1266 2109 1324 2136; x_wconf 87' lang='grc' dir='ltr'>ἀλλ’</span> <span class='ocrx_word' id='word_1_746' title='bbox 1341 2111 1465 2145; x_wconf 79' lang='grc' dir='ltr'>ἀγαπᾶτε</span> <span class='ocrx_word' id='word_1_747' title='bbox 1485 2114 1588 2149; x_wconf 77' lang='grc' dir='ltr'>Κύριον</span> <span class='ocrx_word' id='word_1_748' title='bbox 1606 2116 1655 2142; x_wconf 76' lang='grc' dir='ltr'>καὶ</span> <span class='ocrx_word' id='word_1_749' title='bbox 1675 2117 1723 2144; x_wconf 80' lang='grc' dir='ltr'><strong>τὸν</strong></span> <span class='ocrx_word' id='word_1_750' title='bbox 1739 2118 1881 2153; x_wconf 78' lang='grc' dir='ltr'>πλησίον,</span> 
     </span>
    </p>
   </div>
   <div class='ocr_carea' id='block_1_103' title="bbox 1120 2155 1878 2198">
    <p class='ocr_par' dir='ltr' id='par_1_103' title="bbox 1120 2155 1878 2198">
     <span class='ocr_line' id='line_1_104' title="bbox 1120 2155 1878 2198; baseline 0.017 -19"><span class='ocrx_word' id='word_1_751' title='bbox 1120 2161 1189 2189; x_wconf 86' lang='grc' dir='ltr'>νητα</span> <span class='ocrx_word' id='word_1_752' title='bbox 1202 2155 1248 2181; x_wconf 74' lang='grc' dir='ltr'>καὶ</span> <span class='ocrx_word' id='word_1_753' title='bbox 1259 2155 1358 2192; x_wconf 82' lang='grc' dir='ltr'>ἀσθενῆ</span> <span class='ocrx_word' id='word_1_754' title='bbox 1368 2156 1505 2193; x_wconf 75' lang='grc' dir='ltr'>ἐλεήσατε.</span> <span class='ocrx_word' id='word_1_755' title='bbox 1525 2159 1681 2188; x_wconf 81' lang='grc' dir='ltr'>’Υποτίθετε</span> <span class='ocrx_word' id='word_1_756' title='bbox 1689 2163 1737 2190; x_wconf 78' lang='grc' dir='ltr'>τὸν</span> <span class='ocrx_word' id='word_1_757' title='bbox 1744 2163 1878 2198; x_wconf 80' lang='grc' dir='ltr'>νῶτον</span> 
     </span>
    </p>
   </div>
   <div class='ocr_carea' id='block_1_104' title="bbox 1118 2199 1878 2245">
    <p class='ocr_par' dir='ltr' id='par_1_104' title="bbox 1118 2199 1878 2245">
     <span class='ocr_line' id='line_1_105' title="bbox 1118 2199 1878 2245; baseline 0.013 -21"><span class='ocrx_word' id='word_1_758' title='bbox 1118 2199 1160 2245; x_wconf 77' lang='grc' dir='ltr'>εἰς</span> <span class='ocrx_word' id='word_1_759' title='bbox 1178 2200 1209 2226; x_wconf 79' lang='grc' dir='ltr'><strong>τὸ</strong></span> <span class='ocrx_word' id='word_1_760' title='bbox 1220 2203 1361 2236; x_wconf 84' lang='grc' dir='ltr'>γεωργεῖν,</span> <span class='ocrx_word' id='word_1_761' title='bbox 1376 2203 1422 2230; x_wconf 77' lang='grc' dir='ltr'>καὶ</span> <span class='ocrx_word' id='word_1_762' title='bbox 1439 2204 1603 2239; x_wconf 77' lang='grc' dir='ltr'>ἐργάζεσθαι</span> <span class='ocrx_word' id='word_1_763' title='bbox 1619 2208 1649 2234; x_wconf 84' lang='grc' dir='ltr'>ὲν</span> <span class='ocrx_word' id='word_1_764' title='bbox 1666 2208 1759 2244; x_wconf 75' lang='grc' dir='ltr'>ἔργοις</span> <span class='ocrx_word' id='word_1_765' title='bbox 1773 2209 1824 2245; x_wconf 80' lang='grc' dir='ltr'>γῆς,</span> <span class='ocrx_word' id='word_1_766' title='bbox 1837 2209 1878 2235; x_wconf 73' lang='lat' dir='ltr'><strong>u‘t‘</strong></span> 
     </span>
    </p>
   </div>
   <div class='ocr_carea' id='block_1_105' title="bbox 1121 2243 1878 2288">
    <p class='ocr_par' dir='ltr' id='par_1_105' title="bbox 1121 2243 1878 2288">
     <span class='ocr_line' id='line_1_106' title="bbox 1121 2243 1878 2288; baseline 0.013 -19"><span class='ocrx_word' id='word_1_767' title='bbox 1121 2243 1240 2280; x_wconf 78' lang='grc' dir='ltr'>ἑκάστην</span> <span class='ocrx_word' id='word_1_768' title='bbox 1248 2247 1383 2282; x_wconf 85' lang='grc' dir='ltr'>γεωργίαν</span> <span class='ocrx_word' id='word_1_769' title='bbox 1390 2247 1462 2283; x_wconf 81' lang='grc' dir='ltr'>δῶρα</span> <span class='ocrx_word' id='word_1_770' title='bbox 1473 2249 1531 2284; x_wconf 83' lang='grc' dir='ltr'>μετ’</span> <span class='ocrx_word' id='word_1_771' title='bbox 1541 2250 1720 2286; x_wconf 82' lang='grc' dir='ltr'>εὐχαριστίας</span> <span class='ocrx_word' id='word_1_772' title='bbox 1728 2243 1813 2288; x_wconf 71' lang='grc' dir='ltr'>Κυρίῲ</span> <span class='ocrx_word' id='word_1_773' title='bbox 1820 2260 1878 2288; x_wconf 74' lang='grc' dir='ltr'>πρω-</span> 
     </span>
    </p>
   </div>
   <div class='ocr_carea' id='block_1_106' title="bbox 1120 2289 1880 2333">
    <p class='ocr_par' dir='ltr' id='par_1_106' title="bbox 1120 2289 1880 2333">
     <span class='ocr_line' id='line_1_107' title="bbox 1120 2289 1880 2333; baseline 0.011 -18"><span class='ocrx_word' id='word_1_774' title='bbox 1120 2289 1262 2325; x_wconf 80' lang='grc' dir='ltr'>φέροντες·</span> <span class='ocrx_word' id='word_1_775' title='bbox 1275 2291 1316 2318; x_wconf 81' lang='grc' dir='ltr'>ὃτι</span> <span class='ocrx_word' id='word_1_776' title='bbox 1333 2293 1362 2319; x_wconf 83' lang='grc' dir='ltr'>ἐν</span> <span class='ocrx_word' id='word_1_777' title='bbox 1380 2295 1554 2331; x_wconf 80' lang='grc' dir='ltr'>πρωτογεννή</span> <span class='ocrx_word' id='word_1_778' title='bbox 1559 2304 1625 2331; x_wconf 86' lang='grc' dir='ltr'>μασι</span> <span class='ocrx_word' id='word_1_779' title='bbox 1642 2298 1759 2332; x_wconf 78' lang='grc' dir='ltr'>καρπῶν</span> <span class='ocrx_word' id='word_1_780' title='bbox 1769 2299 1813 2333; x_wconf 82' lang='grc' dir='ltr'>γῆς</span> <span class='ocrx_word' id='word_1_781' title='bbox 1826 2298 1880 2323; x_wconf 67' lang='grc' dir='ltr'>εὐλό-</span> 
     </span>
    </p>
   </div>
   <div class='ocr_carea' id='block_1_107' title="bbox 1118 2337 1876 2377">
    <p class='ocr_par' dir='ltr' id='par_1_107' title="bbox 1118 2337 1876 2377">
     <span class='ocr_line' id='line_1_108' title="bbox 1118 2337 1876 2377; baseline 0.013 -14"><span class='ocrx_word' id='word_1_782' title='bbox 1118 2337 1187 2370; x_wconf 89' lang='grc' dir='ltr'>γησέ</span> <span class='ocrx_word' id='word_1_783' title='bbox 1208 2345 1236 2362; x_wconf 89' lang='grc' dir='ltr'><strong>σε</strong></span> <span class='ocrx_word' id='word_1_784' title='bbox 1250 2337 1362 2373; x_wconf 84' lang='grc' dir='ltr'>Κύριος,</span> <span class='ocrx_word' id='word_1_785' title='bbox 1376 2338 1467 2371; x_wconf 82' lang='grc' dir='ltr'>καθὼς</span> <span class='ocrx_word' id='word_1_786' title='bbox 1474 2340 1604 2376; x_wconf 82' lang='grc' dir='ltr'>εὑλόγησε</span> <span class='ocrx_word' id='word_1_787' title='bbox 1616 2343 1724 2376; x_wconf 79' lang='grc' dir='ltr'>πάντας</span> <span class='ocrx_word' id='word_1_788' title='bbox 1733 2345 1792 2376; x_wconf 76' lang='grc' dir='ltr'>τοὺς</span> <span class='ocrx_word' id='word_1_789' title='bbox 1800 2344 1876 2377; x_wconf 62' lang='grc' dir='ltr'>ἁγίονῶ</span> 
     </span>
    </p>
   </div>
   <div class='ocr_carea' id='block_1_108' title="bbox 1117 2380 1876 2423">
    <p class='ocr_par' dir='ltr' id='par_1_108' title="bbox 1117 2380 1876 2423">
     <span class='ocr_line' id='line_1_109' title="bbox 1117 2380 1876 2423; baseline 0.017 -17"><span class='ocrx_word' id='word_1_790' title='bbox 1117 2380 1174 2407; x_wconf 84' lang='grc' dir='ltr'><strong>ἀπὸ</strong></span> <span class='ocrx_word' id='word_1_791' title='bbox 1192 2382 1274 2409; x_wconf 80' lang='grc' dir='ltr'>’Δὸελ</span> <span class='ocrx_word' id='word_1_792' title='bbox 1291 2383 1344 2415; x_wconf 69' lang='grc' dir='ltr'>ἕως</span> <span class='ocrx_word' id='word_1_793' title='bbox 1354 2384 1401 2411; x_wconf 83' lang='grc' dir='ltr'>τοῦ</span> <span class='ocrx_word' id='word_1_794' title='bbox 1414 2385 1471 2412; x_wconf 83' lang='grc' dir='ltr'>νῦν.</span> <span class='ocrx_word' id='word_1_795' title='bbox 1487 2388 1524 2413; x_wconf 80' lang='grc' dir='ltr'><strong>Οὺ</strong></span> <span class='ocrx_word' id='word_1_796' title='bbox 1536 2387 1591 2422; x_wconf 83' lang='grc' dir='ltr'><strong>γὰρ</strong></span> <span class='ocrx_word' id='word_1_797' title='bbox 1602 2388 1709 2416; x_wconf 83' lang='grc' dir='ltr'>δέδοταί</span> <span class='ocrx_word' id='word_1_798' title='bbox 1728 2399 1767 2417; x_wconf 86' lang='grc' dir='ltr'><strong>σοι</strong></span> <span class='ocrx_word' id='word_1_799' title='bbox 1778 2390 1832 2423; x_wconf 77' lang='grc' dir='ltr'>ἄλλη</span> <span class='ocrx_word' id='word_1_800' title='bbox 1844 2397 1876 2423; x_wconf 77' lang='grc' dir='ltr'>με-</span> 
     </span>
    </p>
   </div>
   <div class='ocr_carea' id='block_1_109' title="bbox 1119 2426 1874 2470">
    <p class='ocr_par' dir='ltr' id='par_1_109' title="bbox 1119 2426 1874 2470">
     <span class='ocr_line' id='line_1_110' title="bbox 1119 2426 1874 2470; baseline 0.012 -16"><span class='ocrx_word' id='word_1_801' title='bbox 1119 2427 1171 2462; x_wconf 84' lang='grc' dir='ltr'>ρὶς,</span> <span class='ocrx_word' id='word_1_802' title='bbox 1184 2426 1200 2462; x_wconf 82' lang='grc' dir='ltr'>ἤ</span> <span class='ocrx_word' id='word_1_803' title='bbox 1216 2428 1265 2463; x_wconf 82' lang='grc' dir='ltr'>τῆς</span> <span class='ocrx_word' id='word_1_804' title='bbox 1277 2430 1403 2466; x_wconf 85' lang='grc' dir='ltr'>πιότητος</span> <span class='ocrx_word' id='word_1_805' title='bbox 1421 2431 1471 2466; x_wconf 85' lang='grc' dir='ltr'>τῆς</span> <span class='ocrx_word' id='word_1_806' title='bbox 1487 2433 1550 2468; x_wconf 84' lang='grc' dir='ltr'>γῆς,</span> <span class='ocrx_word' id='word_1_807' title='bbox 1567 2431 1601 2468; x_wconf 83' lang='grc' dir='ltr'><strong>ἧς</strong></span> <span class='ocrx_word' id='word_1_808' title='bbox 1613 2434 1643 2460; x_wconf 85' lang='grc' dir='ltr'>ὲν</span> <span class='ocrx_word' id='word_1_809' title='bbox 1656 2435 1748 2467; x_wconf 87' lang='grc' dir='ltr'>πόνοις</span> <span class='ocrx_word' id='word_1_810' title='bbox 1760 2437 1782 2462; x_wconf 76' lang='grc' dir='ltr'>οι</span> <span class='ocrx_word' id='word_1_811' title='bbox 1793 2434 1874 2470; x_wconf 63' lang='lat' dir='ltr'><strong>aut.me</strong></span> 
     </span>
    </p>
   </div>
   <div class='ocr_carea' id='block_1_110' title="bbox 1117 2473 1874 2516">
    <p class='ocr_par' dir='ltr' id='par_1_110' title="bbox 1117 2473 1874 2516">
     <span class='ocr_line' id='line_1_111' title="bbox 1117 2473 1874 2516; baseline 0.017 -17"><span class='ocrx_word' id='word_1_812' title='bbox 1117 2473 1158 2499; x_wconf 85' lang='grc' dir='ltr'>ὅτι</span> <span class='ocrx_word' id='word_1_813' title='bbox 1174 2475 1221 2501; x_wconf 78' lang='grc' dir='ltr'>καὶ</span> <span class='ocrx_word' id='word_1_814' title='bbox 1241 2475 1255 2501; x_wconf 82' lang='grc' dir='ltr'>ὁ</span> <span class='ocrx_word' id='word_1_815' title='bbox 1275 2477 1366 2512; x_wconf 88' lang='grc' dir='ltr'>πατὴρ</span> <span class='ocrx_word' id='word_1_816' title='bbox 1383 2477 1460 2512; x_wconf 85' lang='grc' dir='ltr'>ήμῶν</span> <span class='ocrx_word' id='word_1_817' title='bbox 1481 2478 1577 2505; x_wconf 84' lang='grc' dir='ltr'>Ἰακὼὸ</span> <span class='ocrx_word' id='word_1_818' title='bbox 1596 2480 1626 2506; x_wconf 84' lang='grc' dir='ltr'>ὲν</span> <span class='ocrx_word' id='word_1_819' title='bbox 1642 2481 1776 2516; x_wconf 81' lang='grc' dir='ltr'>εὐλογίαις</span> <span class='ocrx_word' id='word_1_820' title='bbox 1790 2482 1832 2515; x_wconf 79' lang='grc' dir='ltr'>γῆς</span> <span class='ocrx_word' id='word_1_821' title='bbox 1843 2480 1874 2505; x_wconf 64' lang='lat'><strong>1&quot;</strong></span> 
     </span>
    </p>
   </div>
   <div class='ocr_carea' id='block_1_111' title="bbox 1118 2519 1874 2560">
    <p class='ocr_par' dir='ltr' id='par_1_111' title="bbox 1118 2519 1874 2560">
     <span class='ocr_line' id='line_1_112' title="bbox 1118 2519 1874 2560; baseline 0.007 -15"><span class='ocrx_word' id='word_1_822' title='bbox 1118 2519 1248 2554; x_wconf 77' lang='grc' dir='ltr'>ἀπαρχῶν</span> <span class='ocrx_word' id='word_1_823' title='bbox 1272 2522 1385 2556; x_wconf 86' lang='grc' dir='ltr'>καρπῶν</span> <span class='ocrx_word' id='word_1_824' title='bbox 1408 2523 1540 2559; x_wconf 80' lang='grc' dir='ltr'>εὐλόγησέ</span> <span class='ocrx_word' id='word_1_825' title='bbox 1568 2533 1612 2560; x_wconf 86' lang='grc' dir='ltr'>με.</span> <span class='ocrx_word' id='word_1_826' title='bbox 1634 2526 1691 2553; x_wconf 80' lang='grc' dir='ltr'><strong>Καὶ</strong></span> <span class='ocrx_word' id='word_1_827' title='bbox 1708 2528 1723 2553; x_wconf 86' lang='grc' dir='ltr'><strong><em>ὸ</em></strong></span> <span class='ocrx_word' id='word_1_828' title='bbox 1745 2527 1803 2554; x_wconf 67' lang='lat' dir='ltr'><strong>Acut</strong></span> <span class='ocrx_word' id='word_1_829' title='bbox 1821 2525 1874 2551; x_wconf 72' lang='grc' dir='ltr'>χιιὶό</span> 
     </span>
    </p>
   </div>
   <div class='ocr_carea' id='block_1_112' title="bbox 1124 2565 1873 2606">
    <p class='ocr_par' dir='ltr' id='par_1_112' title="bbox 1124 2565 1873 2606">
     <span class='ocr_line' id='line_1_113' title="bbox 1124 2565 1873 2606; baseline 0.003 -15"><span class='ocrx_word' id='word_1_830' title='bbox 1124 2565 1206 2592; x_wconf 81' lang='grc' dir='ltr'>Ἰούδα</span> <span class='ocrx_word' id='word_1_831' title='bbox 1218 2566 1397 2602; x_wconf 81' lang='grc' dir='ltr'>ὲδοξάσθησαν</span> <span class='ocrx_word' id='word_1_832' title='bbox 1408 2569 1482 2604; x_wconf 84' lang='grc' dir='ltr'>παρὰ</span> <span class='ocrx_word' id='word_1_833' title='bbox 1495 2570 1590 2606; x_wconf 87' lang='grc' dir='ltr'>Κυρίῳ</span> <span class='ocrx_word' id='word_1_834' title='bbox 1601 2571 1630 2597; x_wconf 83' lang='grc' dir='ltr'>ὲν</span> <span class='ocrx_word' id='word_1_835' title='bbox 1643 2572 1713 2604; x_wconf 80' lang='grc' dir='ltr'>υἱοῖς</span> <span class='ocrx_word' id='word_1_836' title='bbox 1732 2570 1824 2599; x_wconf 77' lang='grc' dir='ltr'><strong>Ίακὼὀ.</strong></span> <span class='ocrx_word' id='word_1_837' title='bbox 1836 2570 1873 2595; x_wconf 68' lang='grc' dir='ltr'><strong>Καὶ</strong></span> 
     </span>
    </p>
   </div>
   <div class='ocr_carea' id='block_1_113' title="bbox 1116 2612 1872 2653">
    <p class='ocr_par' dir='ltr' id='par_1_113' title="bbox 1116 2612 1872 2653">
     <span class='ocr_line' id='line_1_114' title="bbox 1116 2612 1872 2653; baseline 0.011 -14"><span class='ocrx_word' id='word_1_838' title='bbox 1116 2612 1170 2648; x_wconf 84' lang='grc' dir='ltr'><strong>γὰρ</strong></span> <span class='ocrx_word' id='word_1_839' title='bbox 1185 2614 1200 2640; x_wconf 85' lang='grc' dir='ltr'>ὀ</span> <span class='ocrx_word' id='word_1_840' title='bbox 1215 2613 1316 2650; x_wconf 82' lang='grc' dir='ltr'>Κύριος</span> <span class='ocrx_word' id='word_1_841' title='bbox 1329 2615 1485 2651; x_wconf 75' lang='grc' dir='ltr'>ἐκλήρωσεν</span> <span class='ocrx_word' id='word_1_842' title='bbox 1497 2616 1526 2643; x_wconf 80' lang='grc' dir='ltr'>ὲν</span> <span class='ocrx_word' id='word_1_843' title='bbox 1537 2618 1641 2650; x_wconf 82' lang='grc' dir='ltr'>αὐτοῖς,</span> <span class='ocrx_word' id='word_1_844' title='bbox 1654 2619 1702 2645; x_wconf 74' lang='grc' dir='ltr'>καὶ</span> <span class='ocrx_word' id='word_1_845' title='bbox 1716 2619 1753 2653; x_wconf 87' lang='grc' dir='ltr'>τῷ</span> <span class='ocrx_word' id='word_1_846' title='bbox 1765 2615 1872 2653; x_wconf 72' lang='grc' dir='ltr'><strong>μὲνὲδωκε</strong></span> 
     </span>
    </p>
   </div>
   <div class='ocr_carea' id='block_1_114' title="bbox 1082 2253 1105 2281">
    <p class='ocr_par' dir='ltr' id='par_1_114' title="bbox 1082 2253 1105 2281">
     <span class='ocr_line' id='line_1_115' title="bbox 1082 2253 1105 2281; baseline 0 0"><span class='ocrx_word' id='word_1_847' title='bbox 1082 2253 1105 2281; x_wconf 91' lang='lat' dir='ltr'><strong>D</strong></span> 
     </span>
    </p>
   </div>
   <div class='ocr_carea' id='block_1_115' title="bbox 1149 2713 1452 2746">
    <p class='ocr_par' dir='ltr' id='par_1_115' title="bbox 1149 2713 1452 2746">
     <span class='ocr_line' id='line_1_116' title="bbox 1149 2713 1452 2746; baseline 0.02 -7"><span class='ocrx_word' id='word_1_848' title='bbox 1149 2713 1206 2746; x_wconf 73' lang='lat'><strong>(‘25)</strong></span> <span class='ocrx_word' id='word_1_849' title='bbox 1226 2716 1296 2742; x_wconf 84' lang='grc' dir='ltr'><strong>οὐκ.</strong></span> <span class='ocrx_word' id='word_1_850' title='bbox 1308 2714 1398 2743; x_wconf 84' lang='grc' dir='ltr'><strong>Οὐδέν.</strong></span> <span class='ocrx_word' id='word_1_851' title='bbox 1414 2718 1452 2745; x_wconf 82' lang='lat' dir='ltr'><strong>lu.</strong></span> 
     </span>
    </p>
   </div>
   <div class='ocr_carea' id='block_1_116' title="bbox 1161 2748 1663 2789">
    <p class='ocr_par' dir='ltr' id='par_1_116' title="bbox 1161 2748 1663 2789">
     <span class='ocr_line' id='line_1_117' title="bbox 1161 2748 1663 2789; baseline 0.018 -15"><span class='ocrx_word' id='word_1_852' title='bbox 1221 2751 1380 2789; x_wconf 57' lang='grc' dir='ltr'>ρορισμέν.</span> <span class='ocrx_word' id='word_1_853' title='bbox 1395 2753 1602 2789; x_wconf 23' lang='grc' dir='ltr'>λΠερισπασμόν.</span> <span class='ocrx_word' id='word_1_854' title='bbox 1622 2755 1663 2784; x_wconf 82' lang='lat' dir='ltr'><strong>lu.</strong></span> 
     </span>
    </p>
   </div>
   <div class='ocr_carea' id='block_1_117' title="bbox 1159 2784 1486 2822">
    <p class='ocr_par' dir='ltr' id='par_1_117' title="bbox 1159 2784 1486 2822">
     <span class='ocr_line' id='line_1_118' title="bbox 1159 2784 1486 2822; baseline 0.015 -12"><span class='ocrx_word' id='word_1_855' title='bbox 1222 2784 1318 2818; x_wconf 64' lang='grc' dir='ltr'>Ζωῆςζ</span> <span class='ocrx_word' id='word_1_856' title='bbox 1329 2787 1434 2822; x_wconf 84' lang='grc' dir='ltr'>Ψυχῆς.</span> <span class='ocrx_word' id='word_1_857' title='bbox 1441 2784 1486 2815; x_wconf 72' lang='grc' dir='ltr'><strong>Ἰυ.</strong></span> 
     </span>
    </p>
   </div>
   <div class='ocr_carea' id='block_1_118' title="bbox 1160 2818 1867 2862">
    <p class='ocr_par' dir='ltr' id='par_1_118' title="bbox 1160 2818 1867 2862">
     <span class='ocr_line' id='line_1_119' title="bbox 1160 2818 1867 2862; baseline 0.016 -18"><span class='ocrx_word' id='word_1_858' title='bbox 1160 2818 1202 2853; x_wconf 84' lang='grc'><strong>28)</strong></span> <span class='ocrx_word' id='word_1_859' title='bbox 1220 2818 1459 2862; x_wconf 56' lang='grc' dir='ltr'>ᾼίεςττριςμλὶέἰξως</span> <span class='ocrx_word' id='word_1_860' title='bbox 1475 2832 1501 2850; x_wconf 80' lang='grc' dir='ltr'><strong>τι</strong></span> <span class='ocrx_word' id='word_1_861' title='bbox 1513 2823 1571 2852; x_wconf 82' lang='grc' dir='ltr'><strong>τῶν</strong></span> <span class='ocrx_word' id='word_1_862' title='bbox 1586 2825 1734 2854; x_wconf 70' lang='grc' dir='ltr'>ἐντολῶν.</span> <span class='ocrx_word' id='word_1_863' title='bbox 1750 2829 1867 2862; x_wconf 56' lang='lat' dir='ltr'><strong>Aur-{19‘</strong></span> 
     </span>
    </p>
   </div>
   <div class='ocr_carea' id='block_1_119' title="bbox 1114 2854 1445 2889">
    <p class='ocr_par' dir='ltr' id='par_1_119' title="bbox 1114 2854 1445 2889">
     <span class='ocr_line' id='line_1_120' title="bbox 1114 2854 1445 2889; baseline 0.015 -10"><span class='ocrx_word' id='word_1_864' title='bbox 1114 2854 1196 2889; x_wconf 74' lang='grc' dir='ltr'>μένας</span> <span class='ocrx_word' id='word_1_865' title='bbox 1209 2854 1257 2886; x_wconf 72' lang='grc' dir='ltr'><strong>τὰς</strong></span> <span class='ocrx_word' id='word_1_866' title='bbox 1272 2854 1389 2888; x_wconf 70' lang='grc' dir='ltr'>ἐντολάς.</span> <span class='ocrx_word' id='word_1_867' title='bbox 1407 2858 1445 2886; x_wconf 77' lang='lat' dir='ltr'><strong>In.</strong></span> 
     </span>
    </p>
   </div>
  </div>
