1913 3102
19 130 61 161 ῢϐθ

489 134 493 139 '
537 127 799 156 TESTAMENTUM
817 127 987 157 ZABULON.

1533 135 1601 164 £090

19 201 38 227 ιν
52 188 189 226 ἱερατείαν,
205 186 244 224 τῷ
256 187 284 214 δὲ
301 185 449 223 βασιλείαν.
469 186 565 218 Δὺτοῖς
582 187 760 220 ὑπακούσατε1

817 187 960 224 gloriﬁcali
976 192 1039 215 sunt
1063 195 1078 215 a
1101 187 1217 217 Domino
1242 189 1268 217 in
1292 190 1355 218 ﬁliis
1379 191 1472 221 Jacob.
1492 193 1601 224 Etenim

19 238 36 263 ιὶ
48 237 76 271 τῇ
91 234 218 270 ἁπλότητι
228 233 275 260 τοῦ
288 232 390 268 πατρὸς
408 231 485 267 ὑμῶν
498 232 712 268 περιπατήσατε·
722 233 762 259 ὅτι

19 284 35 308 ii
47 281 80 316 τῷ
97 279 147 307 Γάδ
165 279 244 314 ἐδόθη
256 278 385 305 ἀπολέσαι
405 277 439 304 τὰ
455 278 620 314 πειρατήρια
636 277 671 304 τὰ
686 278 765 314 ὲπερ-

19 331 82 364 ἱμενα
99 326 214 362 Ἰσραήλ.

25 467 61 500 (Γ.
76 475 84 491 ι
95 463 157 492 οἶδα
170 465 208 497 δὲ,
218 465 299 492 τέκνα
310 472 370 500 μου,
380 464 420 491 δτι
433 464 461 490 ἐν
471 462 594 498 ἐσχάτοις
605 463 709 498 καιροῖς
719 469 765 488 καμ

19 512 143 546 ιλείψουσιν
160 511 185 538 ol
199 511 251 537 υἱοὶ
267 509 347 546 ἡμῶν
361 510 417 545 (29)
429 510 479 545 τὴν
487 509 635 544 ἁπλότητα,
645 508 692 535 καὶ
701 508 763 534 κολ-

19 558 133 594 ίθήσονται
150 559 184 593 τῇ
204 556 350 592 ἀπληστίᾳ·
370 556 416 582 καὶ
437 555 553 590 ἀφέντες
572 555 621 590 τὴν
635 555 762 587 ἀκακίαν,

19 603 190 630 γισπελάσουσι
207 603 241 637 τῇ
258 601 422 636 κακουργίᾳ,
436 601 482 627 καὶ
495 599 688 630 καταλιπόντες
707 599 762 634 (50)

19 658 32 681 ις
49 648 149 680 ἐντολὰς
165 647 279 683 Κυρίου,
301 646 513 682 κολληθήσονται
530 645 568 681 τῷ
586 645 694 681 Βελιάρο
716 646 763 671 καὶ

19 694 88 725 θέντες
101 693 129 720 τδ
139 693 283 729 γεώργιον,
306 692 546 727 ὲξακολουθήσουσι
565 693 621 722 τοϊς
635 692 762 727 πονηροῖς

19 739 131 771 ιῦουλίοις
141 739 241 772 αὐτῶν,
254 739 301 765 καὶ
310 738 542 773 διασπαρήσονται
553 738 582 763 ὲν
595 738 651 769 τοῖς
663 737 761 769 ἔθνεσι,

19 786 31 811 tl
41 784 201 811 δουλεύσουσι
223 785 279 816 τοῖς
301 783 407 819 ἐχθροῖς
424 782 523 809 αὐτῶν.
546 782 601 808 Καὶ
617 781 698 817 ὑμεῖς
716 779 762 808 οὖν

19 839 70 857 κατε
81 830 163 857 ταῦτα
180 830 237 862 τοῖς
253 829 358 860 τέκνοις
375 827 464 864 ὑμῶν,
477 828 562 859 ὅπως,
581 827 627 854 ἐὰν
641 827 763 863 ἁμαρτή-

813 233 886 261 Deus
904 234 1089 261 haereditatcm
1108 237 1257 270 assumpsit
1272 244 1306 264 ex
1326 238 1393 272 illis;
1410 244 1437 267 et
1461 239 1525 268 huic
1540 243 1601 277 qui-

813 280 875 307 dem
900 280 973 307 dedit
995 280 1196 315 sacerdotium,
1221 283 1285 310 huic
1310 292 1375 312 vero
1400 293 1525 321 regnum.
1552 287 1601 316 Eis

812 333 878 360 ergo
894 326 1012 360 obedite,
1029 331 1056 354 et
1074 327 1100 353 in
1113 327 1288 362 simplicitate
1304 331 1389 364 patris
1403 333 1485 359 vestri
1503 334 1601 361 ambu-

812 373 881 406 late;
894 373 1023 407 quoniam
1040 378 1066 401 et
1079 373 1136 401 Gad
1152 375 1245 402 datum
1258 380 1299 403 est
1309 378 1422 411 perdere
1435 380 1602 409 tentationes

813 419 1034 453 supervenientes
1051 419 1144 447 Israel.

848 464 892 491 VI.
914 474 924 491 ι
940 465 1009 492 Νονί
1024 473 1099 498 vero,
1116 467 1164 494 ﬁlii
1179 467 1243 501 mei,
1262 468 1334 503 quod
1346 470 1373 496 in
1388 470 1518 499 extremis
1531 475 1600 499 tem-

812 512 924 546 poribus
945 513 1135 548 derelinquent
1162 514 1211 541 ﬁlii
1235 515 1319 542 vestri
1344 517 1547 552 simplicitatem
1574 523 1602 546 et

813 557 992 585 adhaerebunt
1012 559 1148 590 avaritiae;
1170 564 1197 586 et
1219 560 1384 589 dimittentes
1404 563 1600 598 innocentiam,

813 603 1067 638 appropinquabunt
1097 605 1278 640 malignitati;
1320 611 1347 634 et
1380 608 1600 644 derelinquentes

812 649 938 676 mandata
959 649 1023 682 Dei,
1049 650 1226 678 adhaerebunt
1252 652 1358 686 Beliar;
1380 658 1407 680 et
1433 655 1601 684 dimittentes

813 695 1019 730 agriculturam.
1034 701 1182 731 sequentur
1196 698 1349 732 perniciosa
1363 700 1477 727 consilia
1497 708 1557 734 sua,
1573 706 1601 729 et

812 741 1000 776 dispergentur
1019 743 1047 770 in
1061 744 1197 777 gentibus,
1215 749 1240 771 et
1258 745 1378 773 servient
1392 746 1512 774 inimicis
1528 747 1599 776 suis.

814 787 846 813 Et
862 795 911 814 vos
931 788 1012 822 igitur
1027 788 1084 816 hac
1095 789 1177 816 dicite
1192 781 1253 816 tiliis
1269 790 1378 823 vestris,
1396 795 1425 818 ut
1440 791 1461 818 si
1477 797 1599 828 peccent,

812 835 943 863 velociter
965 840 1136 863 revertantur
1155 836 1189 863 ad
1211 836 1371 871 Dominum;
1401 839 1529 873 quoniam
1548 839 1601 866 mi-

19 885 46 903 ›σι
56 876 219 911 (31),τάχιον
230 875 415 911 ὲπιστρέψωσι
433 874 500 910 πρὸς
511 874 621 910 Κύριον·
639 874 680 900 ὅτι
692 873 760 909 ἐλεή-

815 882 932 909 sericors
952 885 1003 916 est,
1025 886 1051 909 et
1069 882 1165 918 eripiet
1180 891 1238 917 eos,
1257 889 1286 912 ut
1303 889 1476 913 revertantur
1491 886 1519 913 in
1541 890 1598 914 ter-

19 932 39 949 ov
50 923 111 954 ἐστὶ,
131 923 180 949 καὶ
199 921 328 955 ὲξελεϊται
343 921 453 952 αὐτοὺς,
473 919 520 946 τοῦ
540 919 702 955 ἐπιπρέψαι
720 919 760 951 εἰς

20 979 31 995 ν
39 970 83 1005 γῆν
94 969 182 996 αὐτῶν
200 968 268 1004 (52).

20 1015 49 1040 Z‘.
64 1024 72 1040 ι
87 1014 148 1041 Px6’
162 1014 233 1041 ὲτῶν
255 1014 313 1050 εἰμι
331 1012 395 1048 ἐγώ·
418 1012 466 1039 καὶ
487 1012 536 1039 οὐκ
554 1011 638 1046 ἔγνων
655 1010 698 1036 ὲπ¹
710 1009 760 1045 ἐμὲ

19 1060 107 1095 ιαρτίαν
124 1061 164 1091 εις
184 1059 309 1086 θάνατον.
329 1059 402 1094 Πλὴν
414 1058 464 1093 τῆς
486 1056 613 1092 γυναικός
633 1065 693 1092 μου,
711 1056 760 1082 οὐκ

19 1114 60 1131 νων
72 1104 160 1140 ἄλλην·
181 1105 233 1131 οὐκ
251 1104 401 1140 ὲπόρνευσα
412 1104 441 1129 ὲν
460 1102 640 1138 μετεωρισμῷ
660 1101 759 1136 ὀφθαλ-

19 1150 47 1176 ὖψ
63 1148 127 1176 οἶνον
147 1151 189 1182 εἰς
211 1149 397 1185 ἀποπλάνησιν
416 1148 465 1175 οὐκ
488 1148 573 1174 ἔπιον·
596 1148 649 1174 πᾶν
667 1145 761 1173 ἐπιθύ-

19 1203 56 1229 ιμα
68 1194 111 1221 τοῦ
122 1195 237 1231 πλησίον
252 1194 302 1220 οὐκ
317 1193 448 1228 sucensus
459 1193 533 1224 δόλος
544 1193 594 1219 οὐκ
607 1192 714 1227 ἐγένετο
730 1192 759 1218 ὲν

19 1240 73 1276 ηρδίᾳ
86 1249 144 1276 μου·
160 1240 258 1275 ψεῦδος
271 1240 321 1266 οὐκ
339 1239 437 1275 ἀνῆλθε
449 1239 492 1265 διὰ
507 1238 560 1265 τῶν
574 1238 684 1273 χειλέων
698 1247 759 1273 μου.

19 1287 62 1312 ιντὶ
72 1286 205 1322 ἀνθρώπῳ
219 1285 380 1321 ὁδυνωμένῳ
394 1284 582 1317 συνεστέναξα,
597 1284 644 1310 καὶ
661 1283 761 1319 πτωχῷ

19 1332 114 1359 eam
132 1333 178 1359 τὸν
201 1332 281 1368 ἄρτον
302 1340 361 1367 μου.
381 1332 438 1357 υὺκ
459 1331 558 1366 ἔφαγον
582 1330 670 1366 μόνος·
688 1330 761 1366 ὅριον

19 1385 31 1402 κ
42 1377 124 1410 ἔλυσα,
142 1377 283 1404 εὐσέϐειαν
295 1377 411 1413 ἐποίησα
425 1378 453 1403 ὲν
462 1377 561 1408 πάσαις
571 1377 632 1408 ταῖς
644 1375 761 1411 ἡμέραις

19 1421 53 1452 οὗ,
63 1423 104 1448 καὶ
112 1422 240 1457 ἀλήθειαν
253 1422 318 1456 (55).
331 1421 382 1447 Τὸν
393 1421 494 1457 Κύριον
505 1421 635 1456 ἠγάπησα
646 1420 674 1446 ὲν
687 1420 762 1457 πάσῃ

30 1466 93 1500 ἰσχύϊ
109 1475 170 1501 μου·
188 1466 290 1501 ὁμοίως
306 1466 354 1492 καὶ
371 1465 457 1493 πάντα
469 1465 610 1501 ἄνθρωπον
618 1465 759 1501 ἠγάπησα,

19 1511 83 1546 ;(54)
101 1512 135 1538 τὰ
150 1512 235 1538 τέκνα
255 1520 315 1546 μου.
336 1511 428 1537 Ταῦτα
448 1512 579 1545 ποιήσατε
603 1511 649 1537 καὶ
671 1511 759 1545 ὑμεῖς,

19 1565 58 1582 κνα
70 1565 126 1592 μου,
139 1557 187 1584 καὶ
200 1558 254 1583 πᾶν
270 1556 378 1592 πνεῦμα
393 1555 439 1583 τοῦ
456 1556 554 1592 Βελιὰρ
573 1555 700 1590 φεύξεται
711 1556 757 1591 ἀφ’
773 1551 794 1580 C

19 1601 117 1633 aformal.
133 1604 210 1629 πᾶσα
228 1601 327 1639 πρᾶξις
346 1602 471 1638 πονηρῶν
491 1601 642 1638 ἀνθρώπων
659 1603 688 1629 οὐ
709 1611 758 1629 κυ-

19 1648 76 1674 εύσει
83 1649 167 1684 ὑμῶν·
179 1649 228 1675 καὶ
235 1649 322 1675 πάντα
330 1649 424 1684 ἄγριον
432 1648 502 1684 θῆρα
509 1647 757 1680 καταδουλώσεσθε,

19 1700 80 1725 οντες
93 1694 148 1729 μεθ’
163 1693 269 1720 ἑαυτῶν
281 1694 347 1719 Θεὸν
360 1693 407 1719 τοῦ
420 1694 449 1720 οὑ
455 1693 543 1729 ρανοῦ·
559 1693 759 1729 συμπορευόμε-

19 1740 78 1770 ιτοῖς
87 1738 241 1775 ἀνθρώποις
254 1739 281 1765 ἐν
295 1739 425 1774 ἁπλότητι
437 1739 560 1775 καρδίας.
573 1749 582 1765 ι
593 1740 648 1766 Καὶ
660 1739 758 1765 ἐνετεί-

19 1791 42 1809 το
53 1785 146 1816 αὐτοῖς,
160 1785 236 1815 ὅπως
246 1784 380 1818 ἀνάγωσιν
396 1784 477 1811 αὐτὸν
496 1786 525 1811 ὲν
541 1783 664 1821 Χεϐρὼν,
679 1785 759 1811 κάκεῖ

19 1828 55 1855 τὴν
71 1829 191 1863 θάψωσιν
203 1831 232 1856 ὲν
247 1830 285 1866 τῷ
299 1831 422 1867 σπηλαίῳ
440 1831 570 1866 μετὰτῶν
579 1831 703 1866 πατέρων
710 1831 759 1857 αὺ-

19 1875 35 1900 3.
51 1876 100 1902 Καὶ
115 1875 233 1908 ἐξέτεινε
249 1877 313 1908 τοὺς
337 1877 419 1908 πόδας
443 1877 535 1908 αὐτοῦ,
559 1877 606 1903 καὶ
625 1876 758 1903 ἀπέθανεν

21 1930 95 1955 μπτος
113 1922 169 1957 (55)
183 1923 212 1948 ὲν
224 1925 303 1958 γήρει
321 1922 405 1958 καλῷ,
418 1924 472 1949 πᾶν
496 1923 575 1958 μέλος
589 1923 658 1958 ἔχων
673 1922 757 1957 ὑγιὲς,

19 1966 27 1992 ὶ
41 1967 131 2002 ἰσχύων
148 1968 274 1995 ὕπνωσεν
291 1967 375 1995 ὕπνον
392 1968 511 1995 αἰώνιον.

241 2089 437 2116 ΚΕΦΑΛΑΙΟΝ
459 2090 504 2122 (τ’.

23 2142 138 2178 Διαθήκη
157 2143 414 2206 Ζαϐουλὼφὲἶλέίερὶ
428 2143 655 2178 εὐσπλαγχνίας
670 2144 719 2170 καὶ

355 2188 425 2206 κους.

355 2188 425 2212 ιους.

19 2234 49 2260 Ᾱ’.
74 2235 248 2271 Ἀντίγραφον
264 2235 404 2262 Ζαϐουλὼν
414 2255 421 2267 ,
439 2235 454 2261 ὃ
469 2235 570 2262 διέθετο
582 2238 637 2267 τοῖς
653 2236 757 2267 τέκνοις

19 2279 54 2305 τοῦ
71 2281 208 2316 ἑκατοστῷ
224 2280 433 2316 τεσσαρακοστῷ
450 2280 505 2315 (36)
526 2281 572 2307 καὶ
588 2280 691 2316 δεκάτῳ
704 2280 758 2307 ἔτει

19 2332 27 2354 ς
43 2324 109 2360 ζωῆς
130 2325 224 2358 αὑτοῦ,
240 2326 309 2361 μετὰ
327 2326 373 2352 δύο
390 2326 438 2361 ἔτη
451 2325 497 2352 τοῦ
509 2325 623 2352 θανάτου
648 2326 756 2362 Ἰωσήφ.

19 2368 113 2398 ιἰεἷπεν
129 2372 231 2403 αὐτοῖς·
253 2381 262 2397 ι
288 2371 435 2398 Ἀκούσατέ
468 2379 538 2406 μου,
568 2371 622 2397 υἱοὶ
653 2371 755 2398 Ζαϐου-

771 2221 795 2249 D

19 2456 64 2496 (29)
86 2458 187 2496 Ὴμῶν.
213 2459 304 2496 ’Ῑξμῶν
315 2463 381 2494 puto
392 2458 551 2496 legendum,
569 2457 607 2486 uti
622 2457 758 2496 Rohertus

19 2492 71 2524 tisse
87 2492 211 2527 videtur;
232 2492 293 2522 licet.
311 2492 477 2522 Oxoniensis
495 2494 596 2528 pariter
616 2501 648 2521 ac
661 2493 759 2521 Canta-

19 2527 118 2564 igiensis
133 2531 219 2557 codex
233 2530 331 2557 habeat
352 2529 440 2564 ἡμῶν.
455 2530 493 2556 In.

19 2562 65 2600 (ξφ)
81 2565 311 2600 Καταλιπόντες.
331 2562 600 2600 καταλιμπάνοντες,
619 2564 658 2591 In.

19 2598 65 2635 @l)
87 2599 302 2634 Ἀμαρτήσωσι.
327 2598 493 2635 Ἀμάρτὼσι.
508 2600 545 2626 In.

19 2633 64 2670 (ξὲ)
70 2634 121 2661 Τοῦ
129 2635 306 2669 ἐπιστρέψαι
313 2633 421 2668 εὶς-τὴν·
429 2634 486 2670 γῆν
493 2633 756 2670 αὺτῶνιῡθειιιιμῐι).

19 2668 65 2704 (5.3)
83 2670 245 2697 Εὐσέϐειαν
252 2671 380 2703 ἐποίησα
390 2668 549 2703 ἐνήπάσαις
560 2669 623 2701 ταῖς
635 2669 758 2704 ἡμέραις

19 2702 60 2741 9ῦὶ
72 2705 117 2741 καὶ
134 2704 287 2741 ἀλήθειαν.
306 2702 452 2741 Εὐσέϐειαν
463 2706 588 2741 ἐποίησα,
603 2705 631 2731 ὲν
653 2702 757 2736 ’πάσαις

19 2737 40 2779 ii
51 2739 162 2774 ἡμέραις
178 2748 228 2801 ῗου
239 2740 366 2775 ἀλήθειαν
381 2740 507 2776 ἐποίησα.
523 2737 560 2768 li).

19 2772 66 2806 (ei)
88 2774 144 2806 Ὡς.
170 2775 176 2782 ⁷
204 2775 265 2806 πέρ.
285 2777 323 2802 lu.

27 2780 66 2802 οδ)
96 2780 144 2802 ιυρ-
172 2780 265 2802 ’1⁷πεο.
285 2780 323 2802 ιι).

19 2784 66 2806 ψη
96 2784 144 2806 υς.
184 2784 265 2809 ιπερ.
285 2784 323 2802 ιι).

19 2807 66 2843 (ὢ)
82 2809 225 2843 Πέμπτος.
245 2810 334 2838 Deest.
350 2812 388 2837 lo.

19 2842 65 2878 (36)
84 2842 325 2880 Τεσσαρακοστῷ.
353 2846 480 2882 Τετάρτῳ
505 2846 672 2882 legendum,
695 2847 757 2875 licet

811 935 869 954 ram
886 935 974 955 suam.

846 1015 901 1044 VII.
921 1026 930 1042 ε
945 1017 1060 1045 Centum
1076 1017 1170 1054 viginti
1188 1018 1242 1045 duo
1257 1026 1392 1046 annorum
1410 1027 1470 1047 sum
1484 1027 1552 1056 ego;
1568 1024 1596 1048 et

810 1069 865 1089 non
879 1064 994 1098 cognovi
1011 1072 1093 1099 super
1106 1072 1150 1092 me
1167 1070 1309 1099 peccatum
1327 1065 1353 1092 in
1375 1070 1500 1093 mortem.
1522 1066 1597 1093 Prae—

810 1113 852 1136 ter
866 1117 978 1137 uxorem
996 1118 1094 1144 meam,
1116 1118 1171 1138 non
1187 1112 1302 1146 cognovi
1319 1112 1416 1145 aliam;
1436 1120 1489 1140 non
1512 1112 1598 1140 forni-

811 1158 888 1182 catus
900 1163 960 1183 sum
980 1156 1007 1183 in
1022 1156 1139 1184 elatione
1156 1158 1297 1185 oculorum
1311 1167 1318 1190 ;
1335 1159 1427 1185 vinum
1444 1158 1470 1185 in
1486 1159 1598 1186 aberra-

811 1201 912 1228 tionem
929 1209 984 1228 non
1006 1201 1080 1235 bibi;
1103 1209 1184 1229 omne
1204 1202 1382 1230 desiderabile
1403 1203 1518 1238 proximi
1542 1211 1597 1231 non

811 1248 981 1280 desideravi:
1005 1249 1086 1277 dolus
1110 1258 1163 1277 non
1190 1250 1278 1279 factus
1303 1255 1344 1278 est
1370 1252 1397 1278 in
1421 1252 1502 1279 corde
1519 1260 1596 1286 meo;

812 1294 984 1322 mendacium
1001 1303 1055 1322 non
1074 1297 1197 1324 ascendit
1214 1305 1262 1332 per
1274 1297 1346 1325 labia
1363 1306 1433 1326 mea.
1449 1298 1529 1325 Omni
1546 1298 1598 1325 ho-

812 1341 879 1368 mini
891 1341 985 1369 dolore
998 1342 1121 1370 cruciato
1135 1343 1293 1379 congemui,
1307 1348 1333 1371 et
1348 1345 1459 1380 pauperi
1472 1344 1534 1372 dedi
1550 1352 1599 1380 pa-

812 1394 873 1414 nem
896 1395 998 1414 meum.
1025 1387 1083 1416 Non
1112 1390 1217 1417 comedi
1244 1390 1337 1421 solus;
1366 1391 1513 1418 terminum
1544 1398 1598 1418 non

813 1432 898 1465 solvi;
917 1433 1044 1467 pietatem
1063 1433 1116 1462 feci
1141 1435 1168 1462 in
1189 1436 1317 1463 omnibus
1340 1436 1436 1465 diebus
1462 1438 1550 1470 meis,
1571 1442 1599 1466 et

812 1480 964 1508 veritatem.
980 1482 1125 1510 Dominum
1138 1483 1220 1511 dilexi
1235 1484 1263 1511 in
1279 1488 1334 1512 tota
1352 1484 1511 1513 fortitudine
1522 1494 1597 1519 mea;

814 1525 938 1554 similiter
954 1531 981 1554 et
991 1535 1101 1556 omnem
1117 1529 1255 1557 hominem
1273 1531 1366 1565 dilexi,
1384 1536 1412 1558 ut
1423 1531 1493 1559 ﬁlios
1510 1540 1597 1561 meos.

812 1570 874 1599 Hzec
892 1578 919 1600 et
935 1581 982 1600 vos
1005 1573 1130 1608 faciatis,
1155 1576 1203 1603 ﬁlii
1224 1577 1294 1610 mei,
1315 1582 1342 1604 et
1364 1578 1455 1605 omnis
1484 1578 1599 1612 spiritus

807 1619 894 1647 Beliar
910 1619 995 1655 fugiet
1007 1627 1022 1646 a
1038 1621 1132 1655 vobis;
1151 1626 1177 1649 et
1192 1623 1282 1650 omnis
1297 1624 1368 1650 actio
1379 1624 1599 1658 perniciosorum

807 1665 948 1692 hominum
966 1674 1020 1693 non
1035 1667 1221 1694 dominabitur
1241 1668 1334 1702 vobis;
1349 1673 1376 1695 et.
1396 1677 1503 1696 omnem
1520 1678 1600 1705 agre-

808 1715 875 1738 stem
890 1711 974 1739 feram
990 1713 1111 1740 servituti
1128 1713 1291 1748 subjicietis,
1307 1714 1438 1742 habentes
1455 1716 1598 1744 vobiscum

807 1756 892 1784 Deum
906 1758 987 1791 cadi;
1004 1759 1175 1786 ambulantes
1188 1767 1249 1786 cum
1271 1759 1430 1788 hominibus
1450 1761 1477 1788 in
1494 1762 1599 1796 simpli-

808 1804 888 1832 citate
904 1805 1005 1832 cordis.
1028 1814 1038 1831 ι
1054 1804 1088 1832 Ει
1110 1805 1249 1832 mandavit
1267 1807 1319 1839 eis,
1338 1812 1369 1834 ut
1383 1807 1518 1836 reducant
1532 1817 1597 1837 eum

807 1850 835 1877 in
853 1848 972 1884 Hebron,
990 1855 1015 1878 et
1036 1851 1091 1879 illic
1106 1859 1168 1878 eum
1191 1851 1324 1886 sepeliant
1341 1853 1368 1880 in
1389 1854 1518 1888 spelunca
1534 1863 1598 1883 cum

808 1896 932 1931 patribus
958 1897 1025 1924 suis.
1045 1896 1078 1924 Et
1093 1897 1214 1925 extendit
1237 1898 1319 1932 pedes
1339 1907 1414 1932 suos,
1430 1905 1457 1927 et
1471 1906 1597 1929 mortuus

808 1947 849 1969 est
866 1943 977 1977 quintus
999 1943 1081 1978 (illius
1105 1943 1189 1979 Liss),
1207 1944 1233 1970 in
1256 1949 1396 1973 senectute
1409 1946 1490 1978 bona,
1510 1955 1593 1975 omne

809 1988 959 2016 membrum
979 1989 1082 2016 habens
1093 1997 1202 2023 sanum,
1221 1993 1249 2017 et
1262 1995 1358 2024 potens
1378 1991 1509 2020 dormivit
1522 2001 1598 2020 som-

810 2042 874 2061 num
890 2039 1059 2069 perpetuum.

1113 2092 1228 2120 CAPUT
1249 2093 1293 2121 Vl.

813 2148 1004 2176 Testamentum
1024 2149 1165 2192 Zabulon,
1178 2151 1455 2212 dedeammiseratione
1476 2156 1503 2180 et
1517 2153 1595 2180 mise-

1141 2194 1211 2212 ncor
1230 2195 1266 2212 ιιι.

1141 2194 1266 2213 ncorata.

843 2241 864 2268 1.
889 2241 1096 2278 Transcriptum
1122 2242 1243 2270 Zuhulon
1256 2264 1263 2276 ,
1283 2244 1356 2279 quod
1375 2243 1510 2279 disposuit
1533 2245 1598 2273 ﬁliis

810 2288 868 2316 suis
889 2290 1038 2316 centesimo
1052 2289 1158 2317 decimo
1175 2294 1273 2325 quarto
1285 2298 1358 2317 anno
1372 2291 1434 2319 vita;
1449 2299 1516 2326 suae,
1535 2297 1597 2327 post

809 2335 879 2362 duos
897 2342 984 2362 annos
1000 2335 1096 2362 mortis
1119 2334 1230 2371 Ioseph.
1250 2335 1283 2363 Et
1301 2337 1371 2365 dixit
1383 2338 1424 2365 eis
1439 2347 1446 2365 :
1469 2347 1479 2364 ‹
1496 2338 1596 2366 Audite

809 2388 862 2413 me,
876 2380 922 2407 ﬁlii
939 2379 1074 2415 Zabulon,
1091 2381 1222 2409 attendite
1235 2383 1325 2410 verbis
1336 2384 1422 2418 patris
1433 2385 1526 2412 vestri.
1540 2384 1595 2418 Ego

809 2465 863 2498 tam
881 2460 906 2487 in
923 2459 1086 2493 Oxoniensi,
1108 2469 1190 2498 quam
1207 2462 1424 2498 Cantabrigiensi
1438 2463 1532 2490 codice
1546 2464 1598 2491 ha-

810 2497 904 2533 beatur
920 2497 1146 2533 τεσσαρακοστῷ,
1165 2498 1289 2533 quamvis
1311 2497 1400 2525 in’illo
1418 2499 1512 2525 ultima
1532 2507 1596 2533 pars

809 2530 898 2568 hujus
915 2531 990 2568 vocis
1008 2530 1098 2568 deleta
1116 2530 1180 2568 sit,’
1191 2532 1264 2568 quod
1277 2540 1363 2568 error
1384 2530 1595 2568 chronologicus

809 2565 1066 2602 deprehenderetur.
1079 2566 1174 2594 Ruben
1185 2565 1259 2594 enim
1271 2566 1357 2594 frater
1368 2572 1433 2595 natu
1445 2565 1594 2602 maximus,

809 2601 904 2627 eodem
940 2608 995 2637 quo
1019 2600 1141 2637 Zabulon
1165 2609 1252 2634 anno,
1272 2603 1391 2629 secundo
1413 2603 1516 2630 scilicet
1533 2600 1598 2637 post;

809 2609 904 2627 eouem
960 2609 995 2627 uo
1019 2609 1141 2628 Lanuton
1165 2609 1252 2634 anno,
1272 2609 1391 2629 secundo
1413 2609 1516 2630 scurcet
1533 2609 1596 2637 post

808 2609 1229 2672 mortemrflosephi,defunctus
1254 2637 1354 2664 dicitur
1375 2645 1457 2672 supra
1479 2637 1596 2666 Testem.

809 2671 830 2703 Ι,
847 2670 860 2706 §
879 2670 904 2698 l.
919 2671 1008 2706 Atqui
1019 2671 1042 2698 is
1069 2671 1169 2699 ibidem
1186 2677 1311 2699 mortuus
1330 2670 1429 2700 dicitur
1448 2673 1500 2700 ηδ
1524 2681 1596 2700 anno

808 2705 871 2743 vitae
880 2706 974 2743 ipsius.
986 2705 1045 2733 Non
1054 2707 1136 2741 igitur
1145 2707 1276 2740 Zabulon,
1289 2707 1484 2743 traterjunior,
1493 2715 1596 2735 annum

809 2741 861 2768 150
877 2741 1010 2777 attingere
1024 2743 1122 2775 potuit,
1137 2743 1184 2770 sed
1204 2743 1296 2777 utique
1318 2743 1369 2770 4M
1379 2741 1456 2770 anno
1470 2749 1597 2771 mortqu

809 2780 859 2808 est,
876 2781 904 2813 ut
918 2775 1007 2803 Latini
1023 2778 1132 2813 codices
1143 2799 1151 2811 ,
1172 2775 1351 2812 manuscripti
1374 2779 1476 2813 pariter
1491 2786 1523 2806 ac
1543 2779 1596 2805 im-

808 2811 907 2849 pressi,
917 2812 1032 2849 habent.
1048 2811 1101 2849 Sed
1113 2814 1142 2841 in
1161 2813 1204 2842 his
1215 2813 1284 2841 male
1296 2811 1341 2847 52,
1358 2811 1408 2849 pro
1422 2814 1531 2842 duobus
1546 2822 1596 2841 att-

810 2847 854 2874 nis
865 2846 946 2882 positi
961 2852 1034 2876 sunt.
1048 2848 1085 2876 lo.
