1913 3102
26 147 90 175 ιοοδ
571 138 831 174 Tesnnmrrun

25 203 168 238 ἀναστῆσαι
187 202 227 238 τῷ
245 200 351 237 ἀδελφῷ
366 200 458 233 αὑτοῦ,
475 201 690 238 ὑπολυθήσεσθαι
703 202 758 238 (46)
771 203 801 229 τὸ
815 206 837 234 Α

25 250 150 285 ὑπόδημα,
173 249 221 275 καὶ
240 248 407 284 ἐμπτύεσθαι
429 249 469 281 εις
488 248 519 274 τὸ
541 247 694 284 πρόσωπον.
711 248 768 275 Καὶ
781 249 806 274 οἱ

25 295 124 329 Ξελφοὶ
146 295 247 330 Ἰωσὴφ
262 295 313 321 οὐκ
328 294 464 330 ἠθέλησαν
479 294 519 325 εὶς
532 293 587 330 (47)
604 293 676 330 ζωὴν
690 292 806 329 ἀδελφοῦ

25 342 105 369 αὐτῶν
115 350 122 356 ·
139 342 189 367 καὶ
196 341 298 377 Κύριος
314 340 447 367 ὑπέλυσεν
462 341 553 373 αὐτοῖς
566 340 597 367 τὸ
611 341 737 376 ὑπόδημα
750 341 807 368 Ἰω-

27 390 73 423 σήφ
88 388 153 422 (48).
168 388 225 414 Καὶ
241 387 295 424 γὰρ
308 387 429 419 ἐλθόντες
443 388 472 413 ἐν
483 386 622 422 Αἰγύπτῳ,
635 386 806 421 ὑπελύθησαν

26 435 70 460 ὑπὸ
89 433 142 459 τῶν
168 433 271 460 παίδων
300 433 411 468 Ἰωσὴφ,·
424 431 496 459 κατὰ
515 432 561 459 τδν
583 432 667 459 τύπον
686 432 733 459 τοῦ
753 432 807 459 Φα-

28 479 76 515 ραώ
96 479 164 515 (50).
193 478 230 506 ού
253 478 332 514 μόνον
356 478 384 505 δέ
405 477 612 514 προσεκύνησαν
633 478 716 513 αὐτῷ,
738 477 807 504 ἀλλὰ

26 527 65 552 καὶ
80 525 295 561 ὲνετιτύσθησαν,
316 525 486 561 παραχρῆμα
506 525 633 556 πεσόντες
653 524 805 560 ἔμπροσθεν

26 571 99 598 αὐτοῦ
110 580 116 586 ”
133 572 182 598 καὶ⁹
197 571 283 602 οὕτως
296 571 468 607 ᾐσχύνθησαν
491 570 644 607 ἔμπροσθεν
660 570 714 597 τῶν
725 570 807 604 Αἰγυ-

26 618 112 644 πτίων.
124 617 205 644 Μετὰ
215 617 300 643 ταῦτα
315 617 369 652 γὰρ
387 617 506 652 ἥκουσαν
524 617 548 643 οἱ
561 615 704 651 Αἰγύπτιοι
720 615 807 642 πάντα

26 664 54 689 τὰ
67 663 137 690 κακὰ
156 663 175 690 ἃ
191 663 361 698 ἐποιήσαμεν
375 662 414 698 τῷ
434 663 542 698 Ἰωσήφ.

55 711 88 735 Δ’.
120 718 129 734 ‹
151 708 231 736 Μετὰ
252 708 337 735 ταῦτα
359 707 454 735 ἐὸαλον
476 708 576 735 ἐσθίειν
600 708 709 735 ἐκεῖνοι.
736 707 806 742 Ἐγὼ

27 756 73 791 γὰρ
95 754 141 781 δύο
166 754 274 790 ἡμέρας
300 754 348 781 καὶ
369 754 416 781 δύο
439 753 538 785 νύκτας
562 754 612 780 οὐκ
638 753 805 789 ἐγευσάμην,

28 800 268 836 σπλαγχνιζόμενος
290 800 336 826 ἐπὶ
357 800 465 835 Ἰωσήφ.
489 799 543 826 Καὶ
565 798 666 830 Ἰούδας
682 797 713 824 οὐ
731 797 807 824 συνέ-

27 855 121 882 τρωγεν
136 845 231 877 αὐτοῖς
242 848 249 860 ⁸
266 846 392 881 προσεῖχε
407 844 435 872 δὲ
444 843 483 879 τῷ
498 844 602 879 λάκκῳ,
616 844 656 870 ὅτι
674 842 804 878 ἐφοϐεῖτο,

29 892 60 927 μὴ
75 892 299 927 ἀποπηδήσαντες
317 890 428 926 Συμεὼν
442 890 490 917 καὶ
502 891 556 918 Γὰδ
570 889 700 916 ἀνέλωσιν
714 888 804 916 αὐτόν.
821 881 843 908 Β

28 938 75 963 Καὶ
94 938 213 973 ὁρῶντες
232 937 304 972 κάμὲ
328 937 366 972 μὴ
388 936 526 968 ἐσθίοντα,
549 935 639 962 ἐθεντό
657 943 691 970 με
712 936 806 970 τηρεῖν

26 983 108 1014 αὐτὸν,
135 983 189 1014 ἕως
216 980 246 1010 οὗ
266 983 384 1018 ἐπράθη.
414 982 538 1017 Ἐποίησε
558 981 587 1008 δέ
607 982 636 1008 ἐν
654 980 694 1017 τῷ
714 981 807 1016 λάκκῳ

27 1029 92 1062 τρεῖς
113 1028 223 1064 ἡμέρας
244 1027 291 1054 καὶ
300 1029 375 1063 τρεῖς
395 1027 503 1059 νύκτας,
526 1027 573 1054 καὶ
595 1026 681 1058 οὕτως
699 1026 805 1062 ἐπράθη

27 1072 120 1103 ἄσιτος.
140 1072 198 1098 Kal
217 1072 336 1104 ἀκούσας
357 1072 486 1108 Ῥουὸὴμ,
509 1073 549 1100 ὃτι
565 1073 672 1109 ἐπράθη
693 1074 806 1106 ἀπόντος

28 1118 111 1151 αὑτοῦ,
126 1120 356 1155 περισκισάμενος
370 1118 488 1154 ἐθρήνει,
504 1119 600 1154 λέγων
634 1120 697 1152 Πῶς
706 1120 806 1156 ὄψομαι

27 1164 53 1190 τὸ
73 1164 216 1200 πρόσωπον
244 1164 340 1192 Ἰακὼϐ
354 1164 402 1191 τοῦ
425 1165 527 1200 πατρός
554 1174 624 1200 μου;
639 1166 694 1192 Καὶ
716 1166 807 1194 λαϐὼν

27 1209 53 1235 τὸ
71 1209 212 1245 ἀργύριον,
237 1210 391 1246 κατέδραμε
419 1210 475 1245 (51)
501 1211 557 1241 τοῖς
585 1211 735 1246 ἐμπόροις,
759 1213 807 1239 καὶ

28 1254 95 1281 οὐδὲν
108 1255 165 1291 (52)
191 1251 286 1290 εὗρεν·
311 1255 425 1290 ἀφέντες
440 1255 493 1291 γὰρ
505 1256 554 1291 τὴν
573 1255 630 1282 ὁδὸν
652 1257 702 1292 τὴν
724 1258 808 1292 μεγά-

29 1299 82 1335 λην,
102 1301 292 1337 ἐπορεύθησαν
314 1300 359 1327 διὰ
379 1301 628 1337 τρωγλοκολπητῶν
645 1300 701 1337 (55)
724 1303 752 1328 ἐν
773 1304 807 1338 τῇ

31 1346 145 1382 συντόμῳ
155 1355 162 1362 ·
181 1347 230 1373 καὶ
245 1347 295 1373 οὐκ
317 1346 400 1381 ἔφαγε
423 1347 542 1382 Ῥουΰὴμ
562 1347 617 1382 (54)
633 1347 713 1383 ἄρτον
729 1347 758 1374 ἐν
772 1349 806 1383 τῇ

32 1391 114 1427 ἡμέρᾳ
138 1392 244 1429 ἐκείνῃ.
266 1391 425 1428 Προσελθὼν
447 1390 492 1419 οὖν
514 1393 528 1418 ὁ
551 1391 603 1418 Δὰν
624 1389 700 1419 εἶπεν
721 1392 807 1428 αὐτῷ·

33 1439 86 1474 «Μὴ
102 1439 190 1472 κλαῖε,
213 1439 282 1476 μηδὲ
307 1439 417 1467 πένθει·
433 1436 510 1475 εὗρον
528 1438 582 1475 γὰρ
595 1439 621 1465 τί
633 1439 753 1476 εῐπωμεν
768 1440 807 1476 τῷ

31 1487 106 1522 πατρὶ
121 1488 201 1522 ἡμῶν
224 1486 330 1514 Ἰακώϐ.
349 1486 470 1522 Θύσομεν
490 1486 545 1522 (55)
562 1486 695 1523 χίμαῤῥον
711 1488 807 1522 αἰγῶν,

32 1531 72 1556 καὶ
91 1532 250 1568 ἑμδάψομεν
274 1532 321 1558 τὸν
344 1532 446 1567 χιτῶνα
475 1530 583 1566 Ἰωσὴφ,
607 1533 657 1579 καὶ
674 1532 805 1568 ἐροῦμεν·
820 1550 841 1579 c

37 1576 185 1611 Ἐπίγνωθι,
207 1579 230 1604 ει
245 1577 327 1612 χιτὼν
342 1577 389 1604 τοῦ
406 1576 464 1604 υἱοῦ
477 1576 524 1603 σού
542 1577 615 1603 ἐστιν
629 1574 704 1610 οὗτος
714 1577 780 1613 (56)”
794 1588 804 1605 ›

32 1622 70 1648 τὸν
82 1622 134 1659 γὰρ
151 1622 254 1658 χιτῶνα.
268 1622 316 1650 τοῦ
331 1623 433 1659 πατρὸς
449 1622 526 1658 ἡμῶν
542 1621 668 1655 ἐξέδυσαν
685 1623 731 1650 τὸν
752 1623 808 1650 Ἰω-

33 1667 79 1703 σὴφ
92 1669 119 1694 ἐν
132 1668 173 1704 τῷ
192 1669 298 1704 μέλλειν
317 1669 483 1704 πιπράσκειν
500 1668 590 1700 αὐτὸν,
613 1669 660 1696 καὶ
680 1669 806 1696 ἐνέδυσαν

33 1713 103 1740 αὑτὸν
125 1715 233 1750 ἱμάτιον
255 1714 369 1741 παλαιὸν
390 1714 493 1741 δούλου.
510 1713 562 1741 Τὸν
579 1715 608 1743 δὲ
627 1715 730 1751 χιτῶνα
750 1713 807 1750 εἶχε

31 1757 144 1793 Συμεὼν,
160 1759 209 1786 καὶ
223 1760 272 1786 οὐκ
287 1759 364 1797 ἤθελε
378 1760 468 1788 δοῦναι
484 1761 573 1794 αὑτὸν,
587 1761 671 1788 θέλων
686 1763 719 1797 τῇ
740 1763 807 1796 ῥομ-

34 1804 90 1839 φαίᾳ
101 1805 184 1832 αύτυῦ
195 1805 345 1840 κατακόψαι
357 1806 448 1839 αὑτὸν,
463 1807 648 1843 ὀργιζόμενος,
662 1808 703 1834 ὅτι
715 1807 805 1843 ἔζησε,

34 1850 73 1876 καὶ
88 1851 136 1878 οὐκ
156 1851 261 1878 ἀνεῖλεν
286 1852 376 1879 αὐτόν.
402 1852 578 1885 Ἀναστάντες
599 1854 628 1880 δὲ
650 1855 709 1881 κατ’
726 1853 807 1880 αὐτοῦ

34 1895 122 1928 πάντες
143 1896 224 1928 ὁμοῦ,
240 1896 352 1932 εἴπομεν
364 1906 371 1912 ·
384 1907 393 1923 ί
407 1898 468 1924 ’Ότι
486 1898 532 1925 ἐὰν
554 1900 590 1934 μὴ
608 1899 669 1934 δῷς,
680 1899 806 1934 ἐροῦμεν,

33 1938 67 1964 ὅτι
81 1940 111 1966 σὺ
128 1944 209 1976 μόνος
222 1941 351 1976 ἐποίησας
368 1941 397 1967 τὺ
414 1941 530 1977 πονηρὸν
545 1943 573 1970 ἐν
592 1943 699 1979 Ἰσραήλ
712 1942 778 1978 (57).
795 1951 804 1968 ι

34 1984 80 2010 Καὶ
91 1985 176 2018 οὕτως
191 1986 296 2014 δίδωσιν
310 1987 402 2020 αὐτὸν,
413 1988 459 2014 καὶ
474 1988 614 2023 ἐποίησαν,
627 1988 717 2021 καθὼς
731 1986 807 2015 εἶπεν

33 2030 45 2055 ὁ
54 2031 110 2058 Δάν.

64 2078 98 2105 E‘.
124 2089 133 2104 ί
149 2079 206 2106 Καὶ
221 2078 278 2111 νῦν,
299 2079 382 2106 τέκνα
404 2088 472 2114 μου,
494 2080 651 2115 ἀναγγέλλω
673 2080 736 2115 ὑμῖν
759 2079 807 2107 τοῦ

33 2122 172 2157 φυλάσσειν
189 2124 238 2156 τὰς
253 2124 362 2156 ἐντολὰς
377 2125 492 2160 Κυρίου,
507 2126 554 2152 καὶ
570 2127 654 2152 ποιεῖν
670 2125 742 2157 ἔλεος
761 2126 808 2152 ἐπὶ

32 2167 71 2195 τὸν
86 2169 207 2205 πλησίον,
229 2171 277 2197 καὶ
294 2170 492 2206 εὐσπλαγχνίαν
511 2171 582 2206 ἔχειν
605 2171 671 2207 πρὸς
694 2171 805 2205 πάντας,

33 2214 58 2240 οὐ
77 2215 152 2250 μόνον
176 2217 218 2248 εἰς
239 2215 407 2252 ἀνθρώπους,
432 2216 500 2242 ἀλλὰ
517 2217 563 2243 καὶ
586 2217 625 2248 εἰς
648 2217 741 2251 ἄλογα.
757 2217 808 2245 Διὰ
822 2225 844 2252 ι)

34 2259 79 2295 γὰρ
95 2260 181 2287 ταῦτα
202 2260 331 2296 εὑλόγησέ
356 2269 389 2296 με
413 2260 523 2296 Κύριος,
548 2261 605 2293 καὶ,
623 2261 730 2287 πάντων
752 2260 807 2288 τῶν

34 2306 143 2342 ἀδελφῶν
170 2316 219 2343 μου
239 2307 433 2339 ἀσθενούντων,
454 2306 509 2341 ἐγὼ
529 2308 623 2339 ἄνοσος
649 2307 805 2342 παρῆλθον·

33 2352 79 2380 οἵδε
102 2356 155 2391 γὰρ
180 2355 281 2391 Κύριος
309 2355 424 2381 ἑκάστου
447 2355 495 2390 τὴν
518 2355 685 2390 προαίρεσιν.
711 2355 807 2390 Ἔχετε

34 2398 73 2426 (οὖν
93 2401 166 2433 ἕλεος
185 2402 214 2427 ἐν
233 2403 289 2433 τοῖς
306 2400 467 2436 σπλάγχνοις
481 2400 566 2435 ὑμῶν,
584 2401 666 2427 τέκνα
686 2409 747 2436 μου,
766 2401 808 2427 ὅτι

34 2446 65 2478 ὡς
83 2447 113 2474 άν
131 2457 173 2480 τις
194 2448 295 2484 ποιήσῃ
311 2447 350 2483 τῷ
368 2447 479 2482 πλησίον
499 2446 597 2478 αὑτοῦ,
620 2445 705 2478 οὕτως
726 2446 774 2472 καὶ
793 2446 808 2473 ὁ

37 2502 122 2532 faciem
141 2506 211 2540 ejus,
226 2505 273 2541 qui
290 2505 383 2533 fratris
404 2513 504 2532 nomen
521 2512 679 2541 propagare,
696 2512 808 2541 recusa-

35 2541 105 2571 verit,
119 2539 174 2576 jam
194 2539 259 2568 olim
280 2541 411 2569 usitatum
435 2540 535 2573 fuisse;
559 2540 629 2567 sicut
641 2539 697 2576 alia
715 2540 807 2566 excal—

36 2576 123 2607 ceatio,
144 2584 199 2611 qua
224 2576 395 2611 propinquus
416 2576 494 2603 alteri
522 2582 572 2611 suo
599 2575 808 2611 cedebatkmos

36 2609 160 2645 antiquus
174 2612 200 2638 in
217 2609 299 2638 Israel
314 2609 399 2638 fuisse
413 2611 523 2641 dicitur.
540 2610 626 2645 Ruth.
643 2617 679 2642 Iv,
695 2609 720 2636 7.
732 2609 770 2636 In.

66 2644 116 2681 (46)
146 2646 415 2679 Ὑπολυθήσεσθαι.
443 2644 639 2680 ’Υποδήσεσθαι
658 2645 738 2672 mle.
755 2645 793 2672 In.

76 2681 118 2716 47)
136 2683 198 2714 Εὶς.
218 2682 367 2709 Omissum.
384 2680 423 2708 lo.

76 2681 118 2716 47)
136 2683 198 2714 Εὶς.
218 2682 367 2709 Omissum.
384 2680 423 2708 lo.

66 2680 120 2754 (48)
142 2717 262 2754 Ἰωσήφ.
281 2718 313 2743 '0
328 2717 460 2752 ἐφόρεσαν
472 2715 541 2742 κατὰ
560 2714 658 2750 Ἰωσὴφ
668 2714 716 2742 τοῦ
733 2714 809 2742 ἀδελ-

38 2750 81 2782 φοῦ
94 2750 190 2778 αὐτῶν.
210 2750 248 2779 In.

68 2785 118 2822 (49)
139 2787 259 2814 Portam.
271 2787 388 2820 Atrium,
404 2785 514 2822 Josephi
530 2786 650 2818 scilicet;
666 2785 719 2813 hoc
733 2785 807 2813 enim

38 2826 82 2847 vos
94 2822 184 2849 πυλὼν
198 2822 320 2849 denotat.
334 2821 478 2848 ln.———Vide
491 2825 582 2848 nolam
595 2825 762 2855 sequentem.

68 2855 118 2892 (59)
135 2857 216 2885 Κατὰ
230 2857 284 2884 τὼ·
298 2857 391 2884 τύπον
403 2856 455 2884 τοῦ
465 2856 576 2891 Φαραώ.
591 2856 666 2885 Adde
677 2855 807 2885 esOxon.

851 145 1022 175 ZABULON.
1572 148 1644 177 “'9‘

852 211 944 232 semen
969 203 1046 231 fratri
1080 208 1148 236 suo.
1174 198 1332 232 solvendum
1355 205 1588 238 calceamentum,
1614 213 1642 234 et

856 249 1061 284 conspuendum
1088 249 1116 276 in
1137 248 1247 276 faciem.
1279 248 1312 276 Et
1337 248 1435 277 fratres
1463 249 1564 285 Joseph
1585 259 1640 280 non

856 295 999 322 voluerunt
1013 293 1096 321 vitam
1121 293 1215 321 fratris
1232 302 1326 322 eorum
1341 303 1348 321 :
1365 299 1392 322 et
1410 294 1542 324 Dominus
1559 296 1642 325 solvit

856 340 896 368 eis
912 341 1129 368 calceamentum
1158 339 1269 376 Joseph.
1299 341 1405 368 Etenim
1439 342 1577 371 venientes
1611 343 1639 371 in

855 385 1002 422 Egyptnm
1014 407 1023 420 ,
1047 386 1128 414 soluti
1148 391 1213 414 sunt
1232 395 1248 414 a
1263 387 1356 422 pueris
1367 386 1468 422 Josepb
1492 393 1555 416 ante
1577 396 1642 424 por-

855 437 911 460 tam
929 433 997 468 (49),
1020 438 1057 461 et.
1073 433 1110 460 ita
1134 433 1321 461 adoraverunt
1343 432 1462 468 Ioseph,
1491 435 1642 463 secundum

856 478 1131 517 typum‘Pharaonis.
1155 479 1214 508 Non
1231 481 1320 508 solum
1345 485 1435 508 autem
1460 481 1644 510 adoraverunt

855 535 930 558 eum,
946 527 994 555 sed
1011 527 1094 555 etiam
1110 528 1237 562 consputi
1250 532 1324 561 sunt,
1341 527 1483 556 confestim
1500 529 1644 563 prociden-

856 578 897 601 tes
913 581 1005 601 coram
1021 581 1055 600 eo
1069 582 1076 600 :
1093 578 1120 601 et
1135 573 1175 601 sic
1190 573 1298 601 confusi
1317 578 1380 601 sunt
1394 582 1485 601 coram
1496 574 1642 609 Egyptiis.

856 618 921 645 Post
938 618 995 646 haec
1007 618 1080 646 enim
1094 618 1240 646 audierunt
1253 617 1374 654 Egyptii
1390 618 1481 645 omnia
1498 619 1568 646 male
1582 626 1645 653 qua:

855 664 972 692 fecimus
988 664 1100 700 Joseph.

891 711 935 738 IV.
948 720 957 737 ι
972 710 1038 738 Post
1057 711 1115 738 haec
1140 715 1325 746 apposuerunt
1345 710 1382 737 illi
1397 710 1518 746 (fratres)
1537 711 1642 745 cibum,

856 761 886 785 ut
907 757 1089 784 comederent.
1118 756 1173 791 Ego
1197 757 1269 784 enim
1291 765 1340 791 per
1360 757 1431 785 duos
1447 757 1505 785 dies
1526 761 1554 784 et
1573 757 1644 786 duas

855 810 950 833 noctes
966 813 1021 832 non
1040 804 1146 839 gustavi
1163 803 1290 839 (cibum),
1312 804 1458 831 miseratus
1473 803 1586 839 Joseph.
1609 804 1644 832 Et

855 852 940 880 Judas
969 859 1023 878 non
1043 850 1161 878 comedit
1188 858 1250 878 cum
1276 851 1336 883 eis;
1366 850 1524 877 intendebat
1550 856 1642 878 autem

857 898 884 926 in
899 898 1000 929 lacum,
1020 896 1150 932 quoniam
1169 895 1292 929 timebat,
1315 903 1349 922 ne
1362 894 1514 923 resilientes
1531 895 1643 923 Simeon

856 948 883 971 et
894 943 950 970 Gad
964 942 1147 970 interficerent
1160 948 1234 968 eum.
1247 940 1281 968 Et
1293 940 1415 968 videntes
1428 947 1472 967 me
1486 948 1540 967 non
1552 947 1644 968 cornea

857 988 976 1020 dentem,
996 991 1148 1022 posuerunt
1163 993 1207 1013 me
1231 986 1369 1013 custodire
1384 985 1485 1020 ipsum,
1501 991 1644 1020 quousque

856 1033 982 1061 venditus
1004 1039 1056 1060 est.
1075 1032 1135 1059 Fuit
1151 1036 1241 1058 autem
1265 1031 1292 1058 in
1313 1031 1374 1058 lacu
1390 1035 1447 1059 tres
1469 1032 1527 1059 dies
1547 1036 1574 1058 et
1589 1035 1644 1058 tres

857 1083 967 1112 noctes,
989 1083 1016 1106 et
1034 1079 1075 1108 ita
1095 1079 1221 1106 venditus
1244 1081 1286 1104 est
1307 1077 1451 1112 impastus.
1479 1077 1512 1104 Et
1529 1077 1645 1104 audiens

857 1125 963 1157 Ruben,
986 1125 1058 1160 quod
1079 1125 1206 1153 venditus
1227 1129 1300 1152 esset
1323 1124 1436 1151 absente
1458 1131 1501 1156 eo,
1524 1122 1645 1150 circum-

858 1172 960 1200 scissus
977 1171 1111 1206 plorabat,
1134 1170 1229 1198 dicens
1243 1179 1250 1198 :
1271 1169 1415 1203 Quomodo
1429 1169 1525 1197 videbo
1543 1168 1642 1196 faciem

856 1217 941 1246 Iacob
953 1217 1039 1253 patris
1054 1218 1127 1245 mei?
1151 1217 1185 1244 Et
1201 1217 1338 1252 accipiens
1360 1220 1500 1252 argentum
1522 1216 1645 1244 cucurrit

857 1265 890 1292 ad
912 1269 1091 1295 mercatores,
1114 1268 1141 1290 et
1157 1263 1293 1290 neminem
1318 1262 1421 1289 invenit
1445 1270 1453 1289 :
1477 1262 1645 1289 dimittentes

857 1312 928 1338 enim
954 1311 1025 1337 viam
1051 1318 1195 1345 magnam,
1219 1299 1428 1337 ambulaverunt
1457 1316 1506 1344 per
1533 1315 1646 1343 asperos

858 1354 935 1381 sinus
952 1354 979 1381 in
995 1354 1037 1381 vin
1055 1354 1258 1388 compendiaria
1272 1364 1279 1382 :
1295 1359 1322 1381 et
1343 1361 1397 1382 non
1418 1353 1537 1381 comedit
1548 1353 1645 1380 Ruben

857 1407 954 1435 panem
977 1400 1004 1427 in
1024 1401 1068 1428 die
1089 1401 1144 1429 illa.
1169 1400 1308 1428 Accedens
1331 1400 1414 1436 igitur
1434 1399 1491 1426 Dan
1511 1400 1580 1427 dixit
1600 1399 1644 1427 ei:

860 1455 870 1471 ι
884 1445 923 1473 Ne
941 1446 1016 1479 ﬂeas,
1033 1454 1122 1481 neque
1143 1447 1277 1479 trieteris;
1291 1446 1382 1473 inveni
1398 1445 1473 1472 enim
1488 1445 1553 1480 quid
1569 1445 1645 1473 dica-

857 1499 919 1520 mus
932 1491 1002 1527 patri
1018 1497 1115 1520 nostro
1130 1492 1224 1520 Jacob.
1243 1491 1406 1519 Occidemus
1421 1491 1528 1518 hircum
1545 1498 1646 1526 capro-

857 1545 934 1571 rum,
958 1542 985 1565 et
1009 1538 1146 1573 tingenius
1171 1538 1291 1565 tunicam
1313 1537 1429 1572 JOseph,
1456 1541 1483 1564 et
1503 1537 1643 1564 dicemus:

856 1582 1007 1618 Cognosce.
1021 1583 1045 1610 si
1061 1583 1153 1610 tunica
1176 1582 1224 1609 filii
1240 1583 1278 1609 tui
1299 1582 1335 1609 sit
1350 1582 1402 1609 ista
1415 1590 1422 1615 ;
1442 1590 1452 1607 ι
1465 1581 1556 1608 tunica
1571 1581 1645 1608 enim

855 1629 940 1665 patris
956 1630 1043 1657 nostri
1055 1633 1191 1657 exuerunt
1203 1628 1316 1664 Ioseph,
1329 1636 1391 1656 cum
1403 1628 1539 1655 vendituri
1554 1631 1646 1655 essent

856 1682 929 1708 eum,
947 1679 974 1702 et
993 1675 1142 1702 induerunt
1159 1682 1224 1702 eum
1244 1675 1437 1701 vestimentum
1461 1678 1539 1701 vetus
1560 1673 1644 1701 servi.

857 1720 987 1748 Tunicam
1001 1728 1066 1748 vero
1082 1720 1177 1747 habuit
1193 1719 1319 1752 Simeon,
1339 1724 1366 1747 et
1380 1719 1470 1747 noluit
1483 1719 1549 1746 dare
1570 1726 1643 1750 eam,

855 1765 950 1793 volens
975 1765 1067 1800 gladio
1091 1772 1144 1792 suo
1168 1765 1324 1793 discindere
1349 1773 1430 1798 eam,
1458 1765 1545 1792 iratus
1571 1763 1645 1798 quod

856 1811 969 1843 viveret,
982 1814 1010 1837 et
1026 1818 1080 1837 non
1098 1810 1245 1838 occidisset
1258 1817 1333 1837 eum.
1349 1809 1534 1845 Exsurgentes
1550 1813 1642 1836 autem

857 1855 988 1883 adversus
1004 1863 1066 1882 eum
1081 1862 1176 1883 omnes
1190 1854 1401 1882 simuldiximus
1412 1863 1419 1880 ι
1431 1863 1441 1880 ‹
1455 1853 1533 1887 Quod
1551 1854 1573 1881 si
1587 1861 1644 1881 non

857 1901 916 1934 des,
934 1901 1068 1934 dicemus,
1088 1901 1160 1935 quod
1180 1906 1208 1928 tu
1229 1901 1304 1928 solus
1321 1900 1411 1927 fecisti
1428 1900 1480 1926 hoc
1495 1899 1595 1926 malum
1614 1898 1645 1926 in

856 1945 950 1974 Israel.
967 1955 977 1972 ι
992 1946 1025 1973 Et
1046 1946 1083 1974 ita
1096 1946 1170 1974 dedit
1184 1953 1259 1979 eam;
1278 1951 1308 1973 et
1329 1944 1468 1978 fecerunt,
1484 1944 1555 1972 sicut
1575 1944 1645 1971 dixit

857 1991 926 2020 Dan.

897 2069 927 2097 V.
943 2081 952 2097 ι
967 2070 1000 2098 Ει
1018 2078 1100 2104 nunc,
1117 2069 1164 2097 filii
1178 2070 1246 2104 mei,
1268 2071 1401 2098 annuntio
1418 2069 1496 2097 vobis
1507 2069 1645 2097 custodire

857 2119 983 2148 mandata
997 2117 1116 2150 Domini,
1131 2121 1158 2144 et
1182 2116 1272 2143 facere
1291 2116 1510 2143 misericordiam
1533 2115 1560 2142 in
1581 2122 1646 2150 pio-

857 2166 973 2197 ximum,
989 2168 1015 2191 et
1031 2163 1136 2190 viscera
1158 2161 1408 2189 commiserationis
1429 2161 1461 2187 ad
1479 2168 1574 2188 omnes
1592 2160 1644 2187 ha-

859 2211 932 2243 bere,
946 2217 1000 2237 non
1014 2209 1102 2236 solum
1115 2207 1150 2234 ad
1164 2207 1298 2238 homines,
1314 2206 1360 2233 sed
1375 2210 1402 2232 et
1413 2206 1446 2232 ad
1463 2205 1643 2236 irrationalia,

857 2254 972 2290 Propter
998 2255 1057 2281 haec
1075 2252 1149 2280 enim
1170 2251 1310 2279 benedixit
1333 2251 1400 2277 mihi
1427 2249 1575 2282 Dominus,
1604 2254 1644 2282 et.

857 2301 986 2328 omnibus
1013 2299 1144 2327 fratribus
1169 2298 1239 2325 meis
1264 2297 1482 2333 aegrotantibus,
1506 2304 1557 2331 ego
1584 2296 1647 2324 sine

839 2349 846 2354 “
856 2347 1016 2382 aegritudine
1041 2345 1131 2379 evasi;
1148 2345 1223 2372 novit
1236 2344 1308 2371 enim
1320 2343 1452 2370 Dominus
1467 2343 1644 2377 uniuscujus-

857 2402 911 2429 que
933 2393 1114 2428 propositum.
1149 2390 1252 2418 Habete
1280 2397 1344 2424 ergo
1371 2389 1586 2416 misericordiam
1614 2388 1644 2415 in

856 2439 1008 2468 visceribus
1032 2437 1143 2471 vestris,
1167 2437 1216 2464 ﬁlii
1237 2437 1307 2470 mei,
1333 2436 1464 2471 quoniam
1486 2438 1517 2461 ut
1539 2433 1646 2468 aliquis

857 2503 1009 2565 EEﬂploaezv
1031 2503 1078 2565 ’ἰοῦ
1101 2502 1232 2535 πυλῶνος,
1256 2502 1304 2529 καὶ
1325 2501 1411 2533 οὕτως
1437 2497 1647 2536 προσεκύνησαν

857 2548 896 2565 τω
936 2547 976 2565 ωσ
997 2547 1025 2565 ω.
1050 2547 1076 2565 ι).

857 2539 1145 2635 τῳῶέῖῇἓὲτὲἕραιμε.
1165 2573 1221 2599 Καὶ
1234 2570 1425 2607 καταδραμὼν.
1440 2569 1478 2597 In.
1559 2603 1566 2609 _
1619 2602 1626 2608 _

893 2610 950 2635 452)
970 2609 1074 2635 οὐδέν.
1110 2613 1171 2635 orte
1184 2607 1289 2635 οὐδένα.
1303 2607 1428 2635 quamvis
1441 2610 1468 2632 et
1480 2604 1626 2632 OxomenSI

893 2604 950 2644 (52)
970 2604 1074 2636 οὐδένῖ.
1088 2604 1289 2644 Ἐοτιιξᾼοὺδένα,
1303 2604 1428 2644 quamvis
1441 2610 1468 2644 et
1480 2604 1646 2632 Oxoniensio

858 2639 946 2673 codex.
958 2644 1054 2672 habeat
1070 2643 1155 2670 οὐδέν.
1172 2642 1224 2670 Ms.
1237 2639 1320 2669 Trin:
1330 2641 1433 2668 οὐδένα.
1446 2639 1485 2667 In.

893 2680 951 2715 (55)
971 2677 1255 2715 Τρωγλοκολπητῷν.
1271 2674 1536 2715 Τρωγλοδυτῶν..1ο.

894 2708 950 2750 (54)
972 2708 1084 2749 Ἐφὰνε
1107 2708 1245 2748 meum.
1280 2708 1412 2746 Ἐφαγον,
1437 2710 1542 2738 omisso
1568 2708 1644 2735 Ῥωο

858 2749 1116 2820 δήιιέξᾶῗοῦύσομεν.
1132 2783 1264 2820 Μαχαιρᾳ

972 2814 1074 2856 οὗτοί-ς
1094 2819 1163 2856 Add.
1177 2814 1377 2856 Καξέποεησαν
1387 2814 1535 2856 οὖτωςκῐι).

894 2850 951 2892 (57)
977 2855 1028 2884 Ἐν
1048 2850 1181 2891 Ἰσραήλ.
1214 2850 1342 2883 Ἐνιίιπιόν
1356 2853 1470 2890 Κυρίου.
1484 2850 1524 2880 In.

1165 2573 1221 2599 Καὶ
1234 2570 1425 2607 καταδραμὼν.
1440 2569 1478 2597 In.

1281 2783 1345 2811 add.
1362 2782 1400 2810 In.
