1913 3102
38 105 98 133 1097

611 104 876 134 TESTAMENTUM
904 105 985 134 DAN.

1582 105 1650 134 1098

32 163 70 189 ὅτι
97 160 177 188 τοῦτο
198 161 308 198 χωρίζει
331 161 454 198 ἑνότητα,
479 161 525 188 καὶ
546 162 636 189 πᾶσαν
660 162 818 197 συγγένειαν

872 164 936 192 tiam
961 163 1053 192 fratris
1074 163 1136 197 sui;
1160 163 1289 199 quoniam
1315 163 1368 191 hoc
1389 162 1485 191 dividit
1509 164 1650 198 unitatem,

33 207 223 243 διασκορπιζει,
239 208 287 234 καὶ
300 207 350 243 τὴν
367 207 456 244 ψυχὴν
477 207 609 244 ταράσσει
625 207 690 244 (65).
718 209 747 235 '0
764 208 818 244 γὰρ

35 253 195 289 μνησίκακος
213 254 354 290 σπλάγχνα
370 255 462 286 ἐλέους
482 254 534 281 οὐκ
554 253 621 290 ἔχει.

63 344 99 372 8'.
119 354 128 371 ι
144 344 297 381 Προσέχετε
311 344 347 372 τὰ
365 345 448 373 ὕδατα
462 344 528 381 (66),
541 345 582 373 ὅτι
598 345 662 373 ὅταν
673 345 720 372 ἐπὶ
735 345 764 372 τὸ
776 345 820 372 αύ-

34 391 221 426 τὸπορεύεται,
231 391 332 424 λίθους,
342 384 418 425 ξύλα,
432 392 481 427 τὴν
493 392 585 428 ἅμμον
594 392 742 428 κατασύρει
751 392 816 428 (6η-

35 439 75 465 ἒὰν
89 439 118 466 δὲ
133 439 176 471 εἰς
192 438 278 467 πολλὰ
292 439 427 476 διαιρεθῇ,
443 440 461 476 ἠ
484 439 520 476 γῆ
532 438 660 476 ἀφανίζει
676 439 756 472 αὐτὰ,
772 439 819 466 καὶ

34 486 128 520 γίνεται
144 484 379 520 εὐκαταφρόνητα.
396 485 451 512 Καὶ
470 485 559 521 ὑμεῖς,
577 485 625 513 ἐὰν
645 485 817 522 διαιρεθῆτε,

34 529 119 556 ἔσεσθε
131 529 229 563 οὕτως.
246 530 292 567 Μὴ
309 529 437 566 σχισθῆτε
453 531 494 563 είς
509 531 556 558 δύο
571 531 702 567 κεφαλὰς,
713 532 754 558 ὅτι
765 533 819 559 πᾶν

33 576 46 602 ὃ
59 576 167 612 ἐποίησε
193 575 294 613 Κύριος
305 595 313 608 ,
331 576 458 612 ,κεφαλὴν
485 576 549 613 μίαν
573 577 639 613 ἔχει.
659 578 762 605 Ἔδωκε
773 578 820 605 δύο

33 623 127 658 ὤμους,
149 622 244 655 πόδας,
262 623 366 659 χεῖρας
385 623 459 659 am
474 623 564 651 πάντα
584 624 619 650 τὰ
632 624 700 660 μέλη
716 626 750 660 τῇ
771 625 820 660 μιᾷ

34 668 129 705 κεφαλῇ
156 669 299 697 ὑπακούει.
326 669 432 704 Ἔγνων
452 669 483 699 ιν
499 671 593 706 γραφῇ
613 669 738 706 πατέρων
756 679 818 706 μου,

34 715 69 741 ὅτι
89 715 118 742 ὲν
135 715 265 751 ἐσχάταις
285 716 402 753 ἡμέραις
424 715 612 752 άποστήσεσθε
629 715 684 743 ἀπὸ
705 715 818 752 Κυρίου,

35 761 75 788 καὶ
94 761 300 798 διαιρεθήσεσθε
322 763 352 790 ὲν
374 762 483 799 Ἰσραὴλ
506 761 580 798 (68),
607 763 654 789 καὶ
669 762 729 789 δυσὶ
745 762 820 797 βασι-

35 804 117 831 λεῦσιν
133 805 372 842 ὲξακολουθήσετε,
390 806 437 833 καὶ
454 807 509 834 πᾶν
525 806 664 843 βδέλυγμα
679 806 816 842 ποιήσετε,

868 215 895 237 et
909 217 1018 238 omnem
1034 209 1300 244 consanguinitatem
1317 209 1458 245 dispergit,
1484 214 1511 237 et
1527 211 1649 238 animum

868 255 1017 290 perturbat.
1038 254 1143 283 Memor
1158 255 1231 282 enim
1246 254 1311 282 mali
1329 255 1435 283 viscera
1456 255 1651 284 misericordia

871 308 924 327 non
939 300 1029 328 habet.

903 343 948 371 IX.
965 354 975 370 ι
991 344 1128 372 Attendite
1140 344 1237 380 aquis,
1253 345 1383 381 quoniam
1400 353 1461 372 cum
1485 345 1565 374 simul
1587 354 1650 374 mo-

868 394 976 424 ventur,
996 390 1114 426 lapides,
1137 390 1227 426 ligna,
1239 398 1350 418 arenam
1371 391 1532 425 detrahunt;
1547 392 1570 420 si
1585 399 1651 420 vero

869 435 896 462 in
909 436 1011 464 multas
1024 435 1190 469 dividantur,
1206 440 1278 464 terra
1289 436 1453 464 exterminat
1463 444 1510 464 eas
1520 457 1527 470 ,
1543 443 1570 465 et
1583 437 1652 464 ﬁunt

868 481 1006 516 neglectae.
1021 480 1055 508 Et
1073 489 1133 515 vos,
1154 481 1177 509 si
1191 481 1362 515 dividamiui,
1376 481 1454 510 eritis
1468 481 1516 510 ita.
1530 481 1568 509 Ne
1578 482 1652 510 scin-

868 526 970 554 damiui
989 527 1017 554 in
1035 526 1090 554 duo
1105 527 1205 562 capita,
1217 527 1282 562 quia
1301 535 1383 555 omne
1396 527 1471 563 quod
1484 528 1549 556 fecit
1568 527 1650 560 Deus.

868 575 950 606 caput
966 579 1050 598 unum
1069 571 1160 599 habet.
1189 571 1268 599 Dedit
1289 572 1358 600 duos
1379 573 1523 605 humeros,
1548 572 1651 608 pedes,

868 625 983 652 manus;
1007 617 1055 646 sed
1072 618 1164 646 omnia
1189 619 1310 646 membra
1332 619 1380 648 uni
1402 619 1483 654 capiti
1509 619 1649 648 obedinnt.

868 662 936 691 Novi
951 663 979 691 in
991 664 1127 699 scriptura
1142 669 1251 700 patrum
1268 672 1404 699 meorum,
1419 666 1491 701 quod
1504 666 1531 693 in
1549 666 1652 695 ultimis

868 711 965 739 diebus
980 710 1113 739 recedetis
1125 718 1141 738 a
1153 710 1280 745 Domino,
1294 715 1322 739 et
1332 711 1413 740 divisi
1428 711 1504 740 eritis
1514 712 1541 739 in
1558 711 1651 746 Israel,

868 761 896 785 et
909 757 978 785 duos
989 764 1067 792 reges
1081 757 1245 791 sequemiui,
1260 761 1288 785 et
1299 765 1408 785 omnem
1420 758 1652 788 abominationem

868 803 984 837 facietis,
999 807 1026 830 et
1037 810 1120 831 omne
1134 803 1237 830 idolum
1251 803 1412 837 adorabitis,
1427 809 1455 832 et
1468 805 1592 839 captivos
1604 806 1652 834 ab

35 850 75 876 καί
89 859 120 884 γε
137 852 193 878 πᾶν
206 838 314 879 εἴδωλον
327 838 541 888 προσκυνήσετε,
559 838 617 880 καὶ.⁷
627 838 817 889 αἰχμαλωτεύ-

872 850 967 878 ducent
980 857 1029 877 vos
1045 849 1149 877 inimici
1160 850 1256 884 vestri,
1273 854 1300 877 et
1311 850 1440 878 sedebitis
1457 851 1484 878 in
1493 851 1652 880 nationibus

35 905 117 924 σουσιν
131 897 205 933 ὑμᾶς
221 898 246 925 ot
268 897 361 934 ἐχθροὶ
381 899 469 935 ὑμῶν,
486 899 532 926 καὶ
553 899 696 926 ηθίσεσθε
713 899 768 936 (69)
788 900 817 926 ὲν

34 942 116 970 ἔθνεσι
133 944 163 971 ὲν
180 944 281 977 πάσαις
296 945 460 978 ἀσθενείαις,
472 946 519 974 καὶ
531 945 646 981 θλίψεσι,
655 946 702 973 καὶ
712 945 817 978 ὀδύναις

33 989 125 1024 ψυχῆς.
143 990 200 1018 Καὶ
216 990 286 1026 μετὰ
306 991 394 1018 ταῦτα
420 991 608 1028 μνησθήσεσθε
629 992 749 1029 Κυρίου,
771 993 818 1020 καὶ

36 1037 220 1073 μετανοήσετε,
234 1037 280 1064 καὶ
295 1037 454 1074 ἐπιστρέψει
466 1038 539 1074 ὑμᾶς
548 1059 556 1071 ,
573 1039 614 1065 ὃτι
626 1038 748 1074 ἐλεήμων
759 1039 818 1065 ἐστὶ

35 1083 76 1109 καὶ
90 1082 293 1119 εὖσπλαγχνος,
318 1083 356 1120 μὴ
372 1083 545 1120 λογιζόμενος
564 1084 661 1112 κακίαν
682 1085 738 1117 τοῖς
750 1085 818 1117 υἱοῖς

34 1128 82 1155 τῶν
105 1128 276 1165 ἀνθρώπων,
298 1128 365 1157 διότι
392 1128 461 1165 σάρξ
479 1130 542 1163 είσι,
563 1130 610 1157 καὶ
624 1129 660 1156 τὰ
675 1129 818 1165 πνεύματα

34 1174 79 1209 τῆς
93 1174 200 1212 πλάνης
216 1175 309 1211 ἀπατᾷ
324 1176 423 1208 αὐτοὺς
439 1176 488 1203 ἐπὶ
499 1176 599 1208 πάσαις
609 1177 670 1208 ταῖς
688 1175 818 1212 πράξεσιν

34 1219 127 1247 αὐτῶν.
144 1220 202 1248 Καὶ
219 1219 288 1257 μετὰ
309 1220 396 1248 ταῦτα
412 1221 536 1248 ἀνατελεί
552 1221 616 1257 ὑμῖν
631 1221 711 1253 αὐτὸς
730 1221 745 1248 ό
760 1220 817 1248 Κύ-

36 1274 86 1301 ριος
100 1266 167 1302 (70),
186 1267 244 1302 φῶς
259 1267 442 1303 δικαιοσύνης,
460 1267 507 1294 καὶ⁵
524 1267 594 1300 ῐασις
612 1268 660 1295 καὶ
680 1267 817 1301 εὐσπλαγ-

35 1311 91 1345 χνία
106 1312 153 1338 ἐπὶ
169 1311 230 1343 ταῖς
242 1311 371 1348 πτέρυξιν
386 1310 480 1339 αὑτοῦ.
492 1311 579 1343 Αὐτὸς
589 1310 755 1346 λυτρώσεται
766 1310 819 1337 πᾶ-

37 1365 80 1383 σαν
93 1357 281 1393 αἰχμαλωσίαν
295 1357 361 1385 υίῶν
377 1356 521 1394 ἀνθρώπου
533 1358 567 1384 ὲκ
581 1356 629 1384 τοῦ
645 1356 754 1393 Βελιάρ,
772 1356 818 1384 καὶ

36 1402 85 1428 πᾶν
106 1402 218 1439 πνεῦμα
238 1402 342 1439 πλάνης
365 1403 567 1439 πατηθήσεται’
591 1403 640 1430 καὶ
660 1402 818 1438 ἐπιστρέψει

37 1447 119 1474 πάντα
137 1448 173 1475 τὰ
193 1448 256 1485 ἔθνη
277 1449 318 1482 είς
334 1449 528 1486 παραζὴλωσιν
546 1448 640 1476 αὐτοῦ’
657 1449 704 1476 καὶ
719 1448 817 1484 ὄψεσθε

37 1494 96 1522 Θεὸν
107 1495 136 1522 ὲν
149 1495 270 1532 σχήματι
286 1495 440 1542 ἀνθρώπου,
453 1495 483 1522 ὃν
496 1495 530 1523 ἂν
545 1495 687 1542 ἐκλέξηται
704 1494 816 1531 Κύριος,
831 1512 852 1542 c

43 1540 214 1577 Ἰερουσαλὴμ
234 1541 320 1577 ὕνομα
332 1541 406 1577 αὺτῷ
421 1541 487 1577 (71).
512 1541 567 1569 Καὶ
593 1541 675 1569 πάλιν
691 1542 720 1568 ἐν
733 1550 818 1578 πονη-

39 1585 80 1621 ρίᾳ
93 1585 180 1621 λόγων
191 1586 268 1622 ὑμῶν
286 1586 468 1626 παροργίσετε
485 1585 574 1619 αὐτὸν,
586 1586 634 1614 καὶ
648 1586 820 1623 ἀπορριφθή-

39 1632 110 1660 σεσθε
121 1633 175 1665 ἕως
192 1631 289 1669 καιροῦ
301 1632 468 1666 συντελείας.

70 1680 96 1706 l’.
114 1689 124 1706 ι
138 1679 195 1706 Καὶ
209 1679 266 1712 νῦν,
276 1676 360 1707 τέκνα
374 1688 436 1715 μου,
452 1679 636 1716 μὴξλυπεῖσθε,
651 1680 692 1707 ὅτι
703 1679 821 1716 ἀποθνή-

40 1732 92 1750 σκω
113 1724 187 1760 ἐγὼ,
210 1725 278 1761 μηδὲ
303 1725 474 1761 συμπίπτετε
486 1745 494 1759 ,
520 1726 561 1753 ὅτι
576 1725 717 1754 ἀπολείπω
733 1726 819 1762 ὑμῶν.

45 1771 236 1809 Ἀνασφήπμαι
248 1771 303 1809 γὰρ
319 1773 398 1800 πάλιν
410 1773 440 1800 ὲν
457 1772 531 1809 μέσῳ
545 1773 633 1809 ὑμῶν,
649 1773 687 1806 ὡς
703 1774 821 1810 ἡγούμεο

39 1825 78 1848 νος
92 1819 121 1844 ὲν
138 1817 215 1854 μέσῳ
231 1817 299 1845 υίῶν
314 1817 407 1850 αὐτοῦ,
421 1817 470 1844 καὶ
488 1817 709 1853 εὐφρανθήσομαι
725 1818 754 1845 ἐν
772 1817 820 1853 μέ-

41 1872 74 1899 σῳ
84 1864 133 1900 τῆς
149 1865 237 1900 φυλῆς
255 1873 316 1900 μου,
329 1865 387 1892 ὅσοι
400 1863 536 1899 ἐφύλαξαν
549 1863 630 1899 νόμον
641 1863 755 1899 Κυρίου,
774 1864 821 1890 καὶ

40 1910 140 1943 ἐντολὰς
156 1910 299 1938 Ζαϐουλὼν
312 1909 414 1947 πατρὸς
427 1910 526 1937 αὐτῶν.
553 1909 614 1936 Ἐπὶ
630 1909 658 1936 δὲ
680 1910 743 1941 τοὺς
756 1909 820 1936 ἀσε-

40 1955 90 1988 ϐεῖς
101 1956 198 1990 ἐπάξει
214 1956 317 1993 Κύριος
326 1956 382 1993 πῦρ
397 1955 515 1989 αἰώνιον,
527 1955 574 1983 καὶ
585 1954 821 1991 ἀπολέσειαύτοὺς

39 2002 86 2034 ἓως
101 2002 212 2037 γενεῶν.
232 2003 302 2038 Ἐγὼ
311 2003 352 2035 είς
366 2002 416 2038 τὴν
431 2001 582 2030 ἀνάπαυσιν
597 2010 647 2037 μου
667 2000 819 2036 ἀποτρέχω,

40 2047 73 2080 ὡς
92 2049 116 2075 οἱ
132 2048 251 2084 πατέρες
269 2057 336 2085 μου·
355 2049 434 2084 ὑμεῖς
449 2048 478 2075 δὲ
501 2047 626 2083 φοϐεῖσθε
650 2047 752 2082 Κύριον
775 2047 820 2073 τὸν

40 2093 99 2121 Θεὸν
111 2094 190 2130 ὑμῶν
202 2113 209 2127 ,
226 2095 256 2122 ὲν
272 2095 347 2131 πάσῃ
362 2093 450 2129 ίσχύῖ,
476 2094 564 2126 πάσας
576 2092 625 2125 τὰς
647 2091 751 2128 ἡμέρας
770 2091 820 2126 τῆς

41 2139 106 2176 ζωῆς
121 2141 225 2177 ὑμῶν.»
235 2141 291 2168 Καὶ
305 2140 391 2168 ταῦτα
401 2140 494 2173 είπὼν,
508 2139 639 2176 ἐκοιμήθη
650 2139 725 2174 ὕπνῳ
735 2137 820 2173 καλῷ,

867 895 894 922 in
908 895 1035 923 omnibus
1050 894 1267 930 inﬁrmitatibus,
1279 899 1306 923 et
1319 896 1553 930 tribulationibus,
1563 902 1591 925 et
1603 898 1652 926 do-

867 939 970 968 loribus
985 939 1092 967 animm.
1109 939 1142 968 Et
1155 944 1217 975 post
1235 941 1293 969 haec
1306 941 1516 970 recordabimini
1527 941 1651 977 Domini,

867 991 894 1015 et
908 986 1084 1022 resipiscetis,
1100 990 1128 1015 et
1141 991 1279 1016 convertet
1298 995 1362 1022 vos,
1383 988 1514 1024 quoniam
1530 989 1651 1018 clemens

866 1037 910 1060 est
923 1036 952 1060 et
963 1033 1132 1065 misericors,
1145 1040 1200 1060 non
1215 1033 1355 1068 imputans
1375 1034 1508 1061 malitiam
1521 1035 1584 1062 ﬁliis
1600 1035 1651 1063 ho-

867 1079 988 1113 minum;
1006 1079 1137 1115 quoniam
1151 1087 1218 1108 caro
1237 1085 1311 1114 sunt,
1325 1085 1352 1108 et
1364 1081 1475 1116 spiritus
1489 1082 1591 1111 erroris
1607 1091 1650 1111 se-

866 1126 970 1154 ducunt
993 1132 1041 1153 eos
1067 1125 1095 1152 in
1124 1126 1252 1154 omnibus
1275 1126 1428 1155 actionibus
1447 1127 1517 1155 suis.
1535 1127 1568 1155 Et
1588 1133 1651 1163 post

867 1172 925 1199 hac
939 1172 1044 1200 orietur
1054 1172 1132 1200 vobis
1150 1171 1208 1207 ipse
1222 1171 1368 1206 Dominus,
1379 1172 1471 1200 lumen
1481 1173 1605 1208 iustitiae,
1622 1179 1651 1202 et

867 1214 971 1242 sanitas
980 1219 1008 1243 et
1022 1216 1212 1244 misericordia
1224 1216 1363 1251 in'pennis
1374 1216 1444 1252 ejus.
1461 1216 1522 1252 Ipse
1535 1219 1651 1247 redimet

867 1269 976 1290 omnem
995 1262 1180 1298 captivitatem
1201 1263 1320 1291 ﬁliorum
1342 1263 1462 1292 hominis
1475 1271 1490 1292 a
1506 1264 1605 1300 Beliar,
1623 1271 1651 1293 et

868 1309 957 1337 omnis
972 1308 1085 1344 spiritus
1107 1310 1210 1338 erroris
1233 1310 1456 1345 conculcabitur;
1473 1315 1501 1340 et
1513 1317 1651 1340 convertet

867 1363 964 1384 omnes
986 1360 1080 1392 gentes
1105 1356 1134 1384 in
1155 1356 1358 1384 aemulationem
1370 1357 1450 1392 ejus;
1472 1361 1498 1385 et
1525 1358 1651 1386 videbitis

868 1400 954 1429 Deum
972 1402 1000 1429 in
1014 1401 1104 1430 forma
1119 1401 1256 1436 hominis,
1272 1409 1353 1438 quem
1369 1402 1480 1439 elegerit
1498 1403 1650 1435 Dominus:

867 1447 1016 1477 Jerusalem
1028 1456 1129 1476 nomen
1144 1448 1180 1477 ei.
1190 1448 1224 1476 Et
1233 1456 1330 1477 rursus
1340 1449 1368 1476 in
1381 1449 1482 1477 malitia
1496 1458 1650 1479 sermonum

867 1499 1021 1523 vestrorum
1036 1494 1071 1522 ad
1085 1493 1254 1527 iracundiam
1267 1493 1451 1529 provocabitis
1468 1502 1531 1522 eum
1543 1516 1550 1528 ,
1564 1501 1591 1524 et
1604 1496 1653 1524 ab-

868 1540 930 1577 iecti
941 1540 1018 1568 eritis
1032 1547 1120 1576 usque
1130 1539 1162 1568 ad
1175 1543 1284 1575 tempus
1296 1539 1551 1569 consummationis.

906 1682 940 1710 X.
958 1692 968 1708 ‹
987 1682 1021 1710 Et
1034 1690 1118 1715 nunc,
1134 1681 1183 1709 ﬁlii
1207 1681 1277 1715 mei,
1294 1689 1328 1709 ne
1343 1682 1558 1715 contristemini,
1582 1690 1652 1718 quo-

873 1728 947 1756 niam
963 1729 1068 1757 morior
1084 1736 1151 1764 ego;
1174 1735 1262 1764 neque
1277 1728 1436 1760 concidatis.
1454 1729 1584 1764 quoniam
1607 1738 1653 1758 re-

870 1775 964 1810 linquo
978 1782 1037 1802 vos.
1056 1774 1207 1809 Resurgam
1223 1774 1294 1801 enim
1313 1775 1341 1802 in
1365 1775 1454 1802 medio
1467 1776 1564 1810 vestri,
1581 1776 1654 1804 velut

869 1821 924 1849 dux
955 1820 983 1847 in
1013 1820 1103 1848 medio
1134 1819 1251 1847 ﬁliorum
1281 1827 1412 1853 suorum,
1442 1825 1469 1848 et
1492 1821 1605 1849 laztabor
1624 1823 1652 1850 in

870 1865 959 1894 medio
979 1865 1067 1892 tribus
1091 1872 1167 1897 meae,
1195 1868 1328 1899 quotquot
1354 1864 1542 1892 custodierunt
1566 1865 1652 1901 legem

871 1911 989 1945 Domini,
1014 1915 1041 1939 et
1054 1911 1180 1938 mandata
1195 1910 1317 1938 Zabulon
1335 1910 1418 1946 patris
1438 1918 1544 1938 eorum.
1566 1911 1654 1947 Super

870 1958 970 1993 impios
982 1964 1047 1984 vero
1061 1956 1172 1984 inducet
1188 1955 1322 1984 Dominus
1348 1956 1438 1992 ignem
1459 1960 1600 1990 aeternum,
1616 1959 1654 1990 {et

870 2004 962 2039 perdet
973 2010 1020 2030 eos
1035 2009 1122 2037 usque
1136 2002 1163 2030 in
1179 2002 1380 2037 generationes.
1396 2001 1453 2037 Ego
1477 2002 1504 2029 in
1530 2003 1652 2038 requiem

870 2056 958 2076 meam
972 2048 1110 2083 confugio,
1122 2047 1193 2075 sicut
1205 2052 1296 2082 patres
1308 2048 1361 2076 mei
1375 2057 1382 2075 :
1395 2056 1443 2076 vos
1456 2052 1546 2076 autem
1559 2049 1653 2077 timete

871 2094 1015 2122 Dominum
1032 2093 1115 2122 Deum
1128 2097 1261 2127 vestrum,
1276 2093 1303 2121 in
1317 2094 1392 2121 omni
1407 2093 1575 2130 fortitudine,
1594 2102 1653 2122 om-

871 2139 952 2167 nibus
967 2138 1066 2172 ,diebus
1087 2138 1150 2166 vita:
1169 2142 1275 2166 vestrae.
1291 2147 1301 2164 ι
1322 2138 1355 2166 Ει
1377 2147 1439 2166 cum
1455 2140 1512 2167 haec
1529 2140 1653 2174 dixisset,

41 2186 84 2212 καὶ
97 2187 200 2222 ἔθηκαν
211 2186 291 2213 αὐτὸν
306 2186 331 2213 οἱ
348 2187 402 2213 uio).
416 2185 496 2213 αὑτοῦ
513 2186 541 2212 ὲν
555 2185 626 2220 θήκῃ
638 2193 644 2199 ·
663 2184 773 2219 ὓστερον
789 2183 818 2210 δὲ

872 2185 996 2213 dormivit
1007 2192 1104 2213 somno
1117 2185 1200 2216 bono.
1213 2190 1240 2212 et
1251 2190 1401 2220 posuerunt
1412 2193 1473 2214 eum
1491 2186 1538 2213 ﬁlii
1553 2187 1614 2222 ejus
1625 2188 1653 2215 in

40 2231 217 2267 ἀναγαγόντες
232 2233 313 2260 αὐτὸν
323 2233 363 2265 είς
375 2232 497 2267 Χεϐρὼν,
509 2231 608 2266 ἔθαψαν
622 2231 691 2266 μετὰ
701 2230 755 2257 τῶν
767 2239 819 2257 πα-

40 2279 120 2314 τέρων
135 2279 228 2307 αὐτοῦ.

133 2322 135 2325 ’
308 2335 503 2362 ΚΕΦΑΛΑΙΟΝ
519 2336 555 2361 Ζι.

118 2380 246 2414 Διαθήκη
259 2380 327 2412 Δὰν,
340 2380 406 2414 περὶ
423 2379 516 2414 θυμοῦ
529 2379 577 2406 καὶ
591 2378 731 2413 ψεύδους.

73 2427 109 2453 Α’.
134 2427 311 2463 Ἀντίγραφον
326 2426 413 2461 λόγων
429 2426 491 2458 Δὰν,
505 2423 542 2452 ὦν
554 2423 613 2452 εἷπε
623 2426 679 2456 τοῖς
692 2425 758 2456 υἱοῖς
770 2424 818 2450 αὑ-

42 2471 84 2498 τοῦ
100 2473 143 2499 ἐπ’
160 2473 281 2508 ἐσχάτων
296 2473 351 2499 τῶν
367 2472 479 2509 ἡμερῶν
498 2471 591 2498 αὑτοῦ.
613 2469 764 2504 Ἐκατοστῷ
780 2469 819 2496 εί-

43 2518 125 2554 κοστῷ
141 2518 258 2555 πέμπτῳ
274 2519 328 2546 ἔτει
345 2519 396 2554 τῆς
417 2517 490 2553 ζωῆς
512 2517 611 2549 αὑτοῦ,
635 2516 750 2548 καλέσας
770 2515 820 2551 τὴν

44 2573 151 2612 Visione
174 2584 206 2608 Il,
228 2576 284 2612 55,
311 2576 353 2603 his
372 2576 510 2612 verbis,“
525 2574 565 2601 Tu
584 2577 685 2605 autem,
708 2572 818 2612 lieruia,

44 2610 94 2648 ηριί
107 2608 266 2648 meminisse
278 2608 441 2647 injuriarum
454 2610 571 2637 ﬁliorum
587 2614 705 2648 tuor-uin.
718 2608 821 2648 _Mvmo-

44 2644 81 2671 ‘ia
94 2646 167 2673 enim
179 2644 342 2681 iniuriarum
356 2651 471 2673 mortem
488 2651 625 2680 operatur,
643 2644 744 2670 oblivio
755 2651 820 2670 vero

44 2686 132 2719 “rem
149 2682 234 2719 tua!!!
255 2681 497 2719 mer!1am-'.GM_I*-
536 2714 546 2719 _
599 2715 604 2719 .
670 2714 694 2719 .-

76 2715 129 2777 $25)
151 2716 307 2751 Τάράσσει.
323 2717 378 2744 Καὶ
391 2716 441 2752 τὴν
458 2714 573 2751 ὓπαρξιν
593 2714 730 2750 ἀφανίζει,
747 2714 822 2742 addit

46 2756 75 2776 co
109 2759 124 2777 ι
138 2750 227 2779 Oxon.
248 2751 288 2781 In.

79 2786 133 2820 (66)
152 2786 189 2813 Τὰ
200 2786 303 2814 ὕδατα.
328 2787 387 2813 Ἐπί
401 2786 464 2814 add.
478 2786 517 2813 In.

76 2820 131 2856 (67)
147 2821 321 2857 Κατασύρει.
334 2822 499 2857 Καταφέρει.
513 2821 549 2848 in.

179 2870 316 2902 ΡΔτιιοι..
344 2869 403 2900 Gn.
430 2869 470 2899 ll.

871 2229 965 2262 theca;
981 2233 1074 2264 postea
1085 2236 1150 2256 vero
1165 2230 1324 2258 reducentes
1339 2238 1401 2258 eum
1423 2231 1449 2258 in
1471 2230 1591 2265 Hebron,
1608 2239 1653 2260 se-

870 2276 1003 2310 pelierunt
1022 2283 1083 2303 cum
1099 2276 1222 2310 patribus
1233 2276 1302 2310 ejus.

1154 2332 1270 2361 CAPUT
1290 2333 1346 2360 Vll.

970 2377 1165 2405 Testamentum
1181 2379 1252 2411 Dan,
1270 2379 1302 2406 de
1314 2380 1355 2406 ira
1368 2384 1392 2406 ει
1408 2380 1553 2408 mendacia.

904 2423 926 2450 Ι.
941 2423 1146 2459 Transcriptum
1162 2425 1307 2452 verborum
1326 2425 1394 2458 Dan,
1412 2433 1474 2461 quae
1496 2426 1566 2453 dixit
1591 2426 1654 2455 ﬁliis

871 2470 927 2498 suis
951 2470 978 2497 in
1007 2470 1109 2498 ultimis
1133 2471 1228 2498 diebus
1253 2471 1322 2499 suis.
1347 2471 1502 2499 Centesimo
1525 2471 1655 2500 vicesimo

871 2517 966 2552 quinto
979 2524 1052 2544 anno
1064 2517 1127 2544 vitae
1140 2524 1197 2544 sua:
1210 2525 1312 2545 vocans
1330 2518 1432 2545 tribum
1457 2525 1546 2552 suam,
1561 2517 1630 2546 dixit
1647 2527 1653 2544 :

906 2573 963 2610 (ϐε)
980 2573 1113 2607 Ἰσραήλ,
1132 2574 1318 2610 Ἰερουσαλήμ.
1335 2574 1374 2602 In.

906 2608 965 2645 (£59)
978 2609 1153 2636 Καθίσεσθε.
1167 2608 1374 2645 Κακωθήσεσθε.
1388 2609 1425 2637 In.

979 2644 1130 2680 Ἀνᾳτελεῖ
1143 2645 1214 2680 ὑμῖν
1226 2643 1316 2677 αὐτὸς
1332 2647 1348 2672 ὁ
1360 2646 1476 2680 Κύριος,
1488 2650 1539 2673 etc.
1553 2645 1655 2673 Alludit

871 2678 1060 2707 ad'Malachiaa
1072 2687 1108 2712 iv,
1118 2680 1144 2711 2.
1159 2678 1196 2707 in.

907 2714 1196 2750 (Ἠ)Καὶνῖασις.....
1221 2716 1418 2750 Ἰερουσαλὴμ
1447 2717 1540 2750 ὄνομα
1563 2715 1651 2748 αὐτῷ.

872 2749 1113 2787 Καὶέπιστρέψετε
1126 2751 1158 2787 εκ
1168 2751 1215 2786 τῆς
1230 2749 1281 2786 γῆς
1294 2751 1379 2787 ὑμῶν,
1388 2749 1434 2778 καὶ
1446 2749 1541 2787 ὕφεσθε
1554 2751 1655 2787 Κύριον

872 2785 902 2822 εν
925 2784 1100 2822 Ἰερουσαλὴμ
1122 2785 1166 2812 διὰ
1187 2784 1217 2813 τὸ
1237 2784 1325 2822 ξενομά
1347 2787 1438 2819 αὐτοῦ,
1466 2784 1546 2813 habet
1571 2784 1654 2813 codex

873 2819 1061 2847 Oxon.'multo
1073 2819 1220 2850 concisius.
1238 2821 1275 2849 In.

1460 2868 1498 2898 35
