1913 3102
248 109 316 138 1099

251 178 262 196 ι
275 168 382 199 Audite.
411 167 459 196 lilii
471 165 540 200 Dan,
557 174 696 195 sermones
711 174 796 200 meos,
819 168 948 195 attendite
963 174 1023 193 ver-
1037 167 1060 195 A

246 213 289 242 bis
303 214 359 241 oris
376 213 461 248 patris
476 213 568 241 vestri.
584 212 699 240 Probavi
721 213 748 240 in
766 213 848 240 corde
870 220 931 240 meo
953 216 981 239 et
996 211 1022 238 in

245 260 321 288 omni
340 260 393 287 vita
416 267 486 291 mea,
500 259 574 294 quod
590 267 633 287 res
656 259 728 286 bona
746 263 788 286 est
808 263 836 286 et
859 257 914 285 Deo
936 261 1022 292 grata,

245 307 347 334 veritas
359 314 421 334 cum
433 306 507 341 justa
520 305 641 338 actione;
659 309 687 332 et
701 304 774 340 quod
786 304 969 340 perniciosum
982 307 1024 331 est

246 353 430 384 mendacium,
442 357 470 379 et
483 352 533 384 ira,
548 351 676 386 quoniam
696 358 804 378 omnem
826 350 956 377 malitiam
972 350 1023 376 ho-

246 399 347 426 minem
373 398 494 426 edocent.
521 397 661 425 Conﬁteor
673 395 750 424 vobis
775 396 866 429 hodie,
890 395 938 423 lilii
957 395 1021 428 mei,

246 445 319 480 quod
341 444 369 472 in
389 444 470 471 corde
484 450 545 470 meo
564 443 670 470 laetatus
685 449 747 470 sum
761 441 796 469 de
810 446 896 469 morte
909 439 1020 475 Ioseph,

246 491 296 518 viri
312 490 417 518 veracis
431 494 457 517 et
472 489 546 521 boni,
559 493 586 516 et
600 488 750 524 gaudebam
768 487 795 514 in
808 487 962 514 venditione
974 485 1022 513 Io-

247 536 323 572 scph,
335 535 463 571 quoniam
479 542 562 569 supra
577 542 627 562 nos
642 537 718 569 pater
732 540 793 561 eum
809 532 945 568 diligebat.
962 531 1024 566 Spi-

247 583 316 610 ritus
329 583 402 610 enim
425 581 474 608 zeli
491 586 518 608 et
539 580 665 608 elationis
686 579 754 607 dixit
768 578 856 606 mihi:
878 587 888 604 ι
906 577 939 605 Et
952 582 981 605 tu
993 585 1023 605 es

246 628 318 656 ﬁlius
333 628 402 663 ejus.
423 638 432 654 ι
453 627 487 654 Et
505 635 576 654 unus
589 626 734 662 spirituum
754 625 842 652 Beliar
861 623 1024 659 cooperaba-

246 679 292 702 tur
305 674 382 706 mihi,
405 674 498 701 dicens
513 681 519 699 :
539 682 548 698 ι
564 672 663 707 Accipe
678 671 797 707 gladium
820 671 903 704 hunc,
918 675 945 698 et
960 676 1022 698 cum

246 727 280 748 eo
293 719 386 748 occide
399 719 516 754 Ioseph;
530 723 557 746 et
570 718 664 754 diliget
679 722 704 745 lc
727 721 804 752 pater
818 721 890 750 tuus,
915 721 1023 744 mortuo

245 773 290 794 eo.
307 775 316 792 ι
332 764 382 793 Hic
399 769 442 792 est
455 763 567 799 spiritus
585 763 647 796 iraa,
671 763 788 790 suadens
805 762 883 794 mihi,
906 765 937 790 ut
953 762 1024 790 sicut

246 811 367 848 pax-dalis
376 811 488 839 devorat
500 810 620 842 bardum,
635 809 672 837 ita
685 809 842 837 devorarem
852 808 962 844 Ioseph.
970 807 1023 836 Sed

247 858 319 886 Deus
329 857 414 886 Iacob
424 856 509 892 patris
525 856 577 884 mei
594 863 649 883 non
667 855 783 882 immisit
795 862 859 882 eum
879 854 907 882 in
927 863 1025 882 manus

247 912 332 938 meas,
356 907 388 931 ut
407 902 557 930 invenirem
571 908 635 929 eum
659 901 766 935 solum;
792 907 881 935 neque
903 901 1026 935 permisit

247 950 415 985 iniquitatem
430 949 502 977 hanc
519 948 619 982 facere.
633 953 665 977 ut
679 947 735 984 (‘13)
747 947 888 977 solvantur
900 947 955 977 duo
967 955 1025 976 sce-

247 999 307 1030 ptra
322 994 349 1022 in
362 993 456 1022 Israel.

281 1074 314 1102 ll.
329 1083 338 1100 ι
354 1073 387 1102 Ει
401 1081 483 1106 nunc,
500 1073 548 1100 lilii
565 1072 629 1106 mei,
641 1079 691 1108 ego
705 1072 818 1107 morior,
833 1077 860 1100 et
873 1072 901 1100 in
913 1072 1025 1100 veritate

246 1121 308 1149 dico
321 1120 410 1153 vobis,
428 1119 500 1155 quod
524 1119 547 1147 si
570 1126 625 1146 non
641 1118 801 1146 custodiatis
814 1118 994 1154 vosmetipsos
1009 1125 1024 1145 a

247 1166 344 1201 spiritu
370 1164 505 1192 mendacii
530 1169 557 1192 et
582 1164 639 1197 irae,
654 1169 682 1191 et
703 1164 820 1198 diligatis
844 1164 983 1191 veritatem
999 1168 1026 1191 et

246 1211 490 1247 ionganimitatem,
502 1209 678 1245 disperibitis.
692 1210 807 1238 Caecitas
819 1210 898 1238 estin
911 1210 961 1243 ira,
977 1210 1025 1237 lilii

247 1256 312 1290 mei,
335 1260 363 1283 et
377 1263 456 1283 nemo
479 1255 627 1282 iracundus
646 1254 719 1282 videt
739 1254 834 1282 {aciem
850 1255 878 1282 in
892 1256 1023 1289 veritate;

246 1302 377 1340 quoniam
395 1309 442 1332 seu
455 1305 541 1336 pater,
557 1301 613 1328 sive
631 1307 716 1328 mater
729 1301 781 1334 sit.
803 1305 832 1328 ut
848 1301 971 1329 hostibus
982 1307 1024 1329 at-

246 1339 333 1378 tendit
343 1349 399 1383 eis;
420 1350 443 1377 si
454 1346 596 1379 sitinter,
606 1354 661 1374 non
674 1346 765 1380 novit;
786 1346 809 1374 si
829 1347 957 1382 propheta
973 1347 1026 1375 Do-

246 1395 325 1429 mini,
344 1402 399 1422 non
415 1394 524 1428 obcdit;
543 1395 566 1423 si
583 1395 684 1430 justus,
695 1399 749 1419 non
782 1392 893 1426 aspicit;
909 1393 1024 1420 amicum

248 1448 303 1468 non
326 1440 474 1475 cognoscit.
499 1439 687 1475 Circumponit
709 1436 784 1468 enim
803 1436 829 1464 ei
851 1436 962 1472 spiritus
980 1437 1026 1465 ira

247 1486 317 1514 retia
330 1485 443 1519 erroris,
458 1490 485 1513 et
498 1490 615 1514 exczecat
633 1485 771 1513 naturales
788 1482 884 1514 oculos
903 1483 974 1519 ejus,
999 1488 1026 1512 et

248 1539 296 1567 per
311 1531 481 1559 mendacium
494 1531 652 1560 obtenebrat
679 1536 796 1559 mentem
818 1530 889 1566 ejus,
913 1534 940 1558 et
963 1536 1026 1565 pro-

248 1579 335 1613 priam
349 1578 481 1607 visionem
495 1578 590 1606 tribuit
607 1578 642 1606 ei.
655 1577 684 1605 In
699 1585 754 1613 quo
767 1582 856 1605 autem
871 1577 1027 1612 circumpo-

248 1623 289 1650 nit
302 1623 397 1651 oculos
420 1623 500 1658 ejus?
518 1622 547 1650 ln
563 1623 626 1651 odio
639 1623 740 1655 cordis,
758 1627 786 1651 et
804 1623 850 1651 dat
861 1623 887 1650 ei
902 1630 950 1650 cor
965 1630 1027 1658 pro-

248 1667 337 1703 prium
353 1667 483 1695 adversus
494 1666 603 1695 fratrem
621 1667 648 1695 in
660 1667 798 1695 invidiam.

283 1804 326 1832 Ill.
345 1814 354 1831 ι
372 1803 528 1832 Perniciosa
551 1809 593 1833 est
617 1804 674 1838 ira,
693 1806 744 1836 ﬁlii
762 1805 833 1839 mei;
855 1805 954 1834 etenim
974 1806 1026 1842 ipsi

248 1851 346 1879 animae
360 1851 418 1886 ipsa
444 1851 476 1878 iit
496 1851 605 1884 anima;
620 1855 649 1879 et
662 1859 761 1886 corpus
777 1851 886 1887 quidem
902 1852 1026 1881 iracundi

247 1896 387 1931 proprium
406 1895 458 1923 sibi
478 1895 561 1929 facit,
579 1896 677 1923 animae
701 1900 792 1924 autem
813 1897 980 1932 dominatur,
999 1901 1027 1926 et

249 1941 344 1970 tribuit
366 1941 474 1977 corpori
497 1941 645 1977 potentiam
660 1943 810 1977 propriam,
826 1947 857 1970 ut
870 1942 953 1971 faciat
970 1950 1027 1971 om-

249 1995 311 2015 nem
327 1987 513 2022 iniquitatem;
528 1991 628 2015 etcum
640 1987 698 2022 jam
710 1993 819 2023 operata
834 1987 915 2016 fuerit
924 1988 1025 2023 anima,

246 2032 378 2068 justiﬁeat
392 2032 465 2068 quod
481 2036 623 2067 operatum
643 2036 695 2065 est,
711 2032 774 2068 quia
785 2040 841 2061 non
859 2032 942 2061 videt.
956 2032 1026 2062 Pro-

248 2084 307 2114 pter
322 2078 374 2106 hoc
388 2078 435 2114 qui
448 2078 535 2106 iratus
550 2082 602 2112 est,
626 2079 652 2106 si
668 2079 778 2114 quidem
801 2080 838 2107 sit
857 2084 963 2115 potens,
977 2081 1027 2108 tri-

249 2124 345 2159 plicem
369 2124 450 2152 habet
469 2124 619 2159 potentiam
634 2125 663 2152 in
678 2125 719 2152 ira
733 2133 740 2150 :
759 2133 842 2153 unam
855 2125 965 2161 quidem
978 2134 1027 2162 per

249 2170 397 2204 potentiam
420 2174 448 2197 et
470 2169 603 2197 auxilium
620 2170 852 2205 ministrantium;
878 2172 1024 2201 secundam
1040 2168 1065 2197 ι)

249 2219 339 2242 autem
361 2222 409 2249 per
423 2214 547 2248 divitias,
563 2215 729 2250 persuadens
750 2220 777 2243 et
791 2216 901 2245 vincens
916 2217 942 2244 in
961 2217 1028 2253 inju-

249 2261 338 2294 stitia;
363 2261 470 2289 tertiam
497 2261 647 2289 naturalem
670 2262 774 2290 habens
789 2263 923 2298 corporis,
938 2268 966 2291 et
980 2271 1028 2299 per

249 2306 370 2341 seipsum
395 2313 510 2341 operans
529 2307 643 2333 malum.
661 2305 689 2333 Si
705 2311 793 2334 autem
809 2308 907 2336 debilis
922 2309 957 2336 sit
980 2309 1028 2344 qui

249 2352 386 2384 irascitur,
408 2351 543 2387 duplicem
559 2352 640 2379 habet
659 2357 820 2387 potestatem
831 2374 838 2387 ,
853 2360 949 2389 praeter
967 2363 1028 2383 eam

248 2405 309 2434 qum
319 2402 361 2426 est
372 2403 493 2431 naturae;
508 2398 618 2433 adjuvat
629 2398 701 2425 enim
715 2398 754 2425 eis
770 2398 810 2426 ira
825 2406 930 2435 semper
941 2400 968 2427 in
978 2401 1028 2428 ini-

283 2475 339 2511 (72)
354 2475 461 2512 Θᾳμὸς,
477 2475 522 2503 ὅτι
537 2476 640 2504 πᾶσαν
655 2478 762 2504 κακίαν
776 2478 936 2512 ἀνθρώπων
951 2481 1028 2508 ἐκδι-

247 2509 365 2548 δάσκει..
376 2509 679 2548 Θυμὸς-πᾶσανκακίαν
691 2509 852 2545 ἐκδιδάσκει,
864 2515 965 2543 omisso
976 2516 1027 2548 ὅτι,

247 2550 274 2572 et
284 2545 443 2587 ἀχρρῴςιιωνι
455 2546 613 2587 εἰνθνροιίυε
626 2547 774 2587 ἄνθρωπον.
788 2548 870 2587 ΕΒΔΞ.

284 2579 341 2615 (75)
356 2579 468 2617 ῌ-εηΝε,
478 2579 569 2616 potius
587 2579 728 2617 legendum
745 2583 822 2617 juxta
841 2583 927 2612 Graec.
940 2584 1027 2613 Oxon.

284 2591 341 2615 (ιο)
356 2591 401 2607 ut.
418 2591 569 2616 ﬂe,p0llll§
587 2591 610 2608 te
629 2591 728 2609 enaum
745 2591 822 2617 juxta
841 2591 927 2612 brato.
940 2591 1027 2613 Uxon.

247 2612 286 2640 In.
305 2629 341 2654 —_
362 2614 430 2654 ﬂuic
445 2616 507 2654 loco
531 2617 575 2654 lux
591 2591 793 2654 agunditurjn
813 2622 873 2654 not.
888 2619 905 2646 5
921 2621 954 2647 ad
969 2621 1030 2648 Cle-

248 2649 348 2710 mtis
365 2649 444 2678 Rom.
461 2650 544 2685 Epist.
563 2651 588 2683 Ι,
604 2659 664 2687 cap.
681 2652 725 2678 51.
738 2651 844 2679 Ραινοί.
856 2653 903 2681 Gr.
915 2654 958 2682 LI
975 2656 1026 2683 col.

247 2717 341 2780 (ἐξ)
354 2719 471 2746 Λυθῶσι
486 2719 540 2748 δύο
556 2720 693 2756 σκῆπτρα
709 2722 743 2749 ὲν
761 2722 892 2758 Ἰσραήλ.
909 2724 956 2761 Μή
964 2725 1027 2753 add.

291 2760 333 2780 ΑΒ.

285 2787 356 2823 (τιι)
370 2788 439 2821 Quid
466 2794 508 2817 est
532 2790 583 2818 hoc
601 2791 671 2826 ὁρῶν
687 2792 850 2828 πρόσωπον,
867 2795 956 2823 vident
982 2797 1026 2832 [a-

728 105 957 134 TESTAMENTA
983 106 1030 134 XII
1059 106 1370 138 PATRIARCHARUM.

1786 111 1855 139 «ιω

1075 167 1190 202 πατριὰν
1205 167 1296 200 αὐτοῦ,
1314 165 1390 193 εἶπεν
1400 176 1406 181 ”
1423 176 1432 192 ι
1457 166 1610 200 Ἀκούσατε,
1625 167 1678 194 υἱοὶ
1693 167 1757 201 Δάν,
1770 168 1855 203 λόγων

1075 221 1144 248 μου,
1175 213 1321 248 προσέχετε
1350 214 1452 249 ῥήμασι
1479 214 1609 248 στόματος
1633 214 1737 249 πατρὸς
1769 215 1860 251 ὖμῶν.

1081 258 1227 294 Ἐπείρασα
1242 259 1271 284 ὲν
1287 259 1385 294 καρδίᾳ
1403 267 1464 294 μου,
1476 259 1523 285 καὶ
1538 259 1568 284 ὲν
1585 258 1660 296 πάσῃ
1675 260 1710 294 τῇ
1723 259 1782 295 ζωῇ
1796 269 1859 295 μου,

1072 303 1112 330 ὅτι
1126 303 1206 331 καλὸν
1219 305 1264 330 καὶ
1280 303 1339 339 Θεῷ
1355 304 1508 339 εὐάρεστον,
1520 305 1537 339 ἡ
1551 303 1663 339 ἀλήθεια
1677 304 1748 339 μετὰ
1757 305 1820 332 διια.
1829 314 1862 331 ιο-

1073 350 1207 385 πραγίας·
1225 351 1272 376 καὶ
1287 350 1328 376 ὃτι
1351 350 1518 386 πονηρδνγτὸ
1532 349 1642 384 ψεῦδος,
1660 351 1708 377 καὶ
1730 352 1745 378 ὁ
1761 351 1831 386 Θυμδ
1839 360 1860 382 ς,

1073 395 1113 422 ὅτι
1130 396 1218 422 πᾶσαν
1230 395 1328 422 κακίαν
1344 395 1492 431 ἀνθρώπων
1505 396 1655 424 ἐκδιδάσκει
1668 397 1736 431 (72).
1753 397 1857 432 Ὁμολο-

1074 442 1115 477 γῶ
1126 443 1244 478 σήμερον
1255 443 1329 478 ὑμῖν,
1341 442 1422 469 τέκνα
1439 451 1500 478 μου,
1512 443 1553 469 ὅτι
1568 443 1598 469 ὲν
1610 442 1781 478 “perglij
1798 443 1857 478 ἡδό-

1075 497 1128 524 μην
1146 489 1210 524 περὶ
1224 488 1271 515 τοῦ
1288 488 1400 515 θανάτου
1419 488 1533 523 Ἰωσὴφ,
1552 487 1599 515 τοῦ
1620 487 1717 524 ἀνδρὸς
1728 487 1776 514 τοῦ
1794 488 1859 522 ἀγα-

1073 533 1120 561 θοῦ
1132 535 1178 561 καὶ
1189 534 1326 570 ἀληθινοῦ,
1343 535 1390 561 καὶ
1401 534 1507 570 ἔχαιρον
1523 534 1568 561 ἐπὶ
1583 535 1617 569 τῇ
1633 534 1734 569 πράσει
1747 534 1857 570 Ἰωσὴφ,

1073 580 1114 606 ὅτι
1132 580 1202 616 ὑπὲρ
1216 581 1289 616 ἡμᾶς
1305 581 1319 607 δ
1331 580 1422 616 πατὴρ
1430 580 1511 607 αὑτὸν
1522 580 1626 614 ἠγάπα.
1638 581 1675 606 Τὸ
1685 580 1741 616 γὰρ
1749 580 1857 615 πνεῦμα

1071 624 1119 651 τοῦ
1136 624 1215 661 ζήλου
1232 626 1278 652 καὶ
1300 625 1350 660 τῆς
1366 624 1521 663 ἀλαζονείας
1541 625 1618 660 ἐλεγέ
1644 634 1705 661 μοι·
1723 636 1732 652 ι
1754 627 1810 653 Καί
1827 634 1857 660 γε

1074 671 1106 698 σὺ
1126 671 1183 703 υίὸς
1198 671 1289 698 αὑτοῦ.
1307 681 1315 697 ι
1331 672 1386 698 Καὶ
1403 671 1431 698 ἓν
1450 671 1504 698 τῶν
1515 672 1677 707 πνευμάτων
1693 671 1742 699 τοῦ
1761 673 1858 707 Βελιάρ

1074 718 1203 754 συνήργει
1222 726 1285 753 μοι,
1301 717 1394 752 λέγον·
1410 727 1420 744 t
1432 718 1504 745 Λαδὲ
1520 718 1550 745 τὸ
1561 718 1636 752 ξίφος
1651 718 1745 750 τοῦτο,
1768 720 1815 746 καὶ
1830 720 1858 745 ἑν

1073 763 1146 799 αὐτῷ
1168 763 1245 791 ἄνελε
1269 764 1314 790 τὸν
1332 764 1447 799 Ἰωσὴφ,
1463 764 1509 790 καὶ
1524 765 1661 800 ἀγαπήσει
1685 772 1716 790 σε
1734 765 1749 791 ὸ
1766 766 1859 800 πατήρ

1075 819 1132 842 σου,
1149 810 1328 842 ἀποθανόντος
1339 809 1432 838 αὑτοῦ.
1448 820 1457 836 ι
1472 810 1558 837 Τοῦτό
1573 811 1631 837 ἐστι
1645 810 1676 837 τὸ
1691 810 1803 846 πνεῦμα
1812 811 1857 837 τοῦ

1075 856 1161 892 θυμοῦ
1173 876 1180 888 ,
1200 857 1229 884 τὸ
1242 857 1333 884 πεῖθόν
1351 866 1400 893 με,
1413 858 1457 885 ἵνα
1467 858 1506 890 ὡς
1521 857 1654 894 πάρδαλις
1670 858 1787 894 ὲκμύζει
1802 859 1857 893 ἔρι-

1075 902 1228 937 φον,οὕτως
1238 902 1434 939 ἐκμυζήσωτὺν
1449 903 1557 939 Ἰωσήφ.
1573 904 1642 930 Ἀλλ’
1654 904 1744 936 ὸθεδς
1763 906 1858 932 Ἰακὼὸ

1074 947 1122 974 τοῦ
1140 949 1242 984 πατρός
1259 957 1309 984 μου
1329 949 1378 976 οὐκ
1395 949 1520 977 ἐνέϐαλεν
1537 950 1618 977 αὐτὸν
1630 950 1672 982 εἰς
1692 950 1743 980 τὰς
1765 950 1857 985 χεῖρά-ς

1076 1001 1136 1028 μου,
1147 993 1190 1019 ἵνα
1198 992 1270 1029 εὕρω
1280 993 1359 1020 αὑτὸν
1374 993 1462 1029 μόνον’
1472 993 1531 1021 οὐδὲ
1542 994 1616 1021 εῐασε
1626 993 1707 1021 τοῦτο
1715 994 1745 1021 τὸ
1754 994 1858 1029 ἀνόμηο

1076 1047 1114 1073 μα
1124 1038 1246 1072 ποιῆσαι,
1257 1039 1300 1065 ῐνα
1315 1039 1415 1066 λυθῶσι
1430 1039 1476 1066 δύο
1492 1039 1618 1075 σκῆπτρα
1634 1041 1664 1066 εν
1671 1040 1780 1076 Ἰσραήλ
1792 1040 1857 1074 (74).

1109 1084 1146 1111 B'.
1163 1093 1172 1109 ι
1188 1085 1241 1111 Καὶ
1257 1084 1314 1117 νῦν,
1331 1084 1412 1111 τέκνα
1425 1094 1486 1121 μου,
1503 1084 1558 1120 ἐγὼ
1574 1085 1749 1122 ἀποθνήσκω,
1767 1087 1815 1112 καὶ
1830 1087 1859 1112 ὲν

1074 1130 1186 1166 ἀληθείᾳ
1204 1131 1274 1165 λέγω
1301 1132 1381 1167 ὑμῖν,
1403 1132 1445 1158 ὅτι
1468 1131 1516 1159 ἐὰν
1533 1132 1570 1168 μὴ
1590 1132 1727 1168 φυλάξητε
1746 1133 1860 1164 causai»;

1074 1176 1128 1204 ἀπὸ
1145 1176 1191 1203 τοῦ
1214 1177 1367 1212 πνεύματος
1383 1177 1431 1204 τοῦ
1444 1177 1558 1212 ψεύδους
1572 1179 1620 1205 καὶ
1630 1178 1679 1205 τοῦ
1693 1179 1798 1214 θυμοῦ,
1813 1179 1859 1205 καὶ

1074 1222 1233 1258 ἀγαπήσητε
1246 1222 1295 1258 τὴν
1306 1222 1432 1258 ἀλήθειαν
1447 1223 1495 1250 καὶ
1509 1222 1559 1259 τὴν
1575 1223 1780 1259 μακροθυμίαν,
1798 1224 1859 1250 ἀπο-

1074 1268 1172 1295 λεῖσθε.
1185 1268 1325 1303 Τύφλωσίς
1340 1269 1413 1295 ἐστιν
1431 1269 1460 1295 ἐν
1471 1268 1511 1304 τῷ
1521 1268 1600 1304 θυμῷ
1610 1288 1618 1301 ,
1634 1269 1719 1295 τέκνα
1733 1277 1797 1304 μου,
1813 1270 1858 1296 καὶ

1075 1314 1123 1340 οὐκ
1130 1313 1185 1340 ἐστι
1195 1322 1237 1346 τις
1246 1313 1371 1349 θυμώδης
1379 1313 1450 1350 ὁρῶν
1459 1314 1605 1349 πρόσωπον
1613 1313 1681 1349 (74')
1691 1314 1722 1340 ἐν
1734 1314 1856 1350 ἀληθείᾳ·

1075 1359 1116 1385 ὅτι
1127 1358 1179 1386 κᾶν
1189 1359 1278 1395 πατὴρ
1287 1378 1295 1391 ,
1306 1359 1357 1386 κᾶν
1369 1360 1458 1395 μήτηρ
1467 1359 1551 1391 ἔστὶν,
1561 1359 1600 1391 ὡς
1609 1359 1748 1394 πολεμίοις
1761 1359 1859 1395 προσέ-

1075 1415 1118 1441 χει
1134 1406 1242 1438 αὑτοϊς·
1257 1405 1304 1432 ἐὰν
1317 1403 1334 1441 ᾗ
1350 1405 1473 1440 ἀδελφὸς,
1490 1406 1540 1432 οὐκ
1555 1403 1642 1432 οἶδεν·
1656 1405 1704 1432 ἐὰν
1718 1407 1861 1442 προφήτης

1075 1450 1187 1487 Κυρίου,
1213 1450 1378 1486 παρακούει·
1398 1451 1446 1478 ἐὰν
1464 1451 1585 1484 δίκαιος,
1601 1452 1631 1478 οὐ
1649 1452 1759 1487 βλέπει·
1786 1453 1861 1487 φίλον

1038 1501 1062 1534 c
1075 1496 1106 1522 οὐ
1122 1496 1258 1531 γνωρίζει.
1279 1496 1439 1532 Περισάλλει
1463 1496 1518 1533 γὰρ
1543 1497 1625 1524 αὑτὸν
1637 1498 1669 1524 τὸ
1689 1497 1799 1533 mitur
1814 1498 1860 1525 τοῦ

1077 1539 1162 1576 θυμοῦ
1177 1540 1213 1567 τὰ
1227 1540 1320 1567 δίκτυα
1334 1541 1383 1576 τῆς
1399 1541 1503 1577 πλάνης
1512 1561 1520 1573 ,
1534 1542 1580 1568 καὶ
1595 1542 1691 1577 τυφλοῖ
1703 1543 1767 1575 τοὺς
1782 1552 1861 1578 eum-

1076 1587 1140 1618 κοὺς
1155 1586 1309 1622 ὀφθαλμοὺς
1323 1587 1421 1619 αὐτοῦ,
1441 1588 1488 1614 καὶ
1504 1588 1548 1615 διὰ
1565 1581 1612 1615 ’ἒοῦ
1630 1588 1744 1623 ψεύδους
1770 1590 1864 1616 mro:

1075 1632 1125 1667 τὴν
1138 1631 1254 1659 διάνοιαν
1267 1632 1359 1666 αὑτοῦ,
1373 1633 1421 1660 καὶ
1433 1634 1482 1669 τὴν
1495 1633 1562 1660 ἰδίαν
1573 1634 1669 1669 ὅρασιν
1682 1634 1800 1669 παρέχει
1811 1635 1861 1661 αὖ·

1075 1676 1124 1712 τῷ.
1143 1676 1186 1704 Ἐν
1203 1678 1256 1704 τίνι
1276 1677 1304 1704 δὲ
1325 1678 1481 1714 περιϐάλλει
1500 1679 1564 1711 τοὺς
1584 1679 1739 1714 ὀφθαλμοὺς
1758 1680 1860 1709 c3105:

1083 1723 1127 1749 Ἐν
1144 1723 1216 1759 μίσει
1231 1724 1354 1759 καρδίας,
1379 1725 1426 1751 καὶ
1447 1724 1553 1751 δίδωσιν
1568 1724 1642 1760 αὐτῷ
1659 1725 1775 1761 καρδίαν
1794 1725 1862 1752 ἰδίειν

1076 1768 1146 1796 κατὰ
1160 1769 1206 1796 τοῦ
1223 1769 1337 1805 ἀδελφοῦ
1353 1771 1394 1802 εις
1409 1770 1514 1804 φθόνον.

1116 1815 1152 1842 Γ’.
1174 1825 1185 1841 ι
1198 1816 1319 1851 Πονηρὸς
1342 1816 1357 1843 6
1383 1816 1580 1852 θυμδς,¹τέκνα
1592 1825 1653 1852 μου,
1662 1817 1774 1852 καὶγὰρ

1076 1862 1109 1896 τῇ
1125 1860 1197 1897 ψυχῇ
1214 1861 1293 1893 αὐτὸς
1309 1862 1412 1895 γίνεται
1427 1862 1499 1897 ψυχή
1514 1862 1569 1897 (75)
1579 1870 1586 1877 ·
1604 1862 1650 1889 καὶ
1664 1862 1696 1889 τὸ
1713 1863 1764 1898 μὲν
1783 1863 1862 1898 σῶμα

1078 1905 1242 1932 ίδιοποιεῖται
1254 1905 1308 1941 (76)
1315 1905 1362 1932 τοῦ
1373 1905 1510 1941 θυμώδους
1519 1926 1527 1938 ,
1537 1907 1587 1942 τῆς
1599 1907 1627 1933 δὲ
1639 1906 1729 1942 ψυχῆς
1739 1916 1864 1934 uti:ch

1078 1951 1161 1986 ριεύει
1173 1971 1181 1984 ,
1199 1951 1246 1978 καὶ
1267 1950 1384 1987 παρέχει
1397 1951 1436 1987 τῷ
1453 1951 1557 1988 σώματι
1579 1953 1693 1988 δύναμιν
1712 1953 1780 1980 ἰδίαν
1792 1974 1800 1985 ,
1818 1954 1863 1980 iv:

1076 1997 1177 2033 ποιήσῃ
1203 1997 1291 2024 πᾶσαν
1314 1997 1427 2033 ἀνομίαν
1438 2005 1446 2012 ·
1463 1997 1510 2024 καὶ
1525 1997 1588 2024 ὕταν
1610 1998 1701 2034 πράξῃ
1717 1998 1806 2034 ψυχὴ,
1821 1999 1862 2025 δι-

1075 2043 1147 2070 καιοῖ
1170 2042 1202 2070 τὸ
1223 2042 1360 2078 πραχθὲν,
1385 2043 1479 2078 ἐπειδὴ
1501 2044 1531 2070 οὐ
1554 2043 1657 2078 βλέπει.
1680 2044 1731 2070 Διὰ
1752 2045 1834 2071 τοῦτο
1847 2044 1862 2070 δ

1077 2088 1255 2125 θυμούμενος,
1272 2088 1319 2116 ἑὰν
1338 2089 1387 2125 μιν
1435 2089 1555 2121 δυνατὸς,
1579 2089 1697 2125 τριπλῆν
1713 2090 1770 2125 ἔχει
1781 2091 1862 2118 δύνα-

1079 2144 1123 2171 μιν
1139 2136 1168 2162 ὲν
1184 2135 1223 2171 τῷ
1239 2135 1332 2171 Θυμῷ·
1360 2135 1424 2171 μίαν
1443 2136 1492 2171 μὲν
1509 2135 1553 2162 διὰ
1571 2136 1623 2171 τῆς
1647 2136 1791 2171 δυνάμεως
1814 2136 1860 2163 καὶ

1077 2181 1127 2216 τῆς
1143 2181 1266 2216 βοηθείας
1283 2181 1339 2217 (77)
1360 2181 1414 2208 τῶν
1438 2181 1659 2217 ὑπουργούντων·
1684 2181 1814 2217 δευτέραν
1832 2182 1860 2208 δὲ

1076 2227 1121 2254 διὰ
1135 2226 1182 2253 τοῦ
1199 2227 1312 2254 πλούτου
1322 2247 1330 2259 ,
1347 2226 1524 2262 παραπείθων
1539 2227 1586 2254 καὶ
1602 2227 1685 2254 νικῶν
1712 2227 1741 2254 ἐν
1758 2227 1859 2262 ἀδίκῳ·

1077 2271 1171 2307 τρίτην
1186 2271 1235 2306 τὴν
1252 2271 1367 2306 φυσικὴν
1383 2270 1452 2306 ἔχων
1467 2271 1514 2298 τοῦ
1531 2270 1665 2306 σώματος,
1682 2272 1730 2298 καὶ
1745 2271 1780 2298 δι’
1796 2273 1859 2298 ἑαυ-

1077 2316 1124 2344 τοῦ
1140 2316 1211 2352 δρῶν
1225 2317 1256 2344 τὸ
1271 2317 1364 2344 κακόν.
1383 2316 1444 2343 Ἐὰν
1455 2316 1484 2343 δὲ
1500 2317 1635 2354 ἀσθενήσῃ
1650 2317 1665 2343 ὁ
1681 2317 1858 2353 θυμούμενος,

1077 2361 1172 2397 διπλῆν
1187 2362 1243 2397 ἔχει
1259 2363 1308 2398 τὴν
1324 2362 1437 2398 δύναμιν
1454 2362 1528 2398 παρὰ
1543 2362 1593 2398 τῆς
1615 2362 1723 2397 φύσεως
1734 2371 1740 2378 ·
1770 2363 1861 2398 βοηθεῖ

1077 2407 1132 2444 γὰρ
1147 2409 1238 2440 αὐτοῖς
1253 2410 1268 2436 ό
1284 2409 1368 2444 θυμὸς
1383 2409 1497 2436 πάντοτε
1511 2408 1541 2435 ὲν
1552 2409 1719 2445 παρανομίᾳ.
1737 2410 1822 2436 Τοῦτο
1831 2409 1861 2435 τὸ

1077 2484 1164 2512 ciem?
1185 2486 1316 2514 Hebraice
1331 2487 1432 2514 dicitur
1445 2487 1531 2514 videre
1543 2487 1637 2521 faciem
1649 2495 1700 2522 pro
1715 2487 1858 2515 familiari-

1079 2526 1120 2550 ter
1136 2525 1162 2549 et.
1174 2522 1272 2554 amice,
1284 2525 1332 2549 aut
1344 2521 1492 2556 submisse,
1509 2522 1626 2556 aliquem
1636 2521 1724 2555 adire,
1739 2523 1781 2550 vei
1797 2531 1857 2550 cum

1080 2564 1113 2584 eo
1126 2556 1255 2591 colloqui.
1273 2556 1316 2584 Cl‘.
1332 2561 1397 2584 text.
1413 2555 1493 2584 Hebr.
1510 2555 1576 2584 Gen.
1595 2565 1681 2589 xxxii,
1695 2558 1742 2591 2i,
1758 2562 1786 2585 et
1805 2557 1855 2585 (ιο-

1078 2591 1147 2619 senii
1170 2591 1332 2618 Thesaurum
1348 2591 1383 2619 ad
1397 2599 1490 2618 vocem
1506 2595 1572 2622 cum
1585 2593 1650 2624 11⁸1,
1664 2592 1690 2620 Ιι.
1710 2592 1812 2621 θυαε.

1114 2626 1235 2662 (75)Καὶ
1249 2628 1303 2661 γὰρ
1315 2626 1392 2662 ατρτῇ
1413 2626 1449 2661 τῇ
1464 2626 1551 2661 ψυχῇ
1567 2627 1659 2660 αὐτὸς
1676 2628 1790 2662 γίνεται
1802 2629 1858 2661 δίε-ι’-

1078 2660 1117 2695 χή
1130 2661 1232 2688 omissa
1248 2665 1321 2689 sunt.
1334 2661 1419 2689 (ἕλω.

1127 2696 1170 2730 76)
1192 2695 1392 2723 ἰδιοποιεῖται.
1407 2696 1484 2723 Ἶδιον
1498 2698 1622 2724 ποιεῖται.
1634 2696 1675 2725 In.

1077 2730 1252 2801 ’ῥοῼῃαιέιῗο
1252 2730 1305 2764 τῆς
1318 2731 1470 2766 δυνάμεως
1486 2732 1534 2759 καί
1551 2731 1606 2766 τῆς
1620 2732 1778 2767 βοηθείας.
1799 2731 1858 2760 ’Διὶ

1095 2774 1212 2801 οηοειας.
1226 2774 1263 2793 to.
