  <div class='ocr_page' id='page_1' title='image "/cluster/home/n/w/nwhite01/storage/ocr_20150623/2/njp.32101077772349/720.png"; bbox 0 0 1913 3102; ppageno 0'>
   <div class='ocr_carea' id='block_1_1' title="bbox 56 132 114 160">
    <p class='ocr_par' dir='ltr' id='par_1_1' title="bbox 56 132 114 160">
     <span class='ocr_line' id='line_1_1' title="bbox 56 132 114 160; baseline 0 0"><span class='ocrx_word' id='word_1_1' title='bbox 56 132 114 160; x_wconf 77' lang='lat' dir='ltr'><strong>H01</strong></span> 
     </span>
    </p>
   </div>
   <div class='ocr_carea' id='block_1_2' title="bbox 672 128 1029 157">
    <p class='ocr_par' dir='ltr' id='par_1_2' title="bbox 672 128 1029 157">
     <span class='ocr_line' id='line_1_2' title="bbox 672 128 1029 157; baseline -0.003 -1"><span class='ocrx_word' id='word_1_2' title='bbox 672 128 931 157; x_wconf 73' lang='lat' dir='ltr'><strong>TESTAMENTUM</strong></span> <span class='ocrx_word' id='word_1_3' title='bbox 950 128 1029 156; x_wconf 78' lang='lat' dir='ltr'><strong>DAN.</strong></span> 
     </span>
    </p>
   </div>
   <div class='ocr_carea' id='block_1_3' title="bbox 1589 129 1660 157">
    <p class='ocr_par' dir='ltr' id='par_1_3' title="bbox 1589 129 1660 157">
     <span class='ocr_line' id='line_1_3' title="bbox 1589 129 1660 157; baseline 0 0"><span class='ocrx_word' id='word_1_4' title='bbox 1589 129 1660 157; x_wconf 64' lang='lat'><strong>“09.</strong></span> 
     </span>
    </p>
   </div>
   <div class='ocr_carea' id='block_1_4' title="bbox 56 185 819 224">
    <p class='ocr_par' dir='ltr' id='par_1_4' title="bbox 56 186 819 224">
     <span class='ocr_line' id='line_1_4' title="bbox 56 186 819 224; baseline -0.005 -7"><span class='ocrx_word' id='word_1_5' title='bbox 56 188 155 224; x_wconf 75' lang='grc' dir='ltr'>πνεῦμα</span> <span class='ocrx_word' id='word_1_6' title='bbox 169 188 213 216; x_wconf 82' lang='grc' dir='ltr'><strong>ἀεὶ</strong></span> <span class='ocrx_word' id='word_1_7' title='bbox 231 187 299 224; x_wconf 84' lang='grc' dir='ltr'>μετὰ</span> <span class='ocrx_word' id='word_1_8' title='bbox 313 187 361 214; x_wconf 78' lang='grc' dir='ltr'>τοῦ</span> <span class='ocrx_word' id='word_1_9' title='bbox 376 187 488 222; x_wconf 83' lang='grc' dir='ltr'>ψεύδους</span> <span class='ocrx_word' id='word_1_10' title='bbox 503 187 536 213; x_wconf 80' lang='grc' dir='ltr'><strong>ἐκ</strong></span> <span class='ocrx_word' id='word_1_11' title='bbox 547 186 641 220; x_wconf 81' lang='grc' dir='ltr'>δεξιῶν</span> <span class='ocrx_word' id='word_1_12' title='bbox 657 186 703 213; x_wconf 81' lang='grc' dir='ltr'>τοῦ</span> <span class='ocrx_word' id='word_1_13' title='bbox 720 187 819 213; x_wconf 82' lang='grc' dir='ltr'>Σατανέ</span> 
     </span>
    </p>
   </div>
   <div class='ocr_carea' id='block_1_5' title="bbox 872 185 1656 224">
    <p class='ocr_par' dir='ltr' id='par_1_5' title="bbox 879 185 1656 222">
     <span class='ocr_line' id='line_1_5' title="bbox 879 185 1656 222; baseline 0.003 -9"><span class='ocrx_word' id='word_1_14' title='bbox 879 187 992 222; x_wconf 88' lang='lat' dir='ltr'><strong>quitate.</strong></span> <span class='ocrx_word' id='word_1_15' title='bbox 1011 185 1061 214; x_wconf 80' lang='lat' dir='ltr'><strong>llic</strong></span> <span class='ocrx_word' id='word_1_16' title='bbox 1073 185 1185 220; x_wconf 89' lang='lat' dir='ltr'><strong>spiritus</strong></span> <span class='ocrx_word' id='word_1_17' title='bbox 1199 192 1305 220; x_wconf 80' lang='lat' dir='ltr'><strong>semper</strong></span> <span class='ocrx_word' id='word_1_18' title='bbox 1319 192 1381 213; x_wconf 87' lang='lat' dir='ltr'><strong>eum</strong></span> <span class='ocrx_word' id='word_1_19' title='bbox 1397 185 1540 213; x_wconf 87' lang='lat' dir='ltr'><strong>mendacio</strong></span> <span class='ocrx_word' id='word_1_20' title='bbox 1558 193 1573 213; x_wconf 82' lang='lat' dir='ltr'><strong>a</strong></span> <span class='ocrx_word' id='word_1_21' title='bbox 1588 187 1656 215; x_wconf 79' lang='lat' dir='ltr'><strong>dex-</strong></span> 
     </span>
    </p>
   </div>
   <div class='ocr_carea' id='block_1_6' title="bbox 56 231 826 270">
    <p class='ocr_par' dir='ltr' id='par_1_6' title="bbox 56 231 826 270">
     <span class='ocr_line' id='line_1_6' title="bbox 56 231 826 270; baseline -0.005 -9"><span class='ocrx_word' id='word_1_22' title='bbox 56 235 206 270; x_wconf 78' lang='grc' dir='ltr'>πορεύεται,</span> <span class='ocrx_word' id='word_1_23' title='bbox 227 233 270 260; x_wconf 85' lang='grc' dir='ltr'>ῐνα</span> <span class='ocrx_word' id='word_1_24' title='bbox 291 233 320 259; x_wconf 89' lang='grc' dir='ltr'><strong>ἐν</strong></span> <span class='ocrx_word' id='word_1_25' title='bbox 337 232 458 267; x_wconf 83' lang='grc' dir='ltr'><strong>ὠμότητι</strong></span> <span class='ocrx_word' id='word_1_26' title='bbox 474 232 520 258; x_wconf 81' lang='grc' dir='ltr'>καὶ</span> <span class='ocrx_word' id='word_1_27' title='bbox 541 231 632 266; x_wconf 81' lang='grc' dir='ltr'>ψεύδει</span> <span class='ocrx_word' id='word_1_28' title='bbox 655 232 782 266; x_wconf 80' lang='grc' dir='ltr'><strong>γίνωνται</strong></span> <span class='ocrx_word' id='word_1_29' title='bbox 798 233 826 258; x_wconf 89' lang='grc' dir='ltr'><strong>αἰ</strong></span> 
     </span>
    </p>
   </div>
   <div class='ocr_carea' id='block_1_7' title="bbox 54 277 266 315">
    <p class='ocr_par' dir='ltr' id='par_1_7' title="bbox 54 277 266 315">
     <span class='ocr_line' id='line_1_7' title="bbox 54 277 266 315; baseline -0.014 -8"><span class='ocrx_word' id='word_1_30' title='bbox 54 279 157 315; x_wconf 78' lang='grc' dir='ltr'>πράξεις</span> <span class='ocrx_word' id='word_1_31' title='bbox 171 277 266 305; x_wconf 79' lang='grc' dir='ltr'>αὐτοῦ.</span> 
     </span>
    </p>
   </div>
   <div class='ocr_carea' id='block_1_8' title="bbox 83 321 824 358">
    <p class='ocr_par' dir='ltr' id='par_1_8' title="bbox 83 321 824 358">
     <span class='ocr_line' id='line_1_8' title="bbox 83 321 824 358; baseline -0.004 -7"><span class='ocrx_word' id='word_1_32' title='bbox 83 326 116 350; x_wconf 88' lang='grc' dir='ltr'><strong>Δ’.</strong></span> <span class='ocrx_word' id='word_1_33' title='bbox 133 322 258 350; x_wconf 72' lang='grc' dir='ltr'>(οὐκοῦν</span> <span class='ocrx_word' id='word_1_34' title='bbox 281 322 384 349; x_wconf 80' lang='grc' dir='ltr'><strong>συνίετε</strong></span> <span class='ocrx_word' id='word_1_35' title='bbox 405 323 455 358; x_wconf 83' lang='grc' dir='ltr'>τὴν</span> <span class='ocrx_word' id='word_1_36' title='bbox 477 322 590 357; x_wconf 90' lang='grc' dir='ltr'>δύναμιν</span> <span class='ocrx_word' id='word_1_37' title='bbox 605 321 652 348; x_wconf 84' lang='grc' dir='ltr'>τοῦ</span> <span class='ocrx_word' id='word_1_38' title='bbox 669 321 766 356; x_wconf 84' lang='grc' dir='ltr'>θυμοῦ,</span> <span class='ocrx_word' id='word_1_39' title='bbox 783 322 824 348; x_wconf 84' lang='grc' dir='ltr'>ὅτι</span> 
     </span>
    </p>
   </div>
   <div class='ocr_carea' id='block_1_9' title="bbox 53 367 823 406">
    <p class='ocr_par' dir='ltr' id='par_1_9' title="bbox 53 367 823 406">
     <span class='ocr_line' id='line_1_9' title="bbox 53 367 823 406; baseline -0.003 -10"><span class='ocrx_word' id='word_1_40' title='bbox 53 369 145 406; x_wconf 79' lang='grc' dir='ltr'>ματαία</span> <span class='ocrx_word' id='word_1_41' title='bbox 160 369 243 396; x_wconf 83' lang='grc' dir='ltr'>ἐστίν.</span> <span class='ocrx_word' id='word_1_42' title='bbox 268 369 311 396; x_wconf 88' lang='grc' dir='ltr'>Ἐν</span> <span class='ocrx_word' id='word_1_43' title='bbox 327 368 381 404; x_wconf 70' lang='grc' dir='ltr'><strong>γὰρ</strong></span> <span class='ocrx_word' id='word_1_44' title='bbox 391 368 462 404; x_wconf 84' lang='grc' dir='ltr'>λόγῳ</span> <span class='ocrx_word' id='word_1_45' title='bbox 478 367 623 404; x_wconf 80' lang='grc' dir='ltr'>παροξύνει</span> <span class='ocrx_word' id='word_1_46' title='bbox 635 367 689 402; x_wconf 88' lang='lat'><strong>(78)</strong></span> <span class='ocrx_word' id='word_1_47' title='bbox 707 367 823 404; x_wconf 80' lang='grc' dir='ltr'>πρῶτον·</span> 
     </span>
    </p>
   </div>
   <div class='ocr_carea' id='block_1_10' title="bbox 52 413 825 451">
    <p class='ocr_par' dir='ltr' id='par_1_10' title="bbox 52 413 825 451">
     <span class='ocr_line' id='line_1_10' title="bbox 52 413 825 451; baseline -0.003 -9"><span class='ocrx_word' id='word_1_48' title='bbox 52 414 104 442; x_wconf 78' lang='grc' dir='ltr'>εἶτα</span> <span class='ocrx_word' id='word_1_49' title='bbox 119 416 146 442; x_wconf 87' lang='grc' dir='ltr'><strong>ἐν</strong></span> <span class='ocrx_word' id='word_1_50' title='bbox 159 415 250 451; x_wconf 73' lang='grc' dir='ltr'>ἔργοις</span> <span class='ocrx_word' id='word_1_51' title='bbox 265 415 371 441; x_wconf 84' lang='grc' dir='ltr'>δυνατοῖ</span> <span class='ocrx_word' id='word_1_52' title='bbox 384 414 429 441; x_wconf 77' lang='grc' dir='ltr'><strong>τὸν</strong></span> <span class='ocrx_word' id='word_1_53' title='bbox 442 413 626 449; x_wconf 72' lang='grc' dir='ltr'>ἐρεθιζόμενον</span> <span class='ocrx_word' id='word_1_54' title='bbox 643 413 697 449; x_wconf 88' lang='grc'><strong>(79)</strong></span> <span class='ocrx_word' id='word_1_55' title='bbox 710 433 717 446; x_wconf 83' lang='grc'><strong>,</strong></span> <span class='ocrx_word' id='word_1_56' title='bbox 735 414 781 440; x_wconf 78' lang='grc' dir='ltr'>καὶ</span> <span class='ocrx_word' id='word_1_57' title='bbox 796 414 825 440; x_wconf 84' lang='grc' dir='ltr'><strong>ἐν</strong></span> 
     </span>
    </p>
   </div>
   <div class='ocr_carea' id='block_1_11' title="bbox 52 459 822 497">
    <p class='ocr_par' dir='ltr' id='par_1_11' title="bbox 52 459 822 497">
     <span class='ocr_line' id='line_1_11' title="bbox 52 459 822 497; baseline -0.004 -9"><span class='ocrx_word' id='word_1_58' title='bbox 52 461 153 497; x_wconf 78' lang='grc' dir='ltr'><strong>ζημίαις</strong></span> <span class='ocrx_word' id='word_1_59' title='bbox 169 461 280 496; x_wconf 83' lang='grc' dir='ltr'>πικραῖς</span> <span class='ocrx_word' id='word_1_60' title='bbox 297 459 351 495; x_wconf 84' lang='grc'>(80)</span> <span class='ocrx_word' id='word_1_61' title='bbox 369 460 496 496; x_wconf 80' lang='grc' dir='ltr'>ταράσσει</span> <span class='ocrx_word' id='word_1_62' title='bbox 512 459 542 486; x_wconf 84' lang='grc' dir='ltr'><strong>τὺ</strong></span> <span class='ocrx_word' id='word_1_63' title='bbox 559 459 708 486; x_wconf 78' lang='grc' dir='ltr'>διαὸούλιον</span> <span class='ocrx_word' id='word_1_64' title='bbox 724 459 822 486; x_wconf 83' lang='grc' dir='ltr'>αὐτοῦ·</span> 
     </span>
    </p>
   </div>
   <div class='ocr_carea' id='block_1_12' title="bbox 51 504 825 541">
    <p class='ocr_par' dir='ltr' id='par_1_12' title="bbox 51 504 825 541">
     <span class='ocr_line' id='line_1_12' title="bbox 51 504 825 541; baseline -0.005 -7"><span class='ocrx_word' id='word_1_65' title='bbox 51 508 92 535; x_wconf 78' lang='grc' dir='ltr'>καὶ</span> <span class='ocrx_word' id='word_1_66' title='bbox 105 507 189 538; x_wconf 77' lang='grc' dir='ltr'>οὕτως</span> <span class='ocrx_word' id='word_1_67' title='bbox 200 506 328 541; x_wconf 84' lang='grc' dir='ltr'>διεγείρει</span> <span class='ocrx_word' id='word_1_68' title='bbox 344 505 373 532; x_wconf 84' lang='grc' dir='ltr'>ὲν</span> <span class='ocrx_word' id='word_1_69' title='bbox 389 504 467 540; x_wconf 87' lang='grc' dir='ltr'><strong>θυμῷ</strong></span> <span class='ocrx_word' id='word_1_70' title='bbox 485 505 595 540; x_wconf 82' lang='grc' dir='ltr'>μεγάλῳ</span> <span class='ocrx_word' id='word_1_71' title='bbox 609 505 658 540; x_wconf 82' lang='grc' dir='ltr'>τὴν</span> <span class='ocrx_word' id='word_1_72' title='bbox 673 504 761 540; x_wconf 81' lang='grc' dir='ltr'>ψυχὴν</span> <span class='ocrx_word' id='word_1_73' title='bbox 777 505 825 531; x_wconf 86' lang='grc' dir='ltr'><strong>αὺ-</strong></span> 
     </span>
    </p>
   </div>
   <div class='ocr_carea' id='block_1_13' title="bbox 49 550 823 587">
    <p class='ocr_par' dir='ltr' id='par_1_13' title="bbox 49 550 823 587">
     <span class='ocr_line' id='line_1_13' title="bbox 49 550 823 587; baseline -0.005 -6"><span class='ocrx_word' id='word_1_74' title='bbox 49 553 102 581; x_wconf 84' lang='grc' dir='ltr'>τοῦ.</span> <span class='ocrx_word' id='word_1_75' title='bbox 117 554 180 580; x_wconf 83' lang='grc' dir='ltr'>Ὅτε</span> <span class='ocrx_word' id='word_1_76' title='bbox 196 550 243 579; x_wconf 80' lang='grc' dir='ltr'>οὖν</span> <span class='ocrx_word' id='word_1_77' title='bbox 258 551 334 578; x_wconf 87' lang='grc' dir='ltr'>λαλεῖ</span> <span class='ocrx_word' id='word_1_78' title='bbox 348 559 390 583; x_wconf 89' lang='grc' dir='ltr'><strong>τις</strong></span> <span class='ocrx_word' id='word_1_79' title='bbox 406 551 466 578; x_wconf 75' lang='grc' dir='ltr'>καθ’</span> <span class='ocrx_word' id='word_1_80' title='bbox 484 551 571 586; x_wconf 84' lang='grc' dir='ltr'>ὑμῶν,</span> <span class='ocrx_word' id='word_1_81' title='bbox 589 551 669 587; x_wconf 82' lang='grc' dir='ltr'>ὑμεῖς</span> <span class='ocrx_word' id='word_1_82' title='bbox 687 550 724 586; x_wconf 85' lang='grc' dir='ltr'>μὴ</span> <span class='ocrx_word' id='word_1_83' title='bbox 738 552 823 577; x_wconf 84' lang='grc' dir='ltr'>κινεῖ-</span> 
     </span>
    </p>
   </div>
   <div class='ocr_carea' id='block_1_14' title="bbox 50 596 824 634">
    <p class='ocr_par' dir='ltr' id='par_1_14' title="bbox 50 596 824 634">
     <span class='ocr_line' id='line_1_14' title="bbox 50 596 824 634; baseline -0.005 -8"><span class='ocrx_word' id='word_1_84' title='bbox 50 600 91 626; x_wconf 80' lang='grc' dir='ltr'><strong>σθε</strong></span> <span class='ocrx_word' id='word_1_85' title='bbox 107 600 146 631; x_wconf 87' lang='grc' dir='ltr'><strong>είς</strong></span> <span class='ocrx_word' id='word_1_86' title='bbox 168 598 254 634; x_wconf 86' lang='grc' dir='ltr'>θυμόν</span> <span class='ocrx_word' id='word_1_87' title='bbox 266 607 273 614; x_wconf 86' lang='grc'>·</span> <span class='ocrx_word' id='word_1_88' title='bbox 298 598 345 626; x_wconf 80' lang='grc' dir='ltr'>καὶ</span> <span class='ocrx_word' id='word_1_89' title='bbox 367 598 414 624; x_wconf 82' lang='grc' dir='ltr'>ἐὰν</span> <span class='ocrx_word' id='word_1_90' title='bbox 429 605 470 628; x_wconf 90' lang='grc' dir='ltr'><strong>τις</strong></span> <span class='ocrx_word' id='word_1_91' title='bbox 487 597 585 632; x_wconf 80' lang='grc' dir='ltr'>ἐπαινῇ</span> <span class='ocrx_word' id='word_1_92' title='bbox 611 597 683 631; x_wconf 81' lang='grc' dir='ltr'>ὑμᾶς</span> <span class='ocrx_word' id='word_1_93' title='bbox 703 596 741 628; x_wconf 87' lang='grc' dir='ltr'>ὼς</span> <span class='ocrx_word' id='word_1_94' title='bbox 756 596 824 630; x_wconf 84' lang='grc' dir='ltr'>ἀγα-</span> 
     </span>
    </p>
   </div>
   <div class='ocr_carea' id='block_1_15' title="bbox 50 641 822 680">
    <p class='ocr_par' dir='ltr' id='par_1_15' title="bbox 50 641 822 680">
     <span class='ocr_line' id='line_1_15' title="bbox 50 641 822 680; baseline -0.008 -7"><span class='ocrx_word' id='word_1_95' title='bbox 50 645 104 678; x_wconf 79' lang='grc' dir='ltr'>θοὺς</span> <span class='ocrx_word' id='word_1_96' title='bbox 121 643 186 680; x_wconf 84' lang='grc'>(81),</span> <span class='ocrx_word' id='word_1_97' title='bbox 205 645 243 680; x_wconf 84' lang='grc' dir='ltr'>μὴ</span> <span class='ocrx_word' id='word_1_98' title='bbox 260 643 421 679; x_wconf 80' lang='grc' dir='ltr'>ἐπαίρεσθε,</span> <span class='ocrx_word' id='word_1_99' title='bbox 443 643 510 678; x_wconf 87' lang='grc' dir='ltr'>μήτε</span> <span class='ocrx_word' id='word_1_100' title='bbox 529 641 736 677; x_wconf 78' lang='grc' dir='ltr'>μεταϐάλλεσθε,</span> <span class='ocrx_word' id='word_1_101' title='bbox 755 642 822 677; x_wconf 84' lang='grc' dir='ltr'>μήτε</span> 
     </span>
    </p>
   </div>
   <div class='ocr_carea' id='block_1_16' title="bbox 48 687 824 726">
    <p class='ocr_par' dir='ltr' id='par_1_16' title="bbox 48 687 824 726">
     <span class='ocr_line' id='line_1_16' title="bbox 48 687 824 726; baseline -0.006 -8"><span class='ocrx_word' id='word_1_102' title='bbox 48 693 82 723; x_wconf 85' lang='grc' dir='ltr'><strong>εἰς</strong></span> <span class='ocrx_word' id='word_1_103' title='bbox 95 691 197 726; x_wconf 80' lang='grc' dir='ltr'><strong>τέρψιν,</strong></span> <span class='ocrx_word' id='word_1_104' title='bbox 218 691 286 726; x_wconf 87' lang='grc' dir='ltr'>μήτε</span> <span class='ocrx_word' id='word_1_105' title='bbox 302 691 342 722; x_wconf 83' lang='grc' dir='ltr'>εἰς</span> <span class='ocrx_word' id='word_1_106' title='bbox 357 689 459 716; x_wconf 82' lang='grc' dir='ltr'>ἀειδίαν</span> <span class='ocrx_word' id='word_1_107' title='bbox 475 688 540 724; x_wconf 68' lang='grc'>(82),</span> <span class='ocrx_word' id='word_1_108' title='bbox 560 687 669 724; x_wconf 84' lang='grc' dir='ltr'>Πρῶτον</span> <span class='ocrx_word' id='word_1_109' title='bbox 690 687 745 723; x_wconf 85' lang='grc' dir='ltr'><strong>γὰρ</strong></span> <span class='ocrx_word' id='word_1_110' title='bbox 763 687 824 723; x_wconf 82' lang='grc' dir='ltr'>τέρ-</span> 
     </span>
    </p>
   </div>
   <div class='ocr_carea' id='block_1_17' title="bbox 48 732 823 772">
    <p class='ocr_par' dir='ltr' id='par_1_17' title="bbox 48 732 823 772">
     <span class='ocr_line' id='line_1_17' title="bbox 48 732 823 772; baseline -0.006 -8"><span class='ocrx_word' id='word_1_111' title='bbox 48 746 88 764; x_wconf 86' lang='grc' dir='ltr'><strong>πει</strong></span> <span class='ocrx_word' id='word_1_112' title='bbox 101 737 148 772; x_wconf 79' lang='grc' dir='ltr'>τὴν</span> <span class='ocrx_word' id='word_1_113' title='bbox 163 737 259 772; x_wconf 74' lang='grc' dir='ltr'>ἀκοὴν,</span> <span class='ocrx_word' id='word_1_114' title='bbox 272 735 320 762; x_wconf 78' lang='grc' dir='ltr'>καὶ</span> <span class='ocrx_word' id='word_1_115' title='bbox 335 735 421 766; x_wconf 70' lang='grc' dir='ltr'>οὕτως</span> <span class='ocrx_word' id='word_1_116' title='bbox 435 734 522 767; x_wconf 79' lang='grc' dir='ltr'>ὀξύνει</span> <span class='ocrx_word' id='word_1_117' title='bbox 534 734 580 761; x_wconf 80' lang='grc' dir='ltr'>τὸν</span> <span class='ocrx_word' id='word_1_118' title='bbox 595 734 668 766; x_wconf 80' lang='grc' dir='ltr'>νοῦν,</span> <span class='ocrx_word' id='word_1_119' title='bbox 686 733 781 768; x_wconf 80' lang='grc' dir='ltr'>νοῆσαι</span> <span class='ocrx_word' id='word_1_120' title='bbox 793 732 823 759; x_wconf 82' lang='grc' dir='ltr'>τὸ</span> 
     </span>
    </p>
   </div>
   <div class='ocr_carea' id='block_1_18' title="bbox 48 780 822 819">
    <p class='ocr_par' dir='ltr' id='par_1_18' title="bbox 48 780 822 819">
     <span class='ocr_line' id='line_1_18' title="bbox 48 780 822 819; baseline -0.003 -10"><span class='ocrx_word' id='word_1_121' title='bbox 48 782 184 819; x_wconf 82' lang='grc' dir='ltr'>ἐρεθισθέν·</span> <span class='ocrx_word' id='word_1_122' title='bbox 209 782 256 809; x_wconf 80' lang='grc' dir='ltr'>καὶ</span> <span class='ocrx_word' id='word_1_123' title='bbox 272 782 333 808; x_wconf 83' lang='grc' dir='ltr'>τότε</span> <span class='ocrx_word' id='word_1_124' title='bbox 349 780 485 816; x_wconf 81' lang='grc' dir='ltr'>θυμωθεὶς</span> <span class='ocrx_word' id='word_1_125' title='bbox 502 780 606 815; x_wconf 75' lang='grc' dir='ltr'><strong>νομίζει</strong></span> <span class='ocrx_word' id='word_1_126' title='bbox 621 780 731 812; x_wconf 75' lang='grc' dir='ltr'>δικαίως</span> <span class='ocrx_word' id='word_1_127' title='bbox 746 780 822 815; x_wconf 82' lang='grc' dir='ltr'>ὀργί-</span> 
     </span>
    </p>
   </div>
   <div class='ocr_carea' id='block_1_19' title="bbox 48 826 822 862">
    <p class='ocr_par' dir='ltr' id='par_1_19' title="bbox 48 826 822 862">
     <span class='ocr_line' id='line_1_19' title="bbox 48 826 822 862; baseline -0.001 -8"><span class='ocrx_word' id='word_1_128' title='bbox 48 828 142 860; x_wconf 79' lang='grc' dir='ltr'>ζεσθαι.</span> <span class='ocrx_word' id='word_1_129' title='bbox 171 827 234 854; x_wconf 79' lang='grc' dir='ltr'>Ἐὰν</span> <span class='ocrx_word' id='word_1_130' title='bbox 253 827 287 862; x_wconf 67' lang='grc' dir='ltr'>δὲ)</span> <span class='ocrx_word' id='word_1_131' title='bbox 303 826 389 862; x_wconf 77' lang='grc' dir='ltr'>ζημίᾳ</span> <span class='ocrx_word' id='word_1_132' title='bbox 405 827 422 862; x_wconf 84' lang='grc' dir='ltr'>ἧ</span> <span class='ocrx_word' id='word_1_133' title='bbox 439 827 554 862; x_wconf 78' lang='grc' dir='ltr'>ἁπολείᾳ</span> <span class='ocrx_word' id='word_1_134' title='bbox 579 826 633 853; x_wconf 79' lang='grc' dir='ltr'>τινὶ</span> <span class='ocrx_word' id='word_1_135' title='bbox 656 827 822 862; x_wconf 80' lang='grc' dir='ltr'><strong>περιπέσητε</strong></span> 
     </span>
    </p>
   </div>
   <div class='ocr_carea' id='block_1_20' title="bbox 47 872 820 909">
    <p class='ocr_par' dir='ltr' id='par_1_20' title="bbox 47 872 820 909">
     <span class='ocr_line' id='line_1_20' title="bbox 47 872 820 909; baseline -0.005 -7"><span class='ocrx_word' id='word_1_136' title='bbox 47 874 114 909; x_wconf 79' lang='grc'>(85),</span> <span class='ocrx_word' id='word_1_137' title='bbox 129 873 223 905; x_wconf 81' lang='grc' dir='ltr'>τέκνα,</span> <span class='ocrx_word' id='word_1_138' title='bbox 243 873 280 908; x_wconf 85' lang='grc' dir='ltr'>μὴ</span> <span class='ocrx_word' id='word_1_139' title='bbox 298 872 435 909; x_wconf 83' lang='grc' dir='ltr'>θροεῖσθε·</span> <span class='ocrx_word' id='word_1_140' title='bbox 454 872 494 899; x_wconf 80' lang='grc' dir='ltr'>ὅτι</span> <span class='ocrx_word' id='word_1_141' title='bbox 511 873 576 900; x_wconf 80' lang='grc' dir='ltr'>αὐτὸ</span> <span class='ocrx_word' id='word_1_142' title='bbox 592 873 622 899; x_wconf 82' lang='grc' dir='ltr'>τὸ</span> <span class='ocrx_word' id='word_1_143' title='bbox 638 872 745 908; x_wconf 74' lang='grc' dir='ltr'>πνεῦμα</span> <span class='ocrx_word' id='word_1_144' title='bbox 761 874 820 899; x_wconf 83' lang='grc' dir='ltr'>ἐπι-</span> 
     </span>
    </p>
   </div>
   <div class='ocr_carea' id='block_1_21' title="bbox 45 918 821 956">
    <p class='ocr_par' dir='ltr' id='par_1_21' title="bbox 45 918 821 956">
     <span class='ocr_line' id='line_1_21' title="bbox 45 918 821 956; baseline -0.001 -9"><span class='ocrx_word' id='word_1_145' title='bbox 45 921 157 956; x_wconf 80' lang='grc' dir='ltr'>θυμῆσαι</span> <span class='ocrx_word' id='word_1_146' title='bbox 170 921 243 947; x_wconf 85' lang='grc' dir='ltr'>ποιεῖ</span> <span class='ocrx_word' id='word_1_147' title='bbox 258 918 305 946; x_wconf 80' lang='grc' dir='ltr'>τοῦ</span> <span class='ocrx_word' id='word_1_148' title='bbox 322 919 488 954; x_wconf 79' lang='grc' dir='ltr'>ἀπολομένου</span> <span class='ocrx_word' id='word_1_149' title='bbox 501 938 508 950; x_wconf 90' lang='grc'><strong>,</strong></span> <span class='ocrx_word' id='word_1_150' title='bbox 526 919 571 946; x_wconf 74' lang='grc' dir='ltr'>ἵνα</span> <span class='ocrx_word' id='word_1_151' title='bbox 586 919 696 955; x_wconf 84' lang='grc' dir='ltr'>θυμωθῇ</span> <span class='ocrx_word' id='word_1_152' title='bbox 714 919 759 945; x_wconf 84' lang='grc' dir='ltr'><strong>διὰ</strong></span> <span class='ocrx_word' id='word_1_153' title='bbox 774 919 821 946; x_wconf 80' lang='grc' dir='ltr'><strong>τοῦ</strong></span> 
     </span>
    </p>
   </div>
   <div class='ocr_carea' id='block_1_22' title="bbox 47 964 821 1000">
    <p class='ocr_par' dir='ltr' id='par_1_22' title="bbox 47 964 821 1000">
     <span class='ocr_line' id='line_1_22' title="bbox 47 964 821 1000; baseline -0.003 -7"><span class='ocrx_word' id='word_1_154' title='bbox 47 966 130 993; x_wconf 73' lang='grc' dir='ltr'>πόθου.</span> <span class='ocrx_word' id='word_1_155' title='bbox 155 965 217 992; x_wconf 86' lang='grc' dir='ltr'>Ἐὰν</span> <span class='ocrx_word' id='word_1_156' title='bbox 234 965 263 992; x_wconf 79' lang='grc' dir='ltr'>δὲ</span> <span class='ocrx_word' id='word_1_157' title='bbox 277 964 432 1000; x_wconf 82' lang='grc' dir='ltr'>ζημιωθῆτε</span> <span class='ocrx_word' id='word_1_158' title='bbox 450 964 504 1000; x_wconf 70' lang='grc'>(84)</span> <span class='ocrx_word' id='word_1_159' title='bbox 521 965 659 997; x_wconf 77' lang='grc' dir='ltr'>ἑκουσίως,</span> <span class='ocrx_word' id='word_1_160' title='bbox 679 965 715 1000; x_wconf 84' lang='grc' dir='ltr'>μὴ</span> <span class='ocrx_word' id='word_1_161' title='bbox 729 964 821 991; x_wconf 88' lang='grc' dir='ltr'>λυπεῖ-</span> 
     </span>
    </p>
   </div>
   <div class='ocr_carea' id='block_1_23' title="bbox 46 1010 820 1048">
    <p class='ocr_par' dir='ltr' id='par_1_23' title="bbox 46 1010 820 1048">
     <span class='ocr_line' id='line_1_23' title="bbox 46 1010 820 1048; baseline -0.001 -10"><span class='ocrx_word' id='word_1_162' title='bbox 46 1012 103 1038; x_wconf 80' lang='grc' dir='ltr'>σθε·</span> <span class='ocrx_word' id='word_1_163' title='bbox 119 1012 173 1039; x_wconf 79' lang='grc' dir='ltr'>ἀπὸ</span> <span class='ocrx_word' id='word_1_164' title='bbox 188 1011 244 1047; x_wconf 81' lang='grc' dir='ltr'><strong>γὰρ</strong></span> <span class='ocrx_word' id='word_1_165' title='bbox 259 1012 347 1048; x_wconf 85' lang='grc' dir='ltr'>λύπης</span> <span class='ocrx_word' id='word_1_166' title='bbox 363 1011 498 1047; x_wconf 83' lang='grc' dir='ltr'>ἐγείρεται</span> <span class='ocrx_word' id='word_1_167' title='bbox 515 1010 599 1046; x_wconf 81' lang='grc' dir='ltr'>θυμὸς</span> <span class='ocrx_word' id='word_1_168' title='bbox 617 1010 683 1046; x_wconf 89' lang='grc' dir='ltr'>μετὰ</span> <span class='ocrx_word' id='word_1_169' title='bbox 698 1010 820 1046; x_wconf 81' lang='grc' dir='ltr'>ψεύδους.</span> 
     </span>
    </p>
   </div>
   <div class='ocr_carea' id='block_1_24' title="bbox 48 1056 820 1093">
    <p class='ocr_par' dir='ltr' id='par_1_24' title="bbox 48 1056 820 1093">
     <span class='ocr_line' id='line_1_24' title="bbox 48 1056 820 1093; baseline -0.003 -9"><span class='ocrx_word' id='word_1_170' title='bbox 48 1058 117 1084; x_wconf 72' lang='grc' dir='ltr'>Ἔστι</span> <span class='ocrx_word' id='word_1_171' title='bbox 138 1057 166 1084; x_wconf 86' lang='grc' dir='ltr'>δὲ</span> <span class='ocrx_word' id='word_1_172' title='bbox 182 1057 353 1093; x_wconf 80' lang='grc' dir='ltr'>διπρόσωπον</span> <span class='ocrx_word' id='word_1_173' title='bbox 370 1057 452 1084; x_wconf 86' lang='grc' dir='ltr'>κακὸν</span> <span class='ocrx_word' id='word_1_174' title='bbox 464 1076 472 1088; x_wconf 92' lang='grc'><strong>,</strong></span> <span class='ocrx_word' id='word_1_175' title='bbox 490 1056 574 1091; x_wconf 77' lang='grc' dir='ltr'>θυμὸς</span> <span class='ocrx_word' id='word_1_176' title='bbox 598 1056 667 1092; x_wconf 76' lang='grc' dir='ltr'>μετὰ</span> <span class='ocrx_word' id='word_1_177' title='bbox 690 1056 820 1091; x_wconf 76' lang='grc' dir='ltr'>ψεύδους,</span> 
     </span>
    </p>
   </div>
   <div class='ocr_carea' id='block_1_25' title="bbox 46 1103 818 1140">
    <p class='ocr_par' dir='ltr' id='par_1_25' title="bbox 46 1103 818 1140">
     <span class='ocr_line' id='line_1_25' title="bbox 46 1103 818 1140; baseline -0.003 -9"><span class='ocrx_word' id='word_1_178' title='bbox 46 1105 88 1131; x_wconf 78' lang='grc' dir='ltr'>καὶ</span> <span class='ocrx_word' id='word_1_179' title='bbox 104 1104 267 1140; x_wconf 85' lang='grc' dir='ltr'>συνερῶνται</span> <span class='ocrx_word' id='word_1_180' title='bbox 277 1104 410 1139; x_wconf 82' lang='grc' dir='ltr'>ἀλλήλοις,</span> <span class='ocrx_word' id='word_1_181' title='bbox 420 1104 461 1130; x_wconf 86' lang='grc' dir='ltr'><strong>ἴνα</strong></span> <span class='ocrx_word' id='word_1_182' title='bbox 472 1103 609 1139; x_wconf 80' lang='grc' dir='ltr'><strong>ταράξωσι</strong></span> <span class='ocrx_word' id='word_1_183' title='bbox 620 1103 650 1130; x_wconf 84' lang='grc' dir='ltr'>τὸ</span> <span class='ocrx_word' id='word_1_184' title='bbox 660 1103 818 1130; x_wconf 72' lang='grc' dir='ltr'>διαδούλιοψ</span> 
     </span>
    </p>
   </div>
   <div class='ocr_carea' id='block_1_26' title="bbox 46 1148 820 1184">
    <p class='ocr_par' dir='ltr' id='par_1_26' title="bbox 46 1148 820 1184">
     <span class='ocr_line' id='line_1_26' title="bbox 46 1148 820 1184; baseline 0.001 -10"><span class='ocrx_word' id='word_1_185' title='bbox 46 1149 246 1184; x_wconf 82' lang='grc' dir='ltr'>ταρασσομένης</span> <span class='ocrx_word' id='word_1_186' title='bbox 277 1149 306 1175; x_wconf 86' lang='grc' dir='ltr'>δὲ</span> <span class='ocrx_word' id='word_1_187' title='bbox 328 1149 378 1184; x_wconf 80' lang='grc' dir='ltr'>τῆς</span> <span class='ocrx_word' id='word_1_188' title='bbox 401 1148 490 1184; x_wconf 82' lang='grc' dir='ltr'>ψυχῆς</span> <span class='ocrx_word' id='word_1_189' title='bbox 517 1148 653 1184; x_wconf 85' lang='grc' dir='ltr'>συνεχῶς,</span> <span class='ocrx_word' id='word_1_190' title='bbox 675 1148 820 1182; x_wconf 82' lang='grc' dir='ltr'>ἀφίσταται</span> 
     </span>
    </p>
   </div>
   <div class='ocr_carea' id='block_1_27' title="bbox 45 1193 748 1230">
    <p class='ocr_par' dir='ltr' id='par_1_27' title="bbox 45 1193 748 1230">
     <span class='ocr_line' id='line_1_27' title="bbox 45 1193 748 1230; baseline 0 -10"><span class='ocrx_word' id='word_1_191' title='bbox 45 1194 198 1230; x_wconf 61' lang='grc' dir='ltr'>Κύριοςιὼιΐ</span> <span class='ocrx_word' id='word_1_192' title='bbox 209 1195 303 1230; x_wconf 83' lang='grc' dir='ltr'>αὐτῆς,</span> <span class='ocrx_word' id='word_1_193' title='bbox 319 1194 365 1221; x_wconf 76' lang='grc' dir='ltr'>καὶ</span> <span class='ocrx_word' id='word_1_194' title='bbox 383 1193 503 1230; x_wconf 80' lang='grc' dir='ltr'>κυριεύει</span> <span class='ocrx_word' id='word_1_195' title='bbox 518 1194 601 1229; x_wconf 84' lang='grc' dir='ltr'>αὐτῆς</span> <span class='ocrx_word' id='word_1_196' title='bbox 617 1195 631 1220; x_wconf 83' lang='grc' dir='ltr'>ὁ</span> <span class='ocrx_word' id='word_1_197' title='bbox 641 1193 748 1229; x_wconf 84' lang='grc' dir='ltr'>Βελιάρ.</span> 
     </span>
    </p>
   </div>
   <div class='ocr_carea' id='block_1_28' title="bbox 76 1238 819 1276">
    <p class='ocr_par' dir='ltr' id='par_1_28' title="bbox 76 1238 819 1276">
     <span class='ocr_line' id='line_1_28' title="bbox 76 1238 819 1276; baseline 0.001 -9"><span class='ocrx_word' id='word_1_198' title='bbox 76 1240 111 1267; x_wconf 90' lang='grc' dir='ltr'><strong>Ε’.</strong></span> <span class='ocrx_word' id='word_1_199' title='bbox 130 1250 141 1267; x_wconf 80' lang='grc' dir='ltr'><strong>ι</strong></span> <span class='ocrx_word' id='word_1_200' title='bbox 157 1240 294 1273; x_wconf 75' lang='grc' dir='ltr'>Φυλάξατε</span> <span class='ocrx_word' id='word_1_201' title='bbox 310 1238 356 1267; x_wconf 81' lang='grc' dir='ltr'>οὖν</span> <span class='ocrx_word' id='word_1_202' title='bbox 366 1261 373 1273; x_wconf 98' lang='grc'><strong>,</strong></span> <span class='ocrx_word' id='word_1_203' title='bbox 388 1240 469 1268; x_wconf 83' lang='grc' dir='ltr'>τέκνα</span> <span class='ocrx_word' id='word_1_204' title='bbox 492 1249 541 1276; x_wconf 74' lang='grc' dir='ltr'><strong>μου</strong></span> <span class='ocrx_word' id='word_1_205' title='bbox 551 1260 558 1272; x_wconf 95' lang='grc'><strong>,</strong></span> <span class='ocrx_word' id='word_1_206' title='bbox 584 1239 634 1272; x_wconf 87' lang='grc' dir='ltr'><strong>τὰς</strong></span> <span class='ocrx_word' id='word_1_207' title='bbox 650 1239 758 1272; x_wconf 84' lang='grc' dir='ltr'>ἐντολὰς</span> <span class='ocrx_word' id='word_1_208' title='bbox 772 1240 819 1268; x_wconf 83' lang='grc' dir='ltr'>τοῦ</span> 
     </span>
    </p>
   </div>
   <div class='ocr_carea' id='block_1_29' title="bbox 46 1285 819 1322">
    <p class='ocr_par' dir='ltr' id='par_1_29' title="bbox 46 1285 819 1322">
     <span class='ocr_line' id='line_1_29' title="bbox 46 1285 819 1322; baseline 0.003 -11"><span class='ocrx_word' id='word_1_209' title='bbox 46 1285 157 1320; x_wconf 79' lang='grc' dir='ltr'>Κυρίου,</span> <span class='ocrx_word' id='word_1_210' title='bbox 180 1287 227 1314; x_wconf 72' lang='grc' dir='ltr'>καὶ</span> <span class='ocrx_word' id='word_1_211' title='bbox 249 1286 295 1313; x_wconf 78' lang='grc' dir='ltr'>τὸν</span> <span class='ocrx_word' id='word_1_212' title='bbox 310 1287 392 1322; x_wconf 86' lang='grc' dir='ltr'>νόμον</span> <span class='ocrx_word' id='word_1_213' title='bbox 414 1286 495 1314; x_wconf 82' lang='grc' dir='ltr'>αὐτοῦ</span> <span class='ocrx_word' id='word_1_214' title='bbox 511 1287 664 1322; x_wconf 85' lang='grc' dir='ltr'>τηρήσατε·</span> <span class='ocrx_word' id='word_1_215' title='bbox 685 1286 819 1322; x_wconf 83' lang='grc' dir='ltr'>ἀπόστητε</span> 
     </span>
    </p>
   </div>
   <div class='ocr_carea' id='block_1_30' title="bbox 46 1330 819 1368">
    <p class='ocr_par' dir='ltr' id='par_1_30' title="bbox 46 1330 819 1368">
     <span class='ocr_line' id='line_1_30' title="bbox 46 1330 819 1368; baseline 0.003 -12"><span class='ocrx_word' id='word_1_216' title='bbox 46 1330 70 1356; x_wconf 86' lang='grc' dir='ltr'>δὲ</span> <span class='ocrx_word' id='word_1_217' title='bbox 85 1331 135 1357; x_wconf 79' lang='grc' dir='ltr'><strong>ἀπὸ</strong></span> <span class='ocrx_word' id='word_1_218' title='bbox 149 1331 254 1367; x_wconf 77' lang='grc' dir='ltr'>θυμοῦ,</span> <span class='ocrx_word' id='word_1_219' title='bbox 271 1332 318 1359; x_wconf 77' lang='grc' dir='ltr'>καὶ</span> <span class='ocrx_word' id='word_1_220' title='bbox 334 1332 465 1368; x_wconf 88' lang='grc' dir='ltr'>μισήσατε</span> <span class='ocrx_word' id='word_1_221' title='bbox 484 1331 514 1358; x_wconf 76' lang='grc' dir='ltr'>τὸ</span> <span class='ocrx_word' id='word_1_222' title='bbox 533 1331 639 1365; x_wconf 80' lang='grc' dir='ltr'>ψεῦδος,</span> <span class='ocrx_word' id='word_1_223' title='bbox 656 1331 700 1358; x_wconf 78' lang='grc' dir='ltr'>ἵνα</span> <span class='ocrx_word' id='word_1_224' title='bbox 718 1331 819 1366; x_wconf 88' lang='grc' dir='ltr'>Κύριος</span> 
     </span>
    </p>
   </div>
   <div class='ocr_carea' id='block_1_31' title="bbox 46 1377 819 1414">
    <p class='ocr_par' dir='ltr' id='par_1_31' title="bbox 46 1377 819 1414">
     <span class='ocr_line' id='line_1_31' title="bbox 46 1377 819 1414; baseline 0.004 -13"><span class='ocrx_word' id='word_1_225' title='bbox 46 1377 186 1413; x_wconf 83' lang='grc' dir='ltr'>κατοικήσῃ</span> <span class='ocrx_word' id='word_1_226' title='bbox 203 1378 232 1404; x_wconf 86' lang='grc' dir='ltr'><strong>ἐν</strong></span> <span class='ocrx_word' id='word_1_227' title='bbox 248 1378 324 1414; x_wconf 79' lang='grc' dir='ltr'>ὑμῖν.</span> <span class='ocrx_word' id='word_1_228' title='bbox 343 1377 399 1414; x_wconf 81' lang='grc'>(85)</span> <span class='ocrx_word' id='word_1_229' title='bbox 426 1377 565 1414; x_wconf 75' lang='grc' dir='ltr'>Ἀλήθειαν</span> <span class='ocrx_word' id='word_1_230' title='bbox 580 1377 685 1404; x_wconf 76' lang='grc' dir='ltr'>λαλεῖτε</span> <span class='ocrx_word' id='word_1_231' title='bbox 697 1377 819 1410; x_wconf 76' lang='grc' dir='ltr'>[ἕκαστος</span> 
     </span>
    </p>
   </div>
   <div class='ocr_carea' id='block_1_32' title="bbox 47 1422 819 1458">
    <p class='ocr_par' dir='ltr' id='par_1_32' title="bbox 47 1422 819 1458">
     <span class='ocr_line' id='line_1_32' title="bbox 47 1422 819 1458; baseline 0.003 -11"><span class='ocrx_word' id='word_1_232' title='bbox 47 1422 106 1456; x_wconf 83' lang='grc' dir='ltr'>πρὸς</span> <span class='ocrx_word' id='word_1_233' title='bbox 120 1422 165 1450; x_wconf 87' lang='grc' dir='ltr'>τὸν</span> <span class='ocrx_word' id='word_1_234' title='bbox 187 1422 301 1458; x_wconf 85' lang='grc' dir='ltr'>πλησίον</span> <span class='ocrx_word' id='word_1_235' title='bbox 320 1422 420 1455; x_wconf 80' lang='grc' dir='ltr'>αὑτοῦ,</span> <span class='ocrx_word' id='word_1_236' title='bbox 442 1423 489 1450; x_wconf 76' lang='grc' dir='ltr'><strong>καὶ</strong></span> <span class='ocrx_word' id='word_1_237' title='bbox 514 1423 543 1449; x_wconf 84' lang='grc' dir='ltr'>οὐ</span> <span class='ocrx_word' id='word_1_238' title='bbox 562 1422 599 1458; x_wconf 88' lang='grc' dir='ltr'>μὴ</span> <span class='ocrx_word' id='word_1_239' title='bbox 621 1422 758 1458; x_wconf 84' lang='grc' dir='ltr'>ἐμπέσητε</span> <span class='ocrx_word' id='word_1_240' title='bbox 778 1423 819 1454; x_wconf 82' lang='grc' dir='ltr'><strong>εἰς</strong></span> 
     </span>
    </p>
   </div>
   <div class='ocr_carea' id='block_1_33' title="bbox 48 1468 818 1505">
    <p class='ocr_par' dir='ltr' id='par_1_33' title="bbox 48 1468 818 1505">
     <span class='ocr_line' id='line_1_33' title="bbox 48 1468 818 1505; baseline 0.003 -11"><span class='ocrx_word' id='word_1_241' title='bbox 48 1468 118 1503; x_wconf 88' lang='grc' dir='ltr'>μῆνιν</span> <span class='ocrx_word' id='word_1_242' title='bbox 136 1469 183 1496; x_wconf 76' lang='grc' dir='ltr'>καὶ</span> <span class='ocrx_word' id='word_1_243' title='bbox 199 1468 331 1505; x_wconf 81' lang='grc' dir='ltr'>ταραχὰς,</span> <span class='ocrx_word' id='word_1_244' title='bbox 350 1469 407 1496; x_wconf 82' lang='grc' dir='ltr'>ἀλλ’</span> <span class='ocrx_word' id='word_1_245' title='bbox 429 1468 522 1495; x_wconf 74' lang='grc' dir='ltr'>ἔσεσθε</span> <span class='ocrx_word' id='word_1_246' title='bbox 538 1468 567 1495; x_wconf 88' lang='grc' dir='ltr'><strong>ἐν</strong></span> <span class='ocrx_word' id='word_1_247' title='bbox 585 1468 690 1504; x_wconf 81' lang='grc' dir='ltr'>εἰρήνῃ,</span> <span class='ocrx_word' id='word_1_248' title='bbox 713 1468 818 1504; x_wconf 78' lang='grc' dir='ltr'>ἔχοντες</span> 
     </span>
    </p>
   </div>
   <div class='ocr_carea' id='block_1_34' title="bbox 878 229 1656 263">
    <p class='ocr_par' dir='ltr' id='par_1_34' title="bbox 878 229 1656 263">
     <span class='ocr_line' id='line_1_34' title="bbox 878 229 1656 263; baseline 0.001 -5"><span class='ocrx_word' id='word_1_249' title='bbox 878 231 928 259; x_wconf 91' lang='lat' dir='ltr'><strong>tris</strong></span> <span class='ocrx_word' id='word_1_250' title='bbox 944 230 1052 258; x_wconf 62' lang='lat' dir='ltr'><strong>Satanm</strong></span> <span class='ocrx_word' id='word_1_251' title='bbox 1066 229 1196 263; x_wconf 85' lang='lat' dir='ltr'><strong>ambulat,</strong></span> <span class='ocrx_word' id='word_1_252' title='bbox 1211 234 1241 257; x_wconf 90' lang='lat' dir='ltr'><strong>ut</strong></span> <span class='ocrx_word' id='word_1_253' title='bbox 1256 230 1283 257; x_wconf 94' lang='lat' dir='ltr'><strong>in</strong></span> <span class='ocrx_word' id='word_1_254' title='bbox 1296 229 1455 258; x_wconf 88' lang='lat' dir='ltr'><strong>crudelitate</strong></span> <span class='ocrx_word' id='word_1_255' title='bbox 1474 235 1501 258; x_wconf 88' lang='lat' dir='ltr'><strong>et</strong></span> <span class='ocrx_word' id='word_1_256' title='bbox 1513 232 1656 260; x_wconf 87' lang='lat' dir='ltr'><strong>mendacio</strong></span> 
     </span>
    </p>
   </div>
   <div class='ocr_carea' id='block_1_35' title="bbox 877 276 1114 311">
    <p class='ocr_par' dir='ltr' id='par_1_35' title="bbox 877 276 1114 311">
     <span class='ocr_line' id='line_1_35' title="bbox 877 276 1114 311; baseline 0 -8"><span class='ocrx_word' id='word_1_257' title='bbox 877 277 943 303; x_wconf 84' lang='lat' dir='ltr'><strong>ﬁant</strong></span> <span class='ocrx_word' id='word_1_258' title='bbox 956 281 1032 304; x_wconf 90' lang='lat' dir='ltr'><strong>actus</strong></span> <span class='ocrx_word' id='word_1_259' title='bbox 1045 276 1114 311; x_wconf 83' lang='lat' dir='ltr'><strong>ejus.</strong></span> 
     </span>
    </p>
   </div>
   <div class='ocr_carea' id='block_1_36' title="bbox 911 320 1657 357">
    <p class='ocr_par' dir='ltr' id='par_1_36' title="bbox 911 320 1657 357">
     <span class='ocr_line' id='line_1_36' title="bbox 911 320 1657 357; baseline 0.003 -9"><span class='ocrx_word' id='word_1_260' title='bbox 911 322 957 349; x_wconf 76' lang='grc' dir='ltr'>ιν.</span> <span class='ocrx_word' id='word_1_261' title='bbox 974 331 983 347; x_wconf 77' lang='grc' dir='ltr'><strong>ι</strong></span> <span class='ocrx_word' id='word_1_262' title='bbox 1000 321 1171 356; x_wconf 77' lang='lat' dir='ltr'><strong>Quapropter</strong></span> <span class='ocrx_word' id='word_1_263' title='bbox 1190 320 1332 356; x_wconf 78' lang='lat' dir='ltr'><strong>intelligite</strong></span> <span class='ocrx_word' id='word_1_264' title='bbox 1352 320 1501 355; x_wconf 85' lang='lat' dir='ltr'><strong>potentiam</strong></span> <span class='ocrx_word' id='word_1_265' title='bbox 1516 321 1573 354; x_wconf 71' lang='lat' dir='ltr'><strong>irae,</strong></span> <span class='ocrx_word' id='word_1_266' title='bbox 1588 329 1657 357; x_wconf 89' lang='lat' dir='ltr'><strong>quo-</strong></span> 
     </span>
    </p>
   </div>
   <div class='ocr_carea' id='block_1_37' title="bbox 876 365 1654 401">
    <p class='ocr_par' dir='ltr' id='par_1_37' title="bbox 876 365 1654 401">
     <span class='ocr_line' id='line_1_37' title="bbox 876 365 1654 401; baseline -0.001 -6"><span class='ocrx_word' id='word_1_267' title='bbox 876 368 950 395; x_wconf 92' lang='lat' dir='ltr'><strong>niam</strong></span> <span class='ocrx_word' id='word_1_268' title='bbox 962 374 1031 394; x_wconf 87' lang='lat' dir='ltr'><strong>vana</strong></span> <span class='ocrx_word' id='word_1_269' title='bbox 1042 372 1093 394; x_wconf 85' lang='lat' dir='ltr'><strong>est.</strong></span> <span class='ocrx_word' id='word_1_270' title='bbox 1106 366 1135 393; x_wconf 89' lang='lat' dir='ltr'><strong>ln</strong></span> <span class='ocrx_word' id='word_1_271' title='bbox 1149 373 1275 393; x_wconf 90' lang='lat' dir='ltr'><strong>sermone</strong></span> <span class='ocrx_word' id='word_1_272' title='bbox 1287 365 1360 393; x_wconf 90' lang='lat' dir='ltr'><strong>enim</strong></span> <span class='ocrx_word' id='word_1_273' title='bbox 1371 366 1514 393; x_wconf 81' lang='lat' dir='ltr'><strong>exacerbat</strong></span> <span class='ocrx_word' id='word_1_274' title='bbox 1525 367 1654 401; x_wconf 86' lang='lat' dir='ltr'><strong>primum;</strong></span> 
     </span>
    </p>
   </div>
   <div class='ocr_carea' id='block_1_38' title="bbox 875 410 1655 446">
    <p class='ocr_par' dir='ltr' id='par_1_38' title="bbox 875 410 1655 446">
     <span class='ocr_line' id='line_1_38' title="bbox 875 410 1655 446; baseline -0.004 -5"><span class='ocrx_word' id='word_1_275' title='bbox 875 412 972 441; x_wconf 91' lang='lat' dir='ltr'><strong>deinde</strong></span> <span class='ocrx_word' id='word_1_276' title='bbox 988 412 1014 439; x_wconf 94' lang='lat' dir='ltr'><strong>in</strong></span> <span class='ocrx_word' id='word_1_277' title='bbox 1037 411 1164 446; x_wconf 81' lang='lat' dir='ltr'><strong>operibus</strong></span> <span class='ocrx_word' id='word_1_278' title='bbox 1187 410 1313 438; x_wconf 80' lang='lat' dir='ltr'><strong>fortiﬁcat</strong></span> <span class='ocrx_word' id='word_1_279' title='bbox 1325 410 1510 444; x_wconf 80' lang='lat' dir='ltr'><strong>stimulatum,</strong></span> <span class='ocrx_word' id='word_1_280' title='bbox 1523 415 1550 439; x_wconf 88' lang='lat' dir='ltr'><strong>et</strong></span> <span class='ocrx_word' id='word_1_281' title='bbox 1563 411 1591 438; x_wconf 94' lang='lat' dir='ltr'><strong>in</strong></span> <span class='ocrx_word' id='word_1_282' title='bbox 1605 411 1655 439; x_wconf 39' lang='lat' dir='ltr'><strong>dae</strong></span> 
     </span>
    </p>
   </div>
   <div class='ocr_carea' id='block_1_39' title="bbox 875 455 1657 491">
    <p class='ocr_par' dir='ltr' id='par_1_39' title="bbox 875 455 1657 491">
     <span class='ocr_line' id='line_1_39' title="bbox 875 455 1657 491; baseline -0.003 -5"><span class='ocrx_word' id='word_1_283' title='bbox 875 458 946 486; x_wconf 88' lang='lat' dir='ltr'><strong>mnis</strong></span> <span class='ocrx_word' id='word_1_284' title='bbox 959 457 1061 485; x_wconf 83' lang='lat' dir='ltr'><strong>amaris</strong></span> <span class='ocrx_word' id='word_1_285' title='bbox 1075 457 1221 485; x_wconf 91' lang='lat' dir='ltr'><strong>conturbat</strong></span> <span class='ocrx_word' id='word_1_286' title='bbox 1237 456 1382 483; x_wconf 83' lang='lat' dir='ltr'><strong>consilium</strong></span> <span class='ocrx_word' id='word_1_287' title='bbox 1393 455 1472 491; x_wconf 87' lang='lat' dir='ltr'><strong>ejus:</strong></span> <span class='ocrx_word' id='word_1_288' title='bbox 1490 460 1516 483; x_wconf 91' lang='lat' dir='ltr'><strong>et</strong></span> <span class='ocrx_word' id='word_1_289' title='bbox 1530 455 1567 483; x_wconf 85' lang='lat' dir='ltr'><strong>ita</strong></span> <span class='ocrx_word' id='word_1_290' title='bbox 1578 463 1657 484; x_wconf 81' lang='lat' dir='ltr'><strong>exsu-</strong></span> 
     </span>
    </p>
   </div>
   <div class='ocr_carea' id='block_1_40' title="bbox 874 501 1657 539">
    <p class='ocr_par' dir='ltr' id='par_1_40' title="bbox 874 501 1657 539">
     <span class='ocr_line' id='line_1_40' title="bbox 874 501 1657 539; baseline -0.004 -6"><span class='ocrx_word' id='word_1_291' title='bbox 874 505 955 533; x_wconf 84' lang='lat' dir='ltr'><strong>scitat</strong></span> <span class='ocrx_word' id='word_1_292' title='bbox 969 504 996 532; x_wconf 90' lang='lat' dir='ltr'><strong>in</strong></span> <span class='ocrx_word' id='word_1_293' title='bbox 1009 504 1048 531; x_wconf 93' lang='lat' dir='ltr'><strong>ira</strong></span> <span class='ocrx_word' id='word_1_294' title='bbox 1059 511 1156 539; x_wconf 77' lang='lat' dir='ltr'><strong>magna</strong></span> <span class='ocrx_word' id='word_1_295' title='bbox 1169 503 1289 530; x_wconf 89' lang='lat' dir='ltr'><strong>animam</strong></span> <span class='ocrx_word' id='word_1_296' title='bbox 1305 502 1374 538; x_wconf 83' lang='lat' dir='ltr'><strong>ejus.</strong></span> <span class='ocrx_word' id='word_1_297' title='bbox 1391 501 1505 535; x_wconf 88' lang='lat' dir='ltr'><strong>Quando</strong></span> <span class='ocrx_word' id='word_1_298' title='bbox 1520 502 1602 538; x_wconf 85' lang='lat' dir='ltr'><strong>igitur</strong></span> <span class='ocrx_word' id='word_1_299' title='bbox 1615 502 1657 530; x_wconf 68' lang='grc' dir='ltr'>ιο.</span> 
     </span>
    </p>
   </div>
   <div class='ocr_carea' id='block_1_41' title="bbox 874 547 1654 585">
    <p class='ocr_par' dir='ltr' id='par_1_41' title="bbox 874 547 1654 585">
     <span class='ocr_line' id='line_1_41' title="bbox 874 547 1654 585; baseline -0.001 -8"><span class='ocrx_word' id='word_1_300' title='bbox 874 550 967 585; x_wconf 88' lang='lat' dir='ltr'><strong>quitur</strong></span> <span class='ocrx_word' id='word_1_301' title='bbox 978 549 1077 585; x_wconf 89' lang='lat' dir='ltr'><strong>aliquis</strong></span> <span class='ocrx_word' id='word_1_302' title='bbox 1088 549 1231 576; x_wconf 85' lang='lat' dir='ltr'><strong>adversum</strong></span> <span class='ocrx_word' id='word_1_303' title='bbox 1240 555 1300 581; x_wconf 84' lang='lat' dir='ltr'><strong>vos,</strong></span> <span class='ocrx_word' id='word_1_304' title='bbox 1310 555 1343 577; x_wconf 86' lang='lat' dir='ltr'><strong>ne</strong></span> <span class='ocrx_word' id='word_1_305' title='bbox 1354 547 1519 575; x_wconf 86' lang='lat' dir='ltr'><strong>moveamini</strong></span> <span class='ocrx_word' id='word_1_306' title='bbox 1531 548 1558 575; x_wconf 89' lang='lat' dir='ltr'><strong>in</strong></span> <span class='ocrx_word' id='word_1_307' title='bbox 1568 548 1635 576; x_wconf 92' lang='lat' dir='ltr'><strong>iram</strong></span> <span class='ocrx_word' id='word_1_308' title='bbox 1647 558 1654 582; x_wconf 88' lang='lat'>;</span> 
     </span>
    </p>
   </div>
   <div class='ocr_carea' id='block_1_42' title="bbox 874 593 1656 630">
    <p class='ocr_par' dir='ltr' id='par_1_42' title="bbox 874 593 1656 630">
     <span class='ocr_line' id='line_1_42' title="bbox 874 593 1656 630; baseline 0 -7"><span class='ocrx_word' id='word_1_309' title='bbox 874 600 901 624; x_wconf 86' lang='lat' dir='ltr'><strong>et</strong></span> <span class='ocrx_word' id='word_1_310' title='bbox 915 596 938 623; x_wconf 89' lang='lat' dir='ltr'><strong>si</strong></span> <span class='ocrx_word' id='word_1_311' title='bbox 952 595 1014 630; x_wconf 89' lang='lat' dir='ltr'><strong>quis</strong></span> <span class='ocrx_word' id='word_1_312' title='bbox 1031 595 1123 622; x_wconf 86' lang='lat' dir='ltr'><strong>laudet</strong></span> <span class='ocrx_word' id='word_1_313' title='bbox 1139 602 1188 622; x_wconf 84' lang='lat' dir='ltr'><strong>vos</strong></span> <span class='ocrx_word' id='word_1_314' title='bbox 1205 599 1234 621; x_wconf 91' lang='lat' dir='ltr'><strong>ut</strong></span> <span class='ocrx_word' id='word_1_315' title='bbox 1245 594 1343 627; x_wconf 84' lang='lat' dir='ltr'><strong>honos,</strong></span> <span class='ocrx_word' id='word_1_316' title='bbox 1358 601 1392 621; x_wconf 90' lang='lat' dir='ltr'><strong>ne</strong></span> <span class='ocrx_word' id='word_1_317' title='bbox 1403 593 1555 627; x_wconf 87' lang='lat' dir='ltr'><strong>elevemini,</strong></span> <span class='ocrx_word' id='word_1_318' title='bbox 1568 602 1656 630; x_wconf 88' lang='lat' dir='ltr'><strong>neque</strong></span> 
     </span>
    </p>
   </div>
   <div class='ocr_carea' id='block_1_43' title="bbox 875 639 1655 675">
    <p class='ocr_par' dir='ltr' id='par_1_43' title="bbox 875 639 1655 675">
     <span class='ocr_line' id='line_1_43' title="bbox 875 639 1655 675; baseline 0 -7"><span class='ocrx_word' id='word_1_319' title='bbox 875 640 1094 669; x_wconf 83' lang='lat' dir='ltr'><strong>transmutemini</strong></span> <span class='ocrx_word' id='word_1_320' title='bbox 1109 640 1150 667; x_wconf 88' lang='lat' dir='ltr'><strong>vel</strong></span> <span class='ocrx_word' id='word_1_321' title='bbox 1165 641 1193 667; x_wconf 93' lang='lat' dir='ltr'><strong>in</strong></span> <span class='ocrx_word' id='word_1_322' title='bbox 1207 639 1426 672; x_wconf 85' lang='lat' dir='ltr'><strong>delectationem,</strong></span> <span class='ocrx_word' id='word_1_323' title='bbox 1437 639 1480 667; x_wconf 86' lang='lat' dir='ltr'><strong>vel</strong></span> <span class='ocrx_word' id='word_1_324' title='bbox 1493 640 1521 666; x_wconf 93' lang='lat' dir='ltr'><strong>in</strong></span> <span class='ocrx_word' id='word_1_325' title='bbox 1536 640 1655 675; x_wconf 74' lang='lat' dir='ltr'><strong>rigorem</strong></span> 
     </span>
    </p>
   </div>
   <div class='ocr_carea' id='block_1_44' title="bbox 873 685 1655 718">
    <p class='ocr_par' dir='ltr' id='par_1_44' title="bbox 873 685 1655 718">
     <span class='ocr_line' id='line_1_44' title="bbox 873 685 1655 718; baseline -0.001 -5"><span class='ocrx_word' id='word_1_326' title='bbox 873 686 974 714; x_wconf 83' lang='lat' dir='ltr'><strong>vultus.</strong></span> <span class='ocrx_word' id='word_1_327' title='bbox 990 685 1112 714; x_wconf 84' lang='lat' dir='ltr'><strong>Primum</strong></span> <span class='ocrx_word' id='word_1_328' title='bbox 1131 686 1204 713; x_wconf 89' lang='lat' dir='ltr'><strong>enim</strong></span> <span class='ocrx_word' id='word_1_329' title='bbox 1222 685 1337 713; x_wconf 84' lang='lat' dir='ltr'><strong>delectat</strong></span> <span class='ocrx_word' id='word_1_330' title='bbox 1351 685 1484 718; x_wconf 87' lang='lat' dir='ltr'><strong>auditum,</strong></span> <span class='ocrx_word' id='word_1_331' title='bbox 1504 689 1532 712; x_wconf 91' lang='lat' dir='ltr'><strong>et</strong></span> <span class='ocrx_word' id='word_1_332' title='bbox 1545 685 1582 712; x_wconf 88' lang='lat' dir='ltr'><strong>ita</strong></span> <span class='ocrx_word' id='word_1_333' title='bbox 1591 692 1655 713; x_wconf 80' lang='lat' dir='ltr'><strong>exa-</strong></span> 
     </span>
    </p>
   </div>
   <div class='ocr_carea' id='block_1_45' title="bbox 874 730 1654 767">
    <p class='ocr_par' dir='ltr' id='par_1_45' title="bbox 874 730 1654 767">
     <span class='ocr_line' id='line_1_45' title="bbox 874 730 1654 767; baseline -0.001 -8"><span class='ocrx_word' id='word_1_334' title='bbox 874 732 931 760; x_wconf 89' lang='lat' dir='ltr'><strong>cuit</strong></span> <span class='ocrx_word' id='word_1_335' title='bbox 945 736 1074 764; x_wconf 80' lang='lat' dir='ltr'><strong>mentem,</strong></span> <span class='ocrx_word' id='word_1_336' title='bbox 1093 736 1123 759; x_wconf 88' lang='lat' dir='ltr'><strong>ut</strong></span> <span class='ocrx_word' id='word_1_337' title='bbox 1141 730 1274 767; x_wconf 79' lang='lat' dir='ltr'><strong>intelligat</strong></span> <span class='ocrx_word' id='word_1_338' title='bbox 1295 731 1367 766; x_wconf 87' lang='lat' dir='ltr'><strong>quod</strong></span> <span class='ocrx_word' id='word_1_339' title='bbox 1379 731 1572 766; x_wconf 82' lang='lat' dir='ltr'><strong>exprobratum</strong></span> <span class='ocrx_word' id='word_1_340' title='bbox 1590 735 1654 758; x_wconf 85' lang='lat' dir='ltr'><strong>est:</strong></span> 
     </span>
    </p>
   </div>
   <div class='ocr_carea' id='block_1_46' title="bbox 873 777 1654 812">
    <p class='ocr_par' dir='ltr' id='par_1_46' title="bbox 873 777 1654 812">
     <span class='ocr_line' id='line_1_46' title="bbox 873 777 1654 812; baseline 0 -8"><span class='ocrx_word' id='word_1_341' title='bbox 873 782 900 805; x_wconf 82' lang='lat' dir='ltr'><strong>et</strong></span> <span class='ocrx_word' id='word_1_342' title='bbox 912 782 976 805; x_wconf 89' lang='lat' dir='ltr'><strong>tunc</strong></span> <span class='ocrx_word' id='word_1_343' title='bbox 993 777 1078 805; x_wconf 91' lang='lat' dir='ltr'><strong>iratus</strong></span> <span class='ocrx_word' id='word_1_344' title='bbox 1090 777 1229 805; x_wconf 80' lang='lat' dir='ltr'><strong>existimat</strong></span> <span class='ocrx_word' id='word_1_345' title='bbox 1240 777 1314 812; x_wconf 88' lang='lat' dir='ltr'><strong>juste</strong></span> <span class='ocrx_word' id='word_1_346' title='bbox 1328 777 1420 805; x_wconf 89' lang='lat' dir='ltr'><strong>irasci.</strong></span> <span class='ocrx_word' id='word_1_347' title='bbox 1437 777 1505 805; x_wconf 85' lang='lat' dir='ltr'><strong>Si‘in</strong></span> <span class='ocrx_word' id='word_1_348' title='bbox 1519 777 1654 812; x_wconf 74' lang='lat' dir='ltr'><strong>jactur-am</strong></span> 
     </span>
    </p>
   </div>
   <div class='ocr_carea' id='block_1_47' title="bbox 873 823 1654 858">
    <p class='ocr_par' dir='ltr' id='par_1_47' title="bbox 873 823 1654 858">
     <span class='ocr_line' id='line_1_47' title="bbox 873 823 1654 858; baseline -0.001 -7"><span class='ocrx_word' id='word_1_349' title='bbox 873 827 920 851; x_wconf 86' lang='lat' dir='ltr'><strong>aut</strong></span> <span class='ocrx_word' id='word_1_350' title='bbox 934 823 1110 858; x_wconf 87' lang='lat' dir='ltr'><strong>perditionem</strong></span> <span class='ocrx_word' id='word_1_351' title='bbox 1124 823 1243 858; x_wconf 89' lang='lat' dir='ltr'><strong>aliquam</strong></span> <span class='ocrx_word' id='word_1_352' title='bbox 1257 823 1417 855; x_wconf 88' lang='lat' dir='ltr'><strong>incideritis,</strong></span> <span class='ocrx_word' id='word_1_353' title='bbox 1432 823 1490 856; x_wconf 79' lang='lat' dir='ltr'><strong>filii,</strong></span> <span class='ocrx_word' id='word_1_354' title='bbox 1507 831 1541 851; x_wconf 88' lang='lat' dir='ltr'><strong>ne</strong></span> <span class='ocrx_word' id='word_1_355' title='bbox 1551 823 1654 850; x_wconf 85' lang='lat' dir='ltr'><strong>tumul-</strong></span> 
     </span>
    </p>
   </div>
   <div class='ocr_carea' id='block_1_48' title="bbox 874 868 1654 904">
    <p class='ocr_par' dir='ltr' id='par_1_48' title="bbox 874 868 1654 904">
     <span class='ocr_line' id='line_1_48' title="bbox 874 868 1654 904; baseline -0.001 -7"><span class='ocrx_word' id='word_1_356' title='bbox 874 870 1002 902; x_wconf 88' lang='lat' dir='ltr'><strong>tuemini;</strong></span> <span class='ocrx_word' id='word_1_357' title='bbox 1019 869 1146 904; x_wconf 84' lang='lat' dir='ltr'><strong>quoniam</strong></span> <span class='ocrx_word' id='word_1_358' title='bbox 1170 869 1216 896; x_wconf 93' lang='lat' dir='ltr'><strong>hic</strong></span> <span class='ocrx_word' id='word_1_359' title='bbox 1240 868 1353 904; x_wconf 79' lang='lat' dir='ltr'><strong>spiritus</strong></span> <span class='ocrx_word' id='word_1_360' title='bbox 1376 869 1567 904; x_wconf 86' lang='lat' dir='ltr'><strong>concupiscere</strong></span> <span class='ocrx_word' id='word_1_361' title='bbox 1589 868 1654 897; x_wconf 76' lang='lat' dir='ltr'><strong>facit</strong></span> 
     </span>
    </p>
   </div>
   <div class='ocr_carea' id='block_1_49' title="bbox 873 914 1653 950">
    <p class='ocr_par' dir='ltr' id='par_1_49' title="bbox 873 914 1653 950">
     <span class='ocr_line' id='line_1_49' title="bbox 873 914 1653 950; baseline 0.001 -8"><span class='ocrx_word' id='word_1_362' title='bbox 873 915 944 950; x_wconf 89' lang='lat' dir='ltr'><strong>quod</strong></span> <span class='ocrx_word' id='word_1_363' title='bbox 956 915 1090 950; x_wconf 89' lang='lat' dir='ltr'><strong>perditum</strong></span> <span class='ocrx_word' id='word_1_364' title='bbox 1105 919 1157 946; x_wconf 86' lang='lat' dir='ltr'><strong>est,</strong></span> <span class='ocrx_word' id='word_1_365' title='bbox 1173 919 1203 941; x_wconf 91' lang='lat' dir='ltr'><strong>ut</strong></span> <span class='ocrx_word' id='word_1_366' title='bbox 1217 914 1352 942; x_wconf 84' lang='lat' dir='ltr'><strong>irascatur</strong></span> <span class='ocrx_word' id='word_1_367' title='bbox 1372 921 1420 950; x_wconf 91' lang='lat' dir='ltr'><strong>per</strong></span> <span class='ocrx_word' id='word_1_368' title='bbox 1433 915 1607 943; x_wconf 87' lang='lat' dir='ltr'><strong>desiderium.</strong></span> <span class='ocrx_word' id='word_1_369' title='bbox 1624 915 1653 943; x_wconf 88' lang='lat' dir='ltr'><strong>Si</strong></span> 
     </span>
    </p>
   </div>
   <div class='ocr_carea' id='block_1_50' title="bbox 872 959 1654 995">
    <p class='ocr_par' dir='ltr' id='par_1_50' title="bbox 872 959 1654 995">
     <span class='ocr_line' id='line_1_50' title="bbox 872 959 1654 995; baseline 0.001 -8"><span class='ocrx_word' id='word_1_370' title='bbox 872 965 963 988; x_wconf 87' lang='lat' dir='ltr'><strong>autem</strong></span> <span class='ocrx_word' id='word_1_371' title='bbox 979 960 1114 995; x_wconf 71' lang='lat' dir='ltr'><strong>iacturam</strong></span> <span class='ocrx_word' id='word_1_372' title='bbox 1127 959 1266 995; x_wconf 86' lang='lat' dir='ltr'><strong>patiemini</strong></span> <span class='ocrx_word' id='word_1_373' title='bbox 1278 960 1441 993; x_wconf 83' lang='lat' dir='ltr'><strong>voluntarie,</strong></span> <span class='ocrx_word' id='word_1_374' title='bbox 1456 968 1490 987; x_wconf 91' lang='lat' dir='ltr'><strong>ne</strong></span> <span class='ocrx_word' id='word_1_375' title='bbox 1508 961 1654 988; x_wconf 79' lang='lat' dir='ltr'><strong>contriste—</strong></span> 
     </span>
    </p>
   </div>
   <div class='ocr_carea' id='block_1_51' title="bbox 872 1006 1651 1039">
    <p class='ocr_par' dir='ltr' id='par_1_51' title="bbox 872 1006 1651 1039">
     <span class='ocr_line' id='line_1_51' title="bbox 872 1006 1651 1039; baseline 0.001 -6"><span class='ocrx_word' id='word_1_376' title='bbox 872 1006 953 1039; x_wconf 89' lang='lat' dir='ltr'><strong>mini;</strong></span> <span class='ocrx_word' id='word_1_377' title='bbox 971 1013 986 1033; x_wconf 89' lang='lat' dir='ltr'><strong>a</strong></span> <span class='ocrx_word' id='word_1_378' title='bbox 997 1006 1106 1034; x_wconf 86' lang='lat' dir='ltr'><strong>tristitia</strong></span> <span class='ocrx_word' id='word_1_379' title='bbox 1121 1006 1194 1034; x_wconf 86' lang='lat' dir='ltr'><strong>enim</strong></span> <span class='ocrx_word' id='word_1_380' title='bbox 1206 1006 1353 1034; x_wconf 86' lang='lat' dir='ltr'><strong>suscitatur</strong></span> <span class='ocrx_word' id='word_1_381' title='bbox 1367 1006 1407 1033; x_wconf 92' lang='lat' dir='ltr'><strong>ira</strong></span> <span class='ocrx_word' id='word_1_382' title='bbox 1420 1013 1482 1037; x_wconf 87' lang='lat' dir='ltr'><strong>cum</strong></span> <span class='ocrx_word' id='word_1_383' title='bbox 1497 1006 1651 1034; x_wconf 91' lang='lat' dir='ltr'><strong>mendacio.</strong></span> 
     </span>
    </p>
   </div>
   <div class='ocr_carea' id='block_1_52' title="bbox 872 1049 1652 1086">
    <p class='ocr_par' dir='ltr' id='par_1_52' title="bbox 872 1049 1652 1086">
     <span class='ocr_line' id='line_1_52' title="bbox 872 1049 1652 1086; baseline 0.004 -9"><span class='ocrx_word' id='word_1_384' title='bbox 872 1049 919 1079; x_wconf 79' lang='lat' dir='ltr'><strong>Est</strong></span> <span class='ocrx_word' id='word_1_385' title='bbox 933 1055 1022 1078; x_wconf 91' lang='lat' dir='ltr'><strong>autem</strong></span> <span class='ocrx_word' id='word_1_386' title='bbox 1036 1051 1138 1078; x_wconf 90' lang='lat' dir='ltr'><strong>malum</strong></span> <span class='ocrx_word' id='word_1_387' title='bbox 1153 1049 1288 1086; x_wconf 86' lang='lat' dir='ltr'><strong>duplicem</strong></span> <span class='ocrx_word' id='word_1_388' title='bbox 1303 1050 1405 1078; x_wconf 87' lang='lat' dir='ltr'><strong>habens</strong></span> <span class='ocrx_word' id='word_1_389' title='bbox 1417 1050 1524 1085; x_wconf 79' lang='lat' dir='ltr'><strong>faciem,</strong></span> <span class='ocrx_word' id='word_1_390' title='bbox 1536 1051 1576 1079; x_wconf 90' lang='lat' dir='ltr'><strong>ira</strong></span> <span class='ocrx_word' id='word_1_391' title='bbox 1589 1059 1652 1080; x_wconf 90' lang='lat' dir='ltr'><strong>cum</strong></span> 
     </span>
    </p>
   </div>
   <div class='ocr_carea' id='block_1_53' title="bbox 871 1096 1652 1131">
    <p class='ocr_par' dir='ltr' id='par_1_53' title="bbox 871 1096 1652 1131">
     <span class='ocr_line' id='line_1_53' title="bbox 871 1096 1652 1131; baseline 0.004 -8"><span class='ocrx_word' id='word_1_392' title='bbox 871 1096 1029 1131; x_wconf 88' lang='lat' dir='ltr'><strong>mendacio,</strong></span> <span class='ocrx_word' id='word_1_393' title='bbox 1054 1101 1081 1124; x_wconf 87' lang='lat' dir='ltr'><strong>et</strong></span> <span class='ocrx_word' id='word_1_394' title='bbox 1097 1097 1288 1131; x_wconf 87' lang='lat' dir='ltr'><strong>colloquuntur</strong></span> <span class='ocrx_word' id='word_1_395' title='bbox 1312 1101 1419 1131; x_wconf 87' lang='lat' dir='ltr'><strong>mutuo,</strong></span> <span class='ocrx_word' id='word_1_396' title='bbox 1440 1101 1470 1124; x_wconf 92' lang='lat' dir='ltr'><strong>ut</strong></span> <span class='ocrx_word' id='word_1_397' title='bbox 1490 1098 1652 1126; x_wconf 87' lang='lat' dir='ltr'><strong>conturbent</strong></span> 
     </span>
    </p>
   </div>
   <div class='ocr_carea' id='block_1_54' title="bbox 871 1143 1652 1174">
    <p class='ocr_par' dir='ltr' id='par_1_54' title="bbox 871 1143 1652 1174">
     <span class='ocr_line' id='line_1_54' title="bbox 871 1143 1652 1174; baseline 0.004 -4"><span class='ocrx_word' id='word_1_398' title='bbox 871 1143 1016 1171; x_wconf 84' lang='lat' dir='ltr'><strong>consilium</strong></span> <span class='ocrx_word' id='word_1_399' title='bbox 1034 1153 1040 1171; x_wconf 91' lang='lat'>:</span> <span class='ocrx_word' id='word_1_400' title='bbox 1058 1144 1166 1172; x_wconf 89' lang='lat' dir='ltr'><strong>turbata</strong></span> <span class='ocrx_word' id='word_1_401' title='bbox 1179 1148 1270 1171; x_wconf 89' lang='lat' dir='ltr'><strong>autem</strong></span> <span class='ocrx_word' id='word_1_402' title='bbox 1284 1143 1375 1171; x_wconf 90' lang='lat' dir='ltr'><strong>anima</strong></span> <span class='ocrx_word' id='word_1_403' title='bbox 1392 1145 1521 1172; x_wconf 90' lang='lat' dir='ltr'><strong>continue</strong></span> <span class='ocrx_word' id='word_1_404' title='bbox 1550 1146 1652 1174; x_wconf 81' lang='lat' dir='ltr'><strong>recedit</strong></span> 
     </span>
    </p>
   </div>
   <div class='ocr_carea' id='block_1_55' title="bbox 870 1190 1492 1225">
    <p class='ocr_par' dir='ltr' id='par_1_55' title="bbox 870 1190 1492 1225">
     <span class='ocr_line' id='line_1_55' title="bbox 870 1190 1492 1225; baseline 0 -8"><span class='ocrx_word' id='word_1_405' title='bbox 870 1190 1003 1217; x_wconf 89' lang='lat' dir='ltr'><strong>Dominus</strong></span> <span class='ocrx_word' id='word_1_406' title='bbox 1014 1190 1048 1217; x_wconf 87' lang='lat' dir='ltr'><strong>ab</strong></span> <span class='ocrx_word' id='word_1_407' title='bbox 1059 1190 1132 1225; x_wconf 83' lang='lat' dir='ltr'><strong>ipsa,</strong></span> <span class='ocrx_word' id='word_1_408' title='bbox 1147 1195 1175 1218; x_wconf 89' lang='lat' dir='ltr'><strong>et</strong></span> <span class='ocrx_word' id='word_1_409' title='bbox 1188 1191 1344 1218; x_wconf 87' lang='lat' dir='ltr'><strong>dominatur</strong></span> <span class='ocrx_word' id='word_1_410' title='bbox 1354 1190 1378 1218; x_wconf 90' lang='lat' dir='ltr'><strong>ei</strong></span> <span class='ocrx_word' id='word_1_411' title='bbox 1394 1190 1492 1218; x_wconf 86' lang='lat' dir='ltr'><strong>Beliar.</strong></span> 
     </span>
    </p>
   </div>
   <div class='ocr_carea' id='block_1_56' title="bbox 907 1233 1649 1270">
    <p class='ocr_par' dir='ltr' id='par_1_56' title="bbox 907 1233 1649 1270">
     <span class='ocr_line' id='line_1_56' title="bbox 907 1233 1649 1270; baseline 0.004 -9"><span class='ocrx_word' id='word_1_412' title='bbox 907 1233 939 1261; x_wconf 85' lang='lat' dir='ltr'><strong>V.</strong></span> <span class='ocrx_word' id='word_1_413' title='bbox 955 1244 964 1260; x_wconf 78' lang='grc' dir='ltr'><strong>ι</strong></span> <span class='ocrx_word' id='word_1_414' title='bbox 978 1234 1120 1263; x_wconf 88' lang='lat' dir='ltr'><strong>Custodite</strong></span> <span class='ocrx_word' id='word_1_415' title='bbox 1138 1243 1214 1270; x_wconf 78' lang='lat' dir='ltr'><strong>ergo,</strong></span> <span class='ocrx_word' id='word_1_416' title='bbox 1230 1235 1277 1263; x_wconf 84' lang='lat' dir='ltr'><strong>ﬁlii</strong></span> <span class='ocrx_word' id='word_1_417' title='bbox 1293 1235 1364 1270; x_wconf 90' lang='lat' dir='ltr'><strong>mei,</strong></span> <span class='ocrx_word' id='word_1_418' title='bbox 1379 1236 1505 1264; x_wconf 88' lang='lat' dir='ltr'><strong>mandata</strong></span> <span class='ocrx_word' id='word_1_419' title='bbox 1531 1235 1649 1270; x_wconf 86' lang='lat' dir='ltr'><strong>Domini,</strong></span> 
     </span>
    </p>
   </div>
   <div class='ocr_carea' id='block_1_57' title="bbox 869 1280 1652 1316">
    <p class='ocr_par' dir='ltr' id='par_1_57' title="bbox 869 1280 1652 1316">
     <span class='ocr_line' id='line_1_57' title="bbox 869 1280 1652 1316; baseline 0.004 -8"><span class='ocrx_word' id='word_1_420' title='bbox 869 1285 896 1308; x_wconf 87' lang='lat' dir='ltr'><strong>et</strong></span> <span class='ocrx_word' id='word_1_421' title='bbox 914 1280 1001 1316; x_wconf 81' lang='lat' dir='ltr'><strong>legem</strong></span> <span class='ocrx_word' id='word_1_422' title='bbox 1018 1280 1078 1316; x_wconf 89' lang='lat' dir='ltr'><strong>ejus</strong></span> <span class='ocrx_word' id='word_1_423' title='bbox 1100 1285 1220 1315; x_wconf 84' lang='lat' dir='ltr'><strong>servate;</strong></span> <span class='ocrx_word' id='word_1_424' title='bbox 1240 1282 1357 1311; x_wconf 86' lang='lat' dir='ltr'><strong>recedite</strong></span> <span class='ocrx_word' id='word_1_425' title='bbox 1378 1286 1468 1310; x_wconf 88' lang='lat' dir='ltr'><strong>autem</strong></span> <span class='ocrx_word' id='word_1_426' title='bbox 1493 1282 1527 1310; x_wconf 87' lang='lat' dir='ltr'><strong>ab</strong></span> <span class='ocrx_word' id='word_1_427' title='bbox 1548 1282 1605 1315; x_wconf 90' lang='lat' dir='ltr'><strong>ira,</strong></span> <span class='ocrx_word' id='word_1_428' title='bbox 1624 1288 1652 1311; x_wconf 84' lang='lat' dir='ltr'><strong>et</strong></span> 
     </span>
    </p>
   </div>
   <div class='ocr_carea' id='block_1_58' title="bbox 870 1327 1651 1362">
    <p class='ocr_par' dir='ltr' id='par_1_58' title="bbox 870 1327 1651 1362">
     <span class='ocr_line' id='line_1_58' title="bbox 870 1327 1651 1362; baseline 0.003 -8"><span class='ocrx_word' id='word_1_429' title='bbox 870 1327 933 1355; x_wconf 91' lang='lat' dir='ltr'><strong>odio</strong></span> <span class='ocrx_word' id='word_1_430' title='bbox 948 1327 1045 1354; x_wconf 89' lang='lat' dir='ltr'><strong>habete</strong></span> <span class='ocrx_word' id='word_1_431' title='bbox 1059 1327 1242 1362; x_wconf 85' lang='lat' dir='ltr'><strong>mendacium,</strong></span> <span class='ocrx_word' id='word_1_432' title='bbox 1258 1333 1288 1356; x_wconf 92' lang='lat' dir='ltr'><strong>ut</strong></span> <span class='ocrx_word' id='word_1_433' title='bbox 1300 1327 1432 1356; x_wconf 86' lang='lat' dir='ltr'><strong>Dominus</strong></span> <span class='ocrx_word' id='word_1_434' title='bbox 1445 1328 1548 1356; x_wconf 87' lang='lat' dir='ltr'><strong>habitet</strong></span> <span class='ocrx_word' id='word_1_435' title='bbox 1563 1329 1591 1356; x_wconf 85' lang='lat' dir='ltr'><strong>in</strong></span> <span class='ocrx_word' id='word_1_436' title='bbox 1603 1337 1651 1356; x_wconf 92' lang='lat' dir='ltr'><strong>vo-</strong></span> 
     </span>
    </p>
   </div>
   <div class='ocr_carea' id='block_1_59' title="bbox 868 1372 1651 1410">
    <p class='ocr_par' dir='ltr' id='par_1_59' title="bbox 868 1372 1651 1410">
     <span class='ocr_line' id='line_1_59' title="bbox 868 1372 1651 1410; baseline 0.003 -10"><span class='ocrx_word' id='word_1_437' title='bbox 868 1372 921 1406; x_wconf 88' lang='lat' dir='ltr'><strong>bis,</strong></span> <span class='ocrx_word' id='word_1_438' title='bbox 936 1377 963 1400; x_wconf 91' lang='lat' dir='ltr'><strong>et</strong></span> <span class='ocrx_word' id='word_1_439' title='bbox 978 1372 1065 1409; x_wconf 79' lang='lat' dir='ltr'><strong>fugiat</strong></span> <span class='ocrx_word' id='word_1_440' title='bbox 1087 1380 1103 1400; x_wconf 88' lang='lat' dir='ltr'><strong>a</strong></span> <span class='ocrx_word' id='word_1_441' title='bbox 1122 1374 1199 1402; x_wconf 89' lang='lat' dir='ltr'><strong>vobis</strong></span> <span class='ocrx_word' id='word_1_442' title='bbox 1216 1374 1314 1402; x_wconf 86' lang='lat' dir='ltr'><strong>Beliar.</strong></span> <span class='ocrx_word' id='word_1_443' title='bbox 1332 1373 1479 1402; x_wconf 79' lang='lat' dir='ltr'><strong>Veritatem</strong></span> <span class='ocrx_word' id='word_1_444' title='bbox 1499 1375 1651 1410; x_wconf 86' lang='lat' dir='ltr'><strong>loquamini</strong></span> 
     </span>
    </p>
   </div>
   <div class='ocr_carea' id='block_1_60' title="bbox 869 1419 1650 1455">
    <p class='ocr_par' dir='ltr' id='par_1_60' title="bbox 869 1419 1650 1455">
     <span class='ocr_line' id='line_1_60' title="bbox 869 1419 1650 1455; baseline 0.004 -9"><span class='ocrx_word' id='word_1_445' title='bbox 869 1419 1060 1455; x_wconf 86' lang='lat' dir='ltr'><strong>unusquisque</strong></span> <span class='ocrx_word' id='word_1_446' title='bbox 1077 1420 1110 1447; x_wconf 88' lang='lat' dir='ltr'><strong>ad</strong></span> <span class='ocrx_word' id='word_1_447' title='bbox 1123 1420 1278 1455; x_wconf 81' lang='lat' dir='ltr'><strong>proximum</strong></span> <span class='ocrx_word' id='word_1_448' title='bbox 1291 1428 1371 1448; x_wconf 90' lang='lat' dir='ltr'><strong>suum</strong></span> <span class='ocrx_word' id='word_1_449' title='bbox 1382 1441 1390 1455; x_wconf 88' lang='lat'><strong>,</strong></span> <span class='ocrx_word' id='word_1_450' title='bbox 1404 1426 1431 1448; x_wconf 87' lang='lat' dir='ltr'><strong>et</strong></span> <span class='ocrx_word' id='word_1_451' title='bbox 1451 1428 1505 1448; x_wconf 94' lang='lat' dir='ltr'><strong>non</strong></span> <span class='ocrx_word' id='word_1_452' title='bbox 1523 1421 1650 1450; x_wconf 87' lang='lat' dir='ltr'><strong>incidetis</strong></span> 
     </span>
    </p>
   </div>
   <div class='ocr_carea' id='block_1_61' title="bbox 869 1465 1651 1503">
    <p class='ocr_par' dir='ltr' id='par_1_61' title="bbox 869 1465 1651 1503">
     <span class='ocr_line' id='line_1_61' title="bbox 869 1465 1651 1503; baseline 0.005 -11"><span class='ocrx_word' id='word_1_453' title='bbox 869 1465 897 1492; x_wconf 91' lang='lat' dir='ltr'><strong>in</strong></span> <span class='ocrx_word' id='word_1_454' title='bbox 912 1465 980 1493; x_wconf 87' lang='lat' dir='ltr'><strong>iram</strong></span> <span class='ocrx_word' id='word_1_455' title='bbox 999 1470 1027 1493; x_wconf 85' lang='lat' dir='ltr'><strong>et</strong></span> <span class='ocrx_word' id='word_1_456' title='bbox 1041 1466 1226 1500; x_wconf 86' lang='lat' dir='ltr'><strong>turbationes;</strong></span> <span class='ocrx_word' id='word_1_457' title='bbox 1240 1467 1286 1495; x_wconf 86' lang='lat' dir='ltr'><strong>sed</strong></span> <span class='ocrx_word' id='word_1_458' title='bbox 1298 1468 1374 1496; x_wconf 89' lang='lat' dir='ltr'><strong>eritis</strong></span> <span class='ocrx_word' id='word_1_459' title='bbox 1385 1468 1412 1495; x_wconf 95' lang='lat' dir='ltr'><strong>in</strong></span> <span class='ocrx_word' id='word_1_460' title='bbox 1423 1475 1501 1503; x_wconf 88' lang='lat' dir='ltr'><strong>pace,</strong></span> <span class='ocrx_word' id='word_1_461' title='bbox 1519 1469 1651 1497; x_wconf 86' lang='lat' dir='ltr'><strong>habentes</strong></span> 
     </span>
    </p>
   </div>
   <div class='ocr_carea' id='block_1_62' title="bbox 46 1510 819 1551">
    <p class='ocr_par' dir='ltr' id='par_1_62' title="bbox 46 1513 819 1551">
     <span class='ocr_line' id='line_1_62' title="bbox 46 1513 819 1551; baseline 0.003 -12"><span class='ocrx_word' id='word_1_462' title='bbox 46 1513 85 1540; x_wconf 81' lang='grc' dir='ltr'><strong>τὸν</strong></span> <span class='ocrx_word' id='word_1_463' title='bbox 94 1514 157 1542; x_wconf 77' lang='grc' dir='ltr'>Θεὸν</span> <span class='ocrx_word' id='word_1_464' title='bbox 166 1514 219 1549; x_wconf 80' lang='grc' dir='ltr'>τῆς</span> <span class='ocrx_word' id='word_1_465' title='bbox 230 1515 350 1551; x_wconf 82' lang='grc' dir='ltr'>εἰρήνης,</span> <span class='ocrx_word' id='word_1_466' title='bbox 359 1514 406 1542; x_wconf 73' lang='grc' dir='ltr'>καὶ</span> <span class='ocrx_word' id='word_1_467' title='bbox 420 1514 451 1541; x_wconf 87' lang='grc' dir='ltr'>οὺ</span> <span class='ocrx_word' id='word_1_468' title='bbox 466 1514 503 1550; x_wconf 86' lang='grc' dir='ltr'>μὴ</span> <span class='ocrx_word' id='word_1_469' title='bbox 517 1513 666 1550; x_wconf 84' lang='grc' dir='ltr'>κατισχύσῃ</span> <span class='ocrx_word' id='word_1_470' title='bbox 679 1513 733 1550; x_wconf 82' lang='grc'>(86)</span> <span class='ocrx_word' id='word_1_471' title='bbox 742 1513 819 1549; x_wconf 80' lang='grc' dir='ltr'>ὑμῶν</span> 
     </span>
    </p>
   </div>
   <div class='ocr_carea' id='block_1_63' title="bbox 872 1510 1651 1551">
    <p class='ocr_par' dir='ltr' id='par_1_63' title="bbox 872 1510 1651 1547">
     <span class='ocr_line' id='line_1_63' title="bbox 872 1510 1651 1547; baseline 0.003 -9"><span class='ocrx_word' id='word_1_472' title='bbox 872 1510 954 1539; x_wconf 90' lang='lat' dir='ltr'><strong>Deum</strong></span> <span class='ocrx_word' id='word_1_473' title='bbox 968 1511 1060 1547; x_wconf 89' lang='lat' dir='ltr'><strong>pacis;</strong></span> <span class='ocrx_word' id='word_1_474' title='bbox 1075 1517 1102 1540; x_wconf 90' lang='lat' dir='ltr'><strong>et</strong></span> <span class='ocrx_word' id='word_1_475' title='bbox 1123 1519 1177 1539; x_wconf 91' lang='lat' dir='ltr'><strong>non</strong></span> <span class='ocrx_word' id='word_1_476' title='bbox 1195 1512 1350 1547; x_wconf 67' lang='lat' dir='ltr'><strong>praevalebit</strong></span> <span class='ocrx_word' id='word_1_477' title='bbox 1363 1513 1507 1541; x_wconf 88' lang='lat' dir='ltr'><strong>adversum</strong></span> <span class='ocrx_word' id='word_1_478' title='bbox 1522 1521 1572 1542; x_wconf 89' lang='lat' dir='ltr'><strong>vos</strong></span> <span class='ocrx_word' id='word_1_479' title='bbox 1593 1513 1651 1541; x_wconf 84' lang='lat' dir='ltr'><strong>bel-</strong></span> 
     </span>
    </p>
   </div>
   <div class='ocr_carea' id='block_1_64' title="bbox 47 1558 819 1596">
    <p class='ocr_par' dir='ltr' id='par_1_64' title="bbox 47 1558 819 1596">
     <span class='ocr_line' id='line_1_64' title="bbox 47 1558 819 1596; baseline -0.001 -9"><span class='ocrx_word' id='word_1_480' title='bbox 47 1559 162 1595; x_wconf 76' lang='grc' dir='ltr'>πόλεμος.</span> <span class='ocrx_word' id='word_1_481' title='bbox 179 1561 313 1595; x_wconf 81' lang='grc' dir='ltr'>Ἀγαπᾶτε</span> <span class='ocrx_word' id='word_1_482' title='bbox 324 1560 369 1587; x_wconf 82' lang='grc' dir='ltr'>τὸν</span> <span class='ocrx_word' id='word_1_483' title='bbox 380 1560 481 1596; x_wconf 85' lang='grc' dir='ltr'>Κύριον</span> <span class='ocrx_word' id='word_1_484' title='bbox 492 1560 521 1586; x_wconf 89' lang='grc' dir='ltr'><strong>ἐν</strong></span> <span class='ocrx_word' id='word_1_485' title='bbox 531 1560 604 1595; x_wconf 82' lang='grc' dir='ltr'>πάσῃ</span> <span class='ocrx_word' id='word_1_486' title='bbox 616 1561 649 1595; x_wconf 83' lang='grc' dir='ltr'><strong>τῇ</strong></span> <span class='ocrx_word' id='word_1_487' title='bbox 666 1559 721 1595; x_wconf 83' lang='grc' dir='ltr'>ζωῇ</span> <span class='ocrx_word' id='word_1_488' title='bbox 730 1558 819 1595; x_wconf 72' lang='grc' dir='ltr'>ὑμῶν,</span> 
     </span>
    </p>
   </div>
   <div class='ocr_carea' id='block_1_65' title="bbox 47 1605 818 1643">
    <p class='ocr_par' dir='ltr' id='par_1_65' title="bbox 47 1605 818 1643">
     <span class='ocr_line' id='line_1_65' title="bbox 47 1605 818 1643; baseline 0.001 -12"><span class='ocrx_word' id='word_1_489' title='bbox 47 1606 87 1632; x_wconf 85' lang='grc' dir='ltr'><strong>καί</strong></span> <span class='ocrx_word' id='word_1_490' title='bbox 101 1606 228 1643; x_wconf 81' lang='grc' dir='ltr'>ἀλλήλους</span> <span class='ocrx_word' id='word_1_491' title='bbox 248 1608 276 1634; x_wconf 86' lang='grc' dir='ltr'><strong>ἐν</strong></span> <span class='ocrx_word' id='word_1_492' title='bbox 299 1606 411 1643; x_wconf 84' lang='grc' dir='ltr'>ἀληθινῇ</span> <span class='ocrx_word' id='word_1_493' title='bbox 437 1606 542 1642; x_wconf 82' lang='grc' dir='ltr'>καρδίᾳ.</span> <span class='ocrx_word' id='word_1_494' title='bbox 565 1605 629 1633; x_wconf 81' lang='grc' dir='ltr'>Οἶδα</span> <span class='ocrx_word' id='word_1_495' title='bbox 648 1606 711 1642; x_wconf 76' lang='grc' dir='ltr'>γὰρ,</span> <span class='ocrx_word' id='word_1_496' title='bbox 735 1605 775 1632; x_wconf 82' lang='grc' dir='ltr'>ὅτι</span> <span class='ocrx_word' id='word_1_497' title='bbox 789 1606 818 1632; x_wconf 88' lang='grc' dir='ltr'><strong>ἐν</strong></span> 
     </span>
    </p>
   </div>
   <div class='ocr_carea' id='block_1_66' title="bbox 46 1652 818 1689">
    <p class='ocr_par' dir='ltr' id='par_1_66' title="bbox 46 1652 818 1689">
     <span class='ocr_line' id='line_1_66' title="bbox 46 1652 818 1689; baseline -0.001 -10"><span class='ocrx_word' id='word_1_498' title='bbox 46 1652 163 1686; x_wconf 78' lang='grc' dir='ltr'>ἐσχάταις</span> <span class='ocrx_word' id='word_1_499' title='bbox 174 1653 290 1689; x_wconf 80' lang='grc' dir='ltr'>ἡμέραις</span> <span class='ocrx_word' id='word_1_500' title='bbox 306 1653 489 1689; x_wconf 81' lang='grc' dir='ltr'>ἀποστήσεσθε</span> <span class='ocrx_word' id='word_1_501' title='bbox 496 1652 543 1679; x_wconf 82' lang='grc' dir='ltr'>τοῦ</span> <span class='ocrx_word' id='word_1_502' title='bbox 550 1652 662 1688; x_wconf 82' lang='grc' dir='ltr'>Κυρίου,</span> <span class='ocrx_word' id='word_1_503' title='bbox 673 1652 720 1679; x_wconf 75' lang='grc' dir='ltr'>καὶ</span> <span class='ocrx_word' id='word_1_504' title='bbox 734 1660 818 1687; x_wconf 86' lang='grc' dir='ltr'>προσ-</span> 
     </span>
    </p>
   </div>
   <div class='ocr_carea' id='block_1_67' title="bbox 46 1697 816 1735">
    <p class='ocr_par' dir='ltr' id='par_1_67' title="bbox 46 1697 816 1735">
     <span class='ocr_line' id='line_1_67' title="bbox 46 1697 816 1735; baseline 0.001 -12"><span class='ocrx_word' id='word_1_505' title='bbox 46 1698 151 1733; x_wconf 80' lang='grc' dir='ltr'>οχθιεῖτε</span> <span class='ocrx_word' id='word_1_506' title='bbox 172 1699 219 1726; x_wconf 72' lang='grc' dir='ltr'><strong>τὸν</strong></span> <span class='ocrx_word' id='word_1_507' title='bbox 246 1698 328 1731; x_wconf 54' lang='lat' dir='ltr'><strong>Aeni,</strong></span> <span class='ocrx_word' id='word_1_508' title='bbox 350 1699 397 1726; x_wconf 76' lang='grc' dir='ltr'>καὶ</span> <span class='ocrx_word' id='word_1_509' title='bbox 417 1698 486 1735; x_wconf 80' lang='grc' dir='ltr'>πρὸς</span> <span class='ocrx_word' id='word_1_510' title='bbox 507 1698 606 1726; x_wconf 86' lang='grc' dir='ltr'>Ἰούδαν</span> <span class='ocrx_word' id='word_1_511' title='bbox 630 1697 816 1730; x_wconf 77' lang='grc' dir='ltr'><strong>ἀντιτόιξεο-θε⁸</strong></span> 
     </span>
    </p>
   </div>
   <div class='ocr_carea' id='block_1_68' title="bbox 46 1743 817 1781">
    <p class='ocr_par' dir='ltr' id='par_1_68' title="bbox 46 1743 817 1781">
     <span class='ocr_line' id='line_1_68' title="bbox 46 1743 817 1781; baseline 0 -11"><span class='ocrx_word' id='word_1_512' title='bbox 46 1743 94 1770; x_wconf 85' lang='grc' dir='ltr'>ἀλλ’</span> <span class='ocrx_word' id='word_1_513' title='bbox 119 1743 148 1771; x_wconf 78' lang='grc' dir='ltr'>οὔ</span> <span class='ocrx_word' id='word_1_514' title='bbox 171 1745 316 1781; x_wconf 84' lang='grc' dir='ltr'>δυνήσεσθε</span> <span class='ocrx_word' id='word_1_515' title='bbox 340 1744 408 1781; x_wconf 80' lang='grc' dir='ltr'>πρὸς</span> <span class='ocrx_word' id='word_1_516' title='bbox 422 1745 528 1777; x_wconf 80' lang='grc' dir='ltr'>αὐτούς.</span> <span class='ocrx_word' id='word_1_517' title='bbox 548 1744 677 1779; x_wconf 79' lang='grc' dir='ltr'>Ἀγγελος</span> <span class='ocrx_word' id='word_1_518' title='bbox 691 1744 745 1780; x_wconf 83' lang='grc' dir='ltr'><strong>γὰρ</strong></span> <span class='ocrx_word' id='word_1_519' title='bbox 760 1745 817 1770; x_wconf 93' lang='grc' dir='ltr'>Κυ-</span> 
     </span>
    </p>
   </div>
   <div class='ocr_carea' id='block_1_69' title="bbox 47 1789 815 1826">
    <p class='ocr_par' dir='ltr' id='par_1_69' title="bbox 47 1789 815 1826">
     <span class='ocr_line' id='line_1_69' title="bbox 47 1789 815 1826; baseline 0 -11"><span class='ocrx_word' id='word_1_520' title='bbox 47 1789 96 1823; x_wconf 84' lang='grc' dir='ltr'>ρίου</span> <span class='ocrx_word' id='word_1_521' title='bbox 104 1790 194 1826; x_wconf 79' lang='grc' dir='ltr'>ὁδηγεῖ</span> <span class='ocrx_word' id='word_1_522' title='bbox 201 1790 356 1826; x_wconf 79' lang='grc' dir='ltr'>ἑκατέρους,</span> <span class='ocrx_word' id='word_1_523' title='bbox 367 1791 407 1816; x_wconf 87' lang='grc' dir='ltr'>ὅτι</span> <span class='ocrx_word' id='word_1_524' title='bbox 415 1791 443 1817; x_wconf 86' lang='grc' dir='ltr'><strong>ἐν</strong></span> <span class='ocrx_word' id='word_1_525' title='bbox 455 1791 546 1822; x_wconf 78' lang='grc' dir='ltr'>αὐτοῖς</span> <span class='ocrx_word' id='word_1_526' title='bbox 560 1791 686 1826; x_wconf 85' lang='grc' dir='ltr'>στήσεται</span> <span class='ocrx_word' id='word_1_527' title='bbox 700 1789 815 1825; x_wconf 87' lang='grc' dir='ltr'>Ἰσραήλ.</span> 
     </span>
    </p>
   </div>
   <div class='ocr_carea' id='block_1_70' title="bbox 48 1833 817 1871">
    <p class='ocr_par' dir='ltr' id='par_1_70' title="bbox 48 1833 817 1871">
     <span class='ocr_line' id='line_1_70' title="bbox 48 1833 817 1871; baseline 0.003 -12"><span class='ocrx_word' id='word_1_528' title='bbox 48 1833 94 1860; x_wconf 75' lang='grc' dir='ltr'>Καὶ</span> <span class='ocrx_word' id='word_1_529' title='bbox 109 1834 144 1866; x_wconf 85' lang='grc' dir='ltr'>ὡς</span> <span class='ocrx_word' id='word_1_530' title='bbox 161 1835 194 1862; x_wconf 82' lang='grc' dir='ltr'><strong>ἃν</strong></span> <span class='ocrx_word' id='word_1_531' title='bbox 211 1835 345 1870; x_wconf 79' lang='grc' dir='ltr'>ἀποστῆτε</span> <span class='ocrx_word' id='word_1_532' title='bbox 368 1835 422 1862; x_wconf 80' lang='grc' dir='ltr'>ἀπὸ</span> <span class='ocrx_word' id='word_1_533' title='bbox 444 1835 562 1871; x_wconf 82' lang='grc' dir='ltr'>Κυρίου,</span> <span class='ocrx_word' id='word_1_534' title='bbox 587 1835 616 1861; x_wconf 83' lang='grc' dir='ltr'><strong>ἐν</strong></span> <span class='ocrx_word' id='word_1_535' title='bbox 637 1834 709 1870; x_wconf 83' lang='grc' dir='ltr'>πάσῃ</span> <span class='ocrx_word' id='word_1_536' title='bbox 733 1834 817 1869; x_wconf 78' lang='grc' dir='ltr'>κακίᾳ</span> 
     </span>
    </p>
   </div>
   <div class='ocr_carea' id='block_1_71' title="bbox 47 1880 818 1917">
    <p class='ocr_par' dir='ltr' id='par_1_71' title="bbox 47 1880 818 1917">
     <span class='ocr_line' id='line_1_71' title="bbox 47 1880 818 1917; baseline 0.004 -12"><span class='ocrx_word' id='word_1_537' title='bbox 47 1880 193 1914; x_wconf 77' lang='grc' dir='ltr'>πορεύεσθε,</span> <span class='ocrx_word' id='word_1_538' title='bbox 209 1880 346 1912; x_wconf 78' lang='grc' dir='ltr'>ποιοῦντες</span> <span class='ocrx_word' id='word_1_539' title='bbox 356 1880 524 1916; x_wconf 86' lang='grc' dir='ltr'>βδελύγματα</span> <span class='ocrx_word' id='word_1_540' title='bbox 539 1881 633 1913; x_wconf 82' lang='grc' dir='ltr'>ἐθνῶν,</span> <span class='ocrx_word' id='word_1_541' title='bbox 643 1881 818 1917; x_wconf 81' lang='grc' dir='ltr'>ἐκπορνεύον-</span> 
     </span>
    </p>
   </div>
   <div class='ocr_carea' id='block_1_72' title="bbox 46 1925 817 1962">
    <p class='ocr_par' dir='ltr' id='par_1_72' title="bbox 46 1925 817 1962">
     <span class='ocr_line' id='line_1_72' title="bbox 46 1925 817 1962; baseline 0.004 -12"><span class='ocrx_word' id='word_1_542' title='bbox 46 1931 84 1955; x_wconf 81' lang='grc' dir='ltr'><strong>τες</strong></span> <span class='ocrx_word' id='word_1_543' title='bbox 99 1925 126 1951; x_wconf 79' lang='grc' dir='ltr'><strong>ἐν</strong></span> <span class='ocrx_word' id='word_1_544' title='bbox 141 1925 263 1959; x_wconf 79' lang='grc' dir='ltr'>γυναιξὶν</span> <span class='ocrx_word' id='word_1_545' title='bbox 279 1926 395 1961; x_wconf 84' lang='grc' dir='ltr'>ἀνόμων,</span> <span class='ocrx_word' id='word_1_546' title='bbox 411 1926 458 1953; x_wconf 76' lang='grc' dir='ltr'>καὶ</span> <span class='ocrx_word' id='word_1_547' title='bbox 473 1927 502 1952; x_wconf 87' lang='grc' dir='ltr'><strong>ἐν</strong></span> <span class='ocrx_word' id='word_1_548' title='bbox 519 1926 592 1961; x_wconf 82' lang='grc' dir='ltr'>πάσῃ</span> <span class='ocrx_word' id='word_1_549' title='bbox 612 1927 729 1962; x_wconf 81' lang='grc' dir='ltr'>πονηρίᾳ</span> <span class='ocrx_word' id='word_1_550' title='bbox 741 1927 817 1962; x_wconf 65' lang='lat' dir='ltr'><strong>svsp—</strong></span> 
     </span>
    </p>
   </div>
   <div class='ocr_carea' id='block_1_73' title="bbox 46 1968 817 2007">
    <p class='ocr_par' dir='ltr' id='par_1_73' title="bbox 46 1968 817 2007">
     <span class='ocr_line' id='line_1_73' title="bbox 46 1968 817 2007; baseline 0.004 -12"><span class='ocrx_word' id='word_1_551' title='bbox 46 1968 155 2002; x_wconf 86' lang='grc' dir='ltr'>γούντων</span> <span class='ocrx_word' id='word_1_552' title='bbox 171 1971 200 1997; x_wconf 89' lang='grc' dir='ltr'><strong>ἐν</strong></span> <span class='ocrx_word' id='word_1_553' title='bbox 217 1971 281 2006; x_wconf 85' lang='grc' dir='ltr'>ὑμῖν</span> <span class='ocrx_word' id='word_1_554' title='bbox 300 1971 355 1998; x_wconf 87' lang='grc' dir='ltr'>τῶν</span> <span class='ocrx_word' id='word_1_555' title='bbox 370 1971 531 2007; x_wconf 78' lang='grc' dir='ltr'>πνευμάτων</span> <span class='ocrx_word' id='word_1_556' title='bbox 545 1971 595 2006; x_wconf 87' lang='grc' dir='ltr'>τῆς</span> <span class='ocrx_word' id='word_1_557' title='bbox 612 1971 724 2007; x_wconf 86' lang='grc' dir='ltr'>πλάνης.</span> <span class='ocrx_word' id='word_1_558' title='bbox 745 1972 817 1999; x_wconf 80' lang='grc' dir='ltr'><strong>Ἀνέ-</strong></span> 
     </span>
    </p>
   </div>
   <div class='ocr_carea' id='block_1_74' title="bbox 46 2014 817 2052">
    <p class='ocr_par' dir='ltr' id='par_1_74' title="bbox 46 2014 817 2052">
     <span class='ocr_line' id='line_1_74' title="bbox 46 2014 817 2052; baseline 0.003 -11"><span class='ocrx_word' id='word_1_559' title='bbox 46 2021 108 2046; x_wconf 84' lang='grc' dir='ltr'>γνων</span> <span class='ocrx_word' id='word_1_560' title='bbox 123 2014 176 2050; x_wconf 83' lang='grc' dir='ltr'><strong>γὰρ</strong></span> <span class='ocrx_word' id='word_1_561' title='bbox 193 2016 221 2042; x_wconf 89' lang='grc' dir='ltr'><strong>ἐν</strong></span> <span class='ocrx_word' id='word_1_562' title='bbox 237 2015 319 2051; x_wconf 74' lang='grc' dir='ltr'>βίϐλῳ</span> <span class='ocrx_word' id='word_1_563' title='bbox 342 2014 424 2050; x_wconf 85' lang='grc' dir='ltr'><strong>Ἑνὼχ</strong></span> <span class='ocrx_word' id='word_1_564' title='bbox 439 2015 486 2041; x_wconf 85' lang='grc' dir='ltr'>τοῦ</span> <span class='ocrx_word' id='word_1_565' title='bbox 505 2015 620 2048; x_wconf 85' lang='grc' dir='ltr'>δικαίου,</span> <span class='ocrx_word' id='word_1_566' title='bbox 638 2015 678 2042; x_wconf 82' lang='grc' dir='ltr'>ὅτι</span> <span class='ocrx_word' id='word_1_567' title='bbox 692 2016 706 2042; x_wconf 83' lang='grc' dir='ltr'><strong>ὀ</strong></span> <span class='ocrx_word' id='word_1_568' title='bbox 726 2015 817 2052; x_wconf 80' lang='grc' dir='ltr'>ἄρχων</span> 
     </span>
    </p>
   </div>
   <div class='ocr_carea' id='block_1_75' title="bbox 46 2057 817 2096">
    <p class='ocr_par' dir='ltr' id='par_1_75' title="bbox 46 2057 817 2096">
     <span class='ocr_line' id='line_1_75' title="bbox 46 2057 817 2096; baseline 0.004 -12"><span class='ocrx_word' id='word_1_569' title='bbox 46 2057 114 2092; x_wconf 83' lang='grc' dir='ltr'>ὑμῶν</span> <span class='ocrx_word' id='word_1_570' title='bbox 131 2061 204 2087; x_wconf 81' lang='grc' dir='ltr'>ἐστιν</span> <span class='ocrx_word' id='word_1_571' title='bbox 222 2062 237 2087; x_wconf 85' lang='grc' dir='ltr'>ὁ</span> <span class='ocrx_word' id='word_1_572' title='bbox 253 2061 390 2093; x_wconf 84' lang='grc' dir='ltr'>Σατανᾶς,</span> <span class='ocrx_word' id='word_1_573' title='bbox 411 2061 458 2087; x_wconf 79' lang='grc' dir='ltr'>καὶ</span> <span class='ocrx_word' id='word_1_574' title='bbox 470 2061 509 2087; x_wconf 83' lang='grc' dir='ltr'>ὅτι</span> <span class='ocrx_word' id='word_1_575' title='bbox 522 2060 610 2087; x_wconf 81' lang='grc' dir='ltr'>πάντα</span> <span class='ocrx_word' id='word_1_576' title='bbox 626 2060 660 2087; x_wconf 84' lang='grc' dir='ltr'><strong>τὰ</strong></span> <span class='ocrx_word' id='word_1_577' title='bbox 675 2061 817 2096; x_wconf 87' lang='grc' dir='ltr'>πνεύματα</span> 
     </span>
    </p>
   </div>
   <div class='ocr_carea' id='block_1_76' title="bbox 45 2103 818 2142">
    <p class='ocr_par' dir='ltr' id='par_1_76' title="bbox 45 2103 818 2142">
     <span class='ocr_line' id='line_1_76' title="bbox 45 2103 818 2142; baseline 0.003 -11"><span class='ocrx_word' id='word_1_578' title='bbox 45 2103 89 2137; x_wconf 79' lang='grc' dir='ltr'>τῆς</span> <span class='ocrx_word' id='word_1_579' title='bbox 109 2106 233 2142; x_wconf 82' lang='grc' dir='ltr'>πορνείας</span> <span class='ocrx_word' id='word_1_580' title='bbox 253 2106 300 2133; x_wconf 74' lang='grc' dir='ltr'>καὶ</span> <span class='ocrx_word' id='word_1_581' title='bbox 324 2106 373 2141; x_wconf 80' lang='grc' dir='ltr'>τῆς</span> <span class='ocrx_word' id='word_1_582' title='bbox 394 2105 594 2141; x_wconf 80' lang='grc' dir='ltr'>ὑπερηφανείας</span> <span class='ocrx_word' id='word_1_583' title='bbox 610 2105 650 2141; x_wconf 82' lang='grc' dir='ltr'>τῷ</span> <span class='ocrx_word' id='word_1_584' title='bbox 668 2105 733 2132; x_wconf 78' lang='grc' dir='ltr'>Λευτ</span> <span class='ocrx_word' id='word_1_585' title='bbox 749 2107 818 2133; x_wconf 82' lang='grc' dir='ltr'>ὑπα-</span> 
     </span>
    </p>
   </div>
   <div class='ocr_carea' id='block_1_77' title="bbox 869 1557 1650 1595">
    <p class='ocr_par' dir='ltr' id='par_1_77' title="bbox 869 1557 1650 1595">
     <span class='ocr_line' id='line_1_77' title="bbox 869 1557 1650 1595; baseline 0.006 -11"><span class='ocrx_word' id='word_1_586' title='bbox 869 1557 936 1585; x_wconf 89' lang='lat' dir='ltr'><strong>lum.</strong></span> <span class='ocrx_word' id='word_1_587' title='bbox 950 1558 1057 1594; x_wconf 74' lang='lat' dir='ltr'><strong>Diligite</strong></span> <span class='ocrx_word' id='word_1_588' title='bbox 1070 1558 1216 1586; x_wconf 89' lang='lat' dir='ltr'><strong>Dominum</strong></span> <span class='ocrx_word' id='word_1_589' title='bbox 1229 1559 1256 1587; x_wconf 93' lang='lat' dir='ltr'><strong>in</strong></span> <span class='ocrx_word' id='word_1_590' title='bbox 1274 1559 1349 1586; x_wconf 91' lang='lat' dir='ltr'><strong>omni</strong></span> <span class='ocrx_word' id='word_1_591' title='bbox 1363 1559 1417 1586; x_wconf 90' lang='lat' dir='ltr'><strong>vita</strong></span> <span class='ocrx_word' id='word_1_592' title='bbox 1428 1564 1529 1595; x_wconf 86' lang='lat' dir='ltr'><strong>vestra,</strong></span> <span class='ocrx_word' id='word_1_593' title='bbox 1550 1565 1577 1588; x_wconf 93' lang='lat' dir='ltr'><strong>et</strong></span> <span class='ocrx_word' id='word_1_594' title='bbox 1588 1568 1650 1589; x_wconf 87' lang='lat' dir='ltr'><strong>vos-</strong></span> 
     </span>
    </p>
   </div>
   <div class='ocr_carea' id='block_1_78' title="bbox 867 1603 1649 1640">
    <p class='ocr_par' dir='ltr' id='par_1_78' title="bbox 867 1603 1649 1640">
     <span class='ocr_line' id='line_1_78' title="bbox 867 1603 1649 1640; baseline 0.005 -10"><span class='ocrx_word' id='word_1_595' title='bbox 867 1606 923 1630; x_wconf 89' lang='lat' dir='ltr'><strong>met</strong></span> <span class='ocrx_word' id='word_1_596' title='bbox 937 1603 1051 1631; x_wconf 88' lang='lat' dir='ltr'><strong>invicem</strong></span> <span class='ocrx_word' id='word_1_597' title='bbox 1076 1604 1104 1631; x_wconf 91' lang='lat' dir='ltr'><strong>in</strong></span> <span class='ocrx_word' id='word_1_598' title='bbox 1128 1603 1218 1631; x_wconf 86' lang='lat' dir='ltr'><strong>veraci</strong></span> <span class='ocrx_word' id='word_1_599' title='bbox 1230 1605 1322 1632; x_wconf 90' lang='lat' dir='ltr'><strong>corde.</strong></span> <span class='ocrx_word' id='word_1_600' title='bbox 1337 1603 1405 1632; x_wconf 90' lang='lat' dir='ltr'><strong>Novi</strong></span> <span class='ocrx_word' id='word_1_601' title='bbox 1427 1606 1510 1639; x_wconf 91' lang='lat' dir='ltr'><strong>enim,</strong></span> <span class='ocrx_word' id='word_1_602' title='bbox 1528 1606 1602 1640; x_wconf 86' lang='lat' dir='ltr'><strong>quod</strong></span> <span class='ocrx_word' id='word_1_603' title='bbox 1621 1607 1649 1634; x_wconf 90' lang='lat' dir='ltr'><strong>in</strong></span> 
     </span>
    </p>
   </div>
   <div class='ocr_carea' id='block_1_79' title="bbox 867 1648 1650 1684">
    <p class='ocr_par' dir='ltr' id='par_1_79' title="bbox 867 1648 1650 1684">
     <span class='ocr_line' id='line_1_79' title="bbox 867 1648 1650 1684; baseline 0.006 -9"><span class='ocrx_word' id='word_1_604' title='bbox 867 1648 971 1676; x_wconf 91' lang='lat' dir='ltr'><strong>ultimis</strong></span> <span class='ocrx_word' id='word_1_605' title='bbox 988 1649 1084 1677; x_wconf 86' lang='lat' dir='ltr'><strong>diebus</strong></span> <span class='ocrx_word' id='word_1_606' title='bbox 1111 1650 1243 1678; x_wconf 85' lang='lat' dir='ltr'><strong>recedetis</strong></span> <span class='ocrx_word' id='word_1_607' title='bbox 1262 1657 1276 1678; x_wconf 90' lang='lat' dir='ltr'><strong>a</strong></span> <span class='ocrx_word' id='word_1_608' title='bbox 1300 1649 1431 1684; x_wconf 84' lang='lat' dir='ltr'><strong>Domino,</strong></span> <span class='ocrx_word' id='word_1_609' title='bbox 1457 1655 1485 1678; x_wconf 90' lang='lat' dir='ltr'><strong>et</strong></span> <span class='ocrx_word' id='word_1_610' title='bbox 1508 1651 1650 1680; x_wconf 83' lang='lat' dir='ltr'><strong>oll&#39;endetis</strong></span> 
     </span>
    </p>
   </div>
   <div class='ocr_carea' id='block_1_80' title="bbox 867 1693 1647 1731">
    <p class='ocr_par' dir='ltr' id='par_1_80' title="bbox 867 1693 1647 1731">
     <span class='ocr_line' id='line_1_80' title="bbox 867 1693 1647 1731; baseline 0.008 -11"><span class='ocrx_word' id='word_1_611' title='bbox 867 1693 942 1726; x_wconf 87' lang='lat' dir='ltr'><strong>Levi,</strong></span> <span class='ocrx_word' id='word_1_612' title='bbox 966 1698 994 1722; x_wconf 85' lang='lat' dir='ltr'><strong>et</strong></span> <span class='ocrx_word' id='word_1_613' title='bbox 1012 1693 1089 1721; x_wconf 72' lang='lat' dir='ltr'><strong>Judaa</strong></span> <span class='ocrx_word' id='word_1_614' title='bbox 1101 1695 1247 1728; x_wconf 82' lang='lat' dir='ltr'><strong>resistetis;</strong></span> <span class='ocrx_word' id='word_1_615' title='bbox 1266 1695 1313 1723; x_wconf 89' lang='lat' dir='ltr'><strong>sed</strong></span> <span class='ocrx_word' id='word_1_616' title='bbox 1332 1703 1388 1723; x_wconf 88' lang='lat' dir='ltr'><strong>non</strong></span> <span class='ocrx_word' id='word_1_617' title='bbox 1408 1696 1570 1731; x_wconf 84' lang='lat' dir='ltr'><strong>superabitis</strong></span> <span class='ocrx_word' id='word_1_618' title='bbox 1589 1706 1647 1726; x_wconf 88' lang='lat' dir='ltr'><strong>eos.</strong></span> 
     </span>
    </p>
   </div>
   <div class='ocr_carea' id='block_1_81' title="bbox 866 1739 1648 1776">
    <p class='ocr_par' dir='ltr' id='par_1_81' title="bbox 866 1739 1648 1776">
     <span class='ocr_line' id='line_1_81' title="bbox 866 1739 1648 1776; baseline 0.005 -10"><span class='ocrx_word' id='word_1_619' title='bbox 866 1739 986 1774; x_wconf 78' lang='lat' dir='ltr'><strong>Angelus</strong></span> <span class='ocrx_word' id='word_1_620' title='bbox 1002 1739 1075 1767; x_wconf 86' lang='lat' dir='ltr'><strong>enim</strong></span> <span class='ocrx_word' id='word_1_621' title='bbox 1095 1739 1203 1767; x_wconf 91' lang='lat' dir='ltr'><strong>Domini</strong></span> <span class='ocrx_word' id='word_1_622' title='bbox 1218 1740 1292 1768; x_wconf 87' lang='lat' dir='ltr'><strong>ducit</strong></span> <span class='ocrx_word' id='word_1_623' title='bbox 1312 1745 1454 1776; x_wconf 89' lang='lat' dir='ltr'><strong>utrosque,</strong></span> <span class='ocrx_word' id='word_1_624' title='bbox 1473 1743 1604 1776; x_wconf 89' lang='lat' dir='ltr'><strong>quoniam</strong></span> <span class='ocrx_word' id='word_1_625' title='bbox 1620 1744 1648 1771; x_wconf 92' lang='lat' dir='ltr'><strong>in</strong></span> 
     </span>
    </p>
   </div>
   <div class='ocr_carea' id='block_1_82' title="bbox 867 1785 1648 1822">
    <p class='ocr_par' dir='ltr' id='par_1_82' title="bbox 867 1785 1648 1822">
     <span class='ocr_line' id='line_1_82' title="bbox 867 1785 1648 1822; baseline 0.006 -10"><span class='ocrx_word' id='word_1_626' title='bbox 867 1785 935 1820; x_wconf 89' lang='lat' dir='ltr'><strong>ipsis</strong></span> <span class='ocrx_word' id='word_1_627' title='bbox 952 1785 1035 1812; x_wconf 86' lang='lat' dir='ltr'><strong>stabit</strong></span> <span class='ocrx_word' id='word_1_628' title='bbox 1049 1785 1141 1813; x_wconf 87' lang='lat' dir='ltr'><strong>Israel.</strong></span> <span class='ocrx_word' id='word_1_629' title='bbox 1162 1785 1196 1813; x_wconf 87' lang='lat' dir='ltr'><strong>Et</strong></span> <span class='ocrx_word' id='word_1_630' title='bbox 1214 1793 1276 1813; x_wconf 87' lang='lat' dir='ltr'><strong>cum</strong></span> <span class='ocrx_word' id='word_1_631' title='bbox 1296 1786 1428 1814; x_wconf 76' lang='lat' dir='ltr'><strong>reoedetis</strong></span> <span class='ocrx_word' id='word_1_632' title='bbox 1440 1795 1455 1814; x_wconf 89' lang='lat' dir='ltr'><strong>a</strong></span> <span class='ocrx_word' id='word_1_633' title='bbox 1477 1787 1604 1822; x_wconf 89' lang='lat' dir='ltr'><strong>Domino,</strong></span> <span class='ocrx_word' id='word_1_634' title='bbox 1620 1790 1648 1818; x_wconf 92' lang='lat' dir='ltr'><strong>in</strong></span> 
     </span>
    </p>
   </div>
   <div class='ocr_carea' id='block_1_83' title="bbox 867 1832 1648 1868">
    <p class='ocr_par' dir='ltr' id='par_1_83' title="bbox 867 1832 1648 1868">
     <span class='ocr_line' id='line_1_83' title="bbox 867 1832 1648 1868; baseline 0.005 -8"><span class='ocrx_word' id='word_1_635' title='bbox 867 1833 942 1860; x_wconf 89' lang='lat' dir='ltr'><strong>omni</strong></span> <span class='ocrx_word' id='word_1_636' title='bbox 956 1832 1060 1859; x_wconf 87' lang='lat' dir='ltr'><strong>malitia</strong></span> <span class='ocrx_word' id='word_1_637' title='bbox 1080 1832 1266 1868; x_wconf 88' lang='lat' dir='ltr'><strong>ambulabitis,</strong></span> <span class='ocrx_word' id='word_1_638' title='bbox 1287 1832 1417 1862; x_wconf 81' lang='lat' dir='ltr'><strong>facientes</strong></span> <span class='ocrx_word' id='word_1_639' title='bbox 1430 1835 1648 1866; x_wconf 81' lang='lat' dir='ltr'><strong>abominationes</strong></span> 
     </span>
    </p>
   </div>
   <div class='ocr_carea' id='block_1_84' title="bbox 865 1878 1646 1917">
    <p class='ocr_par' dir='ltr' id='par_1_84' title="bbox 865 1878 1646 1917">
     <span class='ocr_line' id='line_1_84' title="bbox 865 1878 1646 1917; baseline 0.006 -12"><span class='ocrx_word' id='word_1_640' title='bbox 865 1878 998 1913; x_wconf 78' lang='lat' dir='ltr'><strong>gentium,</strong></span> <span class='ocrx_word' id='word_1_641' title='bbox 1016 1881 1168 1906; x_wconf 87' lang='lat' dir='ltr'><strong>scortantes</strong></span> <span class='ocrx_word' id='word_1_642' title='bbox 1180 1886 1242 1906; x_wconf 91' lang='lat' dir='ltr'><strong>cum</strong></span> <span class='ocrx_word' id='word_1_643' title='bbox 1262 1880 1422 1908; x_wconf 88' lang='lat' dir='ltr'><strong>mulieribus</strong></span> <span class='ocrx_word' id='word_1_644' title='bbox 1439 1881 1606 1917; x_wconf 87' lang='lat' dir='ltr'><strong>iniquorum,</strong></span> <span class='ocrx_word' id='word_1_645' title='bbox 1619 1887 1646 1911; x_wconf 86' lang='lat' dir='ltr'><strong>et</strong></span> 
     </span>
    </p>
   </div>
   <div class='ocr_carea' id='block_1_85' title="bbox 866 1923 1646 1962">
    <p class='ocr_par' dir='ltr' id='par_1_85' title="bbox 866 1923 1646 1962">
     <span class='ocr_line' id='line_1_85' title="bbox 866 1923 1646 1962; baseline 0.009 -13"><span class='ocrx_word' id='word_1_646' title='bbox 866 1923 893 1950; x_wconf 94' lang='lat' dir='ltr'><strong>in</strong></span> <span class='ocrx_word' id='word_1_647' title='bbox 909 1923 984 1951; x_wconf 93' lang='lat' dir='ltr'><strong>omni</strong></span> <span class='ocrx_word' id='word_1_648' title='bbox 1005 1924 1109 1951; x_wconf 88' lang='lat' dir='ltr'><strong>malitia</strong></span> <span class='ocrx_word' id='word_1_649' title='bbox 1128 1924 1274 1959; x_wconf 89' lang='lat' dir='ltr'><strong>spirituum</strong></span> <span class='ocrx_word' id='word_1_650' title='bbox 1295 1927 1397 1954; x_wconf 89' lang='lat' dir='ltr'><strong>erroris</strong></span> <span class='ocrx_word' id='word_1_651' title='bbox 1420 1928 1591 1962; x_wconf 88' lang='lat' dir='ltr'><strong>operantium</strong></span> <span class='ocrx_word' id='word_1_652' title='bbox 1618 1930 1646 1957; x_wconf 90' lang='lat' dir='ltr'><strong>in</strong></span> 
     </span>
    </p>
   </div>
   <div class='ocr_carea' id='block_1_86' title="bbox 866 1968 1645 2009">
    <p class='ocr_par' dir='ltr' id='par_1_86' title="bbox 866 1968 1645 2009">
     <span class='ocr_line' id='line_1_86' title="bbox 866 1968 1645 2009; baseline 0.009 -14"><span class='ocrx_word' id='word_1_653' title='bbox 866 1968 954 1996; x_wconf 86' lang='lat' dir='ltr'><strong>vobis.</strong></span> <span class='ocrx_word' id='word_1_654' title='bbox 973 1968 1038 2004; x_wconf 76' lang='lat' dir='ltr'><strong>Legi</strong></span> <span class='ocrx_word' id='word_1_655' title='bbox 1060 1969 1132 1996; x_wconf 93' lang='lat' dir='ltr'><strong>enim</strong></span> <span class='ocrx_word' id='word_1_656' title='bbox 1148 1970 1175 1997; x_wconf 91' lang='lat' dir='ltr'><strong>in</strong></span> <span class='ocrx_word' id='word_1_657' title='bbox 1190 1969 1260 1998; x_wconf 88' lang='lat' dir='ltr'><strong>libro</strong></span> <span class='ocrx_word' id='word_1_658' title='bbox 1280 1970 1374 1999; x_wconf 87' lang='lat' dir='ltr'><strong>Enoch</strong></span> <span class='ocrx_word' id='word_1_659' title='bbox 1386 1971 1463 2007; x_wconf 88' lang='lat' dir='ltr'><strong>justi,</strong></span> <span class='ocrx_word' id='word_1_660' title='bbox 1485 1973 1558 2008; x_wconf 92' lang='lat' dir='ltr'><strong>quod</strong></span> <span class='ocrx_word' id='word_1_661' title='bbox 1572 1975 1645 2009; x_wconf 91' lang='lat' dir='ltr'><strong>prin-</strong></span> 
     </span>
    </p>
   </div>
   <div class='ocr_carea' id='block_1_87' title="bbox 867 2014 1646 2054">
    <p class='ocr_par' dir='ltr' id='par_1_87' title="bbox 867 2014 1646 2054">
     <span class='ocr_line' id='line_1_87' title="bbox 867 2014 1646 2054; baseline 0.009 -13"><span class='ocrx_word' id='word_1_662' title='bbox 867 2021 930 2049; x_wconf 88' lang='lat' dir='ltr'><strong>ceps</strong></span> <span class='ocrx_word' id='word_1_663' title='bbox 942 2019 1029 2042; x_wconf 79' lang='lat' dir='ltr'><strong>vester</strong></span> <span class='ocrx_word' id='word_1_664' title='bbox 1039 2019 1079 2043; x_wconf 85' lang='lat' dir='ltr'><strong>est</strong></span> <span class='ocrx_word' id='word_1_665' title='bbox 1092 2014 1216 2050; x_wconf 87' lang='lat' dir='ltr'><strong>Satanas,</strong></span> <span class='ocrx_word' id='word_1_666' title='bbox 1234 2021 1261 2044; x_wconf 92' lang='lat' dir='ltr'><strong>et</strong></span> <span class='ocrx_word' id='word_1_667' title='bbox 1274 2018 1346 2052; x_wconf 90' lang='lat' dir='ltr'><strong>quod</strong></span> <span class='ocrx_word' id='word_1_668' title='bbox 1358 2026 1453 2046; x_wconf 88' lang='lat' dir='ltr'><strong>omnes</strong></span> <span class='ocrx_word' id='word_1_669' title='bbox 1468 2020 1579 2054; x_wconf 88' lang='lat' dir='ltr'><strong>spiritus</strong></span> <span class='ocrx_word' id='word_1_670' title='bbox 1590 2021 1646 2049; x_wconf 79' lang='lat' dir='ltr'><strong>for-</strong></span> 
     </span>
    </p>
   </div>
   <div class='ocr_carea' id='block_1_88' title="bbox 866 2059 1647 2098">
    <p class='ocr_par' dir='ltr' id='par_1_88' title="bbox 866 2059 1647 2098">
     <span class='ocr_line' id='line_1_88' title="bbox 866 2059 1647 2098; baseline 0.01 -13"><span class='ocrx_word' id='word_1_671' title='bbox 866 2059 1012 2087; x_wconf 86' lang='lat' dir='ltr'><strong>nicalionis</strong></span> <span class='ocrx_word' id='word_1_672' title='bbox 1022 2064 1049 2087; x_wconf 90' lang='lat' dir='ltr'><strong>et</strong></span> <span class='ocrx_word' id='word_1_673' title='bbox 1059 2061 1193 2095; x_wconf 58' lang='lat' dir='ltr'><strong>superbia</strong></span> <span class='ocrx_word' id='word_1_674' title='bbox 1204 2060 1269 2089; x_wconf 81' lang='lat' dir='ltr'><strong>L&#39;evi</strong></span> <span class='ocrx_word' id='word_1_675' title='bbox 1280 2062 1406 2091; x_wconf 90' lang='lat' dir='ltr'><strong>obedient</strong></span> <span class='ocrx_word' id='word_1_676' title='bbox 1415 2083 1424 2098; x_wconf 93' lang='lat'><strong>,</strong></span> <span class='ocrx_word' id='word_1_677' title='bbox 1439 2066 1470 2091; x_wconf 83' lang='lat' dir='ltr'><strong>ut</strong></span> <span class='ocrx_word' id='word_1_678' title='bbox 1484 2063 1647 2093; x_wconf 89' lang='lat' dir='ltr'><strong>insidientur</strong></span> 
     </span>
    </p>
   </div>
   <div class='ocr_carea' id='block_1_89' title="bbox 867 2107 1647 2145">
    <p class='ocr_par' dir='ltr' id='par_1_89' title="bbox 867 2107 1647 2145">
     <span class='ocr_line' id='line_1_89' title="bbox 867 2107 1647 2145; baseline 0.01 -11"><span class='ocrx_word' id='word_1_679' title='bbox 867 2107 930 2135; x_wconf 84' lang='lat' dir='ltr'><strong>ﬁliis</strong></span> <span class='ocrx_word' id='word_1_680' title='bbox 940 2107 1016 2142; x_wconf 88' lang='lat' dir='ltr'><strong>Levi,</strong></span> <span class='ocrx_word' id='word_1_681' title='bbox 1026 2112 1053 2136; x_wconf 92' lang='lat' dir='ltr'><strong>et</strong></span> <span class='ocrx_word' id='word_1_682' title='bbox 1066 2108 1167 2137; x_wconf 78' lang='lat' dir='ltr'><strong>faciant</strong></span> <span class='ocrx_word' id='word_1_683' title='bbox 1180 2117 1228 2138; x_wconf 89' lang='lat' dir='ltr'><strong>eos</strong></span> <span class='ocrx_word' id='word_1_684' title='bbox 1239 2118 1353 2145; x_wconf 85' lang='lat' dir='ltr'><strong>peccare</strong></span> <span class='ocrx_word' id='word_1_685' title='bbox 1367 2119 1459 2140; x_wconf 90' lang='lat' dir='ltr'><strong>coram</strong></span> <span class='ocrx_word' id='word_1_686' title='bbox 1477 2113 1601 2142; x_wconf 90' lang='lat' dir='ltr'><strong>Domino.</strong></span> <span class='ocrx_word' id='word_1_687' title='bbox 1613 2114 1647 2142; x_wconf 89' lang='lat' dir='ltr'><strong>Et</strong></span> 
     </span>
    </p>
   </div>
   <div class='ocr_carea' id='block_1_90' title="bbox 47 2149 819 2193">
    <p class='ocr_par' dir='ltr' id='par_1_90' title="bbox 47 2149 817 2186">
     <span class='ocr_line' id='line_1_90' title="bbox 47 2149 817 2186; baseline 0.004 -12"><span class='ocrx_word' id='word_1_688' title='bbox 47 2149 194 2182; x_wconf 78' lang='grc' dir='ltr'>κούσονται,</span> <span class='ocrx_word' id='word_1_689' title='bbox 219 2150 266 2177; x_wconf 78' lang='grc' dir='ltr'>τοῦ</span> <span class='ocrx_word' id='word_1_690' title='bbox 292 2151 467 2186; x_wconf 81' lang='grc' dir='ltr'>παρεδρεύειν</span> <span class='ocrx_word' id='word_1_691' title='bbox 493 2152 549 2182; x_wconf 87' lang='grc' dir='ltr'>τοῖς</span> <span class='ocrx_word' id='word_1_692' title='bbox 570 2152 637 2182; x_wconf 81' lang='grc' dir='ltr'>υἱοῖς</span> <span class='ocrx_word' id='word_1_693' title='bbox 662 2150 743 2183; x_wconf 77' lang='grc' dir='ltr'>Λευτ,</span> <span class='ocrx_word' id='word_1_694' title='bbox 770 2151 817 2177; x_wconf 79' lang='grc' dir='ltr'>τοῦ</span> 
     </span>
    </p>
   </div>
   <div class='ocr_carea' id='block_1_91' title="bbox 872 2149 1644 2193">
    <p class='ocr_par' dir='ltr' id='par_1_91' title="bbox 872 2151 1644 2193">
     <span class='ocr_line' id='line_1_91' title="bbox 872 2151 1644 2193; baseline 0.01 -14"><span class='ocrx_word' id='word_1_695' title='bbox 872 2151 916 2179; x_wconf 88' lang='lat' dir='ltr'><strong>lilii</strong></span> <span class='ocrx_word' id='word_1_696' title='bbox 928 2152 982 2180; x_wconf 89' lang='lat' dir='ltr'><strong>mei</strong></span> <span class='ocrx_word' id='word_1_697' title='bbox 996 2155 1213 2190; x_wconf 88' lang='lat' dir='ltr'><strong>appropinquant</strong></span> <span class='ocrx_word' id='word_1_698' title='bbox 1225 2155 1304 2190; x_wconf 83' lang='lat' dir='ltr'><strong>Levi,</strong></span> <span class='ocrx_word' id='word_1_699' title='bbox 1319 2161 1346 2184; x_wconf 91' lang='lat' dir='ltr'><strong>et</strong></span> <span class='ocrx_word' id='word_1_700' title='bbox 1363 2157 1444 2185; x_wconf 91' lang='lat' dir='ltr'><strong>simul</strong></span> <span class='ocrx_word' id='word_1_701' title='bbox 1459 2164 1570 2193; x_wconf 83' lang='lat' dir='ltr'><strong>peccant</strong></span> <span class='ocrx_word' id='word_1_702' title='bbox 1582 2168 1644 2187; x_wconf 89' lang='lat' dir='ltr'><strong>cum</strong></span> 
     </span>
    </p>
   </div>
   <div class='ocr_carea' id='block_1_92' title="bbox 47 2189 819 2238">
    <p class='ocr_par' dir='ltr' id='par_1_92' title="bbox 47 2195 818 2231">
     <span class='ocr_line' id='line_1_92' title="bbox 47 2195 818 2231; baseline 0.001 -11"><span class='ocrx_word' id='word_1_703' title='bbox 47 2196 124 2222; x_wconf 83' lang='grc' dir='ltr'>ποιεῖν</span> <span class='ocrx_word' id='word_1_704' title='bbox 145 2196 242 2228; x_wconf 80' lang='grc' dir='ltr'>αὐτοὺς</span> <span class='ocrx_word' id='word_1_705' title='bbox 270 2196 466 2231; x_wconf 78' lang='grc' dir='ltr'>ἐξαμαρτάνειν</span> <span class='ocrx_word' id='word_1_706' title='bbox 488 2196 602 2222; x_wconf 85' lang='grc' dir='ltr'>ἐνώπιον</span> <span class='ocrx_word' id='word_1_707' title='bbox 626 2195 738 2230; x_wconf 83' lang='grc' dir='ltr'>Κυρίου.</span> <span class='ocrx_word' id='word_1_708' title='bbox 763 2195 818 2222; x_wconf 77' lang='grc' dir='ltr'><strong>Καὶ</strong></span> 
     </span>
    </p>
   </div>
   <div class='ocr_carea' id='block_1_93' title="bbox 872 2189 1646 2238">
    <p class='ocr_par' dir='ltr' id='par_1_93' title="bbox 872 2199 1646 2238">
     <span class='ocr_line' id='line_1_93' title="bbox 872 2199 1646 2238; baseline 0.012 -12"><span class='ocrx_word' id='word_1_709' title='bbox 872 2199 909 2226; x_wconf 81' lang='lat' dir='ltr'><strong>eis</strong></span> <span class='ocrx_word' id='word_1_710' title='bbox 928 2199 955 2226; x_wconf 93' lang='lat' dir='ltr'><strong>in</strong></span> <span class='ocrx_word' id='word_1_711' title='bbox 979 2201 1124 2228; x_wconf 85' lang='lat' dir='ltr'><strong>omnibus:</strong></span> <span class='ocrx_word' id='word_1_712' title='bbox 1142 2205 1169 2228; x_wconf 91' lang='lat' dir='ltr'><strong>et</strong></span> <span class='ocrx_word' id='word_1_713' title='bbox 1183 2201 1230 2229; x_wconf 85' lang='lat' dir='ltr'><strong>ﬁlii</strong></span> <span class='ocrx_word' id='word_1_714' title='bbox 1242 2201 1317 2230; x_wconf 77' lang='lat' dir='ltr'><strong>Judze</strong></span> <span class='ocrx_word' id='word_1_715' title='bbox 1329 2205 1449 2232; x_wconf 85' lang='lat' dir='ltr'><strong>eruntin</strong></span> <span class='ocrx_word' id='word_1_716' title='bbox 1462 2207 1586 2238; x_wconf 85' lang='lat' dir='ltr'><strong>avaritia,</strong></span> <span class='ocrx_word' id='word_1_717' title='bbox 1602 2215 1646 2234; x_wconf 92' lang='lat' dir='ltr'><strong>ra-</strong></span> 
     </span>
    </p>
   </div>
   <div class='ocr_carea' id='block_1_94' title="bbox 46 2241 817 2278">
    <p class='ocr_par' dir='ltr' id='par_1_94' title="bbox 46 2241 817 2278">
     <span class='ocr_line' id='line_1_94' title="bbox 46 2241 817 2278; baseline 0.003 -12"><span class='ocrx_word' id='word_1_718' title='bbox 46 2241 92 2266; x_wconf 84' lang='grc' dir='ltr'>υἰοί</span> <span class='ocrx_word' id='word_1_719' title='bbox 105 2251 153 2277; x_wconf 88' lang='grc' dir='ltr'><strong>μου</strong></span> <span class='ocrx_word' id='word_1_720' title='bbox 166 2243 320 2277; x_wconf 73' lang='grc' dir='ltr'>ἐγγίζοντες</span> <span class='ocrx_word' id='word_1_721' title='bbox 335 2243 387 2269; x_wconf 87' lang='grc' dir='ltr'>εἰσι</span> <span class='ocrx_word' id='word_1_722' title='bbox 401 2243 440 2278; x_wconf 82' lang='grc' dir='ltr'><strong>τῷ</strong></span> <span class='ocrx_word' id='word_1_723' title='bbox 456 2241 530 2275; x_wconf 80' lang='grc' dir='ltr'>Λευῖ,</span> <span class='ocrx_word' id='word_1_724' title='bbox 548 2242 594 2268; x_wconf 76' lang='grc' dir='ltr'>καὶ</span> <span class='ocrx_word' id='word_1_725' title='bbox 613 2241 817 2277; x_wconf 81' lang='grc' dir='ltr'>συνεξαμαρτά-</span> 
     </span>
    </p>
   </div>
   <div class='ocr_carea' id='block_1_95' title="bbox 46 2286 817 2319">
    <p class='ocr_par' dir='ltr' id='par_1_95' title="bbox 46 2286 817 2319">
     <span class='ocr_line' id='line_1_95' title="bbox 46 2286 817 2319; baseline 0 -7"><span class='ocrx_word' id='word_1_726' title='bbox 46 2294 128 2318; x_wconf 83' lang='grc' dir='ltr'>νοντες</span> <span class='ocrx_word' id='word_1_727' title='bbox 146 2288 237 2319; x_wconf 77' lang='grc' dir='ltr'>αὐτοῖς</span> <span class='ocrx_word' id='word_1_728' title='bbox 260 2289 288 2314; x_wconf 78' lang='grc' dir='ltr'><strong>ἐν</strong></span> <span class='ocrx_word' id='word_1_729' title='bbox 311 2288 394 2314; x_wconf 80' lang='grc' dir='ltr'>πᾶσι·</span> <span class='ocrx_word' id='word_1_730' title='bbox 411 2288 458 2313; x_wconf 79' lang='grc' dir='ltr'>καὶ</span> <span class='ocrx_word' id='word_1_731' title='bbox 482 2287 535 2313; x_wconf 60' lang='lat' dir='ltr'><strong>ulc).</strong></span> <span class='ocrx_word' id='word_1_732' title='bbox 556 2286 639 2314; x_wconf 82' lang='grc' dir='ltr'>’ἰούδα</span> <span class='ocrx_word' id='word_1_733' title='bbox 661 2286 766 2313; x_wconf 75' lang='grc' dir='ltr'>ἔσονται</span> <span class='ocrx_word' id='word_1_734' title='bbox 788 2286 817 2312; x_wconf 83' lang='grc' dir='ltr'>ὲν</span> 
     </span>
    </p>
   </div>
   <div class='ocr_carea' id='block_1_96' title="bbox 46 2330 818 2368">
    <p class='ocr_par' dir='ltr' id='par_1_96' title="bbox 46 2330 818 2368">
     <span class='ocr_line' id='line_1_96' title="bbox 46 2330 818 2368; baseline 0.001 -12"><span class='ocrx_word' id='word_1_735' title='bbox 46 2330 178 2368; x_wconf 78' lang='grc' dir='ltr'>πλεονεξίᾳ</span> <span class='ocrx_word' id='word_1_736' title='bbox 192 2353 199 2365; x_wconf 85' lang='grc'><strong>,</strong></span> <span class='ocrx_word' id='word_1_737' title='bbox 214 2332 382 2368; x_wconf 80' lang='grc' dir='ltr'>ἁρπάζοντες</span> <span class='ocrx_word' id='word_1_738' title='bbox 396 2332 431 2359; x_wconf 82' lang='grc' dir='ltr'>τὰ</span> <span class='ocrx_word' id='word_1_739' title='bbox 446 2332 571 2368; x_wconf 82' lang='grc' dir='ltr'>ἀλλότρια</span> <span class='ocrx_word' id='word_1_740' title='bbox 590 2332 627 2364; x_wconf 83' lang='grc' dir='ltr'>ὡς</span> <span class='ocrx_word' id='word_1_741' title='bbox 643 2332 757 2363; x_wconf 84' lang='grc' dir='ltr'>λέοντες.</span> <span class='ocrx_word' id='word_1_742' title='bbox 769 2331 818 2358; x_wconf 76' lang='grc' dir='ltr'>Διὰ</span> 
     </span>
    </p>
   </div>
   <div class='ocr_carea' id='block_1_97' title="bbox 45 2376 818 2413">
    <p class='ocr_par' dir='ltr' id='par_1_97' title="bbox 45 2376 818 2413">
     <span class='ocr_line' id='line_1_97' title="bbox 45 2376 818 2413; baseline 0.001 -12"><span class='ocrx_word' id='word_1_743' title='bbox 45 2376 115 2403; x_wconf 79' lang='grc' dir='ltr'>τοῦτο</span> <span class='ocrx_word' id='word_1_744' title='bbox 131 2378 320 2413; x_wconf 81' lang='grc' dir='ltr'>ἀπαχθήσεσθε</span> <span class='ocrx_word' id='word_1_745' title='bbox 336 2378 384 2405; x_wconf 88' lang='grc' dir='ltr'>σὺν</span> <span class='ocrx_word' id='word_1_746' title='bbox 395 2378 486 2409; x_wconf 85' lang='grc' dir='ltr'>αὐτοῖς</span> <span class='ocrx_word' id='word_1_747' title='bbox 498 2378 526 2404; x_wconf 87' lang='grc' dir='ltr'><strong>ἐν</strong></span> <span class='ocrx_word' id='word_1_748' title='bbox 543 2377 724 2413; x_wconf 82' lang='grc' dir='ltr'>αἰχμαλωσίᾳ,</span> <span class='ocrx_word' id='word_1_749' title='bbox 738 2376 818 2402; x_wconf 83' lang='grc' dir='ltr'>κάκεῖ</span> 
     </span>
    </p>
   </div>
   <div class='ocr_carea' id='block_1_98' title="bbox 46 2421 816 2459">
    <p class='ocr_par' dir='ltr' id='par_1_98' title="bbox 46 2421 816 2459">
     <span class='ocr_line' id='line_1_98' title="bbox 46 2421 816 2459; baseline -0.004 -9"><span class='ocrx_word' id='word_1_750' title='bbox 46 2421 206 2459; x_wconf 72' lang='grc' dir='ltr'>ἀπολήψεσθε</span> <span class='ocrx_word' id='word_1_751' title='bbox 219 2423 307 2455; x_wconf 80' lang='grc' dir='ltr'>πάσας</span> <span class='ocrx_word' id='word_1_752' title='bbox 320 2422 369 2454; x_wconf 86' lang='grc' dir='ltr'><strong>τὰς</strong></span> <span class='ocrx_word' id='word_1_753' title='bbox 387 2422 492 2458; x_wconf 85' lang='grc' dir='ltr'>πληγὰς</span> <span class='ocrx_word' id='word_1_754' title='bbox 503 2422 651 2457; x_wconf 74' lang='grc' dir='ltr'>Αἰγύπτου,</span> <span class='ocrx_word' id='word_1_755' title='bbox 669 2422 715 2448; x_wconf 75' lang='grc' dir='ltr'>καὶ</span> <span class='ocrx_word' id='word_1_756' title='bbox 727 2421 816 2453; x_wconf 85' lang='grc' dir='ltr'>πάσας</span> 
     </span>
    </p>
   </div>
   <div class='ocr_carea' id='block_1_99' title="bbox 47 2468 816 2504">
    <p class='ocr_par' dir='ltr' id='par_1_99' title="bbox 47 2468 816 2504">
     <span class='ocr_line' id='line_1_99' title="bbox 47 2468 816 2504; baseline -0.003 -8"><span class='ocrx_word' id='word_1_757' title='bbox 47 2470 170 2504; x_wconf 81' lang='grc' dir='ltr'>πονηρίας</span> <span class='ocrx_word' id='word_1_758' title='bbox 182 2469 236 2496; x_wconf 84' lang='grc' dir='ltr'>τῶν</span> <span class='ocrx_word' id='word_1_759' title='bbox 246 2469 329 2496; x_wconf 78' lang='grc' dir='ltr'>ἐθνῶν</span> <span class='ocrx_word' id='word_1_760' title='bbox 338 2478 344 2485; x_wconf 87' lang='grc'><strong>·</strong></span> <span class='ocrx_word' id='word_1_761' title='bbox 363 2470 410 2496; x_wconf 81' lang='grc' dir='ltr'>καὶ</span> <span class='ocrx_word' id='word_1_762' title='bbox 426 2468 511 2501; x_wconf 71' lang='grc' dir='ltr'>οὕτως</span> <span class='ocrx_word' id='word_1_763' title='bbox 527 2469 738 2504; x_wconf 79' lang='grc' dir='ltr'>ἐπιστρέψαντες</span> <span class='ocrx_word' id='word_1_764' title='bbox 749 2468 816 2504; x_wconf 77' lang='grc' dir='ltr'>πρὸς</span> 
     </span>
    </p>
   </div>
   <div class='ocr_carea' id='block_1_100' title="bbox 43 2512 816 2551">
    <p class='ocr_par' dir='ltr' id='par_1_100' title="bbox 43 2512 816 2551">
     <span class='ocr_line' id='line_1_100' title="bbox 43 2512 816 2551; baseline 0.001 -11"><span class='ocrx_word' id='word_1_765' title='bbox 43 2512 148 2548; x_wconf 77' lang='grc' dir='ltr'>Κύριον,</span> <span class='ocrx_word' id='word_1_766' title='bbox 159 2512 345 2551; x_wconf 82' lang='grc' dir='ltr'>ἐλεηθήσεσθε,</span> <span class='ocrx_word' id='word_1_767' title='bbox 359 2516 405 2543; x_wconf 79' lang='grc' dir='ltr'><strong>καὶ</strong></span> <span class='ocrx_word' id='word_1_768' title='bbox 423 2515 480 2548; x_wconf 75' lang='grc' dir='ltr'>ἄξει</span> <span class='ocrx_word' id='word_1_769' title='bbox 495 2515 566 2550; x_wconf 75' lang='grc' dir='ltr'>ὑμᾶς</span> <span class='ocrx_word' id='word_1_770' title='bbox 580 2515 619 2546; x_wconf 88' lang='grc' dir='ltr'><strong>εἰς</strong></span> <span class='ocrx_word' id='word_1_771' title='bbox 641 2514 671 2540; x_wconf 83' lang='grc' dir='ltr'>τὸ</span> <span class='ocrx_word' id='word_1_772' title='bbox 693 2514 816 2549; x_wconf 70' lang='grc' dir='ltr'>ἀγίασμα</span> 
     </span>
    </p>
   </div>
   <div class='ocr_carea' id='block_1_101' title="bbox 47 2558 815 2598">
    <p class='ocr_par' dir='ltr' id='par_1_101' title="bbox 47 2558 815 2598">
     <span class='ocr_line' id='line_1_101' title="bbox 47 2558 815 2598; baseline 0.005 -14"><span class='ocrx_word' id='word_1_773' title='bbox 47 2558 130 2593; x_wconf 73' lang='grc' dir='ltr'>αὑτοῦ,</span> <span class='ocrx_word' id='word_1_774' title='bbox 147 2561 215 2597; x_wconf 82' lang='grc' dir='ltr'>βοῶν</span> <span class='ocrx_word' id='word_1_775' title='bbox 232 2563 295 2597; x_wconf 77' lang='grc' dir='ltr'>ὑμῖν</span> <span class='ocrx_word' id='word_1_776' title='bbox 307 2563 425 2598; x_wconf 87' lang='grc' dir='ltr'>εἰρήνην.</span> <span class='ocrx_word' id='word_1_777' title='bbox 441 2562 495 2588; x_wconf 81' lang='grc' dir='ltr'>Καὶ</span> <span class='ocrx_word' id='word_1_778' title='bbox 508 2561 632 2588; x_wconf 81' lang='grc' dir='ltr'>άνατελεῖ</span> <span class='ocrx_word' id='word_1_779' title='bbox 646 2562 708 2597; x_wconf 85' lang='grc' dir='ltr'>ὑμῖν</span> <span class='ocrx_word' id='word_1_780' title='bbox 720 2562 752 2588; x_wconf 86' lang='grc' dir='ltr'>ὲκ</span> <span class='ocrx_word' id='word_1_781' title='bbox 765 2561 815 2596; x_wconf 83' lang='grc' dir='ltr'>τῆς</span> 
     </span>
    </p>
   </div>
   <div class='ocr_carea' id='block_1_102' title="bbox 78 2626 620 2665">
    <p class='ocr_par' dir='ltr' id='par_1_102' title="bbox 78 2626 620 2665">
     <span class='ocr_line' id='line_1_102' title="bbox 78 2626 620 2665; baseline 0.002 -11"><span class='ocrx_word' id='word_1_782' title='bbox 140 2628 314 2665; x_wconf 61' lang='grc' dir='ltr'>ῌαροξύνει.</span> <span class='ocrx_word' id='word_1_783' title='bbox 329 2628 518 2665; x_wconf 71' lang='grc' dir='ltr'>Παροξύνεται.</span> <span class='ocrx_word' id='word_1_784' title='bbox 535 2628 620 2665; x_wconf 60' lang='lat' dir='ltr'><strong>Gesn.</strong></span> 
     </span>
    </p>
   </div>
   <div class='ocr_carea' id='block_1_103' title="bbox 77 2661 638 2699">
    <p class='ocr_par' dir='ltr' id='par_1_103' title="bbox 77 2661 638 2699">
     <span class='ocr_line' id='line_1_103' title="bbox 77 2661 638 2699; baseline 0.002 -9"><span class='ocrx_word' id='word_1_785' title='bbox 77 2661 130 2699; x_wconf 65' lang='lat' dir='ltr'><strong>(Z9)</strong></span> <span class='ocrx_word' id='word_1_786' title='bbox 149 2661 380 2699; x_wconf 23' lang='grc' dir='ltr'><strong>Ἑρεθινζόμενον.⁷</strong></span> <span class='ocrx_word' id='word_1_787' title='bbox 390 2663 588 2699; x_wconf 83' lang='grc' dir='ltr'>Ὁργιζόμενον.</span> <span class='ocrx_word' id='word_1_788' title='bbox 601 2663 638 2691; x_wconf 84' lang='lat' dir='ltr'><strong>In.</strong></span> 
     </span>
    </p>
   </div>
   <div class='ocr_carea' id='block_1_104' title="bbox 78 2696 467 2734">
    <p class='ocr_par' dir='ltr' id='par_1_104' title="bbox 78 2696 467 2734">
     <span class='ocr_line' id='line_1_104' title="bbox 78 2696 467 2734; baseline 0.008 -11"><span class='ocrx_word' id='word_1_789' title='bbox 142 2696 277 2733; x_wconf 60' lang='grc' dir='ltr'>Πιᾶιραῖςξ</span> <span class='ocrx_word' id='word_1_790' title='bbox 289 2696 467 2734; x_wconf 68' lang='grc' dir='ltr'>Μικραῖς.“1υ.</span> 
     </span>
    </p>
   </div>
   <div class='ocr_carea' id='block_1_105' title="bbox 78 2730 484 2768">
    <p class='ocr_par' dir='ltr' id='par_1_105' title="bbox 78 2730 484 2768">
     <span class='ocr_line' id='line_1_105' title="bbox 78 2730 484 2768; baseline 0.005 -9"><span class='ocrx_word' id='word_1_791' title='bbox 150 2730 298 2768; x_wconf 60' lang='grc' dir='ltr'><strong>Ἀῃῖαθόύᾳ</strong></span> <span class='ocrx_word' id='word_1_792' title='bbox 319 2730 433 2768; x_wconf 72' lang='grc' dir='ltr'>Ἀγίους.</span> <span class='ocrx_word' id='word_1_793' title='bbox 447 2734 484 2761; x_wconf 82' lang='lat' dir='ltr'><strong>ID.</strong></span> 
     </span>
    </p>
   </div>
   <div class='ocr_carea' id='block_1_106' title="bbox 79 2765 474 2804">
    <p class='ocr_par' dir='ltr' id='par_1_106' title="bbox 79 2765 474 2804">
     <span class='ocr_line' id='line_1_106' title="bbox 79 2765 474 2804; baseline 0.005 -10"><span class='ocrx_word' id='word_1_794' title='bbox 79 2765 130 2804; x_wconf 56' lang='grc' dir='ltr'>(βξ)</span> <span class='ocrx_word' id='word_1_795' title='bbox 151 2765 285 2804; x_wconf 64' lang='grc' dir='ltr'>’Δειδίᾳνξ</span> <span class='ocrx_word' id='word_1_796' title='bbox 306 2765 421 2804; x_wconf 65' lang='grc' dir='ltr'>Ἀηδίανζ</span> <span class='ocrx_word' id='word_1_797' title='bbox 437 2769 474 2796; x_wconf 85' lang='lat' dir='ltr'><strong>In.</strong></span> 
     </span>
    </p>
   </div>
   <div class='ocr_carea' id='block_1_107' title="bbox 78 2801 546 2844">
    <p class='ocr_par' dir='ltr' id='par_1_107' title="bbox 78 2801 546 2844">
     <span class='ocr_line' id='line_1_107' title="bbox 78 2801 546 2844; baseline 0.002 0"><span class='ocrx_word' id='word_1_798' title='bbox 78 2801 130 2844; x_wconf 62' lang='lat' dir='ltr'><strong>lii)</strong></span> <span class='ocrx_word' id='word_1_799' title='bbox 142 2803 331 2844; x_wconf 60' lang='grc' dir='ltr'>ηεριπὲεττίτε-</span> <span class='ocrx_word' id='word_1_800' title='bbox 347 2801 493 2844; x_wconf 66' lang='grc' dir='ltr'><strong>Περιπέσῃ-</strong></span> <span class='ocrx_word' id='word_1_801' title='bbox 508 2805 546 2832; x_wconf 74' lang='grc' dir='ltr'><strong>Ιν-</strong></span> 
     </span>
    </p>
   </div>
   <div class='ocr_carea' id='block_1_108' title="bbox 79 2832 814 2876">
    <p class='ocr_par' dir='ltr' id='par_1_108' title="bbox 79 2832 814 2876">
     <span class='ocr_line' id='line_1_108' title="bbox 79 2832 814 2876; baseline 0.003 -12"><span class='ocrx_word' id='word_1_802' title='bbox 79 2832 131 2872; x_wconf 74' lang='grc'>(84)</span> <span class='ocrx_word' id='word_1_803' title='bbox 151 2832 220 2867; x_wconf 61' lang='lat' dir='ltr'><strong>‘E&#39;c&#39;w</strong></span> <span class='ocrx_word' id='word_1_804' title='bbox 232 2837 265 2865; x_wconf 78' lang='grc' dir='ltr'>δὲ</span> <span class='ocrx_word' id='word_1_805' title='bbox 278 2832 444 2875; x_wconf 54' lang='lat' dir='ltr'><strong>(immite.</strong></span> <span class='ocrx_word' id='word_1_806' title='bbox 462 2832 563 2868; x_wconf 67' lang='lat' dir='ltr'><strong>Desunt</strong></span> <span class='ocrx_word' id='word_1_807' title='bbox 576 2839 667 2868; x_wconf 74' lang='lat' dir='ltr'><strong>omnia</strong></span> <span class='ocrx_word' id='word_1_808' title='bbox 682 2846 768 2876; x_wconf 77' lang='lat' dir='ltr'><strong>usque</strong></span> <span class='ocrx_word' id='word_1_809' title='bbox 779 2838 814 2867; x_wconf 88' lang='lat' dir='ltr'><strong>ad</strong></span> 
     </span>
    </p>
   </div>
   <div class='ocr_carea' id='block_1_109' title="bbox 867 2245 1645 2283">
    <p class='ocr_par' dir='ltr' id='par_1_109' title="bbox 867 2245 1645 2283">
     <span class='ocr_line' id='line_1_109' title="bbox 867 2245 1645 2283; baseline 0.012 -12"><span class='ocrx_word' id='word_1_810' title='bbox 867 2245 971 2279; x_wconf 85' lang='lat' dir='ltr'><strong>pientes</strong></span> <span class='ocrx_word' id='word_1_811' title='bbox 987 2246 1074 2273; x_wconf 90' lang='lat' dir='ltr'><strong>aliena</strong></span> <span class='ocrx_word' id='word_1_812' title='bbox 1089 2250 1119 2274; x_wconf 92' lang='lat' dir='ltr'><strong>ut</strong></span> <span class='ocrx_word' id='word_1_813' title='bbox 1140 2247 1243 2275; x_wconf 90' lang='lat' dir='ltr'><strong>leones.</strong></span> <span class='ocrx_word' id='word_1_814' title='bbox 1265 2247 1378 2283; x_wconf 88' lang='lat' dir='ltr'><strong>Propter</strong></span> <span class='ocrx_word' id='word_1_815' title='bbox 1399 2250 1452 2278; x_wconf 88' lang='lat' dir='ltr'><strong>hoc</strong></span> <span class='ocrx_word' id='word_1_816' title='bbox 1474 2252 1645 2280; x_wconf 70' lang='lat' dir='ltr'><strong>abducemiizi</strong></span> 
     </span>
    </p>
   </div>
   <div class='ocr_carea' id='block_1_110' title="bbox 867 2291 1644 2332">
    <p class='ocr_par' dir='ltr' id='par_1_110' title="bbox 867 2291 1644 2332">
     <span class='ocr_line' id='line_1_110' title="bbox 867 2291 1644 2332; baseline 0.01 -13"><span class='ocrx_word' id='word_1_817' title='bbox 867 2299 929 2319; x_wconf 90' lang='lat' dir='ltr'><strong>cum</strong></span> <span class='ocrx_word' id='word_1_818' title='bbox 948 2291 988 2320; x_wconf 92' lang='lat' dir='ltr'><strong>eis</strong></span> <span class='ocrx_word' id='word_1_819' title='bbox 1009 2291 1036 2319; x_wconf 92' lang='lat' dir='ltr'><strong>in</strong></span> <span class='ocrx_word' id='word_1_820' title='bbox 1059 2293 1242 2327; x_wconf 86' lang='lat' dir='ltr'><strong>captivitatem</strong></span> <span class='ocrx_word' id='word_1_821' title='bbox 1254 2316 1261 2329; x_wconf 89' lang='lat'><strong>,</strong></span> <span class='ocrx_word' id='word_1_822' title='bbox 1278 2301 1304 2323; x_wconf 89' lang='lat' dir='ltr'><strong>et</strong></span> <span class='ocrx_word' id='word_1_823' title='bbox 1317 2297 1372 2324; x_wconf 89' lang='lat' dir='ltr'><strong>illic</strong></span> <span class='ocrx_word' id='word_1_824' title='bbox 1386 2298 1522 2332; x_wconf 85' lang='lat' dir='ltr'><strong>recipietis</strong></span> <span class='ocrx_word' id='word_1_825' title='bbox 1549 2307 1644 2332; x_wconf 85' lang='lat' dir='ltr'><strong>omnes</strong></span> 
     </span>
    </p>
   </div>
   <div class='ocr_carea' id='block_1_111' title="bbox 866 2336 1645 2377">
    <p class='ocr_par' dir='ltr' id='par_1_111' title="bbox 866 2336 1645 2377">
     <span class='ocr_line' id='line_1_111' title="bbox 866 2336 1645 2377; baseline 0.012 -14"><span class='ocrx_word' id='word_1_826' title='bbox 866 2337 959 2372; x_wconf 80' lang='lat' dir='ltr'><strong>plagas</strong></span> <span class='ocrx_word' id='word_1_827' title='bbox 970 2336 1090 2373; x_wconf 65' lang='lat' dir='ltr'><strong>Egypti,</strong></span> <span class='ocrx_word' id='word_1_828' title='bbox 1105 2344 1131 2366; x_wconf 91' lang='lat' dir='ltr'><strong>et</strong></span> <span class='ocrx_word' id='word_1_829' title='bbox 1145 2347 1240 2368; x_wconf 89' lang='lat' dir='ltr'><strong>omnes</strong></span> <span class='ocrx_word' id='word_1_830' title='bbox 1255 2343 1401 2376; x_wconf 85' lang='lat' dir='ltr'><strong>pravitates</strong></span> <span class='ocrx_word' id='word_1_831' title='bbox 1413 2343 1532 2377; x_wconf 77' lang='lat' dir='ltr'><strong>gentium</strong></span> <span class='ocrx_word' id='word_1_832' title='bbox 1545 2352 1552 2370; x_wconf 88' lang='lat'><strong>:</strong></span> <span class='ocrx_word' id='word_1_833' title='bbox 1565 2349 1592 2372; x_wconf 92' lang='lat' dir='ltr'><strong>et</strong></span> <span class='ocrx_word' id='word_1_834' title='bbox 1608 2346 1645 2373; x_wconf 80' lang='lat' dir='ltr'><strong>ita</strong></span> 
     </span>
    </p>
   </div>
   <div class='ocr_carea' id='block_1_112' title="bbox 866 2384 1644 2424">
    <p class='ocr_par' dir='ltr' id='par_1_112' title="bbox 866 2384 1644 2424">
     <span class='ocr_line' id='line_1_112' title="bbox 866 2384 1644 2424; baseline 0.01 -15"><span class='ocrx_word' id='word_1_835' title='bbox 866 2387 1033 2412; x_wconf 84' lang='lat' dir='ltr'><strong>revertentes</strong></span> <span class='ocrx_word' id='word_1_836' title='bbox 1047 2384 1080 2411; x_wconf 89' lang='lat' dir='ltr'><strong>ad</strong></span> <span class='ocrx_word' id='word_1_837' title='bbox 1097 2384 1242 2413; x_wconf 91' lang='lat' dir='ltr'><strong>Dominum</strong></span> <span class='ocrx_word' id='word_1_838' title='bbox 1261 2387 1475 2415; x_wconf 74' lang='lat' dir='ltr'><strong>misericordiam</strong></span> <span class='ocrx_word' id='word_1_839' title='bbox 1496 2396 1644 2424; x_wconf 89' lang='lat' dir='ltr'><strong>conseque-</strong></span> 
     </span>
    </p>
   </div>
   <div class='ocr_carea' id='block_1_113' title="bbox 865 2429 1644 2468">
    <p class='ocr_par' dir='ltr' id='par_1_113' title="bbox 865 2429 1644 2468">
     <span class='ocr_line' id='line_1_113' title="bbox 865 2429 1644 2468; baseline 0.009 -13"><span class='ocrx_word' id='word_1_840' title='bbox 865 2429 942 2462; x_wconf 89' lang='lat' dir='ltr'><strong>mini,</strong></span> <span class='ocrx_word' id='word_1_841' title='bbox 959 2434 986 2457; x_wconf 88' lang='lat' dir='ltr'><strong>et</strong></span> <span class='ocrx_word' id='word_1_842' title='bbox 999 2430 1079 2459; x_wconf 87' lang='lat' dir='ltr'><strong>ducet</strong></span> <span class='ocrx_word' id='word_1_843' title='bbox 1089 2439 1137 2458; x_wconf 88' lang='lat' dir='ltr'><strong>vos</strong></span> <span class='ocrx_word' id='word_1_844' title='bbox 1149 2431 1177 2458; x_wconf 94' lang='lat' dir='ltr'><strong>in</strong></span> <span class='ocrx_word' id='word_1_845' title='bbox 1192 2432 1432 2460; x_wconf 80' lang='lat' dir='ltr'><strong>sanctilicationem</strong></span> <span class='ocrx_word' id='word_1_846' title='bbox 1443 2433 1512 2468; x_wconf 87' lang='lat' dir='ltr'><strong>ejus,</strong></span> <span class='ocrx_word' id='word_1_847' title='bbox 1524 2434 1644 2463; x_wconf 86' lang='lat' dir='ltr'><strong>clamans</strong></span> 
     </span>
    </p>
   </div>
   <div class='ocr_carea' id='block_1_114' title="bbox 865 2474 1643 2510">
    <p class='ocr_par' dir='ltr' id='par_1_114' title="bbox 865 2474 1643 2510">
     <span class='ocr_line' id='line_1_114' title="bbox 865 2474 1643 2510; baseline 0.008 -9"><span class='ocrx_word' id='word_1_848' title='bbox 865 2474 943 2502; x_wconf 88' lang='lat' dir='ltr'><strong>vobis</strong></span> <span class='ocrx_word' id='word_1_849' title='bbox 953 2483 1058 2510; x_wconf 88' lang='lat' dir='ltr'><strong>pacem.</strong></span> <span class='ocrx_word' id='word_1_850' title='bbox 1075 2475 1109 2503; x_wconf 85' lang='lat' dir='ltr'><strong>Et</strong></span> <span class='ocrx_word' id='word_1_851' title='bbox 1127 2477 1230 2504; x_wconf 86' lang='lat' dir='ltr'><strong>orietur</strong></span> <span class='ocrx_word' id='word_1_852' title='bbox 1245 2477 1322 2505; x_wconf 86' lang='lat' dir='ltr'><strong>vobis</strong></span> <span class='ocrx_word' id='word_1_853' title='bbox 1332 2485 1365 2505; x_wconf 81' lang='lat' dir='ltr'><strong>ex</strong></span> <span class='ocrx_word' id='word_1_854' title='bbox 1378 2478 1449 2506; x_wconf 87' lang='lat' dir='ltr'><strong>tribu</strong></span> <span class='ocrx_word' id='word_1_855' title='bbox 1459 2478 1527 2506; x_wconf 84' lang='lat' dir='ltr'><strong>Juda</strong></span> <span class='ocrx_word' id='word_1_856' title='bbox 1540 2484 1567 2506; x_wconf 88' lang='lat' dir='ltr'><strong>et</strong></span> <span class='ocrx_word' id='word_1_857' title='bbox 1580 2480 1643 2508; x_wconf 90' lang='lat' dir='ltr'><strong>Levi</strong></span> 
     </span>
    </p>
   </div>
   <div class='ocr_carea' id='block_1_115' title="bbox 865 2520 1644 2558">
    <p class='ocr_par' dir='ltr' id='par_1_115' title="bbox 865 2520 1644 2558">
     <span class='ocr_line' id='line_1_115' title="bbox 865 2520 1644 2558; baseline 0.009 -11"><span class='ocrx_word' id='word_1_858' title='bbox 865 2520 984 2549; x_wconf 85' lang='lat' dir='ltr'><strong>salutare</strong></span> <span class='ocrx_word' id='word_1_859' title='bbox 1005 2520 1139 2549; x_wconf 89' lang='lat' dir='ltr'><strong>Domini:</strong></span> <span class='ocrx_word' id='word_1_860' title='bbox 1165 2528 1192 2550; x_wconf 89' lang='lat' dir='ltr'><strong>et</strong></span> <span class='ocrx_word' id='word_1_861' title='bbox 1216 2523 1275 2558; x_wconf 86' lang='lat' dir='ltr'><strong>ipse</strong></span> <span class='ocrx_word' id='word_1_862' title='bbox 1297 2523 1378 2551; x_wconf 81' lang='lat' dir='ltr'><strong>faciet</strong></span> <span class='ocrx_word' id='word_1_863' title='bbox 1402 2524 1531 2553; x_wconf 88' lang='lat' dir='ltr'><strong>adversus</strong></span> <span class='ocrx_word' id='word_1_864' title='bbox 1555 2525 1644 2554; x_wconf 81' lang='lat' dir='ltr'><strong>Beliar</strong></span> 
     </span>
    </p>
   </div>
   <div class='ocr_carea' id='block_1_116' title="bbox 864 2567 1644 2602">
    <p class='ocr_par' dir='ltr' id='par_1_116' title="bbox 864 2567 1644 2602">
     <span class='ocr_line' id='line_1_116' title="bbox 864 2567 1644 2602; baseline 0.006 -8"><span class='ocrx_word' id='word_1_865' title='bbox 864 2567 1004 2602; x_wconf 73' lang='lat' dir='ltr'><strong>praelium,</strong></span> <span class='ocrx_word' id='word_1_866' title='bbox 1027 2571 1055 2595; x_wconf 90' lang='lat' dir='ltr'><strong>et</strong></span> <span class='ocrx_word' id='word_1_867' title='bbox 1080 2568 1213 2596; x_wconf 87' lang='lat' dir='ltr'><strong>ultionem</strong></span> <span class='ocrx_word' id='word_1_868' title='bbox 1229 2569 1350 2598; x_wconf 73' lang='lat' dir='ltr'><strong>viclorite</strong></span> <span class='ocrx_word' id='word_1_869' title='bbox 1371 2569 1447 2598; x_wconf 85' lang='lat' dir='ltr'><strong>dabit</strong></span> <span class='ocrx_word' id='word_1_870' title='bbox 1461 2571 1582 2600; x_wconf 83' lang='lat' dir='ltr'><strong>terminis</strong></span> <span class='ocrx_word' id='word_1_871' title='bbox 1597 2580 1644 2599; x_wconf 88' lang='lat' dir='ltr'><strong>ve-</strong></span> 
     </span>
    </p>
   </div>
   <div class='ocr_carea' id='block_1_117' title="bbox 864 2634 1284 2671">
    <p class='ocr_par' dir='ltr' id='par_1_117' title="bbox 864 2634 1284 2671">
     <span class='ocr_line' id='line_1_117' title="bbox 864 2634 1284 2671; baseline 0.002 -9"><span class='ocrx_word' id='word_1_872' title='bbox 864 2635 946 2663; x_wconf 82' lang='lat' dir='ltr'><strong>ﬁnem</strong></span> <span class='ocrx_word' id='word_1_873' title='bbox 961 2634 1044 2671; x_wconf 76' lang='lat' dir='ltr'><strong>huius</strong></span> <span class='ocrx_word' id='word_1_874' title='bbox 1057 2635 1230 2671; x_wconf 78' lang='lat' dir='ltr'><strong>paragraphi.</strong></span> <span class='ocrx_word' id='word_1_875' title='bbox 1245 2635 1284 2664; x_wconf 79' lang='lat' dir='ltr'><strong>In.</strong></span> 
     </span>
    </p>
   </div>
   <div class='ocr_carea' id='block_1_118' title="bbox 900 2670 1643 2706">
    <p class='ocr_par' dir='ltr' id='par_1_118' title="bbox 900 2670 1643 2706">
     <span class='ocr_line' id='line_1_118' title="bbox 900 2670 1643 2706; baseline 0.004 -9"><span class='ocrx_word' id='word_1_876' title='bbox 900 2670 1138 2706; x_wconf 17' lang='lat' dir='ltr'><strong>(85)7’A.11i09tar.</strong></span> <span class='ocrx_word' id='word_1_877' title='bbox 1149 2670 1218 2698; x_wconf 77' lang='lat' dir='ltr'><strong>Hinc</strong></span> <span class='ocrx_word' id='word_1_878' title='bbox 1232 2671 1260 2706; x_wconf 83' lang='lat' dir='ltr'><strong>in</strong></span> <span class='ocrx_word' id='word_1_879' title='bbox 1274 2671 1362 2699; x_wconf 76' lang='lat' dir='ltr'><strong>Oxon.</strong></span> <span class='ocrx_word' id='word_1_880' title='bbox 1377 2676 1405 2700; x_wconf 87' lang='lat' dir='ltr'><strong>et</strong></span> <span class='ocrx_word' id='word_1_881' title='bbox 1418 2671 1532 2699; x_wconf 90' lang='lat' dir='ltr'><strong>Cantab.</strong></span> <span class='ocrx_word' id='word_1_882' title='bbox 1548 2672 1643 2700; x_wconf 82' lang='lat' dir='ltr'><strong>codice</strong></span> 
     </span>
    </p>
   </div>
   <div class='ocr_carea' id='block_1_119' title="bbox 865 2705 1270 2734">
    <p class='ocr_par' dir='ltr' id='par_1_119' title="bbox 865 2705 1270 2734">
     <span class='ocr_line' id='line_1_119' title="bbox 865 2705 1270 2734; baseline 0 -1"><span class='ocrx_word' id='word_1_883' title='bbox 865 2705 985 2733; x_wconf 89' lang='lat' dir='ltr'><strong>clausula</strong></span> <span class='ocrx_word' id='word_1_884' title='bbox 997 2705 1091 2733; x_wconf 88' lang='lat' dir='ltr'><strong>deesse</strong></span> <span class='ocrx_word' id='word_1_885' title='bbox 1102 2706 1217 2734; x_wconf 89' lang='lat' dir='ltr'><strong>videtur.</strong></span> <span class='ocrx_word' id='word_1_886' title='bbox 1233 2705 1270 2733; x_wconf 80' lang='lat' dir='ltr'><strong>In.</strong></span> 
     </span>
    </p>
   </div>
   <div class='ocr_carea' id='block_1_120' title="bbox 900 2739 1641 2776">
    <p class='ocr_par' dir='ltr' id='par_1_120' title="bbox 900 2739 1641 2776">
     <span class='ocr_line' id='line_1_120' title="bbox 900 2739 1641 2776; baseline 0.005 -10"><span class='ocrx_word' id='word_1_887' title='bbox 900 2739 954 2775; x_wconf 84' lang='lat'><strong>(86)</strong></span> <span class='ocrx_word' id='word_1_888' title='bbox 969 2740 1024 2767; x_wconf 83' lang='lat' dir='ltr'><strong>Kal</strong></span> <span class='ocrx_word' id='word_1_889' title='bbox 1044 2742 1079 2767; x_wconf 87' lang='grc' dir='ltr'>οὺ</span> <span class='ocrx_word' id='word_1_890' title='bbox 1093 2739 1136 2775; x_wconf 77' lang='grc' dir='ltr'>μὴ</span> <span class='ocrx_word' id='word_1_891' title='bbox 1156 2742 1333 2776; x_wconf 72' lang='grc' dir='ltr'>κατισχύσῃ.</span> <span class='ocrx_word' id='word_1_892' title='bbox 1351 2740 1447 2768; x_wconf 90' lang='lat' dir='ltr'><strong>Omnia</strong></span> <span class='ocrx_word' id='word_1_893' title='bbox 1466 2741 1492 2769; x_wconf 91' lang='lat' dir='ltr'><strong>in</strong></span> <span class='ocrx_word' id='word_1_894' title='bbox 1516 2742 1567 2770; x_wconf 80' lang='lat' dir='ltr'><strong>Ox.</strong></span> <span class='ocrx_word' id='word_1_895' title='bbox 1581 2743 1641 2770; x_wconf 81' lang='lat' dir='ltr'><strong>cod.</strong></span> 
     </span>
    </p>
   </div>
   <div class='ocr_carea' id='block_1_121' title="bbox 865 2774 1642 2813">
    <p class='ocr_par' dir='ltr' id='par_1_121' title="bbox 865 2774 1642 2813">
     <span class='ocr_line' id='line_1_121' title="bbox 865 2774 1642 2813; baseline 0.005 -12"><span class='ocrx_word' id='word_1_896' title='bbox 865 2774 961 2813; x_wconf 66' lang='lat' dir='ltr'><strong>desunt</strong></span> <span class='ocrx_word' id='word_1_897' title='bbox 977 2774 1107 2813; x_wconf 75' lang='lat' dir='ltr'><strong>usquead</strong></span> <span class='ocrx_word' id='word_1_898' title='bbox 1126 2778 1183 2813; x_wconf 65' lang='lat' dir='ltr'><strong>ista</strong></span> <span class='ocrx_word' id='word_1_899' title='bbox 1198 2774 1336 2813; x_wconf 80' lang='lat' dir='ltr'><strong>sequentis</strong></span> <span class='ocrx_word' id='word_1_900' title='bbox 1358 2778 1518 2813; x_wconf 77' lang='lat' dir='ltr'><strong>paragraphi</strong></span> <span class='ocrx_word' id='word_1_901' title='bbox 1534 2779 1614 2805; x_wconf 84' lang='lat' dir='ltr'><strong>verba</strong></span> <span class='ocrx_word' id='word_1_902' title='bbox 1635 2786 1642 2805; x_wconf 91' lang='lat'><strong>:</strong></span> 
     </span>
    </p>
   </div>
   <div class='ocr_carea' id='block_1_122' title="bbox 865 2809 1322 2843">
    <p class='ocr_par' dir='ltr' id='par_1_122' title="bbox 865 2809 1322 2843">
     <span class='ocr_line' id='line_1_122' title="bbox 865 2809 1322 2843; baseline 0.004 -7"><span class='ocrx_word' id='word_1_903' title='bbox 865 2809 913 2837; x_wconf 79' lang='grc' dir='ltr'><strong>καί</strong></span> <span class='ocrx_word' id='word_1_904' title='bbox 926 2810 959 2836; x_wconf 79' lang='grc' dir='ltr'><strong>ἐν</strong></span> <span class='ocrx_word' id='word_1_905' title='bbox 973 2810 1034 2843; x_wconf 85' lang='grc' dir='ltr'>τοῖς</span> <span class='ocrx_word' id='word_1_906' title='bbox 1047 2810 1146 2838; x_wconf 73' lang='grc' dir='ltr'>ἔθνεσι</span> <span class='ocrx_word' id='word_1_907' title='bbox 1160 2809 1269 2843; x_wconf 79' lang='grc' dir='ltr'>Σωτήρ.</span> <span class='ocrx_word' id='word_1_908' title='bbox 1284 2811 1322 2839; x_wconf 83' lang='lat' dir='ltr'><strong>lL.</strong></span> 
     </span>
    </p>
   </div>
  </div>
