1913 3102
232 125 302 153 H05

742 124 976 154 TESTAMENTA
1005 124 1051 152 XII
1082 125 1391 154 PATRIARCHARUH.

1791 126 1861 154 ιιω

230 183 306 212 stris.
325 182 358 210 Et
370 184 478 211 animas
489 188 648 212 sanctorum
661 185 785 219 captivas
799 185 926 213 liberabit
936 192 952 212 α
964 184 1015 212 De-

1076 184 1157 212 Ἰούδα
1183 186 1230 212 καὶ
1258 185 1323 212 Λευῗ
1347 185 1378 212 τὸ
1405 185 1537 220 σωτήριον
1562 184 1685 220 Κυρίου·
1704 184 1753 211 καὶ
1779 185 1862 217 abre;

229 231 292 264 liar,
306 233 335 258 et
350 235 489 258 convertet
503 231 585 258 corda
599 231 739 258 incredula
761 231 795 258 ad
812 230 969 263 Dominum,
988 235 1014 257 et

229 276 306 303 dabit
317 276 510 303 invocantibus
522 284 585 303 eum
602 284 696 311 pacem
709 281 837 304 aeternam
848 297 855 309 ,
868 281 895 304 et
907 275 1014 311 requie—

229 325 307 349 scent
320 321 347 349 in
360 321 433 350 Eden
443 322 542 355 sancti,
555 326 582 350 et
596 322 623 349 in
639 330 708 350 nova
721 321 871 349 Jerusalem
883 321 1016 349 laztabun-

230 367 362 403 turjusti,
379 375 441 402 quae
458 368 510 395 erit
526 368 553 395 in
568 367 792 403 gloriﬁcationem
815 366 863 394 Dei
883 373 968 402 usque
987 366 1014 393 in

230 412 372 440 saeculum.
394 412 427 440 Et
438 420 492 440 non
504 413 624 448 amplius
638 412 785 440 sustinebit
803 411 955 439 Jerusalem
967 412 1016 439 de-

230 458 404 492 solationem,
416 466 505 493 neque
518 459 641 493 captivus
651 459 766 486 ducetur
777 457 874 491 Israel;
886 457 1016 492 quoniam

230 503 364 532 Dominus
377 505 428 532 erit
451 505 478 532 in
503 505 594 532 medio
616 505 688 540 ejus,
705 512 768 532 cum
783 504 942 532 hominibus
952 512 1018 532 con-

229 554 365 584 versatus,
379 555 406 578 et
418 556 530 578 sanctus
553 549 635 578 Israel
658 558 774 585 regnans
797 557 881 586 super
896 551 971 585 ipsos
989 550 1016 577 in

229 594 386 623 humilitate
398 600 426 623 et
441 600 601 631 paupertate
615 605 622 623 :
637 600 665 623 et
677 595 726 631 qui
739 595 824 624 credit
839 596 867 623 in
884 603 958 630 eum,
973 604 1017 623 re-

231 641 324 676 gnabit
335 642 361 668 in
373 642 488 670 veritate
500 642 527 669 in
539 642 628 670 caelis.

1067 231 1175 267 ποιήσει
1192 231 1259 267 πρὸς
1276 230 1323 258 τὸν
1339 230 1438 266 Βελιὰρ
1452 231 1578 266 πόλεμον,
1594 231 1642 256 καὶ
1655 230 1706 266 τὴν
1720 230 1861 266 ἐκδίκησιν

1066 276 1114 303 τοῦ
1131 276 1223 308 νίκονς
1237 276 1317 303 δώσει
1332 277 1448 312 πέρασιν
1471 276 1559 312 ὑμῶν.
1581 276 1636 302 Kal
1648 276 1700 312 τήν
1717 276 1860 312 αἰχμαλω-

1069 322 1129 349 σίαν
1142 323 1211 358 λάϐῃ
1225 323 1279 350 ἀπὺ
1291 323 1337 350 τοῦ
1349 323 1448 358 Βελιὰρ
1458 322 1547 358 ψυχὰς
1561 323 1659 357 ἁγίων,
1673 323 1721 349 καὶ
1733 323 1860 358 ἐπιστρέ-

1067 368 1112 402 ψει
1137 369 1252 404 καρδίας
1275 368 1396 400 ἀπειθεῖς
1414 367 1482 403 πρὸς
1505 368 1624 403 Κύριον,
1639 368 1687 395 καὶ
1699 367 1782 394 δώσει
1806 370 1862 400 τοῖς

1069 414 1295 450 ἐπικαλουμένοις
1313 413 1394 441 αὑτὸν
1409 414 1521 450 εἰρήνην
1534 412 1652 446 αἰώνων,
1673 414 1722 440 καὶ
1739 414 1863 441 ἀναπαύ-

1069 461 1200 487 σονταιὲν
1217 460 1297 495 Ἐδὲμ
1311 459 1394 494 ἅγιοι,
1409 459 1456 486 καὶ
1473 460 1519 486 ἐπὶ
1531 459 1581 494 τῆς
1600 459 1666 491 νέας
1684 459 1863 495 Ἰερουσαλὴμ

1068 505 1301 542 εὐφρανθήσονται
1314 506 1423 537 δίκαιοι,
1435 506 1497 541 ἥτις
1511 505 1588 532 ἔσται
1602 505 1643 537 είς
1653 505 1780 540 δόξασμα
1795 505 1862 532 Θεοῦ

1067 551 1120 583 ἕως
1136 551 1183 577 τοῦ
1202 551 1310 583 αἰῶνος.
1330 551 1384 579 Καὶ
1402 551 1452 578 οὐκ
1472 551 1512 577 ἔτι
1532 550 1665 586 ὑπομένει
1683 551 1863 587 Ἰερουσαλὴμ

1067 597 1218 632 ἐρήμωσιν,
1233 597 1293 624 οὐδὲ
1307 597 1539 632 αἱχμαλωτίσεται
1559 597 1678 632 Ἰσραήλ,
1699 598 1742 623 ὁτι
1760 596 1862 632 Κύριος

1067 642 1144 669 ἔσται
1161 644 1190 670 ὲν
1205 643 1281 679 μέσῳ
1295 644 1390 678 αὐτῆς,
1403 645 1458 675 τοῖς
1474 643 1629 679 ἀνθρώποις
1644 645 1863 679 συναναστρεφὸ-

231 696 312 724 μενος
324 687 390 724 (87),
404 687 452 715 καὶ
468 688 544 722 ᾶγιος
564 687 673 724 Ἰσραὴλ
689 685 837 722 βασιλεύων
854 687 898 714 ἐπ’
917 687 1015 718 αὐτοὺς
1033 687 1062 713 έν
1081 687 1244 714 ταπεινώσει
1267 688 1314 715 καὶ
1334 689 1362 714 ὲν
1389 689 1528 724 πτωχεία-
1550 689 1597 715 καὶ
1611 689 1627 714 ὁ
1659 689 1799 715 πιστεύων
1821 690 1862 714 ἐπ’

230 735 304 771 αὐτῷ
317 734 471 771 βασιλεύσει
486 735 516 761 ἐν
530 733 643 770 ἀληθεία
657 735 686 760 ὲν
698 734 754 764 τοῖς
766 733 899 768 οὐρανοῖς.

266 780 311 808 Vl.
329 790 339 806 ι
358 780 390 808 Et
406 787 480 808 nunc
497 780 590 807 timete
610 779 754 806 Dominum
766 800 774 812 ,
786 779 834 806 lilii
855 779 924 811 mei,
937 782 963 806 et
976 782 1017 806 at-

1106 779 1151 812 ς’.
1166 787 1175 803 ‹
1191 778 1246 804 Kal
1259 776 1306 804 νῦν
1317 777 1454 813 φοϐήθητε
1466 777 1512 804 τὸν
1524 777 1635 812 Κύρων,
1649 777 1734 804 τέκνα
1742 786 1807 813 μω,
1817 776 1864 804 καὶ

232 829 335 856 tendite
358 826 562 862 vobismetipsis
578 833 594 853 a
621 825 723 852 Salana
746 829 774 852 et
788 825 929 859 spiritibus
946 826 1015 859 ejus.

230 874 454 910 Appropinquate
468 877 558 900 autem
575 871 640 905 Deo,
655 877 682 899 et
692 870 788 906 angelo
798 870 939 898 excusanti
950 878 1016 903 vos;

230 920 359 956 quoniam
377 919 422 946 hic
435 922 479 946 est
500 917 634 945 mediator
651 915 699 944 Dei
714 922 741 944 et
756 916 896 944 hominum
908 936 916 949 ,
931 916 958 943 in
970 923 1019 950 pa-

230 974 289 994 cem
303 965 396 994 Israel.
414 965 515 993 Contra
533 971 646 999 regnum
664 962 768 990 inimici
785 962 1018 997 stabit;quapro-

230 1019 290 1049 pter
305 1013 397 1041 studet
411 1011 541 1040 inimicus
567 1010 725 1038 subvertere
747 1017 843 1037 omnes
860 1009 1018 1036 invocantes

230 1059 388 1087 Dominum.
412 1057 493 1086 Novit
516 1057 600 1090 enim,
613 1055 687 1092 quod
708 1055 735 1082 in
748 1063 801 1090 qua
815 1055 859 1082 die
874 1054 1019 1082 crediderit

230 1104 324 1138 Israel,
335 1103 574 1134 consummabitur
595 1109 709 1138 regnum
731 1101 845 1128 inimici.
861 1100 920 1136 Ipse
938 1107 1018 1135 ange-

230 1153 274 1191 lus
288 1152 363 1188 pacis
376 1150 535 1178 lortilicabit
552 1148 645 1182 Israel,
661 1157 695 1175 ne
709 1147 811 1175 incidat
822 1147 850 1174 in
865 1148 945 1174 linem
959 1153 1018 1174 ma-

230 1199 331 1226 lorum.
348 1197 376 1225 In
391 1201 514 1232 tempore
528 1199 620 1223 autem
635 1195 786 1230 iniquitatis
806 1193 890 1221 Israel
911 1192 1016 1221 recedet

231 1244 266 1272 ab
279 1244 320 1272 eis
335 1243 479 1276 Dominus,
497 1241 624 1269 transibit
644 1245 706 1276 post
727 1240 871 1268 facientem
892 1239 1018 1267 volunta-

230 1295 286 1318 tem
307 1289 405 1325 ipsius,
430 1287 561 1323 quoniam
587 1287 656 1314 nulli
683 1286 841 1321 angelorum
864 1285 916 1313 erit
932 1289 962 1312 ut
982 1285 1017 1312 ei.

231 1334 336 1361 Nomen
350 1334 409 1369 ejus
421 1334 472 1361 erit
487 1334 514 1360 in
527 1332 603 1360 omni
624 1332 686 1359 loco
706 1331 788 1359 Israel
801 1335 829 1358 et
848 1331 876 1358 in
893 1331 1019 1366 gentibus

233 1380 368 1408 Salvator.
381 1379 550 1407 Conservate
571 1379 653 1414 igitur
675 1379 871 1414 vosmetipsos,
888 1378 935 1404 lilii
954 1378 1018 1410 mei,

234 1426 270 1453 ab
283 1425 357 1453 omni
370 1432 453 1460 opere
467 1424 633 1459 pernicioso,
646 1428 672 1451 et
685 1423 793 1459 abjicite
808 1424 876 1451 iram
896 1428 924 1451 et
938 1431 1019 1451 omne

1069 824 1216 860 προσέχετε
1229 824 1338 855 ἑαυτοῖς
1352 823 1407 850 ἀπὸ
1424 823 1472 849 τοῦ
1484 823 1602 854 Σατανᾶ,
1615 823 1664 850 καὶ
1674 823 1731 849 τῶν
1743 824 1863 858 πνευμά-

1068 878 1122 897 των
1133 869 1226 897 αὑτοῦ.
1245 869 1384 904 Ἑγγίζετε
1401 869 1431 896 δὲ
1442 868 1482 904 τῷ
1492 868 1561 905 Θεῷ,
1574 870 1622 896 διαὶ
1643 869 1683 904 τῷ
1702 869 1814 904 ἀγγέλῳ
1824 869 1862 904 τῷ

1068 915 1277 951 παραιτουμένῳ
1289 915 1372 950 ὑμᾶς·
1387 914 1429 941 ὅτι
1446 911 1523 947 οὗτός
1534 915 1592 941 ἐστι
1605 914 1723 950 μεσίτης
1735 914 1805 941 Θεοῦ
1816 915 1863 941 καὶ

1068 958 1230 994 ἀνθρώπων,
1243 959 1289 985 ἐπὶ
1300 959 1351 994 τῆς
1371 959 1483 994 εἰρήνης
1500 959 1617 995 Ἰσραήλ.
1640 960 1796 986 Κατέναντι
1813 960 1863 994 τῆς

1069 1004 1209 1040 βασιλείας
1222 1004 1269 1032 τοῦ
1281 1003 1380 1040 ὲχθροῦ
1393 1005 1530 1040 στήσεται·
1543 1005 1588 1032 διὰ
1598 1005 1680 1032 τοῦτο
1691 1005 1838 1037 στοωδὰζει
1850 1007 1863 1031 ὁ

1068 1050 1165 1086 ἐχθρὸς
1175 1050 1364 1083 ὑποσκελίζειν
1379 1051 1482 1083 πάντας
1496 1051 1559 1083 τοὺς
1571 1051 1809 1086 ἐπικαλουμένους
1818 1051 1862 1077 τὸν

1068 1096 1180 1131 Κύριον.
1192 1093 1252 1122 οἶδε
1259 1095 1324 1132 γὰρ,
1333 1095 1375 1122 ὅτι
1388 1096 1417 1121 έν
1425 1095 1519 1131 ἡμέρα
1527 1095 1581 1131 (88)
1590 1096 1734 1122 πιστεύσει
1740 1096 1761 1122 Ί
1766 1096 1861 1131 apt:le

1069 1141 1309 1178 σνντελεσθήσεται
1322 1143 1339 1177 ἡ
1352 1141 1476 1177 βασιλεία
1493 1141 1540 1168 τοῦ
1554 1141 1662 1177 ἐχθροῦ.
1678 1142 1769 1173 Αὐτὸς
1787 1143 1802 1168 ὀ
1814 1143 1860 1175 ἄγ-

1068 1187 1146 1222 γελος
1158 1188 1208 1223 τῆς
1219 1187 1330 1223 εἰρήνης
1342 1186 1476 1223 ἑνισχύσει
1488 1186 1534 1214 τδν
1549 1187 1667 1223 Ἰσραὴλ,
1679 1187 1719 1222 μὴ
1731 1187 1862 1222 ἐμπεσεῖν

1068 1233 1149 1260 αὑτὸν
1161 1234 1202 1265 εις
1218 1232 1295 1264 τέλος
1315 1231 1418 1259 κακῶν.
1439 1231 1536 1258 Ἔσται
1555 1231 1583 1258 δι
1596 1233 1624 1259 ὲν
1643 1231 1735 1268 καιρῷ
1745 1233 1861 1268 ἀνομίας

1068 1279 1115 1307 τοῦ
1135 1279 1243 1316 Ἰσραὴλ
1259 1279 1446 1314 ἀφιστάμενος
1466 1279 1513 1306 ἀπ’
1530 1278 1620 1306 αὐτῶν
1640 1279 1763 1315 Κύριος,
1786 1288 1861 1315 μετε-

1068 1326 1194 1353 λεύσεται
1206 1325 1318 1352 ὄπισθεν
1332 1324 1463 1352 ποιοῦντα
1475 1325 1506 1352 τὸ
1525 1325 1631 1361 θέλημα
1652 1326 1748 1358 αὐτοῦ,
1764 1326 1807 1353 ὃτι
1818 1327 1861 1352 οὐ·

1068 1372 1124 1399 δενὶ
1145 1371 1201 1399 τῶν
1222 1371 1346 1406 ἀγγέλων
1366 1370 1441 1397 ἔσται
1464 1371 1502 1403 ὡς
1522 1371 1607 1407 αὐτῷ.
1622 1371 1660 1398 Τὺ
1678 1372 1768 1407 ὄνομα
1781 1373 1861 1399 αὑτοῦ

1069 1418 1145 1445 ἕσται
1157 1419 1186 1444 ὲν
1199 1418 1279 1444 παντὶ
1291 1417 1365 1454 τόπῳ
1379 1418 1498 1454 Ἰσραὴλ,
1510 1418 1558 1444 καὶ
1571 1419 1600 1444 ὲν
1613 1419 1670 1450 τοῖς
1691 1417 1796 1450 ἔθνεσι,
1809 1419 1862 1445 ἃν-

234 1449 416 1503 mendaciunrl,
428 1475 455 1498 et
465 1449 568 1506 diligite
582 1449 761 1498 veritateniet
771 1470 1017 1505 longanimitatem,

1076 1464 1129 1500 ιήρ.
1145 1463 1330 1499 Διατηρήσατε
1343 1449 1390 1490 οὖν
1404 1449 1525 1495 ἑαυτοὺς,
1543 1464 1627 1490 τέκνα
1640 1449 1702 1498 μου,
1716 1463 1774 1489 ἀπὸ
1788 1449 1861 1489 παν-

233 1522 259 1545 et
271 1525 332 1552 quae
343 1516 484 1545 audivistis
495 1524 511 1544 a
529 1521 604 1551 patre
616 1521 719 1548 vestro,
731 1516 833 1543 tradite
847 1520 875 1543 et
891 1523 940 1543 vos
954 1515 1018 1544 llliis

233 1562 342 1595 vestris,
363 1566 393 1589 ut
417 1561 531 1597 recipiat
551 1568 600 1589 vos
623 1560 704 1588 Pater
719 1561 840 1596 gentium
854 1569 862 1586 :
877 1561 928 1589 erit
945 1561 1017 1588 enim

233 1616 316 1635 verax
329 1612 356 1635 et
369 1607 544 1643 longanimis,
563 1611 724 1635 mansuetus
742 1611 770 1634 et
790 1607 915 1639 humilis,
930 1610 958 1634 et
970 1607 1019 1634 do-

232 1659 299 1680 cens
313 1659 360 1686 per
378 1658 460 1686 opera
480 1651 565 1687 legem
589 1651 644 1679 Dei.
658 1650 793 1679 Discedite
808 1659 873 1686 ergo
893 1651 927 1678 ab
944 1651 1019 1678 omni

234 1698 378 1733 injustitia,
394 1703 419 1726 et
432 1697 567 1726 adliazretc
578 1697 690 1733 iustitiae
708 1697 774 1733 legis
789 1696 908 1724 Domini.
926 1695 957 1724 Et
974 1704 1017 1724 se-

233 1744 314 1779 pelite
326 1752 369 1771 me
383 1751 466 1782 prope
479 1747 568 1778 patres
583 1750 668 1771 meos.
687 1752 698 1770 ο

1067 1509 1114 1542 τδς
1135 1510 1216 1546 ἔργου
1238 1509 1368 1546 πονηροῦ,
1382 1510 1430 1536 καὶ
1450 1510 1620 1546 ἀπορρίψατε
1641 1509 1687 1536 τὸν
1709 1510 1798 1545 θυμὸν
1816 1511 1862 1538 καὶ

1068 1558 1124 1585 πᾶν
1135 1557 1243 1592 ψεῦδος,
1266 1557 1313 1584 καὶ
1333 1557 1494 1593 ἀγαπήσατε
1517 1556 1567 1592 τὴν
1589 1557 1719 1592 ἀλήθειαν
1740 1557 1791 1584 καὶ
1813 1558 1863 1592 τὴν

1071 1602 1271 1639 μακροθυμίαν,
1281 1603 1329 1629 καὶ
1336 1602 1354 1630 ἃ
1364 1603 1499 1638 ἠκούσατε
1512 1602 1586 1638 παρὰ
1597 1602 1644 1629 τοῦ
1657 1603 1763 1638 πατρὸς
1774 1603 1862 1638 span.

1071 1648 1201 1684 μετάδοτε
1223 1648 1271 1674 xal
1293 1647 1373 1683 ὑμεῖς
1395 1649 1452 1679 τοῖς
1468 1648 1573 1679 τέκνοις
1587 1647 1676 1683 ὑμῶν,
1689 1648 1732 1674 ἵνα
1751 1647 1862 1683 δέξηται

1069 1695 1141 1731 ὑμᾶς
1152 1695 1166 1721 ὁ
1178 1694 1272 1730 Πατὴρ
1282 1694 1336 1720 τῶν
1355 1693 1448 1721 ἐθνῶν*
1467 1694 1542 1720 ἔσται
1562 1693 1616 1730 γὰρ
1629 1694 1732 1730 ἀληθὴς
1747 1695 1796 1721 καὶ
1810 1703 1862 1729 μα-

1069 1741 1216 1777 κρόθυμος,
1237 1741 1324 1776 πρᾶος
1345 1740 1391 1766 κα)¹
1408 1740 1544 1772 ταπεινὸς,
1564 1740 1612 1766 καὶ
1633 1740 1802 1767 ἐκδιδάσκων
1820 1741 1863 1766 διὰ

232 1791 287 1818 τῶν
308 1791 396 1826 ἔργων
417 1790 497 1825 νόμον
517 1788 595 1816 Θεοῦ.
625 1788 773 1824 Ἀπὸστητε
795 1785 841 1815 οὖν
863 1787 917 1815 ἀπὸ
942 1787 1032 1822 πάσης
1061 1786 1188 1819 ἀδικίας,
1212 1785 1259 1812 καὶ
1289 1784 1436 1820 κολλήθητε
1458 1785 1491 1820 τῇ
1521 1784 1678 1822 δικαιοσύνῃ
1702 1785 1751 1811 τοῦ
1779 1785 1863 1820 νόμου

232 1839 280 1866 τοῦ
291 1838 405 1874 Κυρίου.
419 1838 474 1864 Kal
490 1836 593 1872 θάψατέ
613 1845 646 1872 με
659 1835 715 1872 (89)
729 1835 810 1870 ἐγγὺς
829 1835 884 1862 τῶν
899 1834 1024 1870 πατέρων
1045 1842 1105 1870 μου.
1124 1842 1133 1858 ι

269 1894 325 1922 VII.
340 1894 373 1922 Et
387 1901 451 1922 cum
473 1894 531 1922 haec
552 1893 677 1926 dixisset,
698 1892 839 1920 osculatus
860 1896 903 1919 est
916 1899 978 1924 eos,
992 1896 1020 1919 et

234 1941 365 1969 dormivit
378 1948 506 1969 somnum
532 1946 704 1977 perpetuum.
721 1940 755 1967 Et
771 1939 935 1974 sepelierunt
956 1946 1018 1966 eum

235 1988 282 2016 ﬁlii
296 1988 373 2023 ejus;
389 1991 416 2015 et
436 1991 497 2023 post
511 1988 569 2016 hate
586 1988 756 2016 reduxerunt
769 1993 831 2014 ossa
851 1985 911 2020 cjus
936 1992 1020 2020 prope

234 2034 383 2066 Abraham,
395 2033 470 2061 Isaac
480 2038 507 2062 ct
521 2033 615 2061 Jacob.
626 2032 862 2067 Quemadmodum
878 2039 942 2059 vero
955 2039 1019 2067 pro-

235 2079 355 2114 phetavit
369 2080 409 2107 eis
421 2079 488 2114 Dan,
504 2079 576 2115 quod
591 2079 676 2115 legem
696 2078 742 2106 Dei
756 2078 797 2106 sui
811 2077 959 2113 neglecturi
971 2085 1017 2104 es-

236 2131 307 2159 seut,
320 2130 347 2153 et
367 2126 512 2154 abalienati
529 2125 619 2154 forent
637 2133 653 2153 a
669 2130 741 2153 terra
763 2125 927 2152 haereditatis
944 2124 1017 2159 ipso-

1106 1891 1143 1917 Z'.
1156 1890 1211 1917 Kal
1232 1889 1320 1916 ταῦτα
1342 1888 1445 1920 εἰπὼν,
1469 1888 1649 1924 κατεφίλησεν
1670 1888 1790 1921 αὐτοὺς,
1816 1890 1861 1915 καὶ

1070 1933 1193 1961 ὕπνωσεν
1205 1934 1287 1961 ὕπνον
1300 1934 1416 1960 αἰώνιον.
1432 1933 1486 1959 Καὶ
1504 1933 1606 1968 ἔθαψαν
1618 1933 1701 1960 αὐτὸν
1713 1935 1738 1960 οἱ
1751 1934 1805 1960 υἱοὶ
1816 1935 1860 1960 αὑ-

1069 1981 1125 2008 τοῦ·
1140 1981 1188 2007 καὶ
1201 1980 1269 2016 μετὰ
1282 1979 1367 2006 ταῦτα
1381 1979 1532 2014 ἀνήνεγκαν
1551 1978 1585 2005 τὰ
1604 1978 1672 2006 ὀστᾶ
1691 1979 1778 2006 αὑτοῦ
1799 1979 1858 2006 τὶν-

1069 2035 1153 2061 εγγυς
1179 2025 1320 2062 Ἀϐραὰμ,
1337 2026 1385 2052 καὶ
1404 2025 1512 2057 Ἰσαὰκ,
1533 2025 1579 2051 καὶ
1597 2023 1705 2051 Ἰακώὸ.
1726 2025 1802 2061 Πλὴν
1825 2025 1859 2055 ὡς

1070 2073 1273 2109 ἐπροφήτευσεν
1285 2072 1376 2104 αὐτοῖς
1389 2071 1452 2103 Δὰν,
1465 2071 1506 2098 ὅτι
1518 2071 1700 2098 ἐπιλάθωνται
1712 2072 1795 2107 νόμον
1808 2072 1858 2107 (90)

1071 2118 1137 2145 Θεοῦ
1151 2118 1251 2151 αὐτῶν,
1271 2119 1317 2145 καὶ
1339 2117 1597 2154 ἀλλοτριωθήσονται
1615 2116 1669 2152 γῆς
1689 2117 1794 2154 κλήρου
1812 2118 1857 2144 αὖ-

237 2179 308 2205 rum,
324 2176 351 2200 et
365 2180 380 2199 a
394 2180 492 2207 genere
514 2171 616 2207 Israel,
635 2177 663 2200 et
689 2172 775 2207 patria
789 2171 926 2206 ipsorum;
941 2171 977 2197 ita
992 2175 1017 2198 et

1076 2165 1134 2197 τῶν,
1148 2165 1195 2192 καὶ
1205 2165 1299 2200 γένους
1318 2164 1436 2200 Ἰσραὴλ,
1450 2165 1497 2191 καὶ
1519 2165 1638 2200 πατριᾶς
1659 2163 1764 2197 αὐτῶν,
1778 2164 1856 2195 οὕτως

236 2217 337 2246 factum
351 2222 403 2246 est.

530 2263 644 2292 CAPUT
665 2263 733 2292 VIII.

273 2309 470 2344 Testamentum
485 2309 667 2345 Nepluhalim,
678 2311 712 2338 de
724 2309 843 2338 naturali
858 2310 983 2337 bonitate.

272 2355 294 2384 I.
308 2354 514 2391 Transcriptum
541 2357 695 2384 testamenti
717 2355 892 2391 Nephthalim
914 2355 948 2383 de
963 2355 1018 2387 his,

235 2410 297 2438 quae
311 2403 446 2438 disposuit
458 2403 486 2430 iu
502 2408 623 2439 tempore
643 2404 706 2431 linis
725 2403 780 2435 sui,
800 2403 827 2430 in
841 2409 912 2431 anno
926 2406 1018 2429 cente-

235 2449 306 2476 simo
321 2449 460 2477 tricesimo
476 2450 539 2478 vitae
557 2457 624 2477 suae.
638 2449 869 2477 Convenientibus
882 2448 946 2476 liliis
961 2447 1019 2476 suis

235 2495 264 2522 in
279 2494 396 2530 septimo
419 2502 523 2529 mense,
544 2500 641 2531 quarta
665 2495 709 2524 die
731 2495 844 2528 mensis,
869 2495 929 2529 ipso
951 2501 1019 2521 sano

235 2541 392 2571 exsistente.
406 2540 470 2569 fecit
482 2549 587 2569 orenam
599 2542 665 2576 ipsis
677 2545 704 2569 et
726 2545 817 2576 potum
832 2539 1017 2576 magniﬁcum.

271 2606 329 2644 (87)
347 2608 411 2641 Τοῖς
433 2608 597 2642 ἀνθρώποις
622 2606 1017 2644 συναναστρεφόμενοςηδξε

236 2641 358 2678 Βείσικέιι,
375 2651 415 2676 ιιι,
428 2644 471 2670 58.
487 2641 566 2671 Μετὰ
584 2641 662 2670 τοῦτο
682 2645 728 2670 ἐπὶ
751 2641 802 2678 γῆς
814 2641 912 2678 ήῶῲθη,
926 2643 973 2668 καὶ
988 2643 1017 2678 έν

236 2677 463 2715 τάξανθρώποις
484 2680 688 2715 συνανεστράφη
706 2677 810 2715 εννυιε.
834 2677 899 2705 Post
920 2678 975 2704 haec
991 2677 1018 2703 in

238 2713 314 2739 terris
337 2713 406 2739 risus
429 2718 485 2746 est,
501 2719 525 2741 et
548 2722 606 2740 cum
617 2713 769 2740 hominibus
787 2718 954 2740 conversatus
967 2717 1015 2738 est.

238 2745 297 2778 Quo
311 2755 377 2775 sane
395 2745 492 2775 horum
518 2748 742 2776 Testamentorum
764 2753 902 2777 auctorem
925 2754 1016 2782 respe-

240 2782 311 2809 xisse
325 2783 391 2809 nihil
404 2783 508 2810 dubito.

275 2815 329 2851 (88)
354 2818 405 2844 Ἐν
419 2817 521 2852 ἡμέρᾳ.
535 2817 610 2846 Adde
624 2816 650 2853 ᾗ.
665 2818 753 2853 Geta.

1070 2212 1116 2238 καὶ
1127 2211 1237 2246 γέγονεν
1249 2211 1312 2247 (91).

1331 2266 1528 2294 ΚΕΦΑΛΑΙΟΝ
1547 2267 1588 2294 Η’.

1086 2311 1214 2346 Διαθήκη
1230 2310 1408 2346 Νεφθαλείμ,
1423 2311 1490 2345 περὶ
1502 2310 1636 2346 φυσικῆς
1646 2311 1840 2346 ἁταθὸτητος.

1103 2357 1142 2383 A’.
1151 2356 1328 2392 ’Δντίγραφον
1340 2355 1473 2391 διαθήκης
1483 2355 1653 2390 Νεφθαλεὶμ,
1667 2352 1709 2383 ὧν
1723 2356 1823 2383 διέθετο
1829 2357 1853 2382 ἐν

1069 2401 1156 2437 καιρῷ
1177 2401 1269 2434 τέλους
1288 2400 1388 2433 αὺτοῦ,
1411 2402 1440 2428 ὲν
1465 2401 1519 2428 ἔτει
1539 2401 1575 2436 ρλ¹
1597 2401 1671 2437 ζωῆς
1693 2402 1779 2429 αὑτοῦ
1795 2401 1849 2437 (9'2).

1069 2447 1250 2474 Συνελθόντων
1267 2447 1322 2474 τῶν
1345 2446 1410 2474 υῐῶν
1432 2446 1514 2473 αὺτοῦ
1536 2447 1564 2473 έν
1584 2447 1694 2482 ὲὸδόμῳ
1721 2447 1797 2483 μηνὶ,
1816 2455 1853 2473 τε-

1067 2495 1154 2531 τάρτῃ
1167 2493 1224 2530 (95)
1235 2493 1283 2520 τοῦ
1306 2492 1406 2529 μηνὺς,
1428 2493 1595 2528 ὑγιαίνοντος
1617 2493 1725 2526 αὐτοῦ,
1751 2494 1852 2529 ἐποίησε

1068 2539 1174 2566 δεῖπνον
1186 2539 1278 2570 αὐτοῖς
1301 2538 1349 2565 καὶ
1370 2537 1494 2567 κώθωνα.
1518 2538 1573 2564 Kal
1587 2537 1658 2573 μετὰ
1679 2537 1731 2565 τοῦ
1751 2538 1852 2571 ἐξυπη-

1103 2606 1234 2646 (89),Κα)
1248 2605 1424 2646 θάψιξτέλέε.
1439 2607 1501 2646 Kal‘
1512 2606 1588 2646 _E_:rtat
1599 2606 1809 2646 ‘Tévogjuw
1819 2608 1853 2638 εἰς

1069 2642 1205 2703 σωτηρίαν
1220 2641 1273 2674 ἓως
1286 2641 1334 2668 τοῦ
1348 2641 1456 2673 αἰῶνος,
1469 2642 1543 2669 addit
1556 2641 1617 2668 cod.
1632 2641 1727 2670 Oxon.
1742 2641 1782 2669 In.

1103 2677 1129 2704 l9
1152 2678 1158 2704 l
1174 2677 1273 2704 Νόαον
1289 2677 1375 2703 deest.
1389 2676 1429 2703 lo.

1103 2677 1158 2747 £90;
1174 2677 1273 2711 Νόμον
1289 2677 1375 2703 deest.
1389 2677 1429 2703 Io.
1601 2711 1613 2716 _

1113 2712 1144 2739 9|
1175 2711 1272 2744 Οὕτως
1284 2711 1333 2738 καὶ
1346 2711 1478 2746 γέγονεν.
1492 2712 1548 2738 Καὶ
1565 2720 1615 2747 του
1635 2712 1796 2747 σπέρματος
1811 2712 1851 2738 αό-

1067 2746 1131 2778 τῶν,
1147 2746 1257 2774 Omissis
1268 2746 1354 2778 οὕτως
1368 2747 1415 2772 καὶ
1428 2747 1547 2780 γέγονεν.
1564 2746 1603 2774 In.

1114 2755 1131 2778 ρ,
1147 2755 1257 2774 01111εὸ15
1268 2755 1354 2778 ουτως
1368 2755 1415 2772 και
1428 2755 1459 2780 γε
1479 2755 1547 2773 ονεν.
1564 2755 1603 2774 ω.

1114 2781 1158 2816 92)
1174 2780 1257 2817 Ζωῆᾼς
1268 2781 1371 2808 αὐτοῦ.
1394 2755 1516 2817 Ᾱευτέρῳ
1532 2781 1597 2810 add.
1613 2782 1642 2809 in
1657 2789 1712 2810 ms.
1727 2781 1804 2809 Trin.
1816 2781 1849 2809 In.

1114 2817 1159 2851 95)
1175 2815 1309 2851 Τετάρτῃ.
1325 2817 1390 2851 Μιᾷ.
1407 2816 1445 2844 In.
