1913 3102
62 199 127 227 4105

64 257 146 292 σθῆναι
158 253 237 282 αὐτὸν
251 254 282 281 τὸ
294 253 375 290 πρωῒ,
389 250 465 280 εἷπεν
483 252 584 285 αὐτοῖς,
596 253 636 280 ὅτι
646 262 652 269 ·
670 264 679 279 ι
705 253 835 289 Ἀποθνή-
850 257 873 285 Α

63 310 120 329 σκω-
136 310 144 327 ι
158 301 204 327 καὶ
214 300 264 326 οὐκ
275 300 414 326 ἐπίστευον
427 298 509 334 αὐτῷ.
525 299 579 325 Kal
590 298 709 333 εὐλογῶν
721 298 832 335 Κύριον,

63 347 244 383 ὲκραταίωσεν,
257 346 297 372 ὅτι
319 345 388 380 μετὰ
406 345 437 371 τὸ
454 345 560 372 δεῖπνον
571 344 602 371 τὸ
616 345 678 380 χθὲς
691 345 833 372 ἀποθανεί-

63 403 108 420 rat.
122 392 238 428 Ἤρξατο
251 389 297 418 οὖν
309 391 397 425 λέγειν
410 392 468 423 τοῖς
480 391 547 422 υἱοῖς
559 391 654 417 αὑτοῦ·
671 400 680 416 (
703 390 833 417 Ἀκούσα-

63 447 95 469 τε,
107 438 183 464 τέκνα
197 445 259 472 μου,
271 436 324 463 υἱοὶ
336 435 495 470 Νεφθαλεὶμ
504 455 511 466 ,
525 435 658 462 ἀκούσατε
671 435 768 469 λόγους
780 443 833 461 πα·-

61 483 116 518 τρὸς
127 482 209 518 ὑμῶν.
229 480 300 516 Ἐγὼ
312 481 459 516 ἐγεννήθην
473 480 527 507 ἀπὸ
539 479 659 512 Βάλλας·
687 480 732 506 καὶ
747 479 788 506 ὅτι
806 479 835 505 ὲν

62 526 200 562 πανουργίᾳ
212 526 368 562 ἐποίησενὴ
386 525 497 561 Ῥαχὴλ,
517 525 564 552 καὶ
582 525 682 552 ἔδωκεν
701 524 760 551 ἀνθ’
773 525 836 551 ἑαυ-

61 572 104 607 τῆς
114 571 160 607 τὴν
172 571 275 598 Βάλλαν
285 570 438 606 τῷΊακὼϐ,
451 571 498 597 καὶ
510 570 557 597 ἐπὶ
567 569 621 596 τῶν
635 569 729 606 μηρῶν
737 568 836 605 Ῥαχὴλ

62 617 129 644 ἔτεκέ
150 626 193 653 με·
213 617 257 644 διὰ
278 617 357 643 τοῦτο
376 616 492 652 ἐκλήθην
515 615 674 651 Νεφθαλείμ
695 615 761 652 (94).
781 616 835 643 Kal

62 663 176 699 ἠγάπησε
192 672 226 699 με
244 663 354 698 Ῥαχὴλ,
367 663 408 689 ὅτι
421 663 467 689 ἐπὶ
480 661 535 689 τῶν
555 661 649 697 μηρῶν
660 661 744 696 αὐτῆς
762 662 836 696 ἐγεν-

63 709 146 744 νήθηνσ
159 709 205 735 καὶ
217 708 282 735 εἴδει
294 708 396 735 ἁπαλὸν
408 707 472 734 ὄντα
492 706 630 741 κατεφίλει
645 716 678 743 με
691 727 698 739 ,
709 707 832 742 λέγουσα·

64 763 73 779 ο
89 753 180 789 ἰδοιμι
196 753 310 788 ἀδελφόν
329 762 375 780 σου
393 753 424 780 ἐκ
441 753 491 788 τῆς
504 753 607 784 κοιλίας
620 762 669 788 μου
683 753 752 780 κατὰ
767 754 805 780 σέ.
824 764 833 779 ι

65 799 136 827 Ὅθεν
148 800 194 826 καὶ
204 800 294 835 ὅμοιός
316 808 360 835 μοι
377 797 411 835 ἦν
433 800 462 825 ὲν
483 799 565 826 πᾶσιν
583 799 691 835 Ἰωσὴφ,
705 799 775 826 κατὰ
788 799 836 831 τὰς

62 846 134 881 εὐχὰς
147 847 200 882 (95)
218 846 328 882 Ῥαχὴλ.
348 847 379 872 Ἡ
391 846 419 872 δὲ
435 846 526 882 μήτηρ
539 845 589 882 μού
608 847 664 872 ἐστι
677 846 775 877 Βάλλα,
790 845 835 872 θυ-

61 891 140 927 γάτηρ
163 891 287 918 Ῥουθέου
310 891 381 927 (96),
402 890 519 925 ἀδελφοῦ
537 890 672 926 Δεϐόρῤας
694 890 765 926 (97),
787 890 836 925 τῆς

60 937 149 972 τροφοῦ
166 937 324 969 Ῥεϐέκκας·
338 937 398 972 ἥτις
421 937 450 963 ὲν
474 937 523 972 μιᾷ
543 937 634 972 ἡμέρᾳ
655 936 761 972 ἐτέχθη,
775 937 803 962 ὲν

61 983 101 1008 καὶ
127 982 237 1018 Ῥαχὴλ.
268 983 297 1009 '0
323 982 351 1009 δὲ
381 982 503 1013 Ῥουθέος
526 981 581 1017 (98)
606 983 637 1008 ὲκ
666 981 713 1008 τοῦ
743 981 836 1016 γένους

66 1027 190 1063 Ἀϐραὰμ,
201 1028 343 1060 Χαλδαῖος,
354 1028 492 1063 Θεοσεὸὴς,
501 1027 642 1063 ἐλεύθερος
655 1028 701 1054 καλ⁸
711 1027 835 1062 εὐγενής.

59 1074 108 1100 Kal
117 1073 341 1109 αἰχμαλωτισθεὶς
353 1073 492 1109 ἠγοράσθη
502 1073 556 1100 ὑπὸ
564 1073 664 1100 Δάόαν·
678 1073 725 1100 καὶ
739 1073 837 1100 ἔδωκεν

60 1117 126 1153 αὐτῷ
137 1119 218 1144 Αίνᾶν
231 1118 280 1153 τὴν
304 1118 449 1153 παιδίσκην
468 1117 550 1144 αὐτοῦ
572 1118 613 1150 εἰς
630 1119 755 1152 γυναῖκα·
775 1118 836 1153 ἥτις

59 1163 127 1190 ἔτεκε
148 1164 296 1199 θυγατέρα,
320 1164 367 1190 καὶ
391 1163 519 1190 ἐκάλεσεν
540 1164 624 1200 αὐτὴν
648 1163 768 1199 Ζελφὰν,
791 1165 833 1191 ἐπ’

59 1210 161 1245 ὀνόματι
184 1210 235 1245 τῆς
257 1209 363 1246 κώμης,
386 1210 415 1237 ὲν
477 1210 675 1246 ῂχμαλωτεύθη
695 1210 760 1247 (99).
782 1211 836 1238 Kal

61 1255 115 1290 ἑξῆς
132 1256 208 1282 ἔτεκε
234 1256 285 1292 τὴν
307 1256 427 1288 Βάλλαν,
442 1256 539 1290 λέγων·
564 1257 763 1288 Καινόσπουδός
785 1265 834 1293 μου

60 1303 74 1336 ἡ
104 1302 234 1338 θυγάτηρ.
266 1302 354 1335 Εὐθὺς
373 1302 426 1338 γὰρ
455 1302 583 1338 τεχθεῖσα
611 1302 724 1330 ἔσπευδε
755 1303 835 1340 θηλά-

60 1348 110 1378 ζειν
122 1346 204 1383 (100).

95 1414 129 1442 Β’.
145 1425 154 1440 ι
171 1415 228 1443 Kal
240 1415 334 1451 ἐπειδὴ
353 1415 453 1450 κοῦφος
467 1416 540 1452 ήμην
559 1418 614 1448 τοῖς
628 1417 717 1449 ποσὶν,
729 1416 767 1449 ὡς
779 1417 839 1444 ἔλα.-
853 1402 873 1430 C

61 1469 113 1494 φος,
127 1461 202 1494 ἐταξέ
222 1470 254 1497 με
267 1463 281 1488 6
296 1463 387 1498 πατήρ
401 1471 451 1497 μου
459 1461 556 1489 Ἰακὼὸ
568 1463 608 1494 είς
622 1463 711 1489 πᾶσαν
723 1463 838 1489 ἀποστο-

60 1506 103 1542 λὴν
114 1508 160 1534 καὶ
171 1508 209 1544 (1)
222 1508 360 1542 ἀγγελίαν·
375 1508 422 1535 καί
436 1517 478 1542 γε,
490 1509 527 1540 ὡς
540 1508 637 1542 ἔλαφὸν
651 1517 684 1543 με
697 1508 837 1545 εὐλόγησε.

60 1550 150 1585 Καθὼς
161 1553 217 1589 γὰρ
227 1554 241 1580 6
252 1554 390 1590 κεραμεὺς
406 1552 459 1581 οἵδε
472 1554 502 1580 τὸ
520 1553 625 1586 σκεῦος,
645 1554 726 1580 πόσον
745 1555 838 1590 χωρεῖ,

62 1599 102 1625 καὶ
114 1600 180 1635 πρὸς
197 1599 279 1626 αὑτὸν
299 1600 376 1636 φέρει
389 1600 434 1627 τὸν
446 1600 540 1635 ’πηλόν⁵
552 1600 638 1632 οὕτως
650 1600 696 1628 καὶ
712 1601 727 1627 6
738 1600 839 1636 Κύριος

61 1644 122 1679 πρὸς
143 1645 275 1680 ὁμοίωσιν
297 1645 344 1672 τοῦ
368 1644 523 1680 πνεύματος
545 1647 617 1672 ποιεῖ
636 1645 666 1672 τὸ
685 1644 774 1680 σῶμα,
794 1645 840 1672 καὶ

62 1688 122 1723 πρὸς
134 1690 183 1725 τὴν
191 1689 306 1726 δύναμιν
314 1690 360 1716 τοῦ
371 1689 494 1726 σώματος
501 1690 531 1717 τὸ
541 1690 648 1726 πνεῦμα
654 1690 784 1725 ἐντίθησι,
792 1689 841 1717 καὶ

61 1734 104 1760 οὐκ
124 1735 180 1761 ἐστι
200 1735 292 1762 λοιπὸν
311 1735 348 1771 (2)
362 1735 390 1762 ἓν
410 1736 443 1761 ὲκ
454 1735 500 1762 τοῦ
513 1735 571 1767 ἑνὸς
583 1735 675 1771 τρίτον
685 1734 776 1770 τριχός
790 1733 838 1769 (5)’

63 1780 166 1815 σταθμῷ
178 1780 234 1816 γὰρ
245 1781 292 1807 καὶ
304 1780 395 1816 μέτρῳ
407 1781 454 1808 καὶ
467 1780 559 1807 κανόνι
571 1781 645 1807 πᾶσα
656 1779 745 1812 κτίσις
764 1779 841 1815 Ὑψί-

62 1833 128 1851 στου.
152 1826 209 1852 Kal
231 1826 355 1862 καθάπερ
374 1826 444 1853 οἶδεν
460 1827 475 1853 6
495 1827 632 1862 κεραμεὺς
651 1825 710 1858 ὲνδς
727 1825 840 1853 ἑκάστου

60 1869 105 1905 τὴν
121 1871 229 1906 χρῆσιν,
248 1871 285 1903 ὡς
308 1872 402 1899 ίκανοῐ·
425 1871 511 1903 οὕτως
532 1872 578 1898 καὶ
594 1872 608 1898 6
626 1870 728 1907 Κύριος
740 1867 793 1897 οἵδε
811 1870 842 1896 τὺ

63 1916 151 1952 σῶμα,
166 1918 220 1949 ἓως
232 1918 303 1950 τίνος
315 1918 451 1953 διαρκέσει
463 1919 492 1944 ὲν
505 1917 607 1952 ἀγαθῷ,
619 1917 666 1944 καὶ
679 1916 744 1944 πότε
758 1916 841 1952 ἄρχε-

61 1965 140 1991 ταιὲν
153 1963 240 1999 κακῷ.
254 1965 313 1991 "Ott
334 1964 383 1990 οὐκ
400 1963 456 1991 ἔστι
479 1964 532 1991 πᾶν
554 1963 681 1999 πλάσμα,
703 1963 751 1990 καὶ
769 1963 843 1990 πᾶσα

61 2008 161 2042 ἔννοια,
181 2010 214 2045 ἢν
235 2009 284 2036 οὐκ
307 2009 376 2044 ἔγνω
397 2008 513 2043 Κύριος·
527 2009 614 2036 πάντα
630 2008 685 2044 γὰρ
702 2008 842 2044 ἄνθρωπον

62 2053 147 2082 ἔκτισε
167 2056 228 2083 κατ’
246 2055 337 2082 εἰκόνα
360 2056 466 2083 ἑαυτοῦ.
485 2056 528 2087 Ὡς
544 2056 561 2090 ἠ
582 2055 657 2090 ἰσχὺς
668 2054 760 2086 αὑτοῦ,
772 2053 842 2080 οὕτω

62 2101 105 2127 καὶ
120 2101 150 2128 τὺ
162 2101 243 2138 ἔργον
255 2101 348 2129 αὑτοῦ·
370 2102 416 2129 καὶ
438 2103 475 2134 ὡς
493 2102 507 2128 ὁ
525 2101 586 2133 νοῦς
603 2101 702 2133 αὑτοῦ,
713 2101 785 2128 οὕτω
796 2100 843 2127 καὶ

61 2146 90 2172 τὸ
100 2146 179 2183 ἔργον
191 2147 284 2174 αὐτοῦ’
298 2148 345 2175 καὶ
356 2148 393 2180 ὡς
404 2148 421 2183 ἡ
435 2147 592 2184 προαίρεσις
604 2146 697 2179 αὐτοῦ,
716 2146 787 2173 οὕτω
798 2146 844 2172 καὶ

62 2192 78 2227 ἡ
98 2193 197 2228 πρᾶξις
219 2193 312 2221 αὑτοῦ·
335 2193 372 2226 ὡς
392 2195 408 2229 ἡ
432 2194 528 2229 καρδία
547 2193 641 2226 αὐτοῦ,
660 2193 731 2220 οὕτω
748 2193 794 2219 καὶ
813 2192 843 2219 τὸ

64 2239 146 2275 στόμα.
158 2240 251 2266 αὐτοῦ·
264 2240 324 2272 ὡςὸ
335 2240 470 2275 ὀφθαλμὸς
483 2239 575 2272 αὐτοῦ,
589 2240 659 2266 οὓτω
672 2240 718 2266 καὶ
734 2241 748 2266 6
761 2239 842 2270 ὕπνος

63 2272 152 2310 αὐτοῦ’
165 2284 203 2316 ὼς
218 2284 317 2320 ἡψυχὴ
338 2272 430 2316 αυτοῦ,
444 2284 514 2311 οὕτω
534 2285 582 2311 καὶ
601 2285 615 2311 ὸ
627 2284 703 2319 λόγος
720 2283 813 2314 αὐτοῦ,
826 2283 843 2318 ἢ
860 2272 881 2300 D

63 2330 90 2356 ὲν
100 2330 176 2366 νόμῳ
186 2331 299 2366 Κυρίου,
312 2331 329 2366 ἢ
341 2331 370 2357 ἐν
381 2332 455 2367 νόμῳ
473 2331 581 2367 Βελιάρ.
600 2331 656 2357 Kal
676 2330 714 2362 ὡς
731 2329 845 2365 κεχώρι-

63 2383 122 2402 σται
135 2376 272 2411 ἀνάμεσον
280 2371 367 2410 φωτὸς
376 2376 423 2403 καὶ
437 2376 557 2408 σκότους,
565 2377 685 2412 ὁράσεως
693 2375 740 2402 καὶ
749 2375 842 2410 ἀκοῆς·

62 2418 132 2446 οὕτω
151 2419 316 2456 κεχώρισται
335 2421 471 2457 ἀνάμεσον
488 2421 583 2457 ἀνδρὸς
604 2421 650 2447 καὶ
668 2421 779 2457 ἀνδρὸς,
799 2420 846 2447 καὶ

63 2465 197 2501 ἀνάμεσον
209 2467 335 2500 γυναικὸς
342 2468 389 2494 καὶ
396 2467 532 2502 γυναικός
543 2467 590 2493 καὶ
601 2467 652 2493 οὐκ
664 2466 737 2494 ἔστιν
748 2468 843 2498 εἰπεῖν,

90 2545 113 2561 ⁸⁵
129 2545 194 2581 Sap.
214 2553 252 2578 ιι,
270 2545 315 2573 21.
353 2545 374 2561 ν’
389 2546 453 2581 Sap.
466 2553 510 2578 xv,
525 2546 550 2572 7.
589 2547 609 2562 ¹⁶
622 2545 704 2574 Hebr.
727 2554 763 2579 Iv,
777 2546 823 2573 15..

99 2624 155 2659 (94)
164 2659 167 2660 ν
177 2623 327 2660 Ἐκλήθην
339 2625 519 2660 Νεφθαλείμ.
530 2624 696 2652 Peculiarem
713 2630 846 2652 rationem

65 2659 186 2687 nominis
204 2659 375 2694 Nephthalim
400 2660 521 2694 assignat
535 2665 629 2687 auctor
644 2665 746 2691 uoster,
758 2660 847 2686 diver-

65 2702 123 2730 sam
138 2694 173 2721 ab
189 2702 220 2730 ea
232 2702 292 2729 quae
302 2703 317 2721 a
329 2695 432 2730 Moyse,
442 2694 540 2722 Genes.
555 2702 620 2727 xxx,
636 2694 662 2727 3,
677 2695 848 2726 traditur,rac

66 2729 179 2762 proinde
193 2729 264 2756 haud
277 2729 491 2763 approbandam.
508 2729 663 2757 Genuinum
676 2734 765 2756 autem
783 2737 846 2757 sen-

66 2771 128 2799 sum
154 2764 237 2799 hujus
259 2764 389 2798 nominis,
409 2769 436 2792 et
457 2765 602 2792 verborum
625 2764 726 2799 Moysis
748 2765 782 2791 de
804 2773 846 2797 eo,

66 2798 178 2860 gahun:1
194 2798 428 2827 commentatores
453 2799 481 2826 in
509 2800 622 2828 citatum
644 2798 848 2835 locum'Gcne-

82 2840 141 2860 COS.
181 2843 241 2860 ΠΛΒ.

67 2840 141 2860 $005.
157 2840 241 2861 UﬂAB.

103 2868 160 2938 (95)
175 2869 283 2903 Εὐχάς.
300 2869 439 2904 Εὑλογίας.
456 2871 493 2897 lo.

113 2903 150 2932 96
178 2903 324 2932 Ῥυυθέου.
348 2905 493 2932 Ῥουθαίου.

113 2903 160 2934 96)
178 2903 324 2932 Ῥυυθέου.
348 2903 494 2932 Ῥουθαίου.
507 2905 534 2934 In

596 194 856 224 TES'I‘AMENTUM
874 194 1106 223 NEPHTHALIM.

1597 194 1664 224 “06

888 253 922 280 Et
935 257 1080 288 postquam
1093 252 1225 280 excitatus
1241 257 1283 280 est
1302 260 1317 279 a
1333 259 1428 280 somno
1444 261 1534 284 mane.
1548 253 1618 282 dixit
1633 255 1666 281 il-

886 299 919 326 lis
935 308 941 325 :
961 308 970 324 ι
987 297 1088 325 Morior
1101 306 1108 324 :
1123 307 1132 324 ι
1150 301 1177 325 et
1195 305 1250 325 non
1268 298 1441 326 crediderunt
1460 299 1494 327 ei.
1508 298 1541 327 Et
1555 300 1665 327 benedi-

887 352 951 373 cens
966 344 1096 378 Domino,
1121 344 1303 378 conﬁrmavit,
1326 345 1400 379 quod
1424 350 1486 380 post
1510 346 1664 374 hesternam

885 398 992 418 ctenam
1006 394 1170 418 moreretur.
1184 389 1297 425 lncoapit
1310 390 1392 425 igitur
1402 390 1492 419 dicere
1506 391 1568 420 ﬁliis
1585 392 1642 420 suis
1656 400 1666 420 :

888 435 1012 467 «Audite,
1028 436 1075 463 ﬁlii
1087 435 1152 468 mei,
1163 435 1211 462 ﬁlii
1227 434 1410 470 Nephthalim.
1425 436 1516 464 audite
1527 444 1665 465 sermones

884 482 971 517 patris
986 482 1080 510 vestri.
1096 491 1105 507 ι
1120 481 1176 517 Ego
1190 486 1271 509 natus
1283 489 1342 510 sum
1356 490 1372 509 a
1388 482 1482 510 Balla:
1497 487 1524 510 et
1537 483 1666 518 quoniam

886 531 975 554 astute
989 526 1053 554 fecit
1071 526 1184 559 Rachel,
1198 532 1229 554 et:
1239 526 1313 554 dedit
1330 534 1379 562 pro
1399 528 1487 562 seipsa
1504 528 1607 556 Ballam
1623 528 1669 558 Ja-

886 575 947 608 cob,
964 578 992 601 et
1007 581 1089 609 super
1113 573 1216 600 femora
1232 573 1334 601 Rachel
1355 570 1459 609 peperit
1482 582 1542 608 me;
1559 580 1668 611 propter

886 621 938 648 hoc
949 624 1063 647 vocatus
1074 627 1135 647 sum
1148 617 1331 654 Ncphthalim.
1347 619 1380 646 Et
1391 620 1484 647 dilexit
1498 628 1541 648 me
1555 619 1666 653 Rachel,

885 666 1016 702 quoniam
1040 672 1123 701 super
1150 664 1254 693 femora
1277 673 1326 692 sua
1345 670 1425 694 natus
1446 674 1523 700 sum;
1536 671 1564 694 et
1579 668 1668 702 specie

886 718 1009 739 tenerum
1030 711 1204 738 exsistentem
1233 711 1355 738 osculata
1383 717 1425 739 est
1450 719 1512 745 me,
1539 712 1633 740 dicens
1660 722 1666 740 :

889 768 899 784 ι
917 757 1027 786 Videam
1043 757 1155 785 fratrem
1178 762 1254 784 tuum
1270 765 1304 785 ex
1323 761 1417 785 ventre
1438 766 1499 785 meo
1517 759 1666 786 secundum

887 809 922 832 te.
936 807 950 830 ἱ
966 803 1042 832 Unde
1056 809 1083 832 et
1101 804 1198 832 similis
1213 805 1265 832 mei
1280 809 1339 832 erat
1362 805 1389 832 in
1414 805 1542 832 omnibus
1554 804 1666 838 Joseph,

887 844 1036 879 secundum
1050 850 1194 886 petitiones
1209 850 1319 878 Rachel.
1339 850 1424 878 Mater
1442 855 1531 878 autem
1552 858 1610 878 mea
1627 855 1669 878 est

887 897 972 931 Bella,
988 898 1043 925 ﬁlia
1058 897 1173 931 Ruthati,
1187 896 1279 925 fratris
1296 897 1417 930 Deborat,
1436 897 1550 924 nutricis
1564 896 1671 926 Rebec-

889 952 945 977 cae;
962 951 1022 979 quae
1037 943 1111 971 Balla
1133 944 1160 970 in
1177 951 1230 970 una
1246 943 1289 971 die
1311 947 1374 970 nata
1390 947 1442 976 est,
1458 943 1484 970 in
1500 950 1554 978 qua
1571 947 1597 971 et
1611 942 1668 970 Ra—

888 990 957 1018 chel.
972 989 1101 1018 Ruthaeus
1114 997 1178 1017 vero
1192 997 1225 1017 ex
1237 997 1334 1025 genere
1353 989 1490 1017 Abraham
1508 994 1576 1022 erat,
1587 989 1669 1020 Chal-

888 1035 973 1068 daeus,
985 1035 1069 1063 Deum
1081 1043 1226 1068 venerans,
1241 1035 1308 1062 liber
1319 1039 1346 1062 et
1356 1035 1465 1062 nobilis.
1480 1034 1512 1062 Et
1523 1042 1585 1062 cum
1596 1039 1670 1062 esset

887 1080 1021 1115 captivus,
1034 1083 1139 1114 emptus
1156 1084 1196 1107 est
1209 1087 1224 1107 a
1234 1079 1341 1114 Laban;
1357 1084 1382 1108 et
1395 1080 1469 1107 dedit
1483 1080 1507 1107 ei
1521 1080 1607 1107 Enam
1618 1088 1668 1108 an-

888 1127 977 1154 cillam
993 1134 1070 1154 suam
1085 1126 1111 1152 in
1131 1133 1260 1159 ultorem;
1275 1134 1335 1160 qua:
1354 1125 1457 1160 peperit
1472 1125 1570 1157 ﬁliam.
1581 1131 1609 1153 et
1621 1134 1670 1154 vo-

887 1173 958 1198 cavit
972 1178 1031 1198 eam
1047 1170 1186 1206 Zelpham,
1202 1171 1362 1205 cognomine
1375 1170 1477 1198 castelli
1499 1171 1525 1197 in
1548 1179 1603 1205 quo
1623 1178 1670 1198 ca—

889 1217 978 1252 ptivus
990 1221 1058 1244 erat.
1074 1215 1174 1244 Deinde
1189 1216 1293 1251 peperit
1305 1215 1419 1247 Ballam,
1435 1215 1527 1243 dicens
1541 1223 1547 1240 :
1559 1215 1669 1243 Noviter

889 1260 1021 1289 festinans
1036 1261 1091 1289 ﬁlia
1106 1269 1176 1289 mea.
1191 1260 1342 1288 Confestim
1361 1261 1433 1288 enim
1455 1266 1515 1288 nata
1533 1260 1670 1288 festinavit

888 1305 931 1334 lac
945 1314 1051 1341 sugere.

926 1418 959 1446 ll.
975 1428 985 1444 ι
1004 1418 1037 1446 Ει
1050 1418 1114 1453 quia
1131 1418 1244 1453 pedibus
1261 1417 1327 1444 levis
1337 1424 1423 1447 erant,
1435 1421 1466 1444 ut
1476 1423 1583 1449 cervus,
1598 1415 1671 1443 ordi-

891 1464 964 1492 navit
976 1472 1020 1492 me
1030 1469 1107 1499 pater
1122 1471 1200 1491 meus
1212 1462 1296 1490 Iacob
1310 1463 1337 1489 in
1351 1470 1459 1490 onmem
1473 1461 1631 1489 missionem
1644 1465 1672 1489 et

889 1510 1123 1537 annuntiationem
1135 1518 1142 1541 ;
1158 1513 1185 1535 et
1199 1513 1228 1535 ut
1242 1516 1322 1536 cervo
1333 1507 1399 1535 mihi
1410 1507 1557 1535 benedixit.
1571 1506 1672 1540 Quem-

889 1556 1034 1583 admodum
1046 1555 1118 1583 enim
1130 1555 1228 1589 ﬁgulus
1239 1555 1315 1581 novit
1326 1561 1385 1587 vas,
1402 1558 1534 1589 quantum
1550 1553 1632 1588 capit,
1645 1557 1672 1581 et

890 1601 923 1628 ad
937 1601 1026 1635 ipsum
1041 1600 1094 1628 fert
1113 1600 1217 1632 lutum;
1239 1599 1276 1626 ita
1294 1603 1322 1626 et
1338 1598 1471 1626 Dominus
1492 1597 1527 1626 ad
1544 1598 1672 1626 similitu-

890 1648 979 1674 dinem
992 1646 1104 1681 spiritus
1115 1645 1181 1673 facit
1191 1653 1303 1680 corpus,
1315 1648 1343 1672 et
1361 1645 1394 1672 ad
1409 1645 1556 1680 potentiam
1575 1651 1674 1679 corpo-

891 1695 928 1722 ris
943 1693 1068 1729 spiritum
1085 1693 1210 1728 imponit,
1222 1697 1250 1720 et
1264 1700 1318 1719 non
1334 1696 1377 1720 est
1391 1692 1448 1726 jam
1464 1699 1518 1718 una
1539 1692 1618 1719 tertia
1638 1698 1672 1718 ex

891 1748 946 1768 uno
957 1739 1071 1775 capillo;
1089 1738 1210 1774 pondere
1227 1737 1301 1765 enim
1312 1741 1340 1765 et
1352 1745 1480 1765 mensura
1491 1741 1518 1765 et
1532 1738 1625 1773 regula
1639 1737 1672 1770 “,

891 1784 981 1812 omnis
998 1788 1123 1811 creatura
1138 1783 1271 1811 Altissimi
1288 1782 1447 1818 (consistit).
1466 1782 1500 1810 Et
1513 1782 1585 1810 sicut
1598 1782 1674 1810 novit

892 1831 989 1866 figulus
1007 1829 1223 1865 uniuscujusque
1238 1837 1329 1863 usum,
1340 1828 1441 1864 quibus
1455 1828 1537 1856 rebus
1551 1827 1674 1855 sufﬁcere

892 1881 973 1911 queat
988 1876 1027 1910 ¹⁵ς
1045 1875 1082 1903 ita
1097 1880 1126 1903 et
1144 1875 1276 1903 Dominus
1300 1875 1375 1902 novit
1399 1881 1515 1909 corpus,
1531 1880 1674 1908 usquequo

892 1921 1007 1950 suﬂiciat
1017 1921 1045 1948 in
1060 1921 1148 1954 bono,
1165 1925 1192 1948 et
1208 1920 1318 1955 quando
1338 1920 1431 1954 incipit
1451 1919 1479 1946 in
1500 1919 1582 1948 malo.
1598 1918 1675 1952 Quo-

892 1969 965 1996 niam
980 1975 1034 1995 non
1047 1972 1089 1995 est
1101 1967 1156 1994 ulla
1170 1970 1368 2000 creatura,.nec
1376 1965 1431 1993 ulla
1442 1965 1581 2000 cogitatio,
1592 1971 1674 1999 quam

893 2022 947 2041 non
963 2013 1088 2049 cognovit
1111 2012 1244 2039 Dominus
1261 2011 1297 2045 ‘°;
1311 2019 1419 2039 omnem
1443 2011 1516 2038 enim
1536 2009 1675 2036 hominem

894 2059 996 2087 creavit
1016 2059 1049 2086 ad
1071 2059 1216 2093 imaginem
1239 2064 1328 2085 suam.
1350 2056 1427 2084 Sicut
1450 2055 1582 2083 fortitudo
1604 2054 1675 2090 ejus,

895 2105 933 2132 ita
954 2109 981 2132 et
997 2112 1067 2139 opus
1089 2104 1163 2137 ejus;
1185 2109 1212 2131 et
1231 2104 1302 2131 sicut
1323 2111 1400 2130 mens
1414 2102 1485 2137 ejus,
1505 2101 1542 2128 ita
1566 2105 1593 2128 et
1608 2108 1676 2135 opus

896 2151 970 2186 ejus;
996 2155 1022 2178 et
1044 2151 1115 2178 sicut
1135 2150 1288 2185 praelectio
1307 2150 1383 2184 ejus,
1398 2149 1435 2175 ita
1457 2152 1484 2176 et
1504 2152 1581 2175 actus
1601 2147 1675 2182 ejus;

897 2198 969 2224 sicut
979 2204 1027 2224 cor
1041 2197 1111 2231 ejus,
1124 2196 1161 2223 ita
1176 2200 1203 2223 et
1221 2203 1251 2223 os
1263 2195 1340 2230 ejus;
1361 2195 1432 2222 sicut
1446 2193 1542 2221 oculus
1558 2192 1628 2228 ejus,
1641 2192 1677 2219 ita

894 2247 921 2270 et
937 2250 1050 2270 somnus
1064 2243 1138 2276 ejus;
1151 2242 1222 2269 sicut
1236 2241 1326 2268 anima
1338 2241 1407 2276 ejus,
1421 2241 1457 2267 ita
1467 2243 1494 2267 et
1506 2246 1596 2267 sermo
1607 2238 1677 2272 ejus,

898 2288 940 2316 vel
955 2289 983 2315 in
997 2288 1056 2323 lege
1070 2287 1188 2320 Domini,
1204 2288 1246 2314 vel
1262 2287 1289 2314 in
1309 2287 1367 2321 lege
1382 2285 1479 2312 Bcliar.
1499 2283 1533 2311 Et
1551 2283 1622 2310 sicut
1637 2281 1679 2308 di-

898 2335 988 2363 visum
1001 2339 1043 2362 est
1059 2333 1249 2362 intermedium
1266 2331 1335 2360 lucis
1357 2336 1383 2359 et
1400 2331 1590 2362 tenebrarum,
1602 2327 1679 2355 visus

899 2384 924 2408 et
939 2381 1048 2408 auditus
1067 2390 1073 2407 :
1090 2380 1126 2407 ita
1150 2379 1268 2407 divisum
1297 2382 1339 2406 est
1367 2376 1559 2404 intermedium
1582 2373 1634 2400 viri
1652 2377 1679 2400 et

899 2427 962 2458 viri.
980 2432 1007 2455 et
1029 2426 1221 2454 intermedium
1239 2423 1360 2452 mulieris
1378 2428 1405 2450 et
1425 2421 1561 2453 mulieris;
1578 2424 1606 2447 et
1624 2426 1678 2446 non

900 2477 941 2500 est
959 2472 1116 2503 dicendum,
1128 2470 1201 2506 quod
1225 2470 1278 2497 ulla
1295 2469 1322 2496 in
1345 2477 1375 2496 re
1390 2467 1468 2495 faciei
1486 2466 1527 2493 vel
1547 2464 1678 2494 similium

933 2624 987 2658 (97)
1003 2624 1154 2657 Δεὸὀῤῥας.
1167 2621 1311 2658 Δεϐὃᾷρας.
1325 2619 1365 2658 l_n.

943 2656 988 2691 98)
1007 2656 1152 2691 Ῥούθέος.
1176 2657 1320 2688 Ῥουθαῖος.
1334 2656 1370 2682 lo-

943 2659 977 2686 98
1007 2659 1152 2691 Ῥουθέος.
1176 2659 1320 2688 Ῥουθαῖος.
1335 2659 1370 2682 lo-

932 2659 988 2728 (99)
1008 2693 1245 2754 ᾙέμαλωτειᾶθη.
1268 2690 1484 2733 ᾙχμαλωιίσθη.
1501 2689 1540 2716 In.
1606 2722 1611 2730 '

934 2729 1006 2754 (100)
1026 2731 1048 2754 Λ
1067 2736 1136 2754 γων-
1162 2726 1388 2754 Ιςαιινόσπουδοο
1410 2734 1468 2754 μου
1496 2725 1516 2754 ’ἡ
1540 2724 1611 2754 (ivra

934 2724 1006 2764 (100)
1023 2724 1136 2762 Ἀέγωιν·
1162 2724 1388 2764 Καικρσἐῑὸἱίδός
1408 2724 1471 2764 μορ
1496 2724 1679 2764 ἠιθυτᾴτηρ.

899 2756 1062 2798 Εὗθὺςίγὰρ
1071 2756 1212 2798 ὶεχθεῖσα
1225 2761 1354 2798 ἔσπενδε
1372 2756 1625 2798 (inﬁdam-desunt.
1642 2756 1679 2783 In.

947 2799 971 2830 l)
984 2795 1181 2830 Ἄποστοζλὴν
1190 2797 1239 2823 καί
1254 2797 1367 2824 omissa.
1380 2795 1418 2823 In.

947 2799 957 2825 l
990 2799 1181 2830 Ἀποστολὴν
1190 2799 1239 2823 καί
1254 2799 1325 2824 omis

944 2835 961 2861 2
985 2834 1106 2861 Λοιπόν.
1128 2832 1273 2859 Ἐλλεῑπον.
1287 2831 1325 2858 In.

944 2799 1090 2931 ῗὲωἷρίῖιρν
1104 2868 1212 2903 τριχός.
1223 2866 1320 2894 Omnia

934 2861 973 2904 (ὅ)
990 2869 1090 2904 Τρίζον
1104 2868 1212 2903 τριχός.
1223 2866 1320 2894 Omnia
1329 2866 1431 2894 omissa
1445 2872 1531 2900 usque
1545 2863 1577 2891 ad
1588 2861 1607 2897 ἢ
1625 2861 1682 2890 τῶν

978 2628 988 2728 ξ

874 2932 876 2935 ,
900 2903 1017 2940 ὁμοίων.
1037 2903 1073 2930 lo.
