1913 3102
61 188 124 218 “09

609 192 865 222 TESTAMENTUM
877 194 1106 224 NEPHTHALIM.

1595 202 1664 231 mo

91 248 124 273 A’.
145 256 154 272 ι
164 246 260 274 ταῦτα
270 247 351 283 λέγω,
361 247 441 275 τέκνα
454 256 515 283 μου,
528 248 567 275 ὅτι
579 249 697 284 ἀνέγνων
704 251 733 277 ἐν
745 251 835 288 Γραφῇ

926 251 971 279 ιν.
993 262 1002 278 ι
1015 252 1077 281 Haec
1087 253 1158 287 dico,
1171 253 1218 281 ﬁlii
1231 255 1299 288 mei,
1317 257 1446 291 quoniam
1466 257 1518 293 legi
1540 259 1568 287 in
1590 259 1664 288 Scri-

59 292 184 329 ἁγίᾳ(19)
208 293 306 329 Ἑνὼχ,
323 294 364 320 ὅτι
380 294 426 321 καί
435 302 466 328 γε
483 295 561 330 ὑμεῖς
577 294 763 330 ἁποστήσεσθε
782 296 836 323 ἀπὸ

60 337 165 373 Κυρίου,
174 339 353 374 πορευόμενοι
364 338 434 365 κατὰ
443 339 532 366 πᾶσαν
543 340 672 375 πονηρίαν
685 339 780 372 ἐθνῶν,
789 341 836 367 καὶ

60 384 178 419 ποιήσετε
195 383 269 411 κατὰ
279 385 368 411 πᾶσαν
379 384 494 420 ἀνομίαν
507 384 640 420 Σοδόμων.
666 386 720 412 Kal
741 385 835 419 ἐπάξει

59 430 118 465 ὑμῖν
135 429 239 465 Κύριος
257 431 454 466 αἰχμαλωσίαν,
474 431 520 458 καὶ
541 430 695 458 δουλεύσετε
708 432 766 457 ἐκεῖ
780 432 836 463 τοῖς

58 475 156 510 ἐχθροῖς
173 475 263 510 ὑμῶν,
277 476 324 502 καὶ
330 476 403 513 πάσῃ
415 476 533 503 κακώσει
544 477 590 504 καὶ
601 477 687 511 θλίψει
702 478 835 512 συγκαλυ-

59 521 186 556 φθήσεσθε
205 521 273 557 (20),
287 523 338 554 ἕως
350 522 383 549 ἂν
391 521 516 559 ἀναλώσῃ
527 522 628 559 Κύριος
639 524 740 555 πάντας
753 524 833 559 ὑμᾶς.

59 569 108 594 Kal
134 567 204 603 μετὰ
225 569 258 595 τὸ
283 568 446 604 ὀλιγωθῆναι
463 569 535 604 ὑμᾶς
552 569 599 596 καὶ
625 569 834 605 σμικρυνθῆναι,

58 614 235 649 ἐπιστρέφετε
247 614 293 640 καὶ
306 613 490 648 ἐπιγνώσεσθε
500 614 602 650 Κύριον
615 615 659 642 τὸν
669 615 737 642 Θεὸν
749 615 832 650 ὑμῶν·

58 659 101 686 καὶ
115 659 276 694 ἐπιστρέψει
290 660 361 695 ὑμᾶς
370 660 410 691 εἰς
425 659 475 695 τὴν
485 659 537 694 γῆν
548 659 636 695 ὑμῶν,
649 659 719 687 κατὰ
728 660 759 686 τὺ
769 661 834 687 πολὺ

58 705 132 732 αὐτοῦ
145 705 229 737 ἔλεος.
244 706 299 732 Καὶ
314 705 399 738 ἔσται,
413 705 451 732 ὅτ’
468 705 501 732 ἂν
511 705 621 741 ἥξουσιν
632 706 660 732 ἐν
672 707 706 742 γῇ
721 706 835 742 πατρῴῃ

58 751 149 783 αὐτῶν,
163 751 249 778 πάλιν
265 750 443 777 ἐπιλάθωνται
457 751 571 787 Κυρίου,
595 751 644 777 καὶ
660 751 833 787 ἁσεϐήσουσι,

58 797 99 823 καὶ
108 797 251 832 διασπερεῖ
271 796 369 827 αὐτοὺς
389 795 491 831 Κύριος
513 796 559 823 ἐπὶ
577 796 722 831 προσώπου
746 796 835 831 πάσης

57 843 102 877 τῆς
113 842 173 877 γῆς,
188 842 254 877 ἄχρι
265 842 312 868 τοῦ
328 841 413 868 ἐλθεῖν
425 841 455 868 τὺ
468 841 618 876 σπλάγχνον
642 841 743 876 Κυρίου
753 861 760 873 ,
787 841 834 868 ἄν-

58 888 158 923 θρωπος
170 888 257 914 ποιῶν
267 888 448 923 δικαιοσύνην,
466 888 512 914 καὶ
525 887 608 914 ποιῶν
627 887 701 919 ἕλεος
713 887 753 918 είς
769 887 835 913 πάν-

57 945 100 968 τας
111 936 173 968 τοὺς
186 936 306 972 μακρὰν,
319 937 366 962 καὶ
377 936 440 967 τοὺς
457 935 539 970 ἐγγύς
551 934 617 971 (21).
851 927 872 954 Β

89 1027 124 1054 E'.
147 1037 156 1053 ι
177 1027 223 1054 Ἑν
235 1027 289 1063 γὰρ
300 1027 355 1053 ἔτει
368 1027 576 1063 τεσσαρακοστῷ
599 1027 672 1062 ζωῆς
690 1035 754 1062 μου,
767 1024 836 1053 εῐδον

57 1074 83 1100 ἐν
92 1073 180 1109 ὄρεσιν
193 1073 251 1110 (22)
262 1073 350 1100 ἐλαίου
360 1073 415 1109 (25)
424 1074 494 1100 κατὰ
502 1073 633 1105 ἀνατολὰς
650 1073 682 1100 Ίε
688 1073 802 1108 ρουσαλὴ
806 1081 835 1107 μ,

57 1118 94 1145 ὅτι
108 1119 122 1145 6
132 1117 209 1153 ἥλιος
226 1119 299 1153 καὶὴ
316 1118 414 1154 σελήνη
424 1118 553 1154 ἓστηχαν.
567 1118 623 1156 βαι
641 1118 694 1144 ίδοὺ
715 1116 808 1144 Ἰσαὰκ
822 1118 836 1143 6

58 1163 141 1199 πατὴρ
156 1164 204 1191 τοῦ
222 1164 326 1200 πατρός
344 1173 393 1200 μου
404 1164 476 1198 λέγει
494 1165 560 1199 ἡμῖν
570 1173 576 1179 ·
593 1174 602 1189 ι
614 1162 836 1199 Προσδραμόντες

57 1207 205 1242 κρατήσατε
215 1207 330 1239 ἕκαστος
342 1206 413 1234 κατὰ
423 1207 536 1242 δύναμιν
546 1215 552 1222 ·
568 1207 614 1234 καὶ
630 1206 677 1233 τοῦ
690 1205 836 1236 πιάσαντος

57 1253 126 1279 ἔσται
142 1254 156 1280 6
167 1254 244 1288 ἣλιος
255 1254 301 1280 καὶ
316 1255 333 1289 ἡ
350 1253 459 1289 σελήνη.
473 1263 482 1279 ›
496 1254 551 1280 Kal
571 1252 671 1284 πάντες
687 1250 754 1287 ὁμοῦ
774 1251 837 1276 ἐπε-

56 1298 189 1334 ὗράμομεν
198 1308 205 1314 ·
226 1300 272 1325 καὶ
283 1300 297 1325 6
307 1299 372 1325 Λευῖ
384 1300 518 1336 ἐκράτησε
527 1298 572 1325 τὸν
583 1298 668 1334 ἥλιον,
682 1297 729 1324 καὶ
740 1298 754 1324 6
773 1295 837 1323 Ἰού-

57 1343 100 1376 δας
112 1344 218 1378 φθάσας
230 1345 327 1371 ἐπίασε
338 1344 388 1379 τὴν
401 1344 514 1380 σελήνην
523 1352 530 1359 ·
548 1343 595 1370 καὶ
615 1342 761 1377 ὑψώθησαν
784 1341 837 1377 άμ-

57 1388 156 1424 φότεροι
170 1390 220 1416 σὺν
228 1389 329 1421 αὐτοῖς.
341 1389 396 1416 Καὶ
407 1389 481 1420 δντος
492 1387 540 1415 τοῦ
549 1387 612 1414 Δευτ
624 1387 662 1419 ὡς
677 1386 763 1422 ἡλίου,
775 1393 837 1411 νεα-

58 1436 110 1467 νίας
122 1444 163 1467 τις
179 1436 332 1462 ἐπιδίδωσιν
343 1434 417 1470 αὐτῷ
432 1435 494 1470 βάῖα
505 1434 631 1469 φοινίκων
645 1432 677 1459 ιϐ’
686 1452 693 1464 ,
707 1432 754 1459 καὶ
772 1431 837 1458 Ἰού-

57 1481 100 1512 δας
109 1479 142 1516 ἧν
151 1480 289 1516 λαμπρὸς,
301 1481 338 1513 ὡς
354 1482 371 1516 ὴ
398 1480 506 1516 σελήνη,
532 1481 580 1507 καὶ
595 1481 649 1507 ὑπὸ
669 1481 732 1513 τοὺς
753 1481 836 1511 πόδας

57 1528 134 1554 αὐτοῦ
144 1526 215 1564 ἦσαν
228 1527 259 1559 ιδ’
277 1528 395 1558 ἀκτῖνες.
406 1526 462 1552 Καὶ
474 1527 694 1563 προσδραμόντες
714 1527 837 1562 ἀλλήλοις

57 1575 70 1600 6
81 1574 142 1600 Λευῖ
154 1574 202 1601 καὶ
221 1575 236 1600 ὁ
250 1573 360 1605 Ἰούδας,
377 1574 531 1609 ἐκράτησαν
556 1572 677 1604 ἑαυτούς.
701 1572 757 1599 Καὶ
780 1571 834 1599 ἰδοὺ

58 1619 149 1655 ταῦρος
166 1620 213 1647 ἐπὶ
223 1620 272 1655 τῆς
284 1601 427 1654 γῆςξνέχων
444 1601 491 1645 δύο
515 1617 620 1653 κέρατα
642 1601 745 1653 μεγάλα
757 1637 764 1650 ,
788 1618 834 1644 καὶ
849 1601 870 1631 c

58 1665 189 1701 τπὲρυγας
203 1665 283 1692 ἀετοῦ
297 1665 342 1691 ἐπὶ
354 1664 400 1691 τοῦ
422 1664 506 1691 νώτου
526 1663 624 1690 αὐτοῦ·
645 1664 692 1690 καὶ
713 1663 834 1696 θέλοντες

59 1713 133 1739 αὑτὸν
144 1713 260 1744 πιάσαι,
281 1713 331 1740 οὐκ
346 1711 527 1748 ἠδυνήθημεν.
554 1710 661 1742 Φθάσας
683 1710 712 1737 δὲ
738 1710 834 1745 Ἰωσὴφ

58 1758 146 1786 ἐλαϐεν
158 1759 250 1791 αὑτὸν,
263 1760 309 1786 καὶ
322 1758 450 1793 συνῆλθεν
461 1757 534 1793 αὐτῷ
547 1757 587 1789 είς
600 1756 676 1791 ὕψος.
694 1757 749 1783 Καὶ
767 1754 835 1783 εἷδον

59 1803 111 1839 (ὅτι
126 1806 201 1841 ἢμην
226 1804 319 1840 παρὼν
338 1804 412 1840 ἐκεῖ)
430 1804 478 1830 καὶ
499 1803 552 1830 ἰδοὺ
564 1803 659 1839 Γραφὴ
679 1802 746 1836 ἁγία
758 1801 834 1837 ὤφθη

58 1850 128 1885 ἡμῖν,
139 1851 270 1885 λέγουσα·
283 1860 293 1876 ι
311 1850 464 1885 Ἀσσύριοι,
483 1848 587 1884 Μῆδοι,
609 1848 732 1883 Πέρσαι,
762 1847 837 1874 Ἐλυ-

61 1897 128 1930 μαῖοι
145 1896 213 1932 (24),
230 1896 371 1932 Γελαχαῖοι
388 1895 454 1931 (25),
468 1895 605 1927 Χαλδαῖοι,
618 1894 715 1930 Σύροι,
736 1894 835 1930 κληρο-

61 1943 218 1978 νομήσουσιν
228 1941 398 1978 αἰχμαλωσίᾳ
409 1941 444 1968 τὰ
455 1941 486 1967 ι6¹
498 1940 622 1976 σκῆπτρα
633 1939 680 1966 τοῦ
699 1939 815 1975 Ἰσραήλ.
823 1949 832 1965 ι

92 2001 136 2033 ς’.
153 2009 163 2025 ‹
175 2000 231 2026 Kal
243 1999 323 2026 πάλιν
337 1998 406 2034 μετὰ
419 1998 505 2033 μῆνας
518 1996 588 2023 ἐπτὰ
597 1994 666 2023 εἶδον
677 1996 721 2023 τὸν
731 1996 837 2032 πατέρα

60 2046 132 2080 ἡμῶν
148 2045 245 2072 Ἰακὼϐ
256 2065 263 2077 ,
282 2044 414 2080 ἑστηκότα
433 2045 463 2070 ὲν
478 2045 511 2079 τῇ
524 2043 645 2079 θαλάσσῃ
663 2043 752 2077 Ἰαμνέ
768 2043 834 2079 (26)·

60 2091 102 2116 xal
113 2090 192 2126 ἡμεῖς
204 2091 227 2116 οἱ
239 2089 291 2116 υἱοὶ
305 2088 385 2115 αὑτοῦ
399 2088 447 2115 σὺν
458 2087 542 2123 αὐτῷ.
554 2088 609 2114 Καὶ
622 2087 674 2114 ἰδοὺ
687 2087 777 2114 πλοῖον
788 2089 837 2124 ἦρ-

59 2144 116 2170 χετο
127 2134 273 2171 ἀρμενιζον
284 2155 291 2167 ,
312 2134 409 2170 μεστὸν
424 2134 553 2169 ταρίχιον,
571 2133 648 2164 ἐκτὸς
664 2132 768 2160 ναυτῶν
791 2135 837 2161 καὶ

60 2181 228 2217 κυὸερνήτου·
240 2179 428 2215 ἐπεγέγραπο
438 2179 476 2211 δὲ,
490 2178 522 2205 τὸ
539 2176 646 2205 πλοῖον
666 2178 772 2205 Ἰακώϐ.
782 2179 838 2206 Καὶ

58 2226 125 2260 λέγει
142 2227 208 2262 ἡμῖν
218 2227 232 2252 ὁ
245 2225 334 2261 πατὴρ
345 2224 439 2260 ἡμῶν·
455 2233 465 2250 ι
482 2223 625 2258 Ἐμϐὦμεν
638 2224 677 2256 είς
695 2223 726 2250 τὸ
746 2223 836 2250 πλοῖον

885 303 963 332 plura
977 303 1071 326 sancta
1089 299 1192 332 Enoch,
1206 300 1279 335 quod
1297 305 1324 329 et
1342 309 1391 329 vos
1416 303 1547 332 recedetis
1569 312 1584 332 a
1600 305 1656 333 Do-

885 344 971 378 mino,
984 345 1154 373 ambulantes
1167 346 1316 374 secundum
1330 355 1438 375 omnem
1453 347 1585 378 malitiam
1599 359 1664 386 gen-

886 389 964 422 tium,
979 394 1006 416 et
1021 389 1126 418 facietis
1141 391 1291 418 secundum
1307 400 1414 420 omnem
1430 393 1600 429 iniquitatem
1613 396 1664 423 So-

885 434 1040 462 domorum.
1056 435 1088 463 Et
1101 436 1210 464 inducet
1224 437 1300 465 vobis
1318 437 1450 467 Dominus
1468 441 1663 475 captivitatem,

884 485 912 508 et
925 482 1050 509 servietis
1060 482 1114 510 illic
1126 483 1245 511 inimicis
1258 485 1368 518 vestris,
1387 490 1414 513 et
1438 487 1514 514 omni
1535 495 1615 522 poena
1638 492 1665 515 et

886 525 1061 554 tribulatione
1074 528 1351 563 comprehendemini,
1367 537 1509 565 usquequo
1520 536 1665 559 consumat

885 571 1018 600 Dominus
1035 581 1130 601 omnes
1158 582 1217 601 vos.
1243 574 1277 602 Et
1305 578 1449 610 postquam
1470 576 1549 611 pauci
1575 576 1663 605 eil‘ecti

884 617 991 646 fueritis
1005 623 1032 646 et
1041 620 1178 654 minorati,
1195 622 1368 649 revertemini
1383 626 1410 649 et
1427 623 1599 658 cognoscetis
1608 623 1664 651 Do-

885 664 989 691 minum
1002 664 1087 692 Deum
1103 670 1240 699 vestrum;
1257 671 1284 694 et
1295 671 1435 695 convertet
1449 675 1498 695 vos
1521 668 1547 696 in
1564 673 1663 697 terram

885 715 1014 745 vestram,
1035 712 1185 739 secundum
1200 713 1313 740 multam
1328 713 1545 741 misericordiam
1573 722 1662 742 suam.

885 757 918 784 Et
938 757 1000 790 erit,
1025 765 1088 785 cum
1109 757 1233 785 venerint
1252 758 1280 786 in
1291 763 1393 786 terram
1409 763 1517 794 patrum
1537 768 1663 794 suorum,

884 811 981 831 rursus
994 804 1188 832 obliviscentur
1200 804 1318 838 Domini,
1334 810 1361 833 et
1376 806 1458 840 impie
1469 811 1567 841 agent,
1582 812 1609 835 et
1623 806 1665 834 di-

885 855 992 886 sperget
1003 858 1051 878 eos
1064 849 1197 878 Dominus
1208 858 1291 886 super
1305 852 1401 879 faciem
1418 852 1553 880 universa:
1574 857 1664 885 teme,

886 904 1027 932 usquequo
1037 897 1141 924 venerit
1151 897 1334 924 misericordia
1344 897 1549 931 Domini,homo
1563 898 1666 926 iaciens

884 942 1017 977 justitiam
1030 945 1057 969 et
1069 941 1172 969 faciens
1186 942 1402 970 misericordiam
1423 943 1451 970 in
1479 951 1593 977 omnes,
1618 944 1664 979 qui

885 989 963 1024 longe
978 993 1051 1022 sunt,
1067 994 1094 1015 et
1106 988 1153 1023 qui
1167 996 1251 1024 prope
1274 993 1339 1016 sunt
1353 990 1386 1016 ".

921 1032 954 1061 V.
977 1043 987 1060 ι
999 1034 1029 1061 ln
1044 1041 1117 1061 anno
1128 1034 1201 1061 enim
1214 1034 1425 1070 quadragesimo
1436 1035 1499 1063 vitae
1513 1043 1591 1070 meae,
1610 1035 1666 1063 vidi

885 1082 913 1109 in
925 1081 1064 1109 montibus
1079 1081 1133 1109 olei
1144 1089 1241 1109 versus
1251 1081 1383 1109 orientem
1405 1080 1567 1115 Jerusalem,
1590 1083 1665 1117 quod

886 1128 964 1155 solet
976 1127 1041 1155 luna
1058 1132 1193 1156 steterunt
1209 1128 1242 1155 “.
1257 1128 1291 1155 Et
1304 1136 1368 1157 ecce
1390 1129 1468 1157 Isaac
1489 1134 1565 1164 pater
1579 1129 1666 1165 patris

886 1173 940 1199 mei
953 1172 1018 1200 dicit
1030 1172 1125 1200 nobis:
1149 1182 1158 1198 ι
1171 1173 1352 1201 Accurrentes
1370 1177 1459 1201 tenete
1476 1174 1666 1209 unusquisque

886 1218 1036 1246 secundum
1047 1219 1174 1247 virtutem
1199 1227 1294 1253 suam;
1313 1223 1339 1247 et
1361 1219 1588 1255 apprehendentis
1613 1219 1667 1247 erit

886 1263 927 1290 sol
944 1268 970 1290 et
983 1264 1058 1292 luna.
1079 1274 1089 1290 ι
1107 1264 1141 1291 Ει
1165 1272 1259 1292 omnes
1287 1265 1368 1292 simul
1397 1266 1622 1298 accurrebamus;
1639 1269 1667 1293 et

886 1307 949 1336 Levi
968 1311 1054 1337 tenuit
1067 1310 1165 1344 solem,
1191 1314 1218 1338 et
1230 1310 1314 1338 Iudas
1330 1311 1498 1346 praeveniens
1516 1311 1667 1346 apprehen-

886 1355 926 1382 dit
941 1356 1050 1388 lunam;
1062 1359 1088 1383 et
1099 1356 1209 1384 exaltati
1223 1361 1287 1384 sunt
1298 1357 1378 1384 ambo
1398 1364 1460 1384 cum
1479 1356 1530 1384 eis.
1552 1355 1585 1383 Et
1603 1363 1666 1383 cum

886 1405 959 1429 esset
973 1401 1038 1429 Levi
1049 1402 1121 1430 sicut
1134 1403 1302 1438 sol,juvenis
1313 1402 1425 1438 quidam
1447 1402 1559 1430 tradidit
1574 1401 1598 1430 ei
1620 1409 1666 1429 ra-

887 1455 947 1475 mos
958 1447 1110 1482 palmarum
1127 1448 1287 1476 duodecim:
1307 1453 1333 1476 et
1344 1447 1429 1476 Judas
1445 1452 1503 1476 erat
1522 1447 1667 1482 splendens

887 1498 916 1522 ut
930 1494 1004 1527 luna,
1020 1498 1047 1522 et
1062 1494 1113 1522 sub
1126 1495 1241 1530 pedibus
1251 1494 1311 1530 ejus
1325 1499 1404 1522 erant
1417 1494 1450 1522 12
1471 1494 1551 1522 radii.
1571 1493 1604 1522 Et
1620 1501 1666 1522 ac-

887 1545 1027 1568 currentes
1041 1540 1074 1567 ad
1087 1547 1117 1568 se
1130 1540 1246 1567 invicem
1258 1539 1344 1568 Iudas
1370 1543 1398 1568 et
1423 1539 1498 1573 Levi,
1523 1544 1668 1568 tenuerunt

887 1587 1002 1621 seipsos.
1018 1585 1051 1613 Et
1068 1593 1132 1613 ecce
1154 1590 1249 1613 taurus
1275 1585 1302 1612 in
1315 1589 1398 1619 terra,
1415 1586 1520 1613 habens
1537 1586 1593 1613 duo
1606 1593 1668 1614 cor-

887 1641 942 1660 nua
957 1640 1067 1668 magna,
1085 1636 1111 1660 et
1120 1632 1178 1659 alas
1190 1632 1288 1667 aquilae
1303 1632 1331 1659 in
1346 1632 1429 1660 dorso
1439 1632 1517 1668 ejus;
1532 1636 1560 1659 et
1572 1632 1668 1660 volen-

887 1682 927 1705 tes
942 1677 1144 1712 apprehendere
1163 1684 1237 1709 eum,
1248 1684 1304 1703 non
1320 1676 1470 1711 potuimus.
1495 1676 1668 1705 Praeveniens

885 1728 977 1752 autem
990 1723 1090 1758 Ioseph
1106 1723 1177 1757 cepit
1192 1730 1266 1756 eum,
1278 1726 1305 1750 et
1328 1723 1450 1750 ascendit
1471 1731 1533 1750 cum
1558 1723 1617 1758 ipso
1639 1723 1666 1750 in

887 1768 1035 1796 excelsum.
1048 1767 1081 1795 Et
1091 1766 1146 1794 vidi
1163 1766 1304 1801 (quoniam
1322 1767 1432 1794 aderam
1455 1767 1577 1802 illic),fet
1604 1775 1668 1795 ecce

888 1814 1027 1849 Scriptura
1039 1817 1132 1841 sancta
1149 1812 1275 1847 apparuit
1290 1812 1381 1846 nobis,
1406 1813 1514 1840 dicens:
1532 1813 1666 1849 «Assyrii,

887 1860 1068 1894 Medi,Persa:,
1078 1859 1200 1895 Elymaei,
1209 1859 1490 1893 Gelacbaei,Chald$i,
1498 1858 1570 1895 Syri,
1578 1859 1666 1887 haere-

886 1907 997 1935 ditatem
1007 1906 1167 1933 obtinebunt
1184 1905 1211 1932 in
1223 1905 1377 1939 captivitate
1388 1904 1422 1932 12
1432 1909 1537 1940 sceptra
1547 1905 1640 1933 Israel.
1653 1914 1664 1931 ι

929 1995 972 2022 VI.
988 1993 1036 2021 «Et
1050 2001 1147 2021 rursus
1169 1997 1231 2028 post
1245 2000 1353 2021 menses
1376 1998 1476 2028 septem
1493 1994 1548 2022 vidi
1561 1999 1665 2029 patrem

887 2047 1012 2069 nostrum
1029 2038 1123 2071 Jacob,
1140 2042 1255 2066 stantem
1268 2038 1295 2065 in
1309 2039 1378 2066 mari
1390 2037 1486 2066 Jamne
1499 2048 1507 2072 ;
1518 2044 1546 2066 et
1559 2039 1665 2067 noslilii

887 2086 947 2121 ejus
960 2092 1022 2112 cum
1030 2091 1073 2111 eo.
1089 2081 1123 2110 Et
1139 2091 1202 2111 ecce
1221 2083 1298 2111 navis
1313 2084 1388 2111 venit
1405 2084 1561 2118 veliﬁcans,
1586 2085 1666 2119 plena

888 2130 970 2159 siccis
978 2129 1117 2161 carnibus,
1136 2128 1195 2155 sine
1205 2128 1297 2156 nautis
1308 2132 1335 2155 et
1348 2129 1546 2163 gubernatore:
1569 2129 1668 2158 inscri-

887 2177 1003 2205 bebatur
1014 2179 1115 2206 autem,
1136 2173 1219 2200 Navis
1243 2173 1338 2202 Iacob.
1355 2173 1388 2201 Et
1409 2174 1476 2202 dixit
1496 2175 1575 2203 nobis
1590 2180 1668 2211 pater

887 2226 996 2250 noster:
1015 2230 1025 2246 ι
1039 2219 1225 2248 Ascendamus
1237 2219 1266 2246 in
1280 2226 1375 2246 navem
1392 2224 1525 2248 nostram.
1538 2230 1548 2247 ι
1564 2220 1601 2248 Ut
1615 2228 1666 2248 au-

59 2272 140 2306 ἡμῶν.
157 2282 166 2298 ι
191 2272 234 2303 Ὧς
249 2271 278 2298 δὲ
291 2270 459 2306 εἰσήλθομεν,
472 2269 575 2304 γίνεται
587 2268 693 2304 χειμὼν
711 2268 835 2304 σφοδρὸς,

889 2274 941 2297 tem
956 2266 1128 2300 intravimus,
1141 2264 1212 2293 facta
1235 2269 1278 2293 est
1292 2270 1438 2300 tempestas
1454 2267 1602 2296 vehemens
1613 2287 1622 2301 ,
1641 2271 1668 2295 et

59 2318 103 2344 καὶ
114 2318 212 2353 λαῖλαψ
228 2318 328 2353 ἀνέμου
343 2315 460 2352 μεγάλου
472 2335 481 2348 ,
498 2315 545 2341 καὶ
570 2315 721 2349 ἐφεπτᾶται
743 2314 800 2350 (27)
822 2317 836 2342 6

91 2377 112 2392 “
123 2376 223 2412 Ephes.
245 2385 276 2407 ιι,
292 2377 336 2404 17.
385 2374 408 2391 ³⁸
419 2373 521 2402 Habac.
538 2381 580 2407 ιιι,
598 2373 642 2401 ll.

93 2432 163 2469 (19L
172 2432 259 2466 Ἁγίᾳ.
276 2432 334 2461 Vox
348 2433 414 2469 ἁγίᾳ
431 2441 485 2461 non
510 2434 608 2467 legitur
631 2433 659 2460 in
684 2441 735 2461 ms.
762 2433 835 2461 Can-

62 2468 127 2494 tabr.
144 2467 230 2494 (ἕλη.

104 2503 148 2535 20)
168 2504 210 2529 Συ
231 2502 470 2536 καλυφθήσεσθε.
490 2503 753 2539 Ἀναστραφήσεσθε.
768 2505 809 2530 In.

105 2537 149 2564 2i)
169 2512 322 2564 Καῖἐσται
335 2558 341 2564 .
353 2558 359 2564 .
370 2558 377 2564 .
388 2558 394 2564 .
411 2539 458 2564 καὶ
469 2537 649 2564 modem-lic.
666 2538 773 2564 Omissa
781 2546 809 2564 οη

81 2537 149 2599 ,(211)
169 2537 225 2564 Καὶ
237 2537 322 2564 ἔσται
335 2558 341 2564 .
353 2558 359 2564 .
370 2558 394 2565 ..
411 2539 458 2566 καὶ
469 2537 773 2574 τοὺς-ξεῖιγύςλζοιιιίςεε
781 2546 839 2566 om-

60 2580 114 2601 nia.
146 2581 172 2599 υ.

96 2607 150 2644 (22)
176 2607 341 2644 Ἐφ’-ὄρεσιν.
358 2608 426 2636 Add.
446 2609 474 2635 ἐν
487 2607 592 2644 ὀνείρῳ,
606 2609 656 2635 ὅτι.
676 2610 713 2635 In.

95 2643 150 2672 (23)
178 2643 304 2669 Ἑλαίου.
329 2643 502 2671 Ἑλαιῶν,11).
545 2643 550 2644 7
644 2652 647 2654 '

106 2677 150 2712 24)
177 2677 323 2712 Ἐλυμαῖοι
344 2679 428 2706 deest.
442 2680 482 2705 in.

106 2713 150 2746 25)
171 2713 336 2746 Γελαχαῖοι.
352 2713 488 2741 Χελκαῐοι.
502 2715 540 2741 In.

97 2714 139 2746 (25
171 2714 336 2746 Γελαχαῖοι.
352 2714 488 2741 Χελκαῐοι.
502 2715 540 2741 In.

97 2714 150 2784 (26)
176 2747 277 2784 Ἰαμνὰ
298 2748 425 2784 Ἰαμνιας.
438 2748 674 2776 ln.—-Richardus
686 2747 837 2784 Simonius,

64 2781 106 2812 qui
121 2783 178 2810 hac
194 2781 360 2810 Testamenta
371 2784 485 2812 contulit
500 2792 561 2811 cum
587 2791 638 2811 ms.
665 2783 838 2811 bibliotheca

57 2816 157 2850 liegiaa,
174 2821 290 2845 testatur
304 2817 431 2846 Biblioth.
456 2818 516 2846 crit.
532 2823 598 2846 tum.
623 2818 646 2844 ll
659 2838 666 2850 ,
684 2825 746 2852 pag.
773 2818 837 2849 231,

65 2851 187 2890 codicem
208 2852 337 2890 exhibere
357 2853 442 2890 hvic-ﬁ
465 2853 587 2890 θαλάσσῃ
608 2851 767 2890 Ἰαμνείας.»
785 2851 837 2890 Sed

65 2888 280 2924 praestat,inquit,
289 2888 375 2924 legere
382 2887 495 2924 ἰάμμας
506 2899 512 2915 :
523 2889 563 2916 sic
572 2887 643 2915 "cnim
652 2887 834 2924 proculdubio

67 2920 279 2957 legitepiscopus
293 2920 500 2957 Lincolniénsis,
528 2923 608 2958 cujus
632 2920 721 2951 versio
748 2923 785 2950 ita
805 2929 834 2951 se

889 2314 970 2342 turbo
981 2313 1054 2341 venti
1069 2312 1177 2348 magni;
1189 2315 1217 2339 et
1230 2311 1321 2339 avolat
1335 2317 1411 2347 pater
1436 2318 1530 2341 noster
1542 2321 1559 2342 a
1577 2313 1667 2347 nobis,

886 2433 981 2461 habet:
999 2430 1032 2458 In
1043 2429 1245 2466 mgrilammw.
1263 2429 1332 2458 Hinc
1345 2429 1457 2466 coniicit
1479 2431 1521 2466 vir
1541 2438 1659 2466 κριτικω

884 2476 974 2500 τατος,
991 2467 1050 2493 Ιιιιιο
1066 2465 1231 2492 Testamenta
1243 2466 1341 2500 scripta
1356 2465 1474 2499 primum
1488 2465 1575 2493 fuisse
1586 2465 1669 2492 Chal-

886 2503 976 2528 daice:
1001 2509 1053 2528 vox
1084 2501 1157 2527 enim
1173 2500 1280 2527 Jamma
1310 2500 1456 2528 Chaldaica
1479 2505 1531 2528 est.
1544 2500 1670 2528 idemaue

886 2503 976 2534 daice;
1001 2509 1053 2528 vox
1084 2503 1157 2527 enim
1173 2503 1280 2527 Jamma
1310 2503 1456 2528 Uhaldaica
1479 2505 1531 2533 est,
1544 2503 1669 2533 idemque

888 2541 967 2565 sonat
982 2536 1054 2570 quod
1072 2535 1192 2570 θαλάσση
1207 2535 1310 2567 Graece,
1325 2540 1352 2562 et
1363 2543 1436 2562 mare
1451 2535 1557 2564 Latine.
1570 2536 1615 2567 At,
1625 2535 1669 2562 in-

890 2573 978 2606 quies,
991 2571 1091 2606 siﬂhaec
1106 2571 1142 2597 ita
1154 2578 1184 2598 se
1195 2570 1322 2602 habeant,
1334 2570 1493 2606 ταυτολόγος
1509 2570 1560 2598 erit
1574 2575 1670 2606 auctor

890 2605 992 2634 noster.
1013 2605 1125 2641 Utiquid
1139 2605 1211 2632 enim
1229 2605 1405 2641 scripseritrév
1415 2607 1448 2641 τῇ
1461 2605 1582 2641 θαλάσσῃ
1597 2605 1669 2639 Ἰάμ-

891 2640 1668 2689 racemiferiseseamssazerazsrsz

891 2675 1003 2711 inquam
1019 2683 1079 2738 ego.
1113 2675 1227 2737 Ίάμμας
1254 2676 1281 2702 in
1298 2680 1372 2702 textu
1401 2675 1542 2710 scripserit
1558 2679 1668 2707 auctor;

891 2712 1017 2745 aliusque
1052 2711 1161 2745 einceps
1192 2718 1244 2738 anc
1256 2718 1350 2738 vocem
1365 2711 1499 2738 exoticam
1521 2711 1670 2745 explicat-u-

892 2755 950 2779 rus,
965 2745 1085 2787 θαλάσση
1098 2746 1214 2787 margini
1231 2746 1377 2787 adleverit":
1391 2746 1465 2787 quod
1482 2750 1575 2787 postea
1598 2745 1670 2787 glos-

888 2789 962 2808 sema
987 2781 1014 2808 in
1033 2779 1136 2808 textum
1161 2779 1324 2815 irrepserit?
1354 2779 1491 2809 Hactenus
1518 2780 1669 2808 Simonius.

887 2816 995 2843 Videsis
1018 2815 1184 2843 Bochartum
1209 2816 1237 2843 in
1255 2815 1403 2850 Geograph.
1419 2825 1489 2844 aacr.
1506 2816 1553 2843 lib.
1570 2823 1591 2849 ι,
1608 2821 1669 2849 cap.

886 2852 932 2884 55,
949 2850 1083 2911 [#132634
1109 2858 1166 2889 seq.
1336 2887 1342 2895 ι
1555 2887 1560 2892 Ι

924 2887 952 2911 (2
974 2886 981 2911 ὶ
1013 2886 1191 2911 Εωεπταται.
1210 2885 1281 2911 Lene
1293 2886 1442 2911 άωιπταται
1454 2907 1460 2911 .
1487 2886 1533 2911 sed
1552 2895 1560 2911 1

924 2882 1191 2920 (27)”Εφεπτᾶτὶιι.
1210 2885 1281 2921 Lege
1293 2886 1442 2921 ἀφίπταται
1454 2907 1460 2919 ,
1487 2886 1533 2915 sed
1552 2887 1583 2914 in
1608 2882 1669 2912 cod.

888 2921 976 2949 Oxon.
995 2925 1036 2949 est
1052 2921 1208 2954 ἀφίσταται.
1224 2920 1308 2949 61m.
