1913 3102
306 126 373 156 illi)!

813 115 1045 154 TESTAMENTA
1061 117 1111 152 ‘xu
1122 116 1396 153 Mauricum!)
1403 117 1438 150 Μ.
1865 117 1905 150 ια

303 193 364 216 sum
382 185 516 219 Zabulon,
538 184 614 213 datio
636 184 706 212 bona
727 183 895 219 genitoribus
918 184 998 212 meis.
1013 183 1079 212 Cum

1136 183 1190 210 λὼν
1202 182 1270 218 (57),
1282 181 1431 217 προσέχετε
1445 181 1549 216 ῥήμασι
1563 180 1666 216 πατρὸς
1685 179 1773 215 ὑμῶν.
1793 178 1868 213 Ἐγώ
1876 181 1905 214 εἰ)

302 233 374 260 enim
388 232 496 268 genitus
508 238 609 264 essem,
620 230 699 258 valde
716 234 814 258 auctus
831 235 873 258 est
894 234 971 264 pater
991 234 1085 258 noster

301 284 329 306 et
340 278 466 313 gregibus
477 282 505 305 et
519 276 660 309 armentis,
676 276 785 311 quando
797 275 826 303 in
842 275 926 303 variis
938 275 1022 311 virgis
1035 275 1086 302 ha—

303 325 362 352 buit
382 328 495 352 sortem.
515 322 575 350 Non
596 322 670 355 novi,
685 322 731 349 lilii
757 321 826 355 mei,
842 321 914 356 quod
934 319 1042 355 peccavi
1057 320 1084 347 in

301 371 398 399 diebus
421 370 502 403 meis,
516 373 697 404 printerquam
718 373 822 402 mente;
843 375 932 403 neque
943 366 1083 400 recordor,

301 417 374 452 quod
390 416 561 451 iniquitatem
584 415 648 448 feci,
673 419 772 451 praeter
796 413 978 449 ignorantiam
1002 420 1085 448 quam

301 463 352 491 feci
370 463 398 490 in
409 461 520 497 Ioseph,
539 461 669 496 quoniam
683 460 767 488 celavi
779 467 842 488 cum
857 459 991 487 fratribus
1003 459 1083 490 meis.

300 513 331 537 ut
356 517 410 537 non
432 508 550 536 dicerem
571 507 642 543 patri
663 514 724 535 meo
743 506 816 542 quod
838 506 940 534 factum
960 510 1028 533 erat.
1052 504 1086 532 Et

299 554 361 582 flevi
385 555 500 582 multum
529 554 555 581 in
570 553 732 582 abscondito
755 561 761 579 :
784 552 862 580 timui
885 552 959 579 enim
986 550 1085 579 fratres

299 607 386 632 meos,
408 599 537 634 quoniam
562 598 756 633 conspirabant
779 604 875 624 omnes
896 596 989 630 simul,
1012 600 1042 623 ut
1062 595 1086 624 si

299 646 362 681 quis
378 646 508 673 revelaret
529 645 701 680 mysterium,
724 644 880 671 occiderent
901 651 964 671 eum
984 642 1084 678 gladio.

300 692 503 725 Verumtamen,
514 691 623 727 quando
636 690 762 718 volebant
774 690 898 718 occidere
911 697 985 722 eum,
1000 689 1086 716 multa

299 739 458 766 testiﬁcatus
472 745 532 765 sum
547 738 587 765 eis
609 745 672 765 cum
692 737 837 772 lacrymis,
849 740 878 764 ut
896 743 951 764 non
964 735 1086 764 facerent

299 783 468 820 iniquitatem"
484 784 564 812 hanc.

1137 227 1289 260 Ζαϐουλὼν,
1303 227 1376 259 δόσις
1383 226 1472 262 ἀγαθὴ
1489 226 1544 262 (58)
1557 227 1614 258 τοῖς
1625 225 1733 260 γονεῦσί
1746 234 1808 261 μου.
1817 225 1866 252 Ἐν
1877 226 1905 259 γά

1134 270 1174 306 τῷ
1192 270 1354 307 γεννηθῆναι
1372 279 1406 306 με
1423 270 1527 306 ηὐξήθη
1551 271 1566 296 ὁ
1590 270 1680 306 πατὴρ
1699 270 1778 305 ἡμῶν
1797 270 1854 302 ἕως
1867 279 1905 305 ag

1134 316 1195 352 δρα,
1214 317 1262 343 καὶ
1282 315 1317 342 τὰ
1336 316 1460 351 ποίμνια,
1480 315 1527 342 καὶ
1545 315 1581 342 τὰ
1598 315 1740 351 βουκόλια,
1760 316 1805 342 ὅτε
1827 316 1857 342 ὲν
1872 324 1905 342 τα

1136 360 1271 392 ποικίλαις
1285 360 1391 396 ῥάϐδοις
1405 358 1461 396 εἶχε
1480 360 1526 387 τὸν
1539 361 1646 396 κλῆρον.
1663 361 1720 387 Οὺκ
1735 361 1835 395 ἔγνων,
1848 361 1905 388 τέκι

1137 415 1199 442 μου,
1216 406 1257 432 ὃτι
1267 406 1391 441 ἥμαρτον
1402 406 1430 432 ἰν
1446 406 1507 437 ταῖς
1517 405 1646 441 ἡμέραις,
1660 405 1797 440 παρεκτὸς
1814 405 1905 431 ὲννοία

1136 452 1196 479 οὐδὲ
1221 453 1430 487 μιμνήσκομαι,
1453 451 1495 478 ὅτι
1514 451 1686 487 παρανομίαν
1705 451 1839 486 ἐποίησα,
1862 451 1905 477 πλὶ

1136 497 1185 532 τὴν
1197 496 1319 531 ἄγνοιαν,
1328 497 1360 532 ἢν
1371 495 1486 532 ἐποίησα
1495 496 1542 522 ἐπὶ
1551 488 1662 532 Ἰωσὴφ,
1673 496 1714 522 ὅτι
1723 497 1866 523 taxi-uasa
1875 496 1905 531 (Ξ

1136 544 1184 570 ἐπὶ
1200 544 1256 574 τοῖς
1287 542 1414 581 ἀδελφοῖς
1436 550 1498 574 μου,
1530 542 1569 577 μὴ
1594 542 1681 568 εἰπεῖν
1704 541 1744 576 τῷ
1772 542 1858 578 πατρί
1880 551 1905 577 μ(

1136 589 1169 616 τὸ
1184 589 1340 624 γενόμενον.
1353 587 1408 613 Καὶ
1426 587 1534 614 ἔκλαιον
1554 586 1639 614 πολλὰ
1650 587 1680 613 ἐν
1697 589 1800 622 κρυφῇ·
1819 588 1905 622 ἔφοδοι

1138 643 1191 671 μην
1201 634 1256 670 γὰρ
1266 634 1329 665 τοὺς
1348 628 1404 668 (40)
1421 632 1553 668 ἀδελφούς
1572 641 1634 668 μου,
1649 633 1692 659 ὃτι
1709 629 1853 660 συνέθεπο
1864 634 1905 660 πάι

1135 688 1181 711 τες
1196 678 1274 714 όμοῦ,
1287 677 1353 710 εῐτις
1364 677 1460 714 ὲξείτηι
1471 677 1501 704 τὸ
1519 678 1667 713 μυστήριον
1676 697 1684 711 ,
1697 677 1874 713 ἀναιρεθῆναι
1882 678 1905 704 αὶ

1135 723 1181 750 τὸν
1193 723 1325 759 μαχαίρᾳ.
1344 722 1416 758 Πλὴν
1433 722 1472 755 δὲ,
1491 722 1536 750 ὅτε
1554 722 1694 749 ἐϐούλοντο
1711 723 1819 749 ἀνελεῖν
1839 723 1905 749 αὐτὰ

1137 769 1222 796 πολλά
1237 768 1462 805 διεμαρτυράμην
1479 769 1572 801 αὐτοῖς
1590 768 1659 804 μετὰ
1674 768 1813 804 δακρύων,
1831 769 1877 795 τοῦ
1891 778 1905 803 μ

1137 814 1248 849 ποιῆσαι
1258 813 1308 849 τὴν
1319 813 1435 848 ἀνομίαν
1451 811 1564 849 ταύτην.

334 877 366 904 ΙΙ.
389 886 398 903 ‹
413 877 552 904 Venerunt
565 877 638 904 enim
661 876 772 905 Simeon
794 880 821 904 et
842 876 899 904 Gad
917 875 945 903 in
966 875 1079 911 Ioseph,

1168 880 1205 907 Β.
1227 889 1236 906 ι
1247 877 1350 906 Ἦλθον
1367 879 1422 915 γὰρ
1433 879 1544 915 Συμεὼν
1558 879 1605 906 καὶ
1621 879 1675 906 Γὰδ
1687 879 1734 905 ἐπὶ
1749 879 1797 906 τὸν
1820 878 1905 913 Ίωσὴς

297 927 329 951 ut
340 922 497 951 occiderent
511 929 592 956 eum;
607 926 634 950 et
647 923 748 950 cadens
765 930 846 957 super
858 921 956 949 faciem
971 920 1083 957 Ioseph,

297 969 368 996 dixit
382 968 422 996 eis
437 977 444 995 :
464 977 474 994 ι
491 967 657 996 Miseremini
682 969 745 1001 mei,
761 968 860 996 fratres
884 968 953 1001 mei,
970 968 1084 996 misere-

297 1016 364 1043 mini
379 1015 516 1044 viscerum
529 1014 614 1043 Iacob
627 1015 713 1050 patris
728 1014 826 1043 nostri.
850 1014 889 1042 Ne
909 1014 1039 1050 injiciatis
1056 1015 1083 1042 in

296 1069 340 1089 me
355 1065 454 1090 manus
470 1065 585 1095 vestras,
603 1061 636 1089 ad
653 1061 846 1090 ell'undendum
866 1061 1026 1097 sanguinem
1040 1061 1083 1088 in-

297 1114 453 1141 nocentem,
470 1108 600 1144 quoniam
624 1116 679 1135 non
702 1108 810 1143 peccavi
836 1108 863 1135 in
887 1115 947 1135 vos.
963 1107 993 1135 Si
1018 1115 1083 1135 vero

295 1155 416 1190 peccavi,
433 1155 461 1182 in
486 1154 632 1189 disciplina
657 1155 762 1182 erudite
778 1161 841 1187 me;
858 1161 968 1181 manum
991 1158 1083 1182 autem

295 1204 414 1228 vestram
441 1207 475 1227 ne
499 1200 623 1228 inferatis
652 1204 762 1235 propter
787 1199 871 1227 Iacob
897 1204 1001 1235 patrem
1030 1208 1082 1227 no-

295 1250 393 1274 strum.
416 1254 426 1271 )
445 1244 481 1273 Ut
496 1250 586 1273 autem
611 1246 679 1273 dixit
700 1245 783 1273 verba
807 1246 884 1279 haec,
909 1245 1083 1273 miseratione

295 1296 451 1320 commotus
468 1299 541 1324 sum,
558 1295 585 1318 et
599 1291 689 1327 incepi
705 1292 779 1323 flere,
799 1296 826 1319 et
842 1292 940 1326 hepata
957 1299 1017 1319 mea
1036 1299 1080 1319 re.

294 1338 383 1367 soluta
401 1342 465 1365 sunt
484 1337 511 1365 in
532 1345 585 1371 me,
600 1341 626 1365 et
649 1338 738 1365 omnis
752 1337 927 1364 subsistentia
945 1337 1080 1365 viscerum

295 1391 418 1410 meorum
444 1383 534 1410 laxata
553 1388 595 1411 est
618 1389 701 1419 super
726 1383 846 1410 animam
869 1391 969 1410 meam.
994 1383 1082 1411 Flevit

295 1432 385 1455 autem
398 1433 425 1456 et
439 1427 549 1464 Ioseph,
562 1431 589 1456 et
602 1437 651 1464 ego
666 1437 728 1457 cum
743 1429 813 1464 ipso,
828 1433 856 1457 et
877 1429 1018 1458 intremuit
1032 1437 1082 1457 cor

294 1482 396 1507 meum,
417 1478 445 1502 et
466 1474 603 1509 junctum
625 1475 749 1510 corporis
769 1475 821 1502 mei
845 1479 1030 1510 expaverunt,
1054 1478 1081 1502 et

1133 925 1180 952 τοῦ
1192 925 1296 952 ἀνελεῖν
1313 925 1404 951 αὐτόν·
1422 925 1470 952 καὶ
1482 924 1571 952 πεσὼν
1589 925 1634 951 ἐπὶ
1646 925 1794 960 πρόσωπον
1814 924 1905 960 Ἰωσὴο

1134 970 1225 1005 ἔλεγεν
1238 971 1340 1002 αὐτοῖς·
1358 979 1367 996 r
1388 969 1532 1005 Ἑλεήσατέ
1541 978 1586 1005 με,
1595 969 1703 1010 ἀδελφοί
1717 979 1780 1005 μου,
1794 971 1905 1005 οἰκτειρή

1134 1025 1199 1044 σατε
1212 1017 1352 1052 σπλάγχνα
1369 1016 1466 1043 Ἰακὼϐ
1478 1015 1525 1042 τοῦ
1537 1015 1640 1051 πατρὸς
1651 1015 1741 1051 ἡμῶν.
1763 1016 1812 1052 Μὴ
1829 1017 1905 1049 ὲπατά

1133 1071 1199 1098 γητε
1225 1062 1269 1089 ἐπ’
1289 1062 1338 1098 ἐμὲ
1357 1061 1406 1094 τὰς
1429 1062 1525 1097 χεῖρας
1552 1061 1639 1096 ὑμῶν,
1667 1061 1715 1087 τοῦ
1737 1061 1836 1096 ἐκχέαι
1858 1058 1905 1095 aly.

1133 1108 1230 1140 ἀθῶον,
1248 1108 1288 1134 ὅτι
1299 1108 1348 1143 οὐχ
1357 1108 1481 1143 ἥμαρτον
1498 1107 1538 1139 είς
1557 1108 1638 1143 ὑμᾶς.
1652 1107 1684 1134 EE
1699 1107 1730 1133 δὲ
1749 1108 1904 1143 ἦμαρτον,ὲ

1133 1153 1242 1189 παιδείᾳ
1251 1153 1413 1180 παιδεύσατέ
1424 1162 1468 1188 με·
1481 1153 1530 1189 τὴν
1541 1153 1569 1179 δὲ
1577 1154 1655 1189 χεῖρα
1669 1153 1747 1188 ὑμῶν
1760 1154 1800 1189 μὴ
1813 1154 1905 1187 ὲπενέγ⁴

1132 1208 1198 1226 κατε
1211 1199 1255 1226 διά
1278 1199 1373 1226 Ἰακὼϐ
1385 1199 1430 1226 τὸν
1447 1199 1552 1235 πατέρα
1568 1198 1656 1234 ἡμῶν.
1672 1208 1681 1224 ι
1703 1199 1747 1230 Ὦς
1760 1199 1790 1225 δὲ
1806 1199 1878 1233 ἔλεγε
1888 1207 1905 1226 τί

1133 1246 1245 1281 ῥήματα
1265 1245 1361 1278 ταῦτα,
1385 1246 1425 1277 εἱς
1443 1244 1534 1272 οἶκτον
1547 1242 1628 1280 ἦλθον
1643 1244 1698 1279 ἐγὼ
1710 1264 1718 1277 ,
1736 1245 1787 1272 καὶ
1802 1245 1905 1281 ὴρξάμη·

1133 1291 1248 1322 κλαίειν,
1262 1291 1309 1318 καὶ
1325 1290 1360 1317 τὰ
1373 1290 1468 1326 ἥπατά
1484 1300 1535 1326 μου
1551 1291 1718 1326 ἐξελύθησαν
1734 1291 1781 1317 ἐπ’
1801 1291 1860 1326 ἐμὲ,
1875 1291 1905 1317 xa‘

1132 1338 1207 1364 πᾶσα
1219 1338 1236 1372 ἡ
1249 1337 1398 1368 ὑπόστασις
1411 1336 1465 1363 τῶν
1483 1337 1643 1373 σπλάγχνων
1658 1337 1809 1372 ἐχαυνοῦτο
1820 1338 1863 1364 ὲπὶ
1873 1338 1905 1372 sip

1130 1383 1219 1418 ψυχήν
1236 1391 1296 1418 μου.
1313 1382 1425 1409 Ἐκλαιε
1436 1382 1464 1408 δὲ
1483 1383 1530 1409 καὶ
1548 1383 1657 1418 Ἰωσὴφ,
1675 1382 1755 1417 κάγὼ
1775 1383 1824 1410 σὺν
1842 1382 1902 1416 αὐτῷ

1131 1429 1177 1455 καὶ
1189 1427 1328 1464 ὲὸόμϐειή
1343 1427 1440 1464 καρδία
1460 1436 1520 1463 μου,
1532 1428 1579 1454 καὶ
1591 1428 1616 1454 οἱ
1634 1428 1718 1463 ἀρμοὶ
1733 1428 1785 1454 τοῦ
1805 1427 1905 1463 σώματός

1132 1484 1182 1510 μου
1196 1475 1353 1510 ἐξέστησαν,
1371 1474 1418 1501 καὶ
1435 1474 1484 1500 οὐκ
1501 1474 1641 1510 ἠδυνάμην
1661 1474 1768 1510 στῆναι.
1790 1475 1842 1501 Καὶ
1863 1474 1905 1499 tam

293 1526 348 1546 non
364 1519 439 1554 potui
457 1523 538 1547 stare.
554 1518 587 1546 Et
600 1519 693 1546 videns
716 1527 760 1546 me
781 1518 889 1546 flentem
910 1526 972 1546 cum
989 1526 1037 1552 eo,
1052 1523 1079 1546 et

1132 1530 1165 1556 με
1183 1520 1364 1556 συγκλαίοντα
1384 1521 1469 1556 αὐτῷ,
1484 1521 1626 1553 κάκείνους
1647 1521 1848 1556 ἐπερχομένους
1863 1522 1905 1546 ἀνε-

293 1564 355 1591 illos
377 1565 599 1599 supervenientes
622 1565 654 1592 ad
676 1565 854 1592 occidendum
879 1572 957 1597 eum,
980 1564 1080 1600 refugit

292 1613 355 1645 post
375 1617 428 1642 me,
443 1609 592 1643 deprecans
610 1609 694 1643 ipsos.
705 1608 860 1644 Exsurgens
876 1613 966 1636 autem
984 1607 1078 1636 Ruben

293 1655 388 1682 dixitu
400 1655 520 1687 Fratres.
536 1662 570 1682 ne
583 1655 742 1683 occidalnus
751 1663 826 1687 eum,
841 1655 887 1683 sed
902 1655 1079 1690 projiciamus

293 1709 356 1729 cum
374 1701 402 1728 in
417 1709 501 1729 unum
518 1701 627 1729 lacuum
639 1702 737 1729 borum
756 1702 904 1734 siccorum,
918 1709 988 1736 quos
1001 1700 1078 1729 fode-

293 1752 358 1775 runt
373 1751 463 1783 patres
476 1747 572 1781 nostri,
584 1751 612 1775 et
626 1755 680 1775 non
692 1747 854 1775 invenerunt
868 1755 979 1782 aquam.
991 1757 1000 1774 ι
1013 1747 1080 1775 Pro-

291 1797 351 1828 pter
365 1793 416 1820 hoc
427 1793 499 1820 enim
514 1793 658 1827 prohibuit
670 1791 803 1820 Dominus
814 1793 961 1820 ascendere
977 1800 1078 1827 aquam

291 1837 320 1864 in
332 1837 384 1870 eis,
401 1842 432 1865 ut
452 1838 528 1865 fieret
545 1838 678 1873 protectio
690 1837 802 1874 Ioseph.
819 1839 852 1867 Et
864 1840 929 1868 fecit
945 1841 1077 1869 Dominus

291 1884 340 1918 ita,
357 1885 444 1912 donec
457 1884 639 1912 vendiderunt
653 1892 716 1912 eum
727 1885 882 1914 lsmaclitis.

326 1930 370 1959 Ill.
395 1940 404 1956 ι
423 1930 528 1958 Etenim
547 1931 574 1958 in
589 1932 675 1966 pretio
688 1931 788 1968 Ioseph
809 1940 860 1968 ego
880 1941 935 1961 non
952 1940 1078 1960 commu.

291 1977 380 2005 nicavi
402 1977 470 2013 (42),
486 1977 554 2011 ﬁlii;
579 1978 627 2006 sed
643 1977 765 2013 Simeon,
780 1983 807 2007 et
826 1979 895 2013 Gad,
917 1983 945 2008 et
961 1980 1007 2008 alii
1028 1988 1076 2008 Sex

291 2022 390 2051 fratres
407 2025 493 2052 nostri
507 2025 671 2060 accipientes
695 2026 810 2061 pretium
826 2025 936 2061 Ioseph,
951 2032 1077 2054 emerunt

291 2069 475 2097 calceamenta
498 2071 551 2098 sibi
574 2071 650 2106 ipsis,
668 2076 695 2099 et
721 2072 853 2100 uxoribus
873 2073 941 2105 suis,
963 2077 990 2100 et
1013 2073 1076 2101 filiis

292 2115 362 2148 suis,
382 2115 504 2144 dicentes
525 2125 556 2143 ε(
574 2116 707 2150 Quoniam
730 2118 847 2153 pretium
872 2119 1013 2154 sanguinis
1034 2125 1076 2147 est

293 2159 386 2188 fratris
401 2161 486 2188 nostri
504 2162 567 2194 hoc,
585 2170 619 2189 ne
637 2163 812 2190 comedamus
829 2164 928 2198 ipsum,
943 2164 990 2191 sed
1007 2172 1074 2192 con-

292 2206 445 2234 culcatione
459 2206 652 2234 conculcemus
674 2207 774 2242 ipsum,
794 2215 841 2242 pro
860 2216 892 2236 eo
906 2209 978 2244 quod
995 2209 1074 2244 dixit,
1090 2209 1112 2237 D

293 2261 323 2281 se
338 2258 514 2288 regnaturum
536 2261 618 2288 super
638 2261 701 2287 nos;
721 2257 749 2281 et
765 2253 906 2282 videamus
924 2255 989 2290 quid
1012 2263 1076 2290 por-

292 2299 404 2326 tendant
427 2299 534 2326 somnia
557 2299 626 2333 ejus.
645 2299 780 2334 iPropter
804 2299 856 2327 hoc
879 2300 906 2327 in
933 2301 1076 2335 scripturis

292 2345 359 2380 legis
383 2344 475 2372 Enoch
504 2345 635 2380 scriptum
659 2351 715 2380 est,
741 2354 796 2374 non
817 2347 919 2375 volenti
942 2347 1076 2376 suscitare

402 2412 461 2447 Υίρὶ
477 2411 644 2439 Ζαϐουλὼν.
660 2413 753 2447 Λόγων
769 2413 832 2441 add.
845 2415 930 2443 Gnas.

338 2411 370 2438 57
402 2412 461 2438 Υἱοὶ
477 2411 644 2439 Ζαϐουλὼν.
660 2413 753 2447 Λόγων
769 2413 832 2441 add.
845 2415 930 2443 Gnas.

326 2411 383 2482 (58)
400 2444 488 2484 Δόᾳις
501 2446 607 2484 dwarf.
627 2447 729 2476 Alludit
741 2449 774 2476 ad
787 2449 870 2476 verba
892 2450 987 2477 matris
1003 2449 1074 2484 Lim,

290 2488 353 2516 quae
368 2482 513 2518 protulisse
525 2482 634 2518 dicitur.
653 2483 762 2518 quando
773 2491 835 2512 eum
849 2484 930 2511 enixa
941 2490 1008 2518 erat,
1023 2482 1075 2513 Ge;

292 2525 352 2554 nes.
366 2525 440 2554 xxx,
457 2517 513 2554 207:
532 2517 634 2554 Bonam
653 2517 799 2554 portionem
818 2519 931 2554 largitus
947 2526 985 2547 est
1011 2521 1076 2548 mihi

294 2552 362 2579 Deus
378 2552 477 2589 :en'am
492 2553 540 2589 huc
551 2553 604 2579 vice
615 2552 742 2580 habitabit
757 2552 869 2581 nutritus
878 2563 949 2582 meus
962 2563 1072 2589 mecum,

290 2595 321 2613 eo
336 2588 404 2622 quod
418 2588 552 2625 genuerint
565 2589 589 2614 ei
603 2596 649 2625 seu:
660 2589 730 2623 ﬁlios
746 2596 754 2615 :
772 2594 796 2616 at
813 2590 912 2616 idcirco
932 2591 1074 2625 appellavit

291 2621 454 2660 nomenejua
465 2621 594 2650 Zabulon.
603 2621 721 2652 Consule
735 2625 895 2660 interpretes
908 2625 936 2652 in
950 2621 1026 2654 hunc
1037 2627 1075 2653 lo-

291 2657 587 2762 ωξὲίλξιῖίῖσκέπασα.
611 2693 784 2722 Ἐὁεσαίωσα.
799 2697 838 2723 in.

339 2727 372 2754 40
400 2728 454 2754 Καὶ
476 2727 598 2755 ἔκλαιον
612 2731 712 2757 πολλὰ
727 2730 762 2757 ἐν
778 2739 838 2762 κρυι

339 2727 383 2762 ’⁵0)
400 2727 598 2768 βω.ἔὲλιξιιὶν
612 2731 712 2757 πολλὰ
727 2730 762 2768 ἐν
775 2730 889 2768 κρυφῇ·
904 2731 1074 2768 ἐφοϐούμην

293 2761 876 2832 ῖῑὶξσξῖρεξςέαίλξέἐέέέελξέεντξεξφξιἡμέέαε
895 2761 994 2800 πδλλάς
1011 2761 1075 2805 si“

328 2808 408 2832 υσηφ·
423 2808 470 2824 και
481 2808 636 2835 εφοοουμην
649 2809 720 2832 τους.
735 2808 774 2828 ID.

328 2832 384 2868 (41)
406 2832 462 2867 Τῆς
475 2833 569 2868 τιμῆς.
586 2835 623 2861 Τὸ
635 2835 749 2871 τίμημα.
766 2838 804 2866 in.

1131 1568 1186 1594 λεῖν
1198 1567 1289 1600 αὑτὸν,
1311 1567 1463 1602 κατέφυγεν
1481 1566 1568 1593 ὀπίσω
1592 1575 1653 1602 μου,
1673 1566 1802 1602 δεόμενος
1824 1567 1904 1593 αὐτῶν.

1138 1612 1268 1644 Ἀναστὰς
1282 1612 1310 1638 δὲ
1327 1611 1448 1647 Ῥουὸὴμ
1461 1609 1548 1638 εἶπεν·
1570 1621 1578 1638 ι
1597 1612 1728 1646 Ἀδελφοὶ,
1747 1613 1786 1649 μὴ
1799 1611 1903 1639 amicei-

1130 1667 1220 1693 νωμεν
1233 1657 1324 1690 αὑτὸν,
1345 1657 1412 1684 ἀλλὰ
1432 1658 1554 1693 ῥίψωμεν
1571 1657 1651 1684 αὑτὸν
1668 1659 1709 1690 εἰς
1725 1658 1776 1685 ἕνα
1792 1659 1844 1685 τῶν
1860 1658 1901 1684 λά»

1130 1713 1186 1731 κων
1196 1703 1250 1730 τῶν
1264 1703 1354 1740 ξηρῶν
1365 1703 1477 1736 τούτων,
1491 1700 1528 1730 ὧν
1537 1703 1644 1740 ὤρυξαν
1657 1705 1681 1730 of.
1700 1704 1822 1740 πατέρες
1834 1703 1900 1739 multa

1129 1749 1176 1775 καὶ
1192 1749 1241 1784 οὺχ
1258 1745 1336 1784 εὗρον
1348 1747 1446 1784 ὕδωρ.»
1459 1747 1508 1774 Διὰ
1521 1748 1575 1784 γὰρ
1591 1748 1670 1777 τοῦτο
1686 1749 1810 1776 ἐκώλυσε
1823 1750 1899 1784 Κύριοι

1129 1794 1202 1830 ὕδωρ
1222 1794 1356 1830 ἀναϐῆναι
1379 1794 1409 1819 ὲν
1427 1794 1536 1826 αὐτοῖς,
1555 1794 1597 1821 ἶνα
1614 1794 1728 1830 γένηται
1749 1796 1898 1831 περιποίηςι(

1127 1840 1167 1876 τῷ
1175 1841 1283 1876 Ἰωσήφ.
1302 1840 1356 1867 Καὶ
1373 1839 1484 1874 ἐποίησε
1497 1840 1597 1876 Κύριος
1613 1840 1710 1873 οὕτως,
1723 1840 1779 1874 ἕως
1795 1838 1824 1868 οὗ
1840 1839 1897 1867 sint!

1127 1887 1184 1919 τοῖς
1208 1886 1393 1922 Ἰσμαηλίταις
1411 1885 1566 1921 ἐπώλησαν,

1161 1943 1199 1971 1".
1221 1953 1231 1970 ‹
1242 1943 1298 1971 Καὶ
1314 1944 1368 1980 γὰρ
1379 1943 1434 1979 τῆς
1447 1944 1531 1979 τιμῆς
1538 1943 1593 1980 (Η)
1605 1944 1653 1971 τοῦ
1675 1945 1779 1980 Ἰωσὴφ
1800 1943 1852 1979 ἐγὼ
1862 1944 1894 1987 dt

1126 1989 1303 2026 ἐκοινώνησα,
1330 1991 1423 2022 τέκνα,
1448 1990 1516 2017 ἀλλά
1539 1991 1662 2026 Συμεὼν,
1681 1992 1729 2018 καὶ
1754 1992 1818 2024 Γὰδ,
1833 1989 1893 2027 καὶᾴ

1126 2037 1234 2071 ἀδελφοὶ
1251 2037 1280 2070 ἐξ
1300 2036 1357 2072 (45)
1372 2036 1447 2063 ἄλλοι
1466 2035 1544 2072 ἡμῶν
1560 2036 1687 2068 λαϐόντες
1700 2037 1753 2073 τὴν
1775 2038 1851 2072 τιμὴν
1862 2032 1892 2067 ui

1135 2082 1244 2117 Ἰωσὴφ,
1267 2081 1433 2117 ἐπριάσαντο
1453 2081 1614 2117 ὑποδήματα
1641 2082 1765 2114 ἑαυτοῖς,
1791 2083 1833 2109 καὶ
1852 2091 1862 2107 τ

1126 2128 1246 2163 γυναιξὶν
1268 2128 1369 2160 αὐτῶν,
1387 2129 1435 2156 καὶ
1458 2130 1514 2160 τοῐς
1534 2129 1640 2160 τέκνοις
1658 2128 1761 2161 αὐτῶν,
1781 2129 1884 2159 sintne;

1129 2184 1138 2200 ἰ
1146 2175 1207 2201 ὀτι
1220 2174 1286 2210 τιμὴ
1302 2174 1417 2210 αἵματός
1426 2175 1499 2201 ἐστιν
1510 2174 1623 2209 ἀδελφοῦ
1636 2174 1714 2210 ἡμῶν
1725 2174 1805 2211 αὕτη,
1816 2174 1841 2201 οὐ

1127 2218 1238 2255 γώμεθα
1249 2206 1349 2254 Ἶαύτὴν,
1373 2219 1440 2246 ἀλλὰ
1461 2206 1662 2255 καταπατήσεύ
1675 2206 1888 2254 καταπατήσωμά

1126 2263 1220 2299 αὐτὴν,
1241 2263 1299 2290 ἀνθ’
1320 2261 1358 2291 ὧν
1377 2262 1437 2290 εἷπε
1453 2263 1604 2298 βασιλεύειν
1624 2264 1679 2299 (44)
1700 2265 1744 2299 ἐφ’
1762 2265 1843 2300 ἡμᾶς·

1127 2309 1235 2344 ἴδωμεν,
1245 2309 1271 2336 τί
1281 2309 1340 2336 ἐστι
1349 2308 1385 2336 τὰ
1397 2308 1509 2336 ἐνύπνια
1520 2308 1613 2336 αὑτοῦ.
1621 2308 1684 2336 »Διὰ
1691 2309 1772 2336 τοῦτο
1783 2311 1810 2335 ὲν
1818 2318 1833 2343 γ

1125 2354 1209 2391 νόμου
1234 2354 1318 2390 Ἑνὼχ
1329 2354 1481 2390 γέγραπται
1494 2354 1560 2391 (45),
1570 2354 1615 2382 τὸν
1629 2356 1667 2392 μὴ
1679 2353 1790 2382 θέλοντα
1802 2355 1866 2390 σπέρξ

1163 2421 1444 2467 (ξῖλϐοηιηιαηὶεαῑιί.
1462 2423 1489 2451 ld
1503 2427 1544 2451 est
1558 2423 1661 2451 nullam
1674 2429 1779 2460 partem
1793 2421 1882 2467 ejus

1125 2458 1195 2486 cepi.
1212 2458 1250 2485 In.

1159 2466 1379 2529 ίὶξίῡίΑδε-λφοὶ
1395 2492 1439 2525 EE.
1459 2493 1507 2526 “Et
1522 2493 1639 2529 ἀδελφοίε
1660 2494 1698 2521 in.

1237 2528 1424 2564 Βασιλεύειγ.
1440 2529 1500 2564 Ὀτι
1516 2527 1679 2564 βασιλεύσειε
1694 2528 1733 2556 ΙΙ).

1171 2561 1216 2598 45)
1241 2563 1292 2599 Ἑν
1305 2562 1403 2598 ποαφῇ
1421 2561 1521 2598 νόμού
1536 2564 1630 2598 Ἑνὼχ
1645 2563 1810 2599 τέτραπται.
1828 2561 1878 2595 [del

1125 2598 1224 2634 legitur
1246 2598 1447 2634 Deutcronomii
1470 2599 1561 2632 xxv,7
1583 2606 1641 2634 seq.
1666 2607 1698 2626 ac
1722 2599 1827 2634 proinde
1846 2602 1878 2625 nol

1125 2633 1209 2670 tande
1221 2633 1410 2670 convenientia
1425 2633 1496 2661 inter
1513 2633 1761 2670 legem_Moysis,'et
1774 2635 1877 2670 eam‘qllj

1126 2667 1238 2704 Enocho
1259 2668 1363 2704 auctori
1385 2669 1501 2704 ascripta
1516 2665 1568 2704 est:
1589 2665 1725 2697 Caeterum
1739 2669 1807 2704 quod
1820 2665 1870 2694 Chri

1126 2673 1238 2695 Enocho
1259 2673 1363 2695 aucton
1385 2673 1501 2704 ascripta
1516 2673 1567 2696 est.
1589 2673 1725 2697 Caeterum
1739 2673 1807 2704 quod
1820 2673 1850 2694 cn

1125 2707 1184 2730 slus
1198 2703 1231 2730 de
1248 2703 1456 2732 circumcisione
1475 2704 1542 2731 dixit
1554 2703 1633 2731 Ioan.
1647 2712 1696 2734 vn.
1710 2705 1754 2736 22.
1769 2711 1824 2731 eam

1125 2745 1157 2764 ex
1173 2737 1276 2774 Moyse,
1303 2737 1350 2766 sed
1371 2746 1405 2765 ex
1427 2739 1550 2773 patribus
1570 2747 1642 2771 esse,
1667 2739 1694 2766 id
1718 2740 1750 2766 de
1771 2747 1788 2774 p

1125 2780 1233 2807 quoque
1251 2774 1401 2801 suscitandi
1417 2773 1494 2801 fratri
1509 2774 1624 2802 seminis
1641 2782 1735 2802 verum
1753 2781 1810 2801 esse
1825 2771 1856 2799 col

1125 2808 1197 2842 gitur
1216 2815 1249 2835 ex
1260 2807 1357 2836 Cenes.
1375 2816 1491 2842 xxxviii,
1506 2809 1540 2841 9;
1563 2810 1687 2844 adeoque
1711 2817 1760 2837 nec
1773 2814 1839 2846 vero.
1857 2838 1863 2844 ,

1125 2843 1249 2871 absimile
1268 2843 1350 2871 ritum
1372 2843 1456 2872 calcei
1477 2845 1636 2874 detrahendi
1658 2850 1685 2873 et
1704 2841 1841 2878 esspuendi

1161 2493 1172 2597 ἑ

1207 2492 1217 2598 ξ

1124 2745 1157 2764 ex
1173 2737 1276 2774 Moyse,
1303 2737 1350 2766 sed
1371 2746 1405 2765 ex
1422 2739 1550 2774 patribus
1570 2747 1642 2771 esse,
1667 2739 1694 2766 id
1718 2740 1750 2766 de
1771 2747 1788 2774 p

1124 2771 1233 2807 quoque
1251 2774 1401 2801 suscitandi
1417 2771 1494 2801 fratri
1509 2774 1624 2802 seminis
1641 2782 1735 2802 verum
1753 2771 1810 2801 esse
1825 2771 1856 2799 col

1125 2808 1197 2846 gitur
1215 2815 1249 2846 ex
1260 2807 1357 2846 Genes.
1375 2816 1491 2846 xxxviii,
1506 2809 1540 2841 9;
1556 2810 1687 2846 adeoque
1711 2817 1760 2837 nec
1773 2810 1863 2846 verone!

1125 2841 1249 2871 absimile
1268 2843 1350 2871 ritum
1372 2843 1456 2872 calcei
1477 2841 1685 2874 detrahendi'et
1704 2841 1841 2878 esspuendi

1867 2963 1869 2984 i
