1913 3102
20 146 76 174 [ουδ
561 137 820 172 TESTAMEMUM

20 202 155 237 ιναστῆσαι
174 201 217 237 τῷ
234 199 341 236 ἀδελφῷ
356 199 448 232 αὐτοῦ,
465 199 680 236 ὑπολυθήσεσθαι
693 200 748 236 (46)
761 201 792 227 τὸ
805 204 827 232 Α

20 249 137 284 ιπόδημα,
159 249 211 274 καὶ
230 247 397 283 ἐμπτύεσθαι
419 248 458 279 εἰς
478 247 509 273 τὸ
531 246 684 282 πρόσωπον.
702 247 758 273 Καὶ
770 246 796 273 οἰ

20 295 110 328 lasted
133 295 237 329 Ἰωσὴφ
251 294 303 320 οὐκ
318 293 454 329 ἠθέλησαν
469 293 509 324 εἰς
522 292 578 328 (47)
594 292 666 328 ζωὴν
681 291 796 327 ἀδελφοῦ

20 341 92 368 ιῦτῶν
101 349 108 355 ·
125 341 176 367 καὶ
184 340 288 376 Κύριος
304 340 437 366 ὑπέλυσεν
451 340 543 371 αὐτοῖς
556 339 588 365 τὸ
602 339 727 374 ὑπόδημα
740 339 797 366 Ίω-

20 389 59 423 ςήφ
74 387 140 422 (48).
155 387 215 413 Καὶ
231 386 285 423 γὰρ
297 385 419 418 ἐλθόντες
433 386 462 412 ἐν
472 385 612 420 Αἰγύπτῳ,
625 385 796 420 ὑπελύθησαν

20 434 57 459 ,πὸ
74 432 129 459 τῶν
155 432 261 459 παίδων
290 432 401 467 Ἰωσὴφ,
414 430 485 459 κατὰ
505 431 551 458 τὸν
573 431 657 457 τύπον
676 430 722 457 τοῦ
743 431 797 457 Φα-

20 479 62 505 κιώ
83 478 151 514 (50).
181 478 220 505 Οὐ
243 478 322 513 μόνον
346 477 375 504 δὲ
396 476 602 513 προσεκύνησαν
623 476 706 512 αὐτῷ,
728 475 797 503 ἀλλὰ

20 527 52 552 ui
67 524 285 560 ἐνεπτύσθησαν,
307 524 476 560 παραχρῆμα
496 523 623 555 πεσόντες
644 522 796 558 ἔμπροσθεν

20 571 86 597 ιὺτοῦ
97 580 103 585 -
121 571 171 598 καὶ
186 571 273 602 οὕτως
286 570 458 606 ᾐσχύνθησαν
481 569 634 605 ἔμπροσθεν
650 569 704 595 τῶν
715 568 797 602 Αιγυ-

20 617 99 643 πῐων.
112 616 195 643 Μετὰ
206 616 291 643 ταῦτα
305 616 359 651 γὰρ
378 616 496 651 ἥκουσαν
514 616 539 642 οἱ
551 614 694 649 Αἰγύπτιοι
710 614 797 641 πάντα

20 663 42 689 ιὰ
55 662 124 689 κακὰ
145 662 164 689 ἃ.
180 663 351 698 ἐποιήσαμεν
365 661 405 696 τῷ
424 661 532 697 Ἰωσήφ.

43 710 75 734 Δ’.
108 718 118 734 ι
139 708 221 735 Μετὰ
243 707 328 734 ταῦτα
350 707 444 734 ἔϐαλον
467 706 566 734 ἐσθίειν
591 707 700 734 ἐκεῖνοι.
727 705 797 740 Ἐγὼ

20 756 61 790 γὰρ
83 754 130 780 δύο
156 753 265 789 ἡμέρας
291 754 338 780 καὶ
360 753 407 780 δύο
430 752 528 784 νύκτας
552 752 602 779 οὐκ
629 751 796 787 ἐγευσάμην,

20 799 258 835 ςπλαγχνιζόμενος
281 799 328 826 ἐπὶ
347 799 456 834 Ἰωσήφ.
480 799 533 825 Kal
555 797 656 828 Ἰούδας
673 796 703 823 οὐ
721 795 798 823 συνέ-

20 855 110 881 ιρωγεν
125 845 222 876 αὐτοῖς
233 848 239 859 ⁵
257 845 383 880 προσεῖχε
397 843 426 872 δὲ
435 842 474 878 τῷ
488 843 593 878 λάκκῳ,
607 843 647 869 ὅτι
664 841 795 876 ἐφοϐεῖτο,

20 879 49 926 μίὴ
63 879 290 927 ἀποπηδήσαντες
308 889 419 925 Συμεὼν
433 889 481 916 καὶ
493 889 546 917 Γὰδ
560 888 690 915 ἀνέλωσιν
705 886 794 914 αὐτόν.
811 879 833 907 Β

20 938 64 963 Καὶ
83 937 205 972 ὁρῶντες
223 936 295 972 κάμὲ
319 936 357 971 μὴ
378 935 517 966 ἐσθίοντα,
539 934 630 961 ἕθεντό
648 942 682 969 με
703 935 796 969 τηρεῖν

20 982 98 1013 ιὺτὺν,
124 982 180 1014 ἕως
208 980 238 1009 οὗ
257 981 375 1017 ἐπράθη.
405 981 529 1016 Ἐποίησε
549 980 578 1007 δὲ
598 981 627 1007 ἐν
645 979 685 1015 τῷ
704 979 797 1015 λάκκῳ

20 1029 83 1062 τρεῖς
103 1027 214 1063 ἡμέρας
235 1027 282 1053 καὶ
292 1028 366 1062 τρεῖς
386 1026 495 1058 νύκτας,
517 1025 564 1052 καὶ
586 1025 672 1057 οὕτως
690 1025 796 1061 ἐπράθη

20 1071 110 1102 ἄσιτος.
130 1072 189 1098 Kal
208 1071 327 1103 ἀκούσας
348 1071 477 1107 Ῥουϐὴμ,
500 1072 540 1098 ὅτι
556 1072 663 1108 ἐπράθη
684 1072 797 1104 ἀπόντος

20 1118 101 1150 αὑτοῦ,
117 1119 347 1154 περισχισάμενος
362 1117 479 1153 ἐθρήνει,
495 1118 591 1152 λέγων⁴
626 1119 688 1150 Πῶς
697 1119 797 1154 ὄψομαι

20 1164 43 1189 τὸ
63 1164 207 1200 πρόσωπον
235 1164 332 1191 Ἰακὼὸ
345 1163 392 1190 τοῦ
416 1164 518 1199 πατρός
545 1173 615 1199 μου;
631 1165 685 1191 Καὶ
707 1164 798 1192 λαϐὼν

20 1208 44 1234 τὺ
61 1209 203 1245 ἀργύριον,
228 1209 382 1245 κατέδραμε
410 1208 466 1244 (51)
493 1210 549 1240 τοῖς
576 1209 726 1244 ἐμπόροις,
750 1211 798 1237 καὶ

20 1253 86 1281 οὐδὲν
98 1254 156 1290 (52)
183 1250 278 1290 εὗρεν·
303 1254 416 1289 ἀφέντες
431 1254 484 1290 γάρ
496 1255 545 1290 τὴν
564 1254 622 1282 ὁδὸν
644 1255 694 1290 τὴν
715 1256 799 1291 μεγά-

21 1298 73 1334 λην,
93 1300 283 1336 ἐπορεύθησαν
305 1300 350 1327 διὰ
371 1299 620 1335 τρωγλοκολπητῶν
636 1299 692 1336 (55)
715 1301 744 1327 ἐν
764 1302 798 1336 τῇ

22 1345 136 1381 συντόμῳ
146 1354 154 1361 ³
174 1346 222 1372 καὶ
237 1346 287 1372 οὐκ
309 1345 392 1381 ἔφαγε
414 1346 533 1381 Ῥουϐὴμ
624 1346 705 1382 ἄρτον
720 1346 749 1372 ἐν
764 1347 797 1382 τῇ

24 1390 105 1426 ἡμέρᾳ
129 1391 236 1428 ἐκείνῃ.
257 1390 416 1427 Προσελοὼν
438 1389 484 1418 οὖν
506 1392 520 1417 ὁ
542 1390 594 1417 Δὰν
616 1389 691 1418 εἶπεν
713 1391 798 1426 αὐτῷ’

25 1438 78 1473 «Μὴ
93 1438 182 1471 κλαῖε,
206 1439 274 1475 μηδὲ
299 1438 408 1466 πένθει’
425 1435 502 1474 εὖρον
520 1437 574 1474 γὰρ
586 1438 612 1464 τί
624 1438 744 1474 εἴπωμεν
759 1438 798 1474 τῷ

24 1485 97 1521 πατρὶ
113 1487 194 1521 ἡμῶν
216 1485 322 1513 Ἰακώϐ.
340 1485 462 1521 Θύσομεν
481 1485 536 1521 (55)
554 1485 687 1521 χίμαρῤον
702 1486 799 1520 αἰγῶν,

24 1530 64 1578 καὶ
83 1531 243 1567 ὲμϐάψομεν
267 1531 313 1558 τὸν
336 1531 438 1566 χιτῶνα
466 1529 575 1565 Ἰωσὴφ,
598 1531 648 1578 κούί
665 1531 796 1567 ἐροῦμεν·
811 1548 832 1578 C

30 1575 178 1610 Ἐπίγνωθι,
199 1578 224 1603 εἰ
238 1576 319 1612 χιτὼν
334 1577 381 1603 τοῦ
398 1575 456 1603 υιοῦ
469 1575 516 1602 σού
534 1576 607 1602 ἐστιν
621 1573 696 1608 οὗτος
706 1576 772 1612 (56)·
786 1587 795 1603 ι

25 1621 62 1647 τὸν
74 1621 126 1658 γὰρ
143 1622 246 1658 χιτῶνα
261 1621 308 1649 τοῦ
324 1622 425 1658 πατρὸς
440 1621 518 1658 ἡμῶν
534 1620 660 1653 ἐξέδυσαν
677 1621 723 1648 τὸν
744 1622 799 1649 Ἰω-

26 1666 71 1702 σὴφ
84 1669 112 1694 ἐν
124 1668 165 1703 τῷ
185 1668 290 1703 μέλλειν
310 1668 475 1703 πιπράσκειν
491 1667 582 1699 αὑτὸν,
605 1668 652 1694 καὶ
672 1667 798 1695 ἐνέδυσαν

26 1712 95 1739 αὑτὸν
118 1714 226 1749 ἱμάτιον
248 1714 362 1740 παλαιὸν
382 1713 484 1740 δούλου.
502 1712 554 1740 Τὸν
572 1714 600 1741 δὲ
619 1714 722 1750 χιτῶνα
742 1711 799 1748 εἶχε

25 1757 136 1792 Συμεὼν,
153 1759 202 1785 καὶ
216 1759 265 1785 οὐκ
279 1759 357 1796 ἤθελε
371 1760 460 1787 δοῦναι
476 1761 565 1793 αὑτὸν,
579 1760 663 1787 θέλων
678 1762 711 1796 τῇ
732 1761 798 1795 ῥομ-

27 1803 84 1838 φαίᾳ
94 1804 177 1831 αὐτοῦ
187 1805 338 1840 κατακόψαι
350 1805 439 1838 αὑτὸν,
455 1806 640 1842 ὀργιζόμενος,
654 1807 695 1833 ὅτι
707 1805 797 1841 ἔζησε,

28 1849 66 1875 καὶ
81 1850 128 1877 οὐκ
149 1850 254 1878 ἀνεῖλεν
278 1851 368 1878 αὐτόν.
394 1851 570 1884 ’Λναστάντες
592 1853 620 1879 δὲ
642 1854 701 1879 κατ’
717 1852 798 1878 αὐτοῦ

29 1894 116 1928 πάντες
136 1896 218 1927 ὁμοῦ.
233 1896 344 1932 εἴπομεν
356 1905 363 1912 ·
376 1907 385 1923 ι
399 1898 460 1924 Ὅτι
478 1897 525 1924 ἐὰν
546 1899 582 1934 μὴ
600 1898 661 1933 δῷς,
673 1897 798 1933 ἐροῦμεν,

27 1937 61 1963 ὅτι
75 1939 104 1965 σὺ
121 1944 203 1975 novo;
215 1940 343 1976 ἐποίησας
360 1940 390 1967 τὸ
406 1941 522 1976 πονηρὸν
537 1942 565 1968 ἐν
585 1942 691 1977 Ἰσραήλ
704 1941 770 1976 (57),
787 1949 796 1966 ι

29 1983 74 2009 Καὶ
85 1984 170 2017 οὕτως
184 1985 289 2013 δίδωσιν
302 1986 394 2019 αὑτὸν,
405 1987 452 2013 καὶ
467 1987 607 2022 ἐποίησαν,
619 1986 710 2019 καθὼς
724 1985 800 2014 εἶπεν

28 2028 39 2053 ὁ
49 2029 103 2057 Δάν.

59 2077 91 2104 Ε’.
118 2088 127 2104 ι
143 2079 199 2106 Kal
214 2077 271 2110 νῦν,
292 2078 375 2105 τέκνα
396 2087 464 2114 μου,
487 2079 643 2113 ἅναγγέλλω
666 2079 729 2114 ὑμῖν
752 2078 799 2106 τοῦ

28 2121 166 2155 φυλάσσειν
182 2123 231 2156 τὰς
246 2123 355 2156 ἐντολὰς
370 2124 484 2160 Κυρίου,
500 2125 547 2151 καὶ
562 2126 647 2151 ποιεῖν
662 2124 734 2156 ἔλεος
754 2124 800 2151 ἐπὶ

29 2165 67 2193 τὸν
80 2168 201 2205 πλησίον,
223 2170 270 2196 καὶ
287 2170 485 2205 εὐσπλαγχνίαν
504 2170 574 2205 ἔχειν
597 2169 664 2206 πρὸς
686 2171 798 2204 πάντας,

30 2212 54 2238 οὐ
73 2214 147 2248 μόνον
169 2216 211 2247 εἰς
233 2215 400 2251 ἀνθρώπους,
424 2215 492 2242 ἀλλὰ
510 2216 557 2242 καὶ
579 2217 618 2248 εἰς
640 2216 734 2250 ἄλογα.
750 2216 800 2244 Διὰ
816 2223 836 2251 ι)

31 2257 75 2294 γὰρ
90 2259 174 2287 ταῦτα
195 2259 324 2295 εὐλόγησέ
349 2268 382 2295 με
405 2259 516 2295 Κύριος,
541 2260 598 2292 καὶ,
616 2260 723 2286 πάντων
745 2260 800 2286 τῶν

31 2304 138 2341 ἀδελφῶν
162 2315 212 2343 μου
233 2306 426 2338 ἀσθενούντων,
447 2305 501 2340 ἐγὼ
522 2307 616 2338 ἄνοσος
642 2306 798 2342 παρῆλθον·

31 2350 75 2379 οἶδε
98 2355 150 2391 γὰρ
172 2355 274 2390 Κύριος
303 2353 417 2381 ἑκάστου
440 2354 488 2390 τὴν
511 2354 679 2390 προαίρεσιν.
704 2354 800 2388 Ἔχετε

31 2396 70 2425 οὖν
89 2400 159 2432 ἕλεος
179 2401 208 2427 ἐν
226 2402 281 2432 τοῖς
299 2400 461 2435 σπλάγχνοις
474 2399 559 2434 ὑμῶν,
577 2400 659 2426 τέκνα
679 2408 740 2435 μου,
759 2400 802 2426 ὅτι

31 2444 60 2476 ὡς
79 2446 108 2473 ἂν
126 2456 167 2480 τις
188 2447 288 2484 ποιήσῃ
304 2447 344 2482 τῷ
362 2445 472 2482 πλησίον
492 2445 591 2478 αὐτοῦ,
613 2445 698 2477 οὕτως
719 2444 766 2471 καὶ
786 2445 801 2471 ὁ

33 2500 117 2540 faciem
135 2505 206 2540 ejus,
221 2505 266 2540 qui
283 2505 376 2532 fratris
397 2512 497 2532 nomen
515 2511 672 2540 propagare;
689 2511 802 2540 recusa-

32 2539 100 2570 verit,
113 2538 168 2574 jam
188 2538 252 2567 olim
273 2541 404 2568 usitatum
429 2538 528 2572 fuisse;
552 2539 622 2566 sicut
639 2538 690 2566 alia
708 2539 801 2565 excal-

33 2575 118 2614 ceatio,
138 2583 194 2614 qua
211 2576 388 2614 propinquus
410 2575 487 2614 alteri
515 2582 566 2614 suo
592 2574 802 2614 _cedeba_t,_mos

33 2608 155 2644 antiquus
168 2611 195 2637 in
211 2608 292 2638 Israel
308 2608 393 2637 fuisse
406 2610 516 2640 dicitur,
535 2609 618 2644 Ruth.
636 2617 673 2641 tv,
688 2608 713 2635 7.
725 2608 764 2636 In.

71 2644 112 2680 l6)
140 2646 412 2679 ¹Υπολνθήσεσθαι.ι
437 2643 633 2680 ’Υτοοδήσεσθαι
651 2644 731 2671 male.
749 2644 786 2671 In.

72 2679 113 2715 47)
130 2683 192 2714 Εὶς.
212 2681 361 2709 Omissum.
377 2680 416 2707 lo.

274 2718 307 2743 '0
322 2717 453 2752 ἐφόρεσαν
466 2714 535 2742 κατὰ
553 2714 651 2749 Ἰωσὴφ
662 2713 710 2741 τοῦ
726 2713 802 2741 ἀδελ,-

35 2750 77 2780 φῡῦ
90 2752 185 2778 αὐτῶν.
204 2750 242 2778 Ιι).
374 2750 379 2752 ’

65 2784 113 2821 M9)
133 2787 252 2814 Portam.
265 2787 382 2820 Atrium,
398 2785 508 2821 Iosephi
524 2785 644 2817 scilicet;
660 2784 713 2812 hoc
727 2784 801 2812 enim

35 2825 79 2845 vox
90 2822 180 2848 πυλών
193 2822 313 2849 denotat.
327 2821 472 2848 ln.—Vide
484 2825 575 2848 notam
589 2824 756 2854 sequentem.

65 2854 113 2892 (ὅθ)
130 2857 211 2885 Κατὰ
224 2857 277 2884 τὸν
291 2857 385 2884 τύπον
397 2856 448 2884 τοῦ
458 2855 570 2891 Φαραώ.
585 2855 659 2884 Adde
671 2863 706 2884 ex
712 2854 801 2884 Oxon.

841 143 1011 173 ZABULON.
1560 145 1632 174 ιίιῡι

842 209 933 230 semen
959 201 1036 230 fratri
1069 206 1138 234 suo.
1163 194 1321 230 solvendum
1344 202 1577 236 calceamentum,
1603 210 1631 232 et

845 247 1051 282 oonspuendum
1078 247 1106 274 in
1127 246 1236 274 faciem.
1269 246 1302 274 Et
1326 245 1424 274 fratres
1452 247 1553 283 Ioseph
1574 255 1629 277 non

846 293 989 320 voluerunt
1003 292 1086 319 vitam
1111 291 1204 319 fratris
1221 299 1316 319 eorum
1331 301 1337 319 :
1355 296 1382 319 et
1399 291 1531 321 Dominus
1548 293 1631 323 solvit

845 338 886 366 eis
902 339 1118 366 calceamentum
1148 337 1259 374 Ioseph.
1289 339 1394 366 Etenim
1428 340 1566 368 venientes
1600 341 1629 368 in

845 383 992 420 Egyptum
1004 405 1012 418 ,
1037 383 1118 412 soluti
1138 389 1203 412 sunt
1222 392 1238 412 a
1252 384 1346 419 pueris
1357 384 1458 420 Ioseph
1481 390 1544 413 ante
1567 393 1631 420 por—

845 435 901 458 tam
919 430 987 466 (49),
1010 436 1047 458 et.
1063 431 1100 458 ita
1124 431 1310 458 adoraverunt
1333 430 1452 465 Ioseph,
1480 432 1631 460 secundum

846 476 1121 515 typum'Pharaonis.
1144 477 1203 506 Non
1221 479 1310 506 solum
1334 483 1425 506 autem
1449 479 1634 507 adoraverunt

845 533 920 557 eum,
936 525 984 553 sed
1001 525 1084 552 etiam
1099 526 1227 560 consputi
1240 530 1314 558 sunt,
1331 525 1473 553 confestim
1490 526 1633 560 prociden-

846 576 887 600 tes
903 579 995 599 coram
1011 578 1045 598 eo
1059 580 1066 598 :
1083 575 1109 598 et
1125 571 1165 599 sic
1179 571 1288 599 confusi
1306 575 1371 598 sunt
1384 579 1475 599 coram
1485 571 1631 606 Egyptiis.

847 616 911 644 Post
928 616 985 644 hac
997 616 1070 644 enim
1085 615 1231 644 audierunt
1244 615 1364 652 Egyptii
1380 615 1472 643 omnia
1487 616 1558 643 mala
1573 623 1634 650 qum

846 662 962 690 fecimus
977 662 1090 697 Ioseph.

881 709 925 736 ιν.
938 718 948 735 ι
962 708 1029 736 Post
1047 709 1104 736 haec
1130 713 1315 744 apposuerunt
1334 708 1373 735 illi
1387 707 1508 744 (fratres)
1528 709 1632 742 cibum,

846 759 877 783 ut
897 755 1079 782 eomederent.
1108 753 1164 789 Ego
1187 754 1259 782 enim
1281 762 1331 789 per
1351 754 1421 782 duos
1437 754 1496 782 dies
1516 759 1544 781 et
1564 754 1634 782 duas

846 808 941 831 noctes
957 811 1012 830 non
1030 802 1136 837 gustavi
1153 801 1280 837 (cilium),
1302 801 1448 829 miseratus
1464 801 1577 836 Ioseph.
1599 801 1635 829 Et

846 850 930 878 Iudas
959 857 1013 876 non
1034 848 1151 876 comedit
1178 856 1240 876 cum
1265 849 1326 881 eis;
1356 848 1514 875 intendebat
1541 854 1633 876 autem

847 897 874 924 in
890 896 990 927 lacum,
1011 894 1140 930 quoniam
1160 893 1282 926 timebat,
1305 901 1339 920 ne
1352 892 1505 920 resilientes
1521 893 1634 920 Simeon

847 946 874 969 et
885 941 941 969 Gad
955 940 1138 967 interﬁcerent
1151 945 1224 966 eum.
1237 938 1271 965 Et
1284 938 1406 965 videntes
1419 945 1462 964 me
1476 945 1530 964 non
1542 945 1634 965 come-

847 987 966 1018 dentem,
987 988 1139 1020 posuerunt
1154 991 1197 1010 me
1221 983 1359 1011 custodire
1374 983 1475 1018 ipsum,
1491 989 1635 1017 quousque

847 1031 973 1059 venditus
995 1037 1046 1058 est.
1065 1030 1126 1057 Fuit
1142 1034 1232 1057 autem
1255 1029 1282 1055 in
1304 1029 1364 1056 laeu
1381 1033 1437 1056 tres
1459 1029 1517 1056 dies
1538 1033 1564 1056 et
1579 1032 1634 1055 tres

847 1082 957 1111 noctes,
980 1081 1007 1104 et
1025 1077 1065 1107 ita
1086 1076 1212 1104 venditus
1235 1079 1276 1102 est
1297 1075 1442 1110 impastus.
1468 1074 1502 1101 Et
1519 1074 1635 1101 audiens

847 1123 954 1156 Ruben,
977 1124 1050 1159 quod
1070 1123 1196 1151 venditus
1218 1126 1290 1150 esset
1313 1122 1427 1148 absente
1449 1129 1492 1153 eo,
1514 1120 1635 1148 cireum-

848 1171 951 1198 scissus
969 1169 1102 1204 plorabat,
1125 1168 1241 1196 dicens:
1261 1166 1405 1201 Quomodo
1419 1166 1516 1194 videbo
1534 1165 1633 1193 faciem

847 1216 932 1244 Iacob
944 1216 1030 1251 patris
1045 1216 1118 1243 mei?
1142 1215 1176 1242 Et
1192 1215 1329 1250 accipiens
1350 1217 1491 1249 argentum
1513 1213 1636 1240 cucurrit

848 1263 882 1290 ad
904 1267 1082 1294 mercatores,
1106 1265 1132 1289 et
1148 1261 1284 1288 neminem
1309 1260 1412 1287 invenit
1436 1268 1443 1286 :
1467 1259 1635 1287 dimittentes

847 1310 920 1336 enim
945 1310 1016 1336 viam
1042 1316 1186 1343 magnam,
1211 1297 1419 1335 ambulaverunt
1448 1314 1497 1341 per
1524 1312 1637 1340 asperos

849 1352 926 1380 sinus
943 1352 971 1379 in
986 1353 1028 1379 via
1047 1352 1249 1386 compendiaria
1263 1361 1270 1380 :
1287 1356 1313 1379 et
1334 1359 1388 1380 non
1409 1351 1528 1379 comedit
1539 1350 1636 1378 Ruben

848 1405 945 1433 panem
968 1398 995 1425 in
1015 1398 1060 1426 die
1080 1398 1136 1426 illa.
1161 1398 1299 1426 Accedens
1322 1398 1405 1433 igitur
1425 1397 1482 1424 Dan
1502 1397 1571 1424 dixit
1590 1397 1634 1424 ei:

852 1453 862 1470 ι
876 1443 914 1471 Ne
932 1444 1007 1477 ﬂeas,
1024 1452 1114 1478 neque
1135 1445 1268 1477 trieteris;
1283 1444 1373 1471 inveni
1389 1443 1463 1470 enim
1479 1442 1544 1478 quid
1560 1443 1636 1470 dica-

849 1497 910 1518 mus
924 1490 993 1525 patri
1011 1494 1106 1518 nostro
1121 1490 1216 1518 Iacob.
1235 1489 1398 1517 Occidemus
1412 1488 1519 1516 hircum
1536 1495 1637 1523 capro-

849 1543 926 1569 rum,
949 1540 977 1563 et
1000 1536 1138 1571 tingemus
1163 1536 1282 1563 tunicam
1304 1534 1420 1570 Ioseph,
1448 1539 1475 1562 et
1495 1534 1634 1562 dicemus:

848 1580 998 1616 Cognosce.
1013 1581 1036 1608 si
1053 1581 1144 1608 tunica
1169 1580 1215 1607 (illi
1232 1580 1270 1607 tui
1291 1580 1327 1607 sit
1342 1580 1413 1612 ista;
1434 1588 1443 1604 I
1456 1579 1547 1606 tunica
1562 1578 1636 1605 enim

847 1628 932 1663 patris
948 1628 1035 1655 nostri
1048 1631 1182 1655 exuerunt
1195 1626 1308 1662 Ioseph,
1321 1634 1382 1654 cum
1394 1625 1531 1653 vendituri
1545 1629 1638 1653 essent

847 1680 921 1706 eum,
939 1678 966 1700 et
985 1673 1134 1700 induerunt
1152 1680 1215 1700 eum
1236 1672 1429 1699 vestimentum
1452 1675 1530 1698 vetus
1551 1670 1636 1698 servi.

848 1718 979 1746 Tunicam
993 1726 1058 1746 vero
1074 1718 1169 1745 habuit
1186 1718 1311 1750 Simeon,
1330 1722 1357 1745 et
1372 1717 1461 1745 noluit
1475 1717 1541 1744 dare
1561 1723 1634 1748 eam,

847 1764 942 1791 volens
967 1763 1058 1798 gladio
1084 1771 1135 1790 suo
1161 1763 1315 1791 discindere
1341 1771 1422 1795 eam,
1450 1763 1536 1789 iratus
1562 1761 1636 1796 quod

848 1809 962 1841 viveret,
975 1812 1002 1836 et
1018 1816 1072 1835 non
1091 1808 1237 1836 occidisset
1250 1815 1324 1835 eum.
1341 1807 1526 1842 Exsurgentes
1541 1810 1634 1833 autem

849 1854 980 1881 adversus
996 1861 1058 1880 eum
1074 1861 1169 1881 omnes
1182 1852 1264 1881 simul
1273 1853 1410 1880 diximus:
1423 1861 1433 1878 ι
1447 1851 1525 1884 Quod
1542 1851 1564 1878 si
1579 1858 1636 1878 non

849 1899 908 1932 des,
926 1899 1060 1932 dicemus,
1080 1899 1153 1933 quod
1172 1904 1201 1926 tu
1221 1898 1296 1926 solus
1313 1897 1402 1925 fecisti
1420 1897 1472 1924 hoc
1486 1897 1587 1923 malum
1606 1896 1636 1923 in

849 1943 942 1972 Israel.
959 1954 970 1970 ι
985 1945 1018 1972 Et
1038 1944 1075 1972 ita
1088 1944 1162 1972 dedit
1177 1951 1252 1977 eam;
1270 1948 1300 1970 et
1322 1942 1460 1975 fecerunt,
1476 1942 1546 1969 sicut
1567 1941 1637 1968 dixit

849 1990 918 2018 Dan.

889 2067 919 2096 ν.
935 2079 944 2095 ε
959 2068 993 2096 Εῑ
1010 2076 1093 2102 nune,
1110 2067 1157 2095 ﬁlii
1171 2067 1239 2102 mei,
1261 2068 1394 2095 annuntio
1411 2066 1488 2094 vobis
1499 2065 1637 2094 custodire

850 2118 975 2146 mandata
990 2115 1110 2148 Domini,
1124 2119 1151 2142 ct
1175 2114 1264 2141 facere
1284 2114 1501 2141 misericordiam
1525 2112 1551 2140 in
1572 2119 1638 2147 pro.

849 2165 966 2196 simum,
981 2166 1008 2189 et
1024 2161 1128 2188 viscera
1150 2158 1401 2187 commiserationis
1422 2158 1454 2184 ad
1471 2165 1566 2184 omnes
1584 2157 1636 2184 ha-

852 2210 925 2242 bere,
939 2215 993 2235 non
1007 2207 1095 2234 solum
1109 2205 1142 2232 ad
1156 2204 1290 2236 homines,
1307 2203 1352 2230 sed
1367 2207 1394 2229 et
1405 2203 1438 2230 ad
1455 2202 1635 2231 irrationalia.

850 2253 964 2289 Propter
991 2253 1049 2280 haec
1068 2250 1141 2279 enim
1163 2248 1303 2276 benedixit
1326 2248 1392 2274 mihi
1419 2247 1567 2279 Dominus,
1596 2250 1636 2279 et,

850 2300 979 2327 omnibus
1005 2297 1137 2325 fratribus
1162 2295 1231 2323 meis
1257 2294 1473 2330 aegrotantibus,
1498 2301 1549 2328 ego
1577 2293 1638 2321 sine

833 2347 839 2353 '
849 2345 1008 2381 aegritudine
1033 2344 1124 2377 evasi;
1141 2342 1216 2369 novit
1229 2341 1301 2369 enim
1313 2340 1445 2367 Dominus
1459 2339 1636 2374 uniuscujus-

850 2401 904 2428 que
927 2391 1107 2426 propositum.
1142 2388 1244 2416 liabete
1272 2394 1336 2422 ergo
1363 2386 1579 2414 misericordiam
1606 2385 1636 2412 in

849 2438 1001 2466 visceribus
1024 2436 1136 2469 vestris,
1160 2435 1208 2462 filii
1230 2434 1300 2468 mei,
1325 2433 1456 2469 quoniam
1478 2435 1509 2459 ut
1532 2430 1638 2465 aliquis

850 2502 1002 2544 ἔμπροσθεν
1025 2501 1071 2544 τοῦ
1095 2500 1225 2533 πυλῶνος,
1249 2499 1297 2526 καὶ
1317 2498 1403 2530 οὕτως
1429 2494 1639 2533 προσεκύνησαν

1158 2571 1214 2597 Καὶ
1227 2567 1418 2604 καταδραμὼν.
1433 2566 1471 2594 In.
1551 2600 1558 2606 ι
1612 2599 1618 2605 ι

887 2608 944 2633 (521
964 2607 1067 2633 οὐδέν.
1104 2612 1164 2633 orte
1178 2605 1282 2633 οὐδένα.
1295 2604 1421 2633 quamvis
1433 2607 1460 2629 et
1472 2601 1618 2629 OxontenSI

887 2601 944 2642 (52)
964 2601 1067 2634 οὐδέτῖ.
1082 2601 1282 2642 Ιῗοτιεῗούδέ-να,
1295 2601 1421 2642 quamvis
1433 2607 1460 2642 et
1472 2601 1638 2629 Oxoniensis

851 2636 941 2672 codex'
951 2643 1048 2670 habeat
1063 2641 1148 2669 οὐδέν.
1166 2641 1217 2668 Ms.
1231 2636 1313 2667 Trin:
1323 2638 1425 2665 οὐδένα.
1439 2636 1478 2664 In.

887 2679 944 2713 (55)
965 2676 1248 2713 Τραψλοκολπητῷτν.
1264 2671 1528 2713 Ἰξρωγλοδυτῶνηῐυ.

888 2705 944 2749 (διιῇ
965 2705 1078 2747 "anm
1100 2705 1239 2746 Ῥουόήμ
1273 2705 1405 2745 Ἐφὰγον,
1430 2708 1534 2736 omisso
1560 2705 1636 2732 Ῥου-

852 2748 1109 2819 ϐήιιὲἰδξῡδύσομεν.
1125 2782 1257 2844 Μαξαίρᾳ
1274 2781 1338 2809 add.
1356 2780 1394 2808 In.

888 2819 945 2844 (56)
966 2818 1068 2844 θῦτοο.
1087 2818 1157 2844 Add.
1197 2818 1226 2843 al
1238 2817 1368 2844 ἐποίησαν
1380 2823 1394 2841 ο

966 2811 1068 2854 οὗτοξε.
1087 2818 1157 2854 Add.
1171 2811 1370 2854 ἱζᾳξὲποεησαν
1380 2811 1529 2854 οὖτωςκιο.

888 2848 945 2891 (5ἳὶ
971 2853 1022 2882 Ἐν
1042 2848 1175 2889 Ἰσραήλ.
1207 2848 1335 2880 Ἐνώπιον
1349 2850 1464 2888 Κυρίου.
1478 2848 1517 2877 io.
