1913 3102
252 140 320 169 I095

689 134 922 164 TESTAMENTA
948 133 994 162 Xll
1017 133 1324 163 PATRIARCHARUM.

1801 131 1868 158 {095

251 197 333 226 faciet
344 196 469 232 proximo
483 202 544 229 suo,
555 195 591 222 ita
602 198 629 222 et
643 193 774 221 Dominus
787 193 867 221 faciet
882 193 916 220 ei.
926 193 1031 220 Etenim

1090 192 1185 228 Κύριος
1206 194 1313 229 ποιήσει
1330 191 1414 227 αὐτῷ.
1426 190 1481 218 Καὶ
1491 190 1544 226 γὰρ
1562 189 1588 216 οι
1603 188 1658 216 υῑοὶ
1673 188 1729 216 τῶν
1747 187 1869 223 ἀδελφῶν

251 244 298 271 lilii
314 242 428 270 fratrum
441 249 564 269 nieorum
576 240 760 275 aagrotabant,
772 239 958 267 moriebantur
972 247 1032 274 pro-

250 295 309 325 pter
321 289 432 323 Joseph,
449 287 577 323 quoniam
600 294 654 314 non
675 285 798 313 fecerunt
817 286 1030 312 misericordiam

251 335 278 362 in
292 334 441 362 visceribus
460 334 533 366 suis;
549 332 595 359 ﬁlii
615 337 705 358 autem
724 331 777 358 mei
797 331 856 358 sine
874 331 1032 365 aegritudine

251 380 379 408 custoditi
393 384 465 411 sunt,
489 379 560 406 sicut
581 377 706 405 novistis.
726 376 759 404 Et
776 377 886 411 quando
906 384 980 404 eram
1003 376 1030 403 in

250 426 392 458 Chanaan,
407 426 434 452 in
451 425 542 452 liuore
558 429 671 451 venatus
683 431 743 450 sum
755 423 899 450 venatione
915 422 1030 456 piscium

250 472 334 499 Iacob
347 472 417 506 patri
432 478 510 503 meo;
526 475 552 498 et
568 470 660 497 multis
672 468 810 496 sutl‘oeatis
835 469 861 495 in
883 468 963 500 mari,
982 475 1032 504 ego

251 519 353 547 illaesus
366 517 513 552 permansi.

286 565 332 592 Vl.
345 575 354 591 ι
368 565 475 591 Primus
487 571 537 598 ego
552 563 603 590 feci
622 563 749 597 scapham
771 562 798 589 in
810 561 879 589 mari
892 561 1030 596 navigare,

251 613 380 647 quoniam
393 611 525 638 Dominus
539 609 611 638 dedit
623 609 689 636 mihi
706 608 870 635 intellectum
886 613 913 634 et
924 607 1032 642 sapien-

252 660 317 686 tiam
343 658 370 685 in
397 658 455 692 ipsa
478 666 484 684 :
510 661 537 684 et
559 656 657 683 demisi
677 655 778 690 lignum
801 659 862 689 post
883 654 982 689 ipsam,
1006 657 1033 681 et

251 705 340 732 velum
363 704 470 731 extendi
488 703 514 730 in
530 703 604 738 ligno
620 706 707 735 recto,
732 702 758 728 in
772 701 876 735 medio;
890 705 917 729 et
930 701 957 728 in
973 702 1032 736 ipsa

251 749 445 784 perambulans
462 747 569 780 littora,
589 747 713 782 piscabar
731 747 819 782 pisces
834 747 927 774 domui
947 747 1032 781 patris

251 796 316 828 mei,
331 801 472 830 usquequo
489 794 614 821 venimus
636 793 664 820 in
677 793 822 828 Egyptum
838 797 884 820 :et
904 801 936 820 ex
951 800 1033 820 vena-

252 842 328 869 tione
339 848 398 868 mea
412 841 486 868 omni
498 839 601 867 homini
612 839 754 874 peregrino
768 839 911 866 miseratus
923 838 1031 866 dabam.

254 886 283 914 Si
298 894 361 914 vero
382 891 441 914 erat
459 885 630 921 peregrinus,
652 885 694 912 vel
714 890 859 920 aegrotans,
878 884 920 912 vel
940 892 1033 917 senex,

253 940 374 967 coquens
394 932 495 966 pisces,
512 936 538 958 et
549 932 617 958 bene
629 939 661 958 ea
679 931 747 963 (eos)
760 938 913 965 apparans,
935 938 1034 958 secun-

253 978 319 1005 dum
336 976 553 1011 uniuscujusque
573 977 761 1004 necessitatem
784 975 929 1003 afferebam
945 976 1032 1002 omni-

253 1022 315 1055 bus,
328 1022 457 1056 colligens
473 1026 500 1048 et
513 1021 692 1056 compatiens.
708 1020 820 1055 Propter
834 1021 887 1048 hoe
903 1026 930 1048 et
941 1019 1034 1048 Domi-

253 1075 306 1095 nus
316 1067 416 1094 multos
429 1067 518 1101 pisces
534 1066 598 1094 fecit
612 1075 655 1093 me
667 1067 772 1094 venari.
788 1067 839 1100 Qui
854 1067 926 1096 enim
943 1067 1036 1094 tribuit

253 1114 393 1148 proximo,
416 1113 516 1147 accipit
537 1113 715 1148 multiplicata
739 1121 754 1140 a
771 1113 895 1141 Domino.
911 1114 1036 1148 Quinque

254 1161 333 1188 annis
353 1161 474 1195 piscatus
499 1167 572 1192 sum,
596 1160 670 1187 omni
691 1159 795 1186 homini
814 1167 894 1194 quem
915 1160 1035 1187 videram

254 1206 395 1238 tribuens,
413 1209 441 1232 et
460 1205 534 1232 omni
554 1205 647 1232 domui
673 1206 758 1240 patris
773 1206 825 1232 mei
840 1206 987 1234 suﬂiciens.
1007 1206 1035 1233 lu

254 1256 347 1278 aestate
358 1251 501 1286 piscabar;
521 1250 547 1277 in
561 1250 651 1278 hieme
665 1255 755 1278 autem
769 1251 912 1286 pascebam
927 1259 1035 1288 gregem

254 1305 316 1325 cum
330 1297 460 1324 fratribus
475 1296 552 1324 meis.

290 1343 345 1370 VII.
356 1352 365 1368 ι
386 1342 463 1370 Nunc
477 1342 644 1370 annuntiabo
658 1342 737 1370 vobis
751 1350 811 1377 qum
833 1342 894 1370 feci.
905 1342 1034 1370 Videbam

255 1388 384 1415 aﬂlietum
408 1388 435 1414 in
457 1387 580 1414 nuditate
602 1388 716 1421 hiemis;
738 1392 766 1415 et
789 1388 873 1423 ipsius
897 1389 1034 1422 misertus,

256 1434 362 1461 furatus
389 1435 583 1461 vestimentum
610 1442 644 1461 ex
670 1434 751 1462 domo
780 1442 840 1462 mea
863 1435 1034 1467 abscondite,

256 1480 317 1506 dedi
340 1479 447 1507 atllicto.
472 1479 505 1506 Et
526 1487 575 1506 vos
598 1479 690 1514 igitur,
715 1479 761 1507 ﬁlii
784 1480 847 1513 mei,
862 1488 894 1507 ex
916 1480 959 1508 his
975 1487 1036 1515 quae

1085 246 1134 273 μου
1147 238 1286 272 ἠσθένουν,
1298 237 1468 272 ἀπέθνησκον
1480 236 1524 263 διὰ
1539 237 1648 272 Ἰωσὴφ,
1663 237 1705 263 ὁτι
1715 235 1768 262 οὐκ
1783 234 1871 269 ἐποίη-

1084 292 1133 310 σαν
1158 284 1230 315 ἕλεος
1256 285 1285 310 ἐν
1309 283 1473 318 σπλάγχνοις
1501 283 1605 309 αὐτῶν·
1632 283 1657 308 οἱ
1683 281 1712 308 δὲ
1735 279 1791 307 υἱοί
1821 289 1869 315 μου

1082 329 1171 356 ἄνοσοι
1190 329 1416 364 διεφυλάχθησαν,
1438 328 1476 359 ὡς
1497 327 1595 355 οἴδατε.
1618 327 1674 354 Καὶ
1693 327 1739 353 ἅτε
1757 327 1830 361 ῆμην
1842 327 1869 352 ὲν

1081 377 1114 410 τῇ
1244 375 1369 407 Χαναὰν,
1404 374 1443 405 είς
1474 373 1606 410 παράλιον
1637 373 1770 409 ἐθήρευον
1802 373 1869 408 θήρᾳ

1084 420 1182 456 ἰχθύων
1205 421 1266 456 (59)
1299 420 1395 447 Ἰακὼϐ
1420 420 1459 456 τῷ
1487 420 1570 456 πατρί
1597 428 1663 455 μουο
1693 420 1742 446 καὶ
1768 419 1868 446 πολλῶν

1082 466 1240 501 ἀγχομένων
1251 467 1280 492 ἐν
1291 467 1323 501 τῇ
1338 465 1470 502 Θαλάσσῃ,
1486 465 1541 500 ἐγὼ
1558 465 1680 501 ἀϐλαϐὴς
1692 465 1827 500 διέμεινα.

1121 569 1158 598 ς’.
1187 574 1196 590 ι
1214 565 1324 600 Πρῶτος
1342 564 1396 599 ἐγὼ
1414 565 1528 600 ἐποίησα
1545 565 1647 599 σκάφος
1662 564 1719 600 (60)
1733 564 1868 591 ἐπιπλέειν

1083 611 1111 638 ὲν
1130 613 1162 646 τῇ
1184 610 1315 648 θαλάσσῃ,
1340 611 1381 637 ὃτι
1398 611 1499 647 Κύριος
1519 611 1602 637 ἔδωκέ
1628 620 1672 646 μοι
1698 611 1807 638 σύνεσιν
1827 611 1868 637 καὶ

1084 656 1179 691 σοφίαν
1195 658 1223 683 ὲν
1240 656 1329 691 αὐτῷ·
1352 656 1398 682 καὶ
1417 655 1525 690 καθῆκα
1544 655 1621 688 ξύλον
1642 655 1756 682 ὄπισθεν
1779 655 1867 686 αὐτοῦ,

1084 702 1130 728 καὶ
1139 701 1233 736 ὀθόνην
1243 701 1361 734 ἐξέτεινα
1367 702 1396 727 ὲν
1405 701 1474 735 ξύλῳ
1482 701 1553 737 ὀρθῷ
1563 702 1592 727 ὲν
1604 701 1692 736 μέσῳ’
1702 701 1748 728 καὶ
1758 702 1787 726 ὲν
1800 702 1867 736 αὐτῷ

1084 747 1307 783 διαπορευόμενος
1322 747 1384 778 τοὺς
1402 747 1551 780 αἰγιαλοὺς,
1570 747 1677 782 ήλίευον
1695 746 1791 781 ἰχθύας
1807 748 1868 782 οῖκῳ

1083 793 1186 829 πατρὸς
1202 802 1263 829 μου,
1281 793 1334 825 ἓως
1350 793 1467 828 ἤλθομεν
1489 793 1529 825 εἰς
1543 793 1680 827 Αἴγυπτον
1690 802 1697 808 ·
1712 794 1762 821 καὶ
1778 795 1811 820 ὲκ
1823 794 1867 828 τῆς

1050 863 1072 891 Β
1085 839 1170 875 θήρας
1192 847 1242 874 μου
1262 840 1344 866 παντὶ
1367 839 1502 875 ἀνθρώπῳ
1528 839 1595 874 ξένῳ
1626 839 1867 875 σπλαγχνιζόμενος

1085 884 1195 910 ἐδίδουν.
1211 885 1243 910 El
1254 884 1282 910 δὲ
1297 882 1331 919 ἦν
1347 884 1431 917 ξένος,
1449 885 1465 920 ἢ
1479 885 1573 915 νοσῶν,
1587 885 1603 919 ἣ
1617 885 1752 920 γηράσας,
1770 885 1867 921 ἑψήσας

1085 929 1147 961 τοὺς
1172 929 1275 964 ἰχθύας,
1297 931 1344 957 καὶ
1368 931 1484 965 ποιήσας
1506 931 1574 957 αὐτὰ
1591 931 1711 964 ἁγαθῶς,
1735 931 1804 957 κατὰ
1822 933 1867 966 τὴν

1086 976 1200 1002 ἑκάστου
1215 976 1307 1011 χρείαν
1323 976 1489 1012 προσέφερον
1505 977 1582 1007 πᾶσι,
1600 977 1724 1010 συνάγων
1738 978 1786 1003 καὶ
1803 986 1865 1012 ςυμ-

1086 1023 1208 1057 πάσχων.
1223 1022 1272 1048 Διὰ
1283 1022 1361 1049 τοῦτο
1372 1023 1417 1049 καὶ
1433 1024 1447 1048 ὁ
1458 1023 1558 1059 Κύριος
1573 1023 1656 1049 πολὺν
1672 1024 1748 1058 ἰχθῦν
1761 1024 1866 1059 ἐποίησέ

1088 1076 1121 1102 με
1140 1067 1237 1103 θηρᾷν.
1262 1067 1290 1094 Ὁ
1306 1068 1360 1104 γὰρ
1378 1069 1532 1104 μεταδιδοὺς
1548 1069 1586 1104 τῷ
1609 1069 1722 1104 πλησίον
1740 1069 1866 1104 λαμϐάνει

1086 1112 1304 1140 πολλαπλασίονα
1330 1114 1403 1149 παρά
1427 1115 1538 1150 Κυρίου.
1568 1114 1652 1140 Πέντε
1677 1114 1725 1149 ἔτη
1749 1115 1865 1149 ήλίευσα,

1087 1157 1165 1183 παντὶ
1182 1157 1326 1193 ἀνθρώπῳ,
1344 1157 1373 1183 ὃν
1389 1156 1532 1194 ἑωράκειν,
1552 1158 1717 1192 μεταδιδοὺς,
1732 1159 1778 1184 καὶ

1085 1202 1124 1237 τῷ
1138 1202 1204 1238 οἴκῳ
1219 1203 1265 1230 τοῦ
1281 1204 1384 1239 πατρὸς
1401 1212 1451 1238 μου
1464 1204 1586 1240 ἐξαρκῶν
1611 1204 1647 1230 Τὸ
1662 1204 1741 1239 θέρος
1756 1204 1864 1239 ἡλίευον,

1087 1249 1133 1275 καὶ
1149 1249 1178 1275 ὲν
1194 1249 1307 1285 χειμῶνι
1329 1250 1486 1285 ὲποίμαινον
1512 1250 1580 1284 μετὰ
1602 1249 1654 1276 τῶν
1670 1249 1791 1284 ἀδελφῶν
1808 1259 1863 1286 μου.

1121 1351 1157 1376 Z’.
1182 1359 1190 1375 ι
1206 1349 1262 1377 Νῦν
1285 1350 1426 1385 ἁναγγελῶ
1449 1351 1512 1386 ὑμῖν
1528 1350 1593 1385 (61),
1614 1350 1632 1377 ἃ
1648 1350 1774 1385 ἐποίησα.
1796 1349 1866 1376 Εἶδον

1087 1394 1241 1430 θλιϐόμενον
1265 1396 1294 1422 ἐν
1316 1396 1463 1432 γυμνότητι
1487 1396 1632 1431 χειμῶνος,
1657 1396 1705 1422 καὶ
1725 1396 1867 1430 σπλαγχνι-

1088 1438 1160 1471 σθεὶς
1182 1440 1225 1466 ἐπ’
1248 1439 1336 1472 αὐτὸν,
1363 1441 1463 1475 κλέψας
1487 1442 1592 1476 ἱμάτιον
1614 1442 1646 1468 ἐκ
1661 1441 1708 1467 τοῦ
1730 1442 1805 1468 οἴκου
1821 1451 1868 1476 μου

1087 1486 1237 1521 κρυφαίως,
1250 1486 1337 1513 ἔδωκα
1348 1486 1386 1521 τῷ
1396 1486 1553 1522 θλιϐομένῳ.
1566 1487 1620 1513 Καὶ
1632 1487 1710 1522 ὑμεῖς
1719 1485 1776 1519 οὖν,
1790 1487 1867 1514 τέκνα

256 1525 353 1553 tribuit
368 1525 445 1552 vobis
461 1525 543 1556 Deus,
560 1522 745 1552 indifferenter
758 1526 880 1552 omnium
902 1525 1028 1553 miseren-

1090 1539 1149 1566 μου,
1173 1531 1202 1563 ἐξ
1217 1529 1254 1559 ὧν
1277 1532 1390 1568 παρέχει
1407 1533 1470 1567 ὑμῖν
1493 1533 1508 1559 ό
1525 1532 1601 1564 Θεὸς,
1625 1532 1789 1567 ἀδιακρίτως
1805 1534 1867 1559 πᾶσι

257 1575 308 1603 tes,
322 1570 537 1597 misericordiam
561 1570 651 1602 facile,
667 1574 694 1597 et
707 1571 816 1598 tribuite
835 1572 909 1598 omni
932 1571 1035 1598 homini

257 1617 284 1644 in
307 1617 377 1643 bono
396 1616 487 1644 corde.
514 1616 542 1643 Si
557 1624 621 1643 vero
646 1625 698 1643 non
713 1617 818 1644 habetis
843 1617 869 1644 in
891 1617 1036 1645 occasione

255 1661 322 1689 dare
337 1661 477 1696 indigenti,
490 1662 692 1696 eompatiamini
717 1663 745 1689 in
761 1663 911 1690 visceribus
930 1663 1037 1690 miseri-

255 1707 365 1734 cordize.
386 1706 452 1734 Novi
464 1707 535 1742 quod
549 1715 647 1735 manus
660 1716 720 1735 mea
735 1716 789 1736 non
807 1708 909 1736 invenit
924 1709 951 1735 in
966 1716 1037 1743 pra:-

257 1759 320 1779 sens
343 1751 462 1779 tribuere
481 1753 623 1788 indigenti,
636 1758 663 1780 et
678 1754 795 1789 amplius
817 1759 919 1789 septem
942 1754 1038 1782 stadiis

257 1797 400 1824 ambulans
415 1805 476 1824 cum
493 1798 562 1832 ipso,
576 1797 692 1832 ﬂebam;
717 1803 744 1826 et
756 1800 861 1827 viscera
883 1807 943 1827 mea
959 1807 1037 1828 versa

257 1847 322 1870 sunt
336 1850 417 1877 super
433 1843 521 1878 ipsum
540 1844 567 1870 in
581 1845 810 1879 compassionem.

293 1931 359 1958 VIII.
376 1932 431 1959 «Et
457 1940 506 1959 vos
533 1933 626 1968 igitur,
652 1934 698 1961 ﬁlii
724 1935 789 1968 mei,
813 1935 910 1963 habete
933 1935 1038 1963 viscera

258 1978 458 2012 eompassionis
474 1979 500 2005 in
514 1986 622 2007 omnem
639 1979 776 2007 hominem
796 1981 822 2007 in
838 1981 1037 2015 misericordia,

259 2027 289 2049 ut
301 2028 328 2050 et
340 2023 411 2051 Deus
427 2025 505 2052 vobis
526 2026 659 2060 propitius
681 2026 843 2053 misereatur
865 2027 958 2060 vestri,
971 2035 1040 2062 quo-

259 2069 332 2095 niam
349 2074 375 2096 et
396 2072 421 2096 In
437 2071 567 2098 extremis
586 2071 682 2098 diebus
696 2070 767 2098 Deus
783 2072 870 2099 mittet
884 2073 1041 2101 misericor-

259 2114 331 2140 diam
360 2122 437 2141 suam
463 2115 489 2141 in
511 2120 610 2142 terram
635 2124 642 2142 :
664 2120 691 2142 et
713 2116 759 2142 ubi
789 2117 921 2144 invenerit
937 2118 1039 2145 viscera

259 2158 464 2192 misericordiae,
490 2161 517 2187 in
546 2161 605 2196 ipso
632 2161 775 2189 habitabit.
800 2161 937 2195 Quantum
967 2164 1039 2191 enim

1088 1577 1327 1613 σπλαγχνιζόμενοι
1350 1578 1447 1604 ὲλεεϊτε
1474 1577 1539 1614 (62),
1566 1578 1613 1604 καὶ
1637 1578 1771 1614 παρέχετε
1794 1579 1867 1604 παντί

1087 1621 1221 1657 ἀνθρώπῳ
1246 1624 1275 1649 ὲν
1302 1622 1389 1658 ἀγαθῇ
1414 1623 1521 1659 καρδία.
1543 1623 1575 1649 Εἰ
1594 1623 1623 1649 δὲ
1646 1623 1682 1658 μὴ
1705 1623 1781 1658 ἔχετε
1806 1623 1869 1658 πρὸς

1087 1668 1182 1704 καιρὸν
1203 1669 1294 1695 δοῦναι
1310 1669 1348 1704 τῷ
1366 1669 1502 1705 χρῄζοντι,
1526 1670 1700 1704 συμπάσχετε
1723 1670 1752 1695 ἐν
1775 1669 1871 1703 σπλάγ-

1087 1721 1159 1747 χνοις
1183 1713 1285 1745 ἐλέους.
1310 1712 1374 1741 Οἶδα
1398 1716 1438 1741 ὅτι
1458 1716 1474 1748 ἡ
1492 1715 1552 1751 χείρ
1576 1724 1627 1750 μου
1653 1715 1703 1750 οὐχ
1719 1712 1782 1750 εὗρε
1804 1716 1870 1750 πρὸς

1087 1758 1118 1784 τὸ
1141 1759 1227 1794 παρὸν
1255 1760 1392 1787 ἐπιδοῦναι
1419 1760 1458 1796 τῷ
1482 1761 1631 1797 χρῄζοντι,
1670 1762 1718 1788 καὶ
1742 1760 1782 1787 ἔτι
1804 1761 1870 1787 Emi

1089 1804 1210 1836 σταδίους
1242 1806 1478 1841 συμπορευόμενος
1503 1806 1586 1841 αὐτῷ,
1616 1806 1742 1833 ἔκλαιονο
1771 1807 1818 1833 καὶ
1840 1806 1871 1832 τὰ

1089 1850 1229 1886 σπλάγχνα
1250 1860 1300 1886 μου
1319 1852 1446 1886 ἐτρέφετο
1468 1852 1523 1888 (65)
1546 1853 1589 1879 ἐπ’
1606 1853 1681 1888 αὐτῷ
1698 1855 1739 1885 εἰς
1763 1854 1870 1888 συμπά-

1089 1894 1172 1922 θειαν.

1123 1941 1164 1967 Η’.
1177 1942 1246 1968 «Καὶ
1259 1942 1336 1976 ὑμεῖς
1347 1939 1404 1974 οὖν,
1419 1943 1502 1969 τέκνα
1515 1952 1574 1978 μου,
1588 1943 1662 1978 ἔχετε
1673 1943 1870 1979 εὐσπλαγχνίαν

1090 1985 1159 2012 κατὰ
1180 1987 1279 2018 παντὸς
1301 1987 1443 2022 ἀνθρώπου
1467 1989 1496 2015 ὲν
1516 1989 1594 2022 ἐλέει,
1617 1989 1662 2015 ῖνα
1677 1989 1724 2016 καὶ
1743 1991 1759 2015 ὀ
1771 1989 1869 2024 Κύριος

1089 2030 1129 2061 εἰς
1157 2031 1228 2066 ὑμᾶς
1255 2031 1462 2066 σπλαγχνισθεὶς
1493 2033 1593 2070 ἐλεήσῃ
1617 2034 1705 2068 ὑμᾶς’
1730 2034 1773 2060 ὅτι
1795 2035 1869 2068 καίτε

1090 2077 1133 2103 ἐπ’
1154 2077 1275 2112 ἐσχάτων
1296 2077 1407 2114 ἡμερῶν
1429 2079 1443 2105 ὁ
1462 2078 1528 2110 Θεὸς
1541 2079 1698 2106 ἀποστέλλει
1721 2080 1752 2106 τὸ
1774 2081 1869 2115 σπλάγ-

1090 2129 1151 2156 χνον
1168 2122 1250 2148 αὑτοῦ
1266 2123 1312 2148 ἐπὶ
1331 2123 1380 2158 τῆς
1402 2123 1464 2158 γῆς,
1489 2125 1535 2151 καὶ
1559 2125 1625 2151 ὅπου
1640 2125 1708 2161 εὕρῃ
1733 2125 1867 2161 σπλάγχνα

1091 2167 1197 2199 ἐλέους,
1228 2168 1256 2195 ἐν
1278 2169 1352 2204 αὐτῷ
1375 2171 1504 2196 κατοικεῖ.
1539 2172 1618 2198 Ὅσον
1648 2172 1702 2208 γὰρ
1733 2173 1867 2209 ἄνθρωπος

259 2205 343 2231 homo
371 2205 514 2232 miseretur
540 2206 675 2241 proximi,
707 2212 811 2234 tantum
838 2207 910 2236 Deus
940 2209 1035 2244 ipsius.

1091 2212 1296 2248 σπλαγχνιζεται
1319 2202 1358 2246 είς
1381 2214 1426 2240 τὸν
1442 2215 1564 2251 πλησίον,
1579 2202 1706 2244 τοσοῖιτον
1718 2202 1821 2254 Κὺρίος
1834 2202 1867 2250 εἰς

258 2250 375 2283 Quando
385 2251 455 2277 enim
468 2251 657 2279 descendimus
672 2251 970 2289 inASgyptum,Joseph
984 2262 1038 2281 non

259 2296 418 2323 recordatus
437 2301 479 2324 est
499 2297 560 2323 mali
577 2297 604 2324 in
623 2306 690 2330 uos;
714 2306 758 2325 me
780 2306 845 2326 vero
860 2299 965 2332 videns,
985 2300 1038 2326 mi.

261 2346 352 2369 serius
363 2347 413 2369 est.
432 2341 459 2369 ln
474 2351 553 2377 quem
570 2343 742 2378 inspicientes
754 2350 781 2371 et
791 2352 849 2377 vos,
865 2345 1038 2374 immemores

259 2387 392 2414 malorum
411 2387 575 2421 eiliciamini,
601 2389 649 2415 lilii
671 2389 734 2421 mei,
760 2393 786 2416 et
809 2389 910 2424 diligite
933 2395 1038 2418 vosmet

257 2433 384 2467 invicem,
404 2437 430 2460 et
448 2441 481 2460 ne
501 2434 723 2462 animadvertatis
743 2436 931 2471 unusquisque
957 2438 1038 2465 mali-

293 2522 349 2556 (58)
371 2522 418 2558 Τῇ.
434 2523 482 2558 Γῇ.
501 2523 584 2551 ϐιιΛιι.

292 2557 347 2621 (59)
369 2557 447 2597 Θήρῃ
459 2557 580 2601 ἳχθύῳν.
598 2559 698 2621 Θῄραν.
718 2559 756 2587 lo.

293 2592 336 2621 (60
366 2595 482 2621 Hammo
497 2594 553 2621 ἐγω
567 2594 621 2621 ὲπο
634 2604 694 2621 mm
709 2603 756 2621 a'm

293 2592 346 2627 (60)
366 2593 482 2626 Πρῶτος
497 2594 553 2628 ἐγὼ
567 2592 694 2628 ἐποίήσα
709 2595 834 2629 σκάφος.
851 2594 972 2622 Zabulon
991 2596 1040 2624 ita-

257 2635 310 2662 que
324 2630 563 2665 connumerandus
578 2630 659 2665 variis
674 2631 812 2663 heroibus,
827 2631 873 2665 qui
896 2639 925 2658 se
941 2632 1038 2658 inven-

259 2668 331 2699 tores
351 2663 556 2699 artisnaulicm
577 2664 663 2692 fuisse
683 2663 844 2699 jactarunt,’
859 2666 900 2692 vel
923 2669 956 2693 ab
977 2667 1037 2694 aliis

258 2697 439 2736 tales-crediti
450 2702 574 2736 sunt;»et
588 2697 728 2736 addendus
746 2701 788 2733 iis,
803 2708 872 2735 quos
885 2700 1038 2736 Polydorus

261 2730 392 2770 th‘gilius
412 2732 459 2770 lib.
482 2740 511 2770 ιιι
533 2733 573 2770 Der
589 2735 766 2770 iuvenioribus
783 2730 887 2768 rerum,
911 2730 971 2770 cap.
989 2737 1032 2768 I5,

259 2765 415 2805 Saluiuthus
434 2767 466 2805 lin
493 2766 666 2805 Pancirolum
695 2771 735 2797 tit.
750 2778 776 2796 XI
803 2770 841 2796 De
873 2765 1034 2805 Pyzideculd

259 2801 376 2839 nautica,
390 2806 417 2839 et
431 2800 573 2839 cornelius
594 2811 608 2839 a
624 2804 725 2839 Lapide
746 2805 847 2839 aliique
869 2800 1036 2833 cdmmenta-

260 2839 332 2861 tores
348 2836 375 2862 in
393 2835 534 2869 Sapientia:
551 2835 700 2866 Sulomohis
723 2847 781 2875 cap.
797 2835 852 2874 inv,
877 2849 900 2868 υ.
915 2842 926 2868 I
956 2849 1034 2876 seqq.

1090 2259 1180 2286 αὐτόν.
1204 2260 1267 2286 Ὂτε
1288 2259 1342 2296 γὰρ
1362 2261 1529 2297 κατήλθομεν
1549 2263 1588 2294 εἰς
1603 2263 1751 2297 Αἴγυπτον,
1778 2265 1866 2299 Ἰωσὴφ

1088 2305 1139 2331 οὐκ
1157 2305 1375 2340 ἐμνησικάκησεν
1394 2307 1433 2338 εἰς
1454 2308 1523 2342 ἡμᾶς
1535 2315 1542 2322 ·
1559 2308 1608 2342 ἐμὲ
1620 2308 1648 2335 δὲ
1663 2309 1736 2342 ἰδὼν,
1757 2310 1867 2343 ἐσπλαγ-

1089 2351 1193 2386 χνίσθη.
1215 2352 1262 2383 Εἰς
1275 2351 1304 2377 ὃν
1319 2351 1499 2386 ἐμϐλέποντες
1515 2353 1561 2379 καὶ
1578 2354 1667 2389 ὑμεῖς,
1689 2355 1866 2391 ἁμνησίκακοι

1089 2396 1206 2430 γίνεσθε,
1223 2397 1305 2423 τέκνα
1320 2406 1380 2432 μου,
1398 2398 1444 2424 καὶ
1458 2398 1581 2431 ἀγαπᾶτε
1602 2399 1745 2435 ἀλλήλους,
1771 2403 1817 2428 καὶ
1835 2401 1865 2435 μὴ

1089 2441 1229 2476 λογίζεσθε
1237 2442 1351 2474 ἕκαστος
1358 2443 1407 2478 τὴν
1420 2443 1516 2470 κακίαν
1524 2444 1571 2470 τοῦ
1585 2444 1700 2480 ἀδελφοῦ
1715 2446 1800 2473 αὑτοῦ
1809 2447 1864 2482 (65y

1089 2530 1273 2557 nominarunt.
1289 2529 1329 2556 Ex
1341 2530 1441 2570 quibus
1454 2531 1565 2570 patebit,
1582 2532 1723 2561 Zabulone
1736 2534 1866 2570 antiqui)-

1089 2572 1146 2603 rem
1159 2572 1219 2592 esse
1235 2567 1482 2603 artemnauticam,
1499 2568 1613 2603 ejusque
1625 2570 1761 2603 originem
1776 2567 1866 2597 adﬁce

1090 2600 1185 2626 saltem
1205 2600 1373 2627 referendam
1389 2609 1460 2629 esse.
1480 2603 1516 2628 In.

1125 2634 1432 2672 (61).Νῦνγᾲντιγῃ·ελῶ
1449 2637 1529 2672 ὑμῖν.
1557 2637 1619 2665 Haec
1649 2639 1744 2666 omnia
1772 2641 1863 2666 omissa

1089 2674 1154 2696 sunt
1179 2669 1206 2696 in
1223 2671 1322 2709 codice
1340 2669 1487 2709 OxonienSI
1504 2680 1590 2706 usque
1610 2673 1644 2700 ad
1666 2674 1718 2701 ista
1734 2676 1864 2709 sequenti»

1089 2704 1341 2742 paragraphiverha
1356 2707 1521 2742 gitoo’oﬁror
1531 2704 1638 2742 Κύριος
1653 2710 1698 2742 εις
1713 2704 1815 2737 αὺτὲν.
1831 2709 1861 2735 In.

1125 2738 1180 2773 (62)
1206 2740 1342 2767 Ἐλεεῖτε.
1359 2740 1409 2768 Ms.
1424 2742 1525 2768 ἐλεᾶτε.
1544 2738 1582 2769 ID:

1202 2774 1364 2813 ξῌῖρέφεερ.
1385 2775 1538 2813 Legendum
1554 2778 1712 2813 ἐστρέφετο.
1726 2779 1764 2807 la.

1125 2809 1179 2849 (64)
1197 2809 1414 2849 Μὴλογίζὲοςθε
1426 2809 1560 2849 ἕκαστος
1582 2809 1691 2840 nullar-
1712 2815 1765 2842 τοῦ
1783 2814 1862 2842 ἀδελ-

1088 2845 1146 2878 φοῦ
1169 2845 1271 2878 αὐτοῦ,
1300 2851 1351 2873 etc.
1374 2845 1444 2874 ldem
1471 2847 1605 2875 monitum
1624 2849 1732 2877 Hermae
1756 2851 1861 2878 dabatur
