1913 3102
49 107 103 135 1097

610 104 874 134 TESTAMENTUM
903 106 983 134 DAN.

1580 105 1649 134 1098

44 165 78 191 ὅτι
102 161 175 189 τοῦτο
194 161 306 199 χωρίζει
329 162 452 199 ἑνότητα,
477 162 524 189 καὶ
545 162 635 189 πᾶσαν
658 163 817 198 συγγένειαν

872 164 934 192 tiam
960 164 1052 192 fratris
1072 163 1135 197 sui;
1158 163 1288 198 quoniam
1313 163 1367 191 hoc
1387 162 1483 191 dividit
1507 164 1648 197 unitatem,

44 208 221 244 διασκορπίζει,
238 208 285 235 καὶ
298 208 349 244 τὴν
365 208 454 244 ψυχὴν
475 208 607 244 ταράσσει
623 208 688 245 (65).
716 209 745 235 '0
762 209 816 244 γὰρ

45 254 192 290 μνησίκακος
210 255 353 290 σπλάγχνα
368 255 460 287 ἐλέους
481 255 532 282 οὐκ
553 254 620 290 ἔχει.

71 345 104 373 Θ.
122 355 131 372 ι
145 345 295 381 Προσέχετε
310 345 346 373 τὰ
364 346 446 373 ὕδατα
460 345 526 382 (66)l
539 346 580 373 δτι
597 346 661 373 ὅταν
671 345 718 373 ἐπὶ
733 346 763 373 τὸ
774 347 818 372 αὑ-

44 392 220 427 τὺπορεύεται,
230 392 331 425 λίθους,
341 385 417 426 ξύλα,
431 393 480 428 τὴν
492 393 584 429 ἅμμον
593 393 741 429 κατασύρει
749 392 815 428 (67)-

44 441 81 467 ἐὰν
94 440 120 467 δέ
135 439 174 472 είς
189 439 277 467 πολλὰ
291 439 425 476 διαιρεθῇ,
442 441 459 476 ἡ
483 440 519 476 γῆ
531 439 658 476 ἀφανίζει
675 439 754 473 αὐτὰ,
771 440 818 466 καὶ

43 487 129 521 γίνεται
144 485 378 521 εὐκαταφρόνητα.
395 485 450 513 Καὶ
469 485 558 522 ὑμεῖς,
576 486 624 514 ἐὰν
643 485 816 522 διαιρεθῆτε,

42 531 121 558 ἔπεσθε
132 530 227 563 οὕτως.
245 530 292 567 Μὴ
309 530 437 566 σχισθῆτε
452 531 492 564 εἰς
507 531 555 559 δύο
570 531 701 567 κεφαλὰς,
712 532 753 558 ὅτι
764 533 818 559 πᾶν

41 577 165 613 ὃὲποίησε
189 576 293 614 Κύριος
305 595 312 609 ,
330 576 457 613 ,κεφαλὴν
484 577 548 614 μίαν
571 577 638 614 ἔχει.
658 578 760 605 Ἔδωκε
772 578 818 605 δύο

42 624 128 659 ὤμους,
149 623 242 657 πόδας,
262 624 366 660 χεῖρας·
390 623 458 652 ἀλλὰ
473 624 563 652 πάντα
583 624 618 651 τὰ
632 624 699 660 μέλη
715 626 748 660 τῇ
769 625 819 661 μιᾷ

42 669 130 705 κεφαλῇ
155 670 298 698 ὑπακούει.
325 670 431 705 Ἔτνων
451 669 482 699 ἐν
499 671 592 706 γραφῇ
612 669 737 706 πατέρων
755 679 817 706 μου,

41 717 74 742 ὅτι
93 717 119 743 ἐν
136 716 265 752 ἐσχάταις
284 717 402 754 ἡμέραις
424 715 611 752 ἀποστήσεσθε
628 715 683 743 ἀπὸ
704 716 817 752 Κυρίου,

42 763 80 789 καὶ
98 763 299 799 διαιρεθήσεσθε
322 764 352 791 ἐν
373 763 482 800 Ἰσραὴλ
505 762 580 799 (68),
606 763 654 790 καὶ
668 762 728 789 δυσὶ
744 762 819 798 βασι-

42 805 119 833 λεῦσιν
134 806 371 844 ἐξακολουθήσετε,
389 807 436 834 καὶ
453 807 508 834 πᾶν
524 806 663 843 βδέλυγμα
678 806 816 842 ποιήσετε,

867 215 893 238 et
907 217 1016 238 omnem
1032 209 1299 244 consanguinitatcm
1315 209 1457 245 dispergit,
1482 213 1509 237 et
1525 211 1648 238 animum

866 255 1015 290 perturbat.
1037 254 1142 282 Memor
1157 255 1230 283 enim
1244 254 1310 282 mali
1328 255 1434 283 viscera
1455 255 1650 284 misericordia

869 308 922 327 non
938 300 1028 328 habet.

902 343 947 371 1X.
964 354 974 370 ‹
990 344 1127 372 Attendite
1139 344 1236 380 aquis,
1252 345 1382 380 quaniam
1398 352 1460 372 cum
1483 345 1564 374 simul
1586 353 1648 374 mo-

867 394 975 424 ventur,
995 390 1113 426 lapides,
1136 390 1226 426 ligna,
1238 397 1349 418 arenam
1370 390 1530 425 detrahunt;
1545 392 1568 419 si
1584 399 1649 419 vero

867 435 894 462 in
908 436 1010 464 multas
1022 436 1189 468 dividantur,
1205 440 1277 464 terra
1288 435 1451 463 exterminat
1462 444 1508 464 eas
1519 456 1526 469 ,
1541 442 1568 464 et
1581 436 1650 464 ﬁunt

867 481 1005 516 neglectas.
1020 481 1054 509 Et
1072 489 1132 515 vos,
1153 481 1176 509 si
1190 481 1361 515 dividamini,
1375 481 1452 509 eritis
1467 481 1515 509 ita.
1528 480 1567 509 Ne
1577 482 1651 509 scin-

867 526 969 554 damini
988 527 1015 554 in
1035 526 1089 554 duo
1104 527 1204 562 capita,
1216 527 1281 562 quia
1300 535 1381 555 omne
1395 527 1469 562 quod
1483 527 1549 555 fecit
1567 526 1649 559 Deus,

867 575 949 606 caput
965 579 1049 598 unum
1068 571 1159 599 habet.
1187 571 1267 599 Dedit
1288 572 1358 600 duos
1378 572 1522 605 humeros,
1547 572 1650 608 pedes,

867 625 982 652 manus;
1006 617 1054 646 sed
1071 618 1163 646 omnia
1188 619 1310 646 membra
1331 619 1379 647 turi
1401 619 1482 654 capiti
1507 619 1648 647 obedinnt.

867 662 936 691 Novi
950 663 978 691 in
990 664 1126 699 scriptura
1141 669 1250 700 patrum
1267 672 1403 698 meorum,
1418 665 1490 700 quod
1502 665 1530 692 in
1548 665 1651 694 ultimis

867 711 964 739 diebus
979 710 1111 739 recedetis
1124 718 1140 738 a
1152 710 1280 745 Domino,
1294 715 1321 738 et
1331 711 1412 739 divisi
1427 711 1502 739 eritis
1513 712 1540 738 in
1557 711 1650 746 Israel,

867 761 895 785 et
908 757 978 784 duos
989 764 1066 792 reges
1080 757 1244 791 sequemini,
1259 761 1287 785 et
1299 765 1407 785 omnem
1419 758 1651 787 abominationem

867 803 984 837 facietis,
998 807 1026 830 et
1037 810 1118 831 omne
1133 802 1236 830 idolum
1250 802 1411 836 adorabitis,
1425 808 1454 831 et
1468 804 1591 839 captivos
1603 805 1651 833 ab-

42 852 79 878 καί
93 860 121 886 γε
137 853 191 879 πᾶν
203 839 314 880 εἴδωλόν
327 839 541 890 προσκυνήσετε,
558 839 616 880 καὶ.
626 839 816 889 αἰχμαλωτεύ-

872 850 967 878 ;lucent
980 857 1028 877 vos
1045 849 1148 877 inimici
1159 849 1256 883 vestri,
1272 854 1299 877 et
1310 849 1439 878 sedebitis
1456 850 1483 878 in
1492 851 1651 880 nationibus

43 906 119 925 συυσιν
131 899 202 934 ὑμᾶς
220 899 246 926 οἱ
267 899 360 935 ἐχθροὶ
380 899 468 936 ὑμῶν,
484 899 531 927 καὶ
552 899 696 927 καθίσεσθε
713 899 768 936 (69)
788 900 816 926 ἐν

42 943 118 971 ἔθνεσι
134 945 162 972 ἐν
178 945 280 978 πάσαις
296 946 460 979 ἀσθενείαις,
471 947 518 974 καὶ
530 945 645 982 θλίψεσι,
654 946 702 974 καὶ
712 946 817 978 ὀδύναις

41 989 127 1026 ψυχῆς.
143 991 198 1019 Καὶ
215 991 286 1028 μετὰ
306 992 393 1019 ταῦτα
419 992 608 1029 μνησθήσεσθε
629 993 748 1029 Κυρίου,
771 993 817 1020 καὶ

43 1038 219 1074 μετανοήσετε,
234 1038 280 1065 καὶ
295 1038 454 1075 ἐπιστρέψει
466 1039 538 1075 ὑμᾶς
547 1059 556 1072 ,
572 1039 613 1066 ὅτι
625 1039 747 1075 ἐλεήμων
758 1039 818 1066 ἐστὶ

42 1084 81 1110 καὶ
94 1083 293 1120 εὖσπλαγχνος,
318 1084 355 1120 μὴ
371 1084 545 1121 λογιζόμενος
564 1085 661 1112 κακίαν
681 1086 738 1117 τοῖς
749 1085 817 1117 υἱοῖς

41 1129 86 1156 τῶν
108 1129 276 1166 ἀνθρώπων,
297 1129 365 1157 διότι
391 1129 460 1166 σάρξ
479 1131 542 1163 εισι,
563 1131 610 1158 καὶ
624 1130 659 1157 τὰ
674 1130 817 1165 πνεύματα

41 1175 83 1210 τῆς
97 1175 199 1212 πλάνης
215 1176 309 1213 ἀπατᾷ
323 1176 423 1209 αὐτοὺς
438 1176 487 1204 ἐπὶ
498 1177 599 1209 πάσαις
609 1177 670 1209 ταῖς
687 1176 818 1213 πράξεσιν

41 1220 129 1248 αὐτῶν.
145 1221 200 1249 Καὶ
218 1220 288 1258 μετὰ
308 1221 396 1248 ταῦτα
412 1222 535 1249 ὰνατελεῖ
551 1223 616 1258 ὑμῖν
631 1222 710 1253 αὐτὸς
729 1223 744 1248 ό
759 1221 817 1248 Κύ-

43 1275 90 1302 pro;
103 1267 166 1303 (70),
185 1268 244 1303 φῶς
259 1267 442 1304 δικαιοσύνης,
459 1267 508 1295 καὶ
524 1267 594 1300 ῐασις
612 1269 659 1295 καὶ
680 1267 817 1302 εὐσπλαγ-

42 1312 95 1346 χιία
109 1313 153 1340 ἐπὶ
168 1313 230 1344 ταῖς
242 1312 371 1349 πτέρυξιν
386 1311 480 1340 αὑτοῦ.
491 1311 579 1344 Αὐτὸς
589 1311 755 1347 λυτρώσεται
767 1311 818 1338 πᾶ-

44 1365 84 1384 σαν
96 1358 281 1394 αἰχμαλωσίαν
295 1358 361 1385 υίῶν
377 1357 521 1394 ἀνθρώπου
533 1359 566 1385 ἐκ
581 1357 629 1385 τοῦ
646 1357 754 1393 Βελιὰρ,
771 1357 818 1384 καὶ

43 1402 89 1429 πᾶν
109 1403 218 1440 πνεῦμα
239 1403 342 1440 πλάνης
365 1403 567 1440 πατηθήσεταιο
591 1403 639 1430 καὶ
661 1402 818 1438 ἐπιστρέψει

44 1448 121 1475 πάντα
138 1449 173 1476 τὰ
191 1449 256 1486 ἔθνη
278 1450 318 1482 είς
334 1450 528 1486 παραξήλωσιν
547 1449 640 1476 αὐτοῦ·
658 1450 704 1476 καὶ¹
719 1449 817 1484 ὄψεσθε

44 1494 100 1542 βεδν
110 1496 138 1522 ἐν
150 1497 270 1533 σχήματι
286 1495 440 1532 ἀνθρώπου,
453 1495 483 1523 ὃν
496 1495 530 1523 ἂν
546 1495 688 1532 ἐκλέξηται
704 1495 816 1532 Κύριος,
830 1513 852 1542 c

49 1541 215 1578 Ἰερουσαλὴμ
235 1542 320 1578 δνομα
332 1542 406 1578 αὐτῷ
421 1542 488 1578 (71).
512 1542 567 1570 Καὶ
593 1541 675 1569 πάλιν
691 1543 720 1569 ἐν
734 1550 818 1578 πονη-

46 1585 84 1622 ρίᾳ
97 1586 179 1622 λόγων
190 1587 268 1623 ὑμῶν
287 1587 468 1627 παροργίσετε
485 1586 575 1620 αὑτὸν,
587 1586 634 1614 καὶ
649 1587 820 1624 ἀποῤῥιφθή-

45 1633 113 1660 σεσθε
123 1633 175 1666 ἐως
191 1633 290 1670 καιροῦ
303 1633 468 1666 συντελείας.

75 1681 100 1707 l'.
117 1690 126 1707 ι
140 1681 194 1708 Καὶ
210 1677 361 1713 νῦν,τέκνα
375 1689 437 1716 μου,
452 1679 636 1716 μὴξλυπεῖσθε,
652 1681 693 1708 ἂιι
703 1680 821 1716 ἀποθνή-

46 1732 95 1752 σκω
115 1725 186 1761 ἐγὼ,
211 1726 279 1762 μηδὲ
304 1726 495 1762 συμπίπτετε,
521 1726 561 1754 ὅτι
576 1726 718 1754 ἀπολείπω
733 1726 819 1762 ὑμῶν.

51 1771 237 1809 ’Δνασφήσομαι
249 1773 304 1810 γὰρ
319 1774 399 1801 πάλιν
411 1773 440 1801 ἐν
457 1773 532 1810 μέσῳ
546 1773 634 1809 ὑμῶν,
649 1774 687 1806 ὡς
703 1773 821 1810 ἡγούμε-

45 1825 82 1849 νος
96 1820 124 1844 ἐν
139 1819 216 1854 μέσῳ
233 1818 300 1845 υίῶν
315 1818 408 1851 αὐτοῦ,
422 1817 471 1845 καὶ
489 1818 710 1854 εὐφρανθήσομαι
726 1818 755 1845 ἐν
772 1818 820 1853 μέ-

47 1872 79 1900 σῳ
88 1865 135 1901 τῆς
151 1866 239 1902 φυλῆς
256 1874 317 1902 μου,
330 1866 388 1892 ὅσοι
401 1864 536 1900 ἐφύλαξαν
550 1863 630 1900 νόμον
641 1863 755 1900 Κυρίου,
774 1864 822 1890 καὶ

46 1910 141 1944 ἐντολὰς
157 1910 300 1939 Ζαϐουλὼν
314 1910 415 1947 πατρὸς
427 1910 527 1938 αὐτῶν.
553 1910 614 1937 Ἐπὶ
630 1910 659 1937 δέ
680 1910 743 1941 τοὺς
756 1909 820 1936 ἀσε-

46 1955 94 1988 ϐεῖς
104 1957 200 1991 ἐπάξει
215 1957 318 1993 Κύριος
327 1956 383 1993 πῦρ
397 1955 516 1989 αἰώνιον,
528 1956 575 1983 καὶ
585 1955 712 1983 ἀπολέσει
719 1955 821 1991 ,αὐτοὺς

45 2002 90 2035 ἕως
104 2003 213 2038 γενεῶν.
233 2003 303 2038 Ἐγὼ
313 2003 353 2035 εἰς
367 2003 416 2039 τὴν
432 2002 584 2030 ἀνάπαυσιν
598 2010 647 2038 μου
667 2000 820 2037 ἀποτρέχω,

45 2048 77 2080 ὡς
96 2049 119 2076 oi.
135 2049 252 2085 πατέρες
271 2058 338 2085 μου”
356 2049 435 2085 ὑμεῖς
450 2048 479 2076 δὲ
502 2048 627 2083 φοϐεῖσθε
650 2047 752 2083 Κύριον
775 2047 821 2073 τὸν

45 2093 103 2121 Θεὸν
114 2095 191 2131 ὑμῶν
203 2114 210 2127 ,
228 2096 257 2122 ἐν
273 2096 349 2132 πάσῃ
363 2094 451 2130 ἰσχύϊ,
476 2094 565 2126 πάσας
577 2092 626 2125 τὰς
648 2091 752 2128 ἡμέρας
771 2091 821 2126 τῆς

46 2140 109 2176 ζωῆς
124 2141 210 2177 ὑμῶν.
217 2151 227 2168 ι
237 2142 292 2168 Καὶ
306 2141 392 2169 ταῦτα
402 2141 495 2173 εἰπὼν,
508 2139 640 2176 ἐκοιμήθη
650 2139 726 2175 ὕπνῳ
736 2138 820 2173 καλῷ,

866 895 894 922 in
907 895 1034 923 omnibus
1050 894 1266 929 inﬁrmitatibus,
1278 899 1305 923 et
1319 895 1552 929 tribulationibus,
1562 902 1590 925 et
1602 897 1651 926 do-

866 939 970 968 loribus
985 939 1092 968 animm.
1108 939 1142 968 Et
1155 944 1216 975 post
1234 941 1292 968 haec
1305 940 1516 969 recordabimini
1528 941 1650 976 Domini,

866 991 894 1015 et
907 987 1083 1022 resipiscetis,
1100 990 1127 1015 et
1140 992 1279 1015 convertet
1297 995 1362 1021 vos,
1382 988 1513 1023 quoniam
1529 989 1651 1017 clemens

866 1037 909 1060 est
923 1037 952 1060 et
963 1032 1132 1066 misericors,
1145 1040 1200 1061 non
1214 1032 1354 1068 imputans
1374 1033 1507 1061 malitiam
1521 1034 1584 1062 tiliis
1599 1034 1650 1062 ho-

867 1079 988 1113 minum;
1006 1079 1137 1115 quoniam
1151 1087 1217 1108 caro
1236 1085 1310 1114 sunt,
1324 1085 1351 1108 et
1363 1080 1474 1116 spiritus
1488 1082 1590 1110 erroris
1606 1090 1650 1110 se-

866 1126 969 1154 ducunt
993 1133 1041 1154 eos
1067 1125 1094 1152 in
1123 1126 1251 1154 omnibus
1275 1126 1427 1154 actionibus
1447 1127 1516 1154 suis.
1535 1127 1568 1154 Et
1588 1132 1650 1162 post

867 1172 925 1200 hac
939 1172 1043 1203 orietur
1054 1172 1132 1200 vobis
1150 1172 1207 1207 ipse
1222 1171 1368 1206 Dominus,
1378 1172 1470 1200 lumen
1480 1173 1604 1208 iustitiae,
1621 1178 1651 1201 et

867 1215 971 1243 sanitas
980 1219 1008 1243 et
1022 1215 1211 1244 misericordia
1224 1216 1362 1251 in'pennis
1373 1216 1442 1252 ejus.
1460 1216 1521 1252 Ipse
1535 1218 1650 1246 redimet

867 1270 976 1290 omnem
995 1262 1179 1298 captivitatem
1200 1263 1319 1291 ﬁliorum
1341 1263 1461 1292 hominis
1475 1271 1490 1292 a
1505 1263 1604 1299 Beliar,
1623 1270 1650 1292 et

867 1309 957 1337 omnis
972 1309 1086 1344 spiritus
1107 1309 1209 1338 erroris
1233 1310 1455 1344 conculcabitur;
1473 1315 1500 1339 et
1513 1317 1651 1340 convertet

867 1363 964 1384 omnes
985 1360 1080 1392 gentes
1105 1356 1134 1384 in
1155 1355 1357 1384 aemulationem
1369 1356 1450 1392 ejus;
1471 1361 1498 1385 et
1524 1357 1651 1386 videbitis

868 1401 954 1429 Deum
972 1401 1000 1429 in
1014 1401 1104 1430 forma
1119 1401 1256 1436 hominis,
1271 1409 1352 1437 quem
1369 1401 1480 1438 elegerit
1497 1403 1650 1434 Dominus:

866 1447 1016 1477 Jerusalem
1029 1456 1129 1476 nomen
1144 1448 1179 1476 ei.
1190 1447 1224 1476 Et
1234 1455 1329 1476 rursus
1340 1449 1368 1476 in
1381 1449 1482 1476 malitia
1495 1457 1650 1478 sermonum

867 1499 1021 1524 vestrorum
1036 1494 1070 1522 ad
1085 1493 1254 1526 iracundiam
1267 1493 1451 1529 provocabitis
1468 1501 1530 1521 eum
1543 1515 1550 1528 ,
1564 1500 1591 1523 et
1604 1496 1652 1524 ab-

867 1540 931 1577 jecti
942 1540 1018 1569 eritis
1032 1547 1120 1576 usque
1130 1539 1162 1567 ad
1175 1543 1284 1575 tempus
1296 1539 1550 1568 consummationis.

905 1682 940 1710 Χ.
959 1692 968 1709 ι
988 1682 1021 1710 Et
1034 1690 1118 1715 nunc,
1134 1681 1183 1709 ﬁlii
1207 1681 1276 1715 mei,
1294 1689 1328 1709 ne
1343 1682 1558 1714 contristemini,
1582 1690 1652 1718 quo-

873 1728 948 1756 niam
963 1729 1068 1757 morior
1084 1736 1152 1764 ego;
1175 1735 1262 1763 neque
1277 1728 1436 1759 concidatis.
1455 1729 1584 1764 quoniam
1608 1737 1653 1758 re~

870 1775 964 1810 inquo
979 1782 1037 1802 vos.
1057 1774 1207 1809 Resurgam
1223 1774 1295 1801 enim
1314 1774 1340 1801 in
1365 1774 1455 1802 medio
1467 1775 1564 1809 vestri,
1581 1776 1654 1804 velut

870 1821 924 1849 dux
956 1820 984 1847 in
1014 1820 1103 1848 medio
1134 1820 1251 1846 ﬁliorum
1282 1827 1412 1853 suorum,
1442 1824 1469 1847 et
1493 1821 1605 1849 laetabor
1625 1822 1652 1850 in

870 1865 960 1894 medio
980 1864 1068 1892 tribus
1091 1872 1168 1897 mea),
1196 1867 1328 1899 quotquot
1354 1864 1543 1892 custodierunt
1566 1864 1652 1900 legem

871 1911 990 1945 Domini,
1015 1915 1041 1939 et
1055 1911 1180 1938 mandata
1195 1910 1317 1938 Zabulon
1335 1910 1418 1945 patris
1438 1918 1544 1938 eorum.
1566 1910 1654 1946 Super

871 1958 970 1993 impios
983 1964 1047 1984 vero
1062 1955 1172 1984 inducet
1189 1955 1322 1983 Dominus
1348 1956 1438 1991 ignem
1459 1960 1600 1989 aeternum,
1617 1958 1654 1989 [et

871 2004 963 2039 perdet
974 2010 1021 2030 eos
1036 2009 1122 2037 usque
1137 2002 1164 2030 in
1180 2002 1380 2037 generationes.
1396 2000 1453 2037 Ego
1477 2001 1504 2028 in
1530 2002 1651 2037 requiem

871 2056 958 2076 meam
973 2047 1110 2083 confugio,
1123 2047 1193 2075 sicut
1205 2051 1296 2082 patres
1307 2048 1361 2075 mei
1376 2056 1382 2075 :
1396 2055 1443 2075 vos
1456 2052 1546 2075 autem
1560 2048 1653 2076 timete

871 2094 1016 2122 Dominum
1033 2092 1116 2121 Deum
1128 2097 1262 2127 vestrum,
1277 2093 1303 2120 in
1318 2093 1392 2120 omni
1407 2092 1575 2128 fortitudine,
1594 2101 1654 2121 om—

872 2139 953 2167 nibus
968 2138 1067 2172 ,diebus
1089 2137 1150 2165 vita:
1170 2141 1275 2165 vestrae.
1292 2146 1301 2164 ι
1322 2137 1356 2165 Et
1377 2146 1439 2166 cum
1455 2139 1512 2166 haec
1529 2139 1653 2174 dixisset,

46 2186 87 2213 καὶ
101 2187 201 2223 ἔθηκαν
213 2187 292 2214 αὐτὸν
308 2187 333 2213 οῑ
350 2187 403 2213 υἱοὶ
417 2185 497 2213 αὑτοῦ
514 2187 543 2212 ἐν
556 2185 627 2221 θήκῃ
639 2193 645 2199 ·
664 2184 774 2219 ὕστερον
790 2183 818 2210 δὲ

872 2185 997 2213 dormivit
1008 2192 1105 2213 somno
1119 2184 1200 2215 bono.
1214 2189 1240 2212 et
1252 2190 1401 2220 posuerunt
1412 2192 1473 2213 eum
1491 2185 1538 2213 lilii
1554 2186 1614 2222 ejus
1625 2187 1653 2214 in

45 2232 218 2268 ἀναγαγόντες
234 2233 314 2260 αὐτὸν
325 2234 365 2265 εἰς
376 2232 498 2268 Χεϐρὼν,
510 2232 609 2267 ἔθαψαν
622 2231 691 2267 μετὰ
701 2230 755 2257 τῶν
768 2239 820 2257 πα-

45 2280 122 2315 τέρων
137 2280 229 2308 αὑτοῦ.

135 2323 138 2326 ’
309 2335 504 2362 ΚΕΦΑΛΔῘΟΝ
520 2336 556 2362 z'.

120 2380 248 2415 Διαθήκη
261 2381 329 2413 Δὰν,
342 2380 407 2415 περὶ
424 2380 518 2415 θυμοῦ
531 2380 578 2407 καὶ
592 2378 732 2414 ψεύδους.

77 2428 111 2454 Α’.
136 2428 313 2464 Ἀντίγραφον
328 2427 415 2462 λόγων
431 2427 493 2459 Δὰν,
506 2423 543 2453 ὦν
555 2423 614 2452 εἶπε
624 2426 680 2457 τοῖς
694 2425 759 2457 υἱοῖς
771 2424 819 2450 αὑ-

45 2472 86 2499 τοῦ
102 2474 145 2500 ἐπ’
162 2474 283 2509 ἐσχάτων
298 2473 354 2500 τῶν
369 2472 480 2509 ἡμερῶν
499 2471 592 2498 αὑτοῦ.
614 2469 765 2505 Ἐκατοστῷ
781 2469 820 2496 εἰ-

47 2519 127 2555 κοστῷ
142 2519 260 2555 πέμπτῳ
275 2520 330 2547 ἐτει
347 2519 397 2555 τῆς
419 2518 492 2554 ζωῆς
513 2517 594 2545 αὑτοῦ
605 2537 612 2550 ,
636 2516 751 2548 καλέσας
771 2515 821 2550 τὴν

48 2574 152 2612 Visione
176 2585 207 2609 ιι,
230 2577 286 2612 5'5,
312 2577 356 2604 his
374 2576 465 2603 verbis
477 2584 511 2612 εν(
527 2575 566 2602 Tu
585 2578 686 2605 autem,
709 2572 819 2612 llcrma,

48 2611 97 2647 noli
110 2608 267 2640 meminisse
280 2608 443 2647 iniuriarum
456 2611 573 2638 ﬁliarum
589 2615 707 2647 tuorum.
719 2608 822 2647 lli-mo-

48 2645 84 2672 ’ἑτι
97 2647 169 2674 enim
181 2644 344 2682 iniuriarum
358 2652 472 2682 mortem
489 2652 626 2680 operatur,
644 2644 746 2670 oblivio
757 2651 821 2670 vero

48 2687 135 2719 “rem
152 2681 236 2719 :itain
257 2681 499 2719 aeternam-{GM}.
537 2715 548 2719 _
600 2716 606 2719 _
672 2714 695 2719 ._

49 2716 132 2778 τ
140 2717 309 2780 Οἱιῗηιῗσῆει.
325 2718 380 2744 Καὶ
393 2717 442 2753 τὴν
460 2715 574 2751 ὓπαρξιν
595 2714 731 2750 ἀφανίζει,
748 2714 823 2742 addit

82 2787 135 2821 (6'6)
154 2786 192 2814 Τὰ
202 2787 305 2814 ὕδατα.
330 2787 390 2814 Ἐπί
403 2787 466 2814 add.
480 2787 519 2814 lo.

79 2821 133 2858 (67)
149 2822 323 2857 Κατασύρει.
337 2823 501 2858 Καταφέρει.
515 2821 551 2848 lu.

182 2871 318 2902 Pnnot.
347 2870 404 2900 (in.
432 2869 472 2899 ll.

872 2229 966 2262 theca;
982 2233 1075 2264 postea
1087 2236 1151 2255 vero
1165 2229 1325 2257 reducentes
1339 2237 1402 2257 eum
1423 2230 1450 2257 in
1471 2229 1591 2264 Hebron,
1608 2239 1653 2259 se-

871 2275 1005 2310 pelierunt
1023 2283 1084 2303 cum
1100 2275 1223 2310 patribus
1233 2275 1302 2310 ejus.

1156 2332 1271 2360 CAPUT
1291 2332 1346 2360 VII.

971 2377 1166 2405 Testamentum
1182 2378 1252 2411 Dan,
1270 2379 1302 2406 de
1314 2379 1356 2406 ira
1369 2383 1393 2406 et
1409 2379 1553 2408 mendacia.

906 2423 927 2451 l.
942 2423 1148 2459 Transcriptum
1164 2425 1308 2452 verborum
1327 2424 1394 2458 Dan,
1413 2433 1474 2460 quae
1496 2425 1566 2452 dixit
1591 2425 1654 2454 ﬁliis

871 2470 929 2498 suis
952 2470 979 2497 in
1008 2470 1111 2498 ultimis
1135 2471 1230 2498 diebus
1255 2471 1322 2499 suis.
1348 2471 1503 2498 Centesimo
1525 2471 1655 2499 vicesimo

872 2517 967 2551 quinto
981 2523 1053 2544 anno
1066 2517 1129 2544 vita:
1142 2524 1199 2544 suae
1212 2525 1313 2545 vocans
1331 2517 1433 2545 tribum
1457 2524 1546 2551 suam,
1561 2517 1630 2546 dixit
1647 2526 1653 2543 :

908 2573 964 2610 (ϐξ)
982 2573 1115 2607 Ἰσραήλ,
1134 2574 1320 2610 Ἰερουσαλήμ..
1337 2574 1374 2602 In.

907 2608 966 2645 (ﬁll)
980 2609 1154 2645 Καθίσεσθε.
1169 2608 1375 2645 Κακωοήσεσθε.
1389 2609 1426 2637 In.

908 2643 965 2679 (79)
981 2644 1132 2671 Ἀνατελεῖ
1145 2644 1216 2679 ὑμῖν
1228 2643 1318 2678 αὑτός
1334 2647 1350 2672 ὁ
1362 2646 1476 2679 Κύριος,
1489 2649 1540 2672 etc.
1553 2644 1656 2672 Alludil

873 2679 905 2707 ad
924 2678 1062 2705 Malachim
1073 2687 1109 2711 Iv,
1119 2679 1146 2712 2.
1161 2678 1198 2706 In.

909 2713 1199 2751 (7t)Kal_laUtg.....
1223 2716 1420 2751 Ἰερουσαλὴμ
1448 2716 1541 2751 ὄνομα
1564 2715 1652 2751 αὐτῷ.

873 2748 1114 2786 Καὶγέπιστρέψετε
1127 2750 1160 2786 ἐκ
1169 2750 1217 2785 τῆς
1233 2748 1283 2786 γῆς
1296 2751 1380 2786 ὑμῶν,
1390 2748 1436 2778 καὶ
1447 2748 1542 2786 δψεᾶθε
1555 2750 1656 2786 Κύριον

874 2785 903 2821 é_v
927 2783 1102 2821 Ἰερουσαλὴμ
1123 2784 1175 2821 διὰν
1189 2783 1219 2812 τὸ
1239 2783 1327 2821 mea
1348 2787 1440 2819 αὑτοῦ,
1468 2783 1548 2813 habet
1572 2783 1655 2813 milex

875 2819 961 2847 Oxon.
978 2819 1063 2846 multo
1076 2820 1221 2848 concisius.
1240 2820 1278 2847 In.

1462 2868 1500 2897 35
