1913 3102
249 111 317 139 1099

729 106 958 136 ΤΕδΤΛΜΕΝΤΑ
984 107 1031 135 XII
1059 107 1370 139 PATRIARCHARUM.

1785 112 1850 140 “00

635 142 648 153 .

252 180 263 197 ι
275 169 384 200 Audite.
413 169 460 197 lilii
473 166 541 202 Dan,
558 175 697 196 sermones
711 175 797 202 meos,
819 169 948 196 attendite
964 175 1024 194 ver-

1079 167 1191 204 πατριὰν
1206 167 1297 200 αὑτοῦ,
1315 165 1406 194 εἶπεν·
1424 177 1432 193 ι
1458 166 1611 200 Ἀκούσατε,
1625 168 1679 195 υἱοὶ
1693 168 1758 202 Δὰν,
1770 169 1851 204 λόγων

247 215 290 244 bis
304 215 360 243 oris
376 214 462 250 patris
477 214 569 242 vestri.
585 213 700 242 Probavi
721 214 750 241 in
767 214 849 241 corde
871 221 932 241 meo
954 217 982 240 et
997 212 1023 239 in

246 262 323 289 omni
341 262 394 288 vita
417 268 487 292 mea.
502 260 575 295 quod
591 268 634 288 res
657 260 729 287 bona
747 264 788 287 est
809 263 837 287 et
860 258 916 286 Deo
937 262 1024 293 grata,

246 308 348 336 veritas
361 315 422 335 cum
435 307 509 343 justa
521 306 642 340 actione;
660 310 688 334 et
702 306 775 341 quod
788 305 970 341 perniciosum
983 308 1025 332 est

247 354 431 386 mendacium,
444 358 471 381 et
484 353 534 385 ira,
549 352 677 388 quoniam
697 359 806 380 omnem
827 351 957 378 malitiam
973 351 1024 378 ho~

247 400 348 428 minem
374 400 495 427 edocent.
523 398 661 426 Conﬁteor
674 397 752 425 vobis
776 397 866 430 hodie,
891 396 939 424 iilii
958 395 1022 429 mei,

247 446 321 481 quod
343 446 370 473 in
391 445 471 473 corde
485 452 546 472 meo
566 444 672 472 laetatus
687 451 748 471 sum
762 443 798 470 de
811 448 898 470 morte
910 441 1021 477 Joseph,

247 492 297 520 viri
313 492 418 519 veracis
432 495 458 518 et
474 490 547 523 boni,
560 494 587 518 et
601 489 751 525 gaudebam
769 488 797 516 in
809 488 963 516 venditione
976 487 1023 515 ,Ιο-

248 538 324 573 sepb,
336 537 464 572 quoniam
480 543 564 570 supra
578 543 628 563 nos
643 538 720 570 pater
733 542 795 562 eum
810 533 946 569 diligebat.
963 532 1024 568 Spi-

248 585 318 612 ritus
331 584 404 611 enim
427 582 475 609 zeli
493 587 520 609 et
540 581 666 609 elationis
687 580 756 608 dixit
770 580 857 607 mihi:
879 589 889 605 ι
907 579 940 606 Et
954 583 982 606 tu
994 586 1024 606 es

248 630 320 657 ﬁlius
335 630 403 664 ejus.
424 639 434 656 ›
455 628 488 656 Et
506 636 577 656 unus
591 627 735 663 spirituum
756 626 844 653 Beliar
862 624 1025 660 cooperaba-

248 681 293 704 tur
307 676 384 707 mihi,
406 675 500 703 dicens
514 682 521 701 :
540 684 549 700 ι
565 673 664 708 Accipe
679 672 798 708 gladium
821 672 905 705 hunc,
919 676 947 699 et
962 678 1024 699 cum

248 728 283 750 eo
295 721 388 750 occide
400 720 498 756 Ioseph
510 729 518 754 ;
531 725 559 748 et
572 719 665 755 diliget
680 723 705 746 te
730 723 806 753 pater
819 722 892 751 tuus,
917 722 1025 745 mortuo

247 775 291 796 eo.
308 777 318 793 ι
334 766 384 794 Hic
401 770 443 794 est
457 765 569 801 spiritus
587 765 649 798 irae,
672 764 789 792 suadens
807 763 884 796 mihi,
908 766 939 791 ut
955 763 1026 791 sicut

247 813 369 850 pardalis
378 813 490 840 devorat
501 811 621 843 haedum,
637 811 674 838 ita
686 811 843 838 devorarem
854 809 963 845 Ioseph.
972 809 1025 838 Sed

249 860 320 888 Deus
332 858 415 887 Jacob
425 857 511 894 patris
527 857 579 885 mei
596 864 651 884 non
669 856 785 884 immisit
797 863 861 883 eum
881 855 909 883 in
929 863 1026 883 manus

248 913 334 939 meas,
357 908 390 933 ut
409 903 558 932 invenirem
573 910 636 931 eum
661 903 768 936 solum;
794 909 883 937 neque
905 902 1028 936 permisit

248 951 417 987 iniquitatem
431 951 504 978 hanc
520 949 621 983 facere,
635 953 667 978 ut
680 949 737 985 ('15)
749 949 890 978 solvantur
902 948 956 978 duo
969 956 1027 977 sce-

248 1001 308 1032 ptra
324 996 351 1024 in
364 995 457 1024 istael.

283 1076 316 1104 li.
330 1085 341 1102 ‹
356 1075 389 1103 Et
402 1082 485 1108 nunc,
501 1074 550 1102 ﬁlii
566 1073 631 1107 mei,
643 1081 693 1110 ego
707 1074 820 1108 morior,
835 1077 862 1101 et
875 1073 904 1101 in
914 1073 1027 1101 veritate

248 1123 310 1151 dico
323 1122 411 1154 vobis,
430 1120 502 1156 quod
526 1120 549 1148 si
572 1128 626 1148 non
643 1119 803 1148 custodiatis
816 1120 995 1154 vosmetipsos
1010 1126 1027 1146 a

249 1167 346 1203 spiritu
372 1165 507 1194 mendacii
532 1171 559 1193 et
584 1165 641 1198 irae,
656 1170 684 1192 et
705 1165 985 1199 diligatisveritatem
1001 1169 1028 1192 et

248 1212 492 1249 longanimitatem,
504 1211 680 1246 disperibitis.
694 1211 809 1239 Czecitas
821 1215 862 1239 est
873 1211 900 1238 in
912 1211 963 1244 ira,
979 1210 1027 1238 lilii

249 1258 314 1291 mei,
337 1261 364 1285 et
379 1264 458 1284 nemo
481 1256 628 1283 iracundus
648 1255 721 1283 videt
741 1255 836 1284 faciem
852 1256 879 1283 in
894 1257 1025 1290 veritate;

247 1304 379 1344 quoniam
397 1311 443 1333 seu
457 1307 543 1337 pater,
559 1302 615 1329 sive
633 1308 718 1330 mater
732 1303 783 1335 sit.
804 1306 834 1329 ut
849 1302 973 1330 hostibus
984 1309 1026 1330 at-

249 1352 336 1380 tendit
345 1351 401 1384 eis;
422 1352 445 1378 si
457 1348 492 1378 sit
504 1347 597 1380 frater.
608 1355 663 1375 non
676 1347 767 1381 novit;
788 1347 811 1375 si
831 1348 959 1383 propheta
975 1347 1028 1376 Do.

248 1397 327 1430 mini,
346 1404 401 1424 non
417 1395 526 1430 obedit;
545 1397 568 1424 si
584 1396 685 1432 justus,
697 1400 751 1421 non
784 1393 895 1428 aspicit;
910 1394 1027 1421 amicum

251 1450 306 1470 nou
328 1442 476 1476 cognoscit.
501 1441 689 1476 Circumponit
710 1437 786 1469 enim
805 1437 832 1465 ei
853 1438 964 1473 spiritus
982 1438 1028 1466 irae

1076 222 1145 249 μου,
1176 214 1322 249 προσέχετε
1351 214 1452 250 ῥήμασι
1479 215 1610 249 στόματος
1635 215 1738 250 πατρὸς
1770 215 1856 252 ὑμῶν.

1082 259 1228 295 Ἐπείρασα
1243 259 1272 286 ὲν
1289 259 1386 295 καρδίᾳ
1404 267 1464 294 μου,
1478 260 1524 286 καὶ
1540 260 1568 285 ὲν
1586 259 1660 296 πάσῃ
1676 261 1710 295 τῇ
1724 259 1781 296 ζωῇ
1795 269 1855 296 μοι·¹

1073 305 1114 331 ὅτι
1127 305 1207 332 καλὸν
1219 305 1266 331 καὶ
1281 304 1340 340 Θεῷ
1355 305 1509 340 εὐάρεστον,
1521 305 1538 340 ἡ
1552 304 1664 340 ἀλήθεια
1678 305 1749 340 μετὰ
1758 306 1857 332 δικαω-

1074 351 1209 386 πραγίας·
1226 351 1273 378 καὶ
1288 351 1329 377 ὅτι
1352 350 1519 386 πονηρὸν,τὸ
1533 350 1643 385 ψεῦδος,
1660 351 1708 378 καὶ
1730 352 1746 379 ὁ
1762 352 1857 387 θυμὸς.

1074 396 1114 423 ὅτι
1131 397 1220 423 πᾶσαν
1231 396 1330 424 κακίαν
1345 396 1494 432 ἀνθρώπων
1505 396 1656 424 ἐκδιδάσκει
1669 397 1737 433 (72).
1753 398 1854 433 Ὀμολον

1075 443 1116 478 γῶ
1128 444 1245 479 σήμερον
1257 444 1330 479 ὑμῖν,
1342 443 1423 470 τέκνα
1440 451 1501 479 μου,
1513 443 1553 470 ὅτι
1569 444 1599 470 ὲν
1611 443 1779 479 καρδίᾳιμου
1797 444 1854 479 ἠδό-

1077 498 1130 525 μην
1147 490 1210 525 περὶ
1225 489 1272 516 τοῦ
1289 489 1401 516 Θανάτου
1420 489 1534 524 Ἰωσὴφ,
1553 488 1600 515 τοῦ
1621 488 1717 524 ἀνδρὸς
1728 488 1775 515 τοῦ
1792 489 1855 523 ἀγα-

1075 535 1121 562 θοῦ
1133 535 1179 562 καὶ
1190 535 1327 571 ἀληθινοῦ,
1345 535 1391 562 καὶ
1402 535 1508 570 ἔχαιρον
1524 535 1570 561 ἐπὶ
1585 535 1618 570 τῇ
1635 535 1735 570 πράσει
1749 535 1853 571 Ἰωσὴφ,

1074 581 1115 608 δτι
1133 581 1203 617 ὑπὲρ
1217 581 1290 617 ἡμᾶς
1306 582 1320 608 ὁ
1333 581 1423 617 πατὴρ
1432 581 1512 608 αὐτὸν
1523 581 1627 615 ἠγάπα.
1639 581 1676 607 Τὸ
1687 580 1742 616 γὰρ
1750 580 1854 616 πνεῦμα

1073 625 1120 652 τοῦ
1137 626 1217 661 ζήλου
1233 627 1279 653 καὶ
1301 626 1352 661 τῆς
1367 625 1522 658 ἀλαζονείας
1543 625 1620 660 ἐλεγέ
1645 635 1705 661 μοι·
1723 636 1734 652 ι
1754 627 1809 653 Καί
1825 635 1854 660 γε

1076 673 1107 699 σὺ
1128 673 1185 704 υίὸς
1200 672 1290 700 αὑτοῦ.
1308 682 1317 698 ι
1333 673 1388 699 Καὶ
1403 673 1433 699 ἓν
1451 672 1505 699 τῶν
1516 673 1679 708 πνευμάτων
1694 672 1743 699 τοῦ
1761 673 1855 708 Βελιὰρ

1075 719 1205 755 συνήργει
1223 727 1267 754 μοι
1278 739 1286 751 ,
1303 718 1395 753 λέγον·
1411 728 1421 744 ‹
1433 719 1506 746 Δαὸὲ
1521 719 1551 746 τὺ
1563 719 1637 753 ξίφος
1652 719 1745 751 τοῦτο,
1766 721 1814 746 καὶ
1828 721 1855 745 ἐν

1075 764 1148 800 αὖτῷ
1169 764 1246 792 ἄνελε
1270 765 1315 791 τὸν
1334 764 1448 800 Ἰωσὴφ,
1464 765 1510 791 καὶ
1525 765 1662 801 ἀγαπήσει
1686 773 1716 791 σε
1734 765 1750 791 ὁ
1765 767 1855 800 πατὴρ

1077 820 1133 843 σου,
1151 811 1330 843 ἀποθανόντος
1340 810 1433 838 αὑτοῦ.
1450 821 1458 837 ι
1473 810 1559 838 Τοῦτό
1574 811 1632 837 ἔστι
1645 811 1677 838 τὺ
1692 810 1802 846 πνεῦμα
1811 811 1854 837 τοῦ

1077 857 1162 893 θυμοῦ
1174 877 1182 889 ,
1201 858 1231 885 τὸ
1244 858 1335 885 πεῖθον
1353 867 1401 894 με,
1414 859 1458 886 ῐνα
1469 859 1507 891 ὡς
1523 858 1655 894 πάρδαλις
1671 859 1786 894 ὲκμὺζει
1801 859 1854 894 ἔρι-

1077 912 1136 939 φον,
1144 903 1229 936 οὕτως
1239 903 1436 940 ἐκμυζήσωτδν
1450 904 1558 940 Ἰωσήφ.
1575 904 1644 931 Ἀλλ’
1655 905 1670 932 ὁ
1678 904 1745 936 Θεδς
1762 906 1855 932 Ἰακὼὸ

1076 948 1123 975 τοῦ
1141 949 1243 985 πατρός
1261 958 1310 985 μου
1331 950 1380 976 οὐκ
1397 949 1521 977 ἐνέϐαλεν
1539 950 1620 977 αὑτὸν
1631 951 1672 982 είς
1692 950 1743 981 τὰς
1764 950 1854 986 χεῖράς

1078 1002 1138 1029 μου,
1149 994 1191 1020 ἵνα
1199 993 1271 1030 εὕρω
1281 993 1361 1021 αὐτὸν
1375 994 1463 1030 μόνον·
1474 994 1533 1021 οὐδὲ
1543 995 1617 1022 εῐασε
1627 993 1707 1022 τοῦτο
1715 995 1746 1021 τὺ
1754 994 1854 1030 άνόμη-

1078 1047 1116 1074 μα
1127 1039 1247 1073 ποιῆσαι,
1258 1039 1302 1066 ἵνα
1317 1039 1416 1066 λυθῶσι
1432 1040 1478 1067 δύο
1493 1040 1619 1076 σκῆπτρα
1635 1041 1664 1067 ὲν
1672 1040 1779 1077 Ἰσραήλ
1791 1040 1854 1075 (78).

1110 1085 1148 1112 B'.
1164 1094 1174 1110 ι
1189 1086 1243 1112 Καὶ
1259 1084 1316 1117 νῦν,
1332 1085 1414 1112 τέκνα
1427 1094 1487 1121 μου,
1505 1085 1559 1120 ἐγὼ
1575 1086 1750 1122 ἀποθνήσκω,
1767 1087 1814 1113 καὶ
1828 1087 1856 1112 ὲν

1076 1131 1188 1167 ἀληθείᾳ
1205 1131 1276 1166 λέγω
1303 1133 1382 1168 ὑμῖν,
1405 1133 1447 1159 ὅτι
1469 1132 1517 1159 ἐὰν
1534 1133 1571 1168 μὴ
1591 1132 1728 1168 φυλάξητε
1747 1134 1856 1165 ἑαυτοὺς

1076 1177 1130 1204 ἀπὸ
1147 1177 1193 1204 τοῦ
1215 1177 1368 1213 πνεύματος
1384 1177 1432 1205 τοῦ
1446 1178 1560 1213 ψεύδους
1573 1179 1621 1206 καὶ
1631 1178 1680 1206 τοῦ
1693 1179 1797 1214 θυμοῦ,
1812 1179 1857 1206 καὶ

1076 1223 1235 1260 ἀγαπήσητε
1248 1223 1297 1259 τὴν
1307 1223 1434 1259 ἀλήθειαν
1449 1224 1497 1250 καὶ
1511 1223 1560 1259 τὴν
1576 1223 1780 1259 μακροθυμίαν,
1797 1224 1856 1250 ἀπο-

1076 1269 1174 1296 λεῖσθε.
1187 1269 1327 1304 Τύφλωσίς
1341 1270 1415 1296 ἐστιν
1432 1270 1461 1296 ὲν
1472 1268 1512 1304 τῷ
1522 1269 1601 1305 θυμῷ
1611 1289 1619 1301 ,
1635 1269 1720 1296 τέκνα
1734 1278 1797 1305 μου,
1812 1270 1856 1296 καὶ

1077 1315 1125 1341 οὐκ
1133 1314 1187 1340 ἐστι
1197 1323 1239 1346 τις
1248 1314 1372 1350 θυμώδης
1381 1313 1452 1350 ὀρῶν
1461 1314 1606 1350 πρόσωπον
1614 1314 1683 1349 (74⁸)
1692 1315 1723 1340 ὲν
1735 1314 1854 1350 ἀληθεία·

1077 1359 1118 1387 ὅτι
1129 1359 1180 1386 κᾶν
1191 1360 1280 1395 πατὴρ
1289 1379 1297 1391 ,
1307 1359 1359 1387 κᾶν
1371 1361 1460 1395 μήτηρ
1469 1360 1553 1391 ἔστιν,
1563 1359 1601 1391 ὡς
1610 1359 1750 1395 πολεμίοις
1761 1360 1857 1395 προσέ-

1077 1416 1120 1442 χει
1137 1407 1243 1438 αὐτοῖς·
1259 1404 1336 1442 ἐὰνῇ
1352 1406 1475 1440 ἁδελφὸς,
1492 1406 1542 1432 οὐκ
1557 1403 1643 1432 οῐδενσ
1657 1405 1706 1432 ὲὰν
1720 1407 1858 1442 προφήτης

1077 1451 1189 1488 Κυρίου,
1215 1450 1380 1487 παρακούει·
1400 1451 1448 1478 ἐὰν
1467 1451 1586 1484 δίκαιος,
1603 1452 1633 1478 οὒ
1651 1452 1760 1487 βλέπει·
1786 1453 1858 1487 φίλον

249 1488 319 1516 retia
333 1488 445 1521 erroris,
460 1491 487 1514 et
500 1492 617 1515 excaecat
635 1487 774 1514 naturales
790 1484 886 1514 oculos
905 1484 976 1520 ejus,
1000 1489 1027 1512 et

1079 1497 1108 1524 οὐ
1122 1484 1262 1532 ἰγνωρίζειί
1282 1496 1441 1532 Περιὸάλλει
1465 1497 1520 1533 γὰρ
1545 1498 1627 1525 αὐτὸν
1639 1484 1671 1524 ἐδ
1692 1484 1799 1534 πνεῦμα
1813 1498 1858 1525 τοῦ

250 1541 298 1568 per
314 1533 484 1561 mendacium
496 1533 655 1561 obtenebrat
681 1537 799 1560 mentem
820 1531 891 1567 ejus,
915 1535 942 1559 et
965 1538 1028 1566 pro-

250 1580 337 1616 priam
351 1580 483 1608 visionem
497 1579 592 1608 tribuit
609 1579 644 1607 ei.
657 1578 685 1607 In
701 1586 756 1615 quo
769 1583 858 1606 autem
873 1578 1029 1613 circumpo-

251 1625 291 1652 nit
305 1625 399 1653 oculos
422 1625 502 1660 ejus?
520 1624 549 1652 in
565 1624 628 1652 odio
641 1625 742 1656 cordis,
760 1628 788 1652 et
806 1624 852 1652 dat
864 1624 889 1652 ei
904 1631 952 1652 cor
967 1631 1030 1658 pro-

251 1669 339 1704 prium
355 1669 485 1697 adversus
496 1668 605 1696 fratrem
623 1668 650 1696 in
662 1668 800 1696 invidiam.

285 1806 329 1834 lll.
347 1815 357 1832 ι
374 1805 530 1834 Perniciosa
553 1810 596 1834 est
619 1806 677 1840 ira,
696 1808 746 1837 ﬁlii
765 1806 835 1840 mei;
857 1807 956 1835 etenim
976 1807 1028 1843 ipsi

250 1853 348 1880 animae
362 1852 420 1887 ipsa
447 1853 478 1880 lit
499 1852 606 1886 anima;
623 1856 651 1880 et
664 1860 763 1888 corpus
779 1853 888 1888 quidem
904 1853 1028 1881 iracundi

250 1897 390 1933 proprium
408 1897 460 1925 sibi
480 1896 563 1931 facit,
582 1897 680 1925 animae
703 1901 794 1926 autem
815 1897 982 1933 dominatur,
1002 1902 1030 1927 et

251 1943 346 1972 tribuit
369 1943 476 1978 corpori
500 1943 648 1978 potentiam
662 1944 812 1978 propriam,
828 1948 859 1971 ut
873 1943 955 1972 faciat
973 1951 1029 1972 om-

251 1997 314 2017 nem
328 1988 516 2024 iniquitatem;
530 1993 557 2016 et
568 1996 631 2016 cum
643 1988 700 2024 jam
712 1993 822 2024 operata
836 1989 917 2017 fuerit
927 1989 1028 2024 anima,

249 2034 381 2070 iustiﬁcat
395 2034 468 2069 quod
484 2037 625 2069 operatum
646 2038 698 2067 est,
713 2033 777 2069 quia
788 2042 843 2062 non
862 2033 945 2062 videt.
959 2033 1028 2063 Pro-

251 2085 310 2115 pter
325 2080 376 2108 hoc
390 2080 437 2116 qui
450 2080 538 2108 iratus
553 2083 605 2114 est,
629 2081 655 2108 si
670 2080 781 2116 quidem
804 2081 840 2108 sit
860 2085 966 2116 potens,
979 2082 1029 2109 tri-

1079 1540 1164 1576 θυμοῦ
1180 1541 1215 1567 τὰ
1229 1541 1322 1568 δίκτυα
1337 1541 1385 1577 τῆς
1401 1541 1505 1578 πλάνης
1514 1562 1522 1573 ,
1535 1542 1582 1569 καὶ
1596 1542 1693 1577 τυφλοῖ
1705 1544 1769 1575 τοὺς
1782 1552 1859 1578 (pus:-

1078 1587 1142 1619 κους
1157 1587 1311 1623 ὀφθαλμοὺς
1325 1587 1422 1620 αὐτοῦ,
1444 1588 1490 1615 καὶ
1506 1588 1550 1615 διὰ
1567 1581 1614 1615 ’ἔοῦ
1632 1588 1746 1623 ψεύδους
1771 1590 1861 1616 σκοτοῖ

1078 1633 1127 1668 τὴν
1140 1632 1256 1660 διάνοιαν
1269 1633 1361 1666 αὐτοῦ,
1375 1634 1422 1661 καὶ
1435 1634 1485 1669 τὴν
1497 1634 1564 1661 ἰδίαν
1575 1634 1671 1670 ὅρασιν
1685 1634 1800 1670 παρέχει
1811 1635 1858 1661 αὒ-

1077 1677 1126 1713 τῷ.
1146 1677 1189 1705 Ἔν
1205 1678 1258 1705 τίνι
1277 1678 1306 1705 δὲ
1327 1678 1483 1715 περιϐάλλει
1502 1679 1566 1711 τοὺς
1586 1679 1742 1715 ὀφθαλμοὺς
1760 1680 1857 1710 m3;

1086 1723 1129 1750 Ἐν
1146 1724 1218 1759 μίσει
1233 1725 1356 1760 καρδίας,
1382 1725 1428 1751 καὶ
1449 1725 1554 1752 δίδωσιν
1570 1724 1644 1761 αὐτῷ
1661 1725 1777 1761 καρδίαν
1795 1726 1860 1752 ἰδίαν

1079 1769 1149 1796 κατὰ
1163 1769 1208 1797 τοῦ
1225 1770 1339 1805 ἀδελφοῦ
1355 1771 1396 1802 είς
1411 1770 1516 1805 φθόνον.

1118 1816 1154 1842 1".
1176 1825 1187 1842 ί
1201 1817 1322 1852 Πονηρὸς
1345 1817 1359 1843 6
1385 1816 1582 1852 θυμὸς,’τέκνα
1594 1825 1655 1852 μου,
1665 1817 1776 1852 καὶγὰρ
1796 1818 1859 1852 αὐτῇ

1078 1863 1111 1897 τι
1128 1861 1199 1897 ψυχῇ
1216 1861 1295 1894 αὐτὸς
1311 1863 1414 1896 γίνεται
1429 1862 1501 1897 ψυχή
1516 1862 1588 1897 (⁷5)·
1606 1863 1652 1889 και
1667 1863 1699 1889 τδ
1717 1863 1767 1899 μὲν
1786 1863 1859 1898 σῶμα

1080 1906 1245 1933 ίδιοποιεϊται
1256 1906 1310 1941 (76)
1318 1906 1364 1933 τοῦ
1375 1906 1512 1942 θυμώδους
1521 1927 1529 1939 ,
1539 1907 1588 1943 τῆς
1601 1907 1629 1934 δὲ
1642 1907 1732 1942 ψυχῆς
1743 1916 1860 1934 κατακυ-

1081 1951 1164 1988 ριεύει
1176 1972 1183 1985 ,
1201 1951 1248 1978 καὶ
1270 1951 1386 1988 παρέχει
1400 1952 1439 1988 τῷ
1455 1951 1560 1988 σώματι
1581 1953 1696 1988 δύναμιν
1715 1953 1785 1981 ἰδίαν
1796 1974 1804 1985 ,
1821 1954 1860 1980 ἴνα

1079 1998 1179 2034 ποιήσῃ
1205 1998 1294 2025 πᾶσαν
1317 1997 1429 2033 ἀνομίαν
1441 2005 1448 2013 ·
1465 1998 1512 2025 καὶ
1527 1998 1591 2025 ὖταν
1611 1998 1703 2034 πράξῃ
1720 1999 1809 2035 ψυχὴ,
1825 1999 1860 2025 δι-

1077 2044 1150 2070 καιοῖ
1172 2042 1203 2070 τὸ
1226 2043 1362 2079 πραχθὲν,
1388 2043 1481 2079 ἐπειδὴ
1503 2044 1534 2070 οὺ
1557 2044 1658 2079 βλέπει.
1682 2044 1735 2071 Διὰ
1757 2045 1835 2072 τοῦτο
1848 2044 1861 2070 ό

1079 2089 1257 2125 θυμούμενος,
1275 2089 1322 2117 ἐὰν
1341 2089 1389 2125 μὲν
1437 2089 1557 2121 δυνατὸς,
1581 2090 1699 2125 τριπλῆν
1716 2090 1775 2125 ἔχει
1785 2091 1861 2118 δύνα-

251 2126 348 2161 plicem
372 2125 453 2153 habet
471 2125 622 2161 potentiam
637 2126 666 2153 in
681 2126 722 2154 ira
735 2134 743 2151 :
761 2134 844 2154 unam
858 2127 967 2162 quidem
980 2135 1027 2163 per

1081 2145 1125 2172 μιν
1142 2137 1170 2162 ὲν
1186 2136 1225 2172 τῷ
1241 2135 1335 2171 θυμῷ·
1362 2125 1427 2172 μίαν
1445 2137 1495 2172 μὲν
1511 2135 1556 2163 διὰ
1574 2136 1625 2171 τῆς
1649 2136 1796 2172 δυνάμεως
1819 2136 1860 2163 καὶ

251 2171 400 2206 potentiam
422 2175 451 2199 et
473 2171 605 2198 auxilium
623 2171 854 2206 ministrantium;
880 2173 1027 2201 secundam

1079 2169 1129 2217 ίιῆς
1146 2169 1269 2217 βοηθείας
1277 2169 1342 2218 -(ἧ7)
1362 2169 1417 2209 Ζτῶν
1441 2169 1661 2217 δπουργοὺνεων·
1686 2169 1818 2218 δευτέραν
1835 2182 1860 2208 δὲ

251 2220 342 2243 autem
363 2223 412 2251 per
425 2215 549 2250 divitias,
566 2216 733 2251 persuadens
752 2221 779 2244 et
793 2217 904 2246 vincens
919 2219 945 2245 in
963 2218 1031 2254 inju-

252 2262 341 2296 stitia;
366 2263 472 2290 tertiam
499 2263 650 2290 naturalem
673 2263 776 2290 habens
792 2264 925 2298 corporis,
941 2268 969 2292 et
983 2272 1031 2300 per

252 2307 373 2343 seipsum
397 2315 513 2343 operaus
532 2309 645 2335 malum.
663 2306 692 2335 Si
707 2312 796 2335 autem
812 2308 910 2336 debilis
925 2309 960 2337 sit
983 2309 1031 2344 qui

253 2354 389 2386 irascitur,
411 2353 545 2388 duplicem
561 2353 642 2381 habet
662 2358 823 2388 potestatem
834 2375 841 2388 ,
855 2361 952 2390 praeter
969 2363 1030 2384 eam

251 2407 312 2436 quae
322 2404 364 2428 est
375 2404 496 2433 naturae;
511 2399 621 2434 adjuvat
632 2400 704 2426 enim
717 2399 757 2427 eis
773 2399 813 2426 ira
827 2407 933 2436 semper
944 2401 971 2428 in
981 2401 1031 2429 ini-

285 2476 342 2512 (72)
357 2477 464 2513 Θυμὸς,
480 2478 525 2505 ὅτι
540 2477 642 2506 πᾶσαν
657 2479 764 2506 κακίαν
779 2479 939 2513 ἀνθρώπων
954 2482 1031 2509 ἐκδι-

250 2511 369 2548 διίςηιει.Δ
379 2511 469 2548 eum;
482 2514 572 2540 πᾶσαν
584 2514 682 2541 κακίαν
694 2511 854 2546 ἐκδιδάσκει,
867 2516 968 2544 omisso
979 2517 1030 2548 ὅτι,

249 2552 277 2574 et
287 2546 446 2584 diggprhjrrmv,
459 2547 515 2575 sive
527 2548 616 2583 potius
629 2548 777 2584 ἄνθρωπον.
791 2549 873 2584 Gens.

287 2581 344 2617 (73)
359 2581 472 2618 ῌ-ιηΝε,
482 2581 572 2618 potius
590 2581 731 2618 legendum
747 2584 824 2618 juxta
844 2583 930 2613 Graec.
943 2585 1030 2614 Oxon.

251 2615 297 2642 ln.‘
308 2631 344 2637 —
365 2616 433 2644 Huic
448 2615 508 2644 loco
533 2618 578 2644 lux
593 2615 756 2646 aﬁ'unditur'
769 2619 796 2645 in
816 2623 873 2646 not.
891 2621 908 2647 5
924 2621 957 2647 ad
972 2621 1033 2648 Cle-

251 2652 351 2712 mtis
368 2651 448 2680 Rom.
464 2652 547 2687 Epist.
566 2652 592 2685 l,
607 2661 667 2688 cap.
683 2653 727 2680 5i.
741 2652 847 2680 Patrol.
859 2654 906 2682 Gr.
918 2655 962 2682 t.l
978 2657 1030 2684 col.

250 2719 344 2783 6.87:.)
357 2721 474 2749 Δυθῶσι
489 2721 544 2749 δύο
559 2722 696 2757 σκῆπτρα
712 2723 746 2750 ὲν
764 2723 895 2760 Ἰσραήλ.
912 2725 958 2762 Μή
968 2727 1030 2754 add.

293 2763 336 2783 ΑΒ.

288 2790 359 2825 (74⁸)
373 2790 442 2824 Quid
469 2796 510 2819 est
535 2791 586 2820 hoc
604 2792 674 2828 ὁρῶν
690 2793 853 2829 πρόσωπον,
870 2796 959 2824 videns
985 2798 1029 2833 [u-

1079 2227 1124 2254 διὰ
1139 2227 1185 2254 τοῦ
1202 2227 1333 2259 πλούτου,
1350 2226 1526 2262 παραπείθων
1542 2227 1589 2254 καὶ
1604 2227 1687 2254 νικῶν
1715 2228 1745 2254 ὲν
1763 2228 1859 2262 άδίκῳο

1079 2272 1173 2308 τρίτην
1188 2271 1238 2307 τὴν
1254 2271 1370 2307 φυσικὴν
1386 2271 1454 2307 ἔχων
1469 2271 1516 2298 τοῦ
1534 2271 1667 2306 σώματος,
1683 2272 1733 2298 καὶ
1750 2272 1785 2298 δι’
1801 2273 1860 2298 ἑαυ-

1079 2317 1126 2344 τοῦ
1143 2317 1214 2353 δρῶν
1228 2318 1259 2345 τὸ
1274 2317 1367 2345 κακόν.
1385 2316 1446 2344 Ἐὰν
1457 2317 1486 2344 δὲ
1502 2317 1637 2354 ἀσθενήσῃ
1651 2317 1666 2343 ό
1683 2317 1858 2353 θυμούμενος.

1080 2362 1175 2398 διπλῆν
1191 2363 1246 2398 ἔχει
1262 2363 1311 2398 τὴν
1327 2363 1440 2398 δύναμιν
1456 2362 1531 2398 παρὰ
1545 2363 1595 2398 τῆς
1617 2362 1726 2397 φύσεως
1737 2371 1745 2378 θ
1775 2363 1861 2399 βοηθεῖ

1080 2408 1134 2445 γάρ
1150 2409 1241 2441 αὐτοῖς
1256 2410 1270 2436 ὁ
1287 2409 1371 2444 θυμδς
1386 2409 1499 2436 πάντοτε
1514 2409 1543 2436 ἐν
1554 2409 1722 2445 παρανομίᾳ.
1740 2410 1826 2436 Τοῦτο
1835 2409 1862 2436 τὸ

1080 2485 1167 2528 ciem.”
1188 2487 1434 2528 Hebraicc‘dicitur
1447 2487 1639 2528 viderefaciem
1652 2495 1703 2528 pro
1719 2488 1860 2528 familiari-

1082 2527 1124 2550 ter
1138 2526 1165 2550 et
1177 2523 1275 2554 amice.
1287 2526 1334 2549 aut
1347 2522 1494 2557 submisse,
1512 2522 1628 2557 aliquem
1639 2523 1727 2555 adire,
1743 2523 1786 2550 vel
1802 2531 1860 2550 cum

1082 2565 1116 2585 eo
1129 2557 1257 2592 colloqui.
1275 2557 1318 2585 Cf.
1335 2561 1400 2585 text.
1415 2555 1495 2584 Hebr.
1513 2555 1578 2584 Gen.
1596 2565 1683 2588 xxxii.
1698 2558 1746 2591 21,
1763 2563 1791 2585 ει
1810 2557 1858 2585 (ιε-

1082 2592 1150 2620 senii
1173 2592 1334 2619 Thesaurum
1351 2592 1386 2619 ad
1400 2599 1493 2619 voeem
1508 2595 1575 2622 Dim
1588 2593 1653 2624 11⁸1,
1666 2592 1693 2620 Ιι.
1713 2593 1817 2621 Dinon.

1117 2627 1172 2662 (75)
1184 2627 1238 2653 Καὶ
1252 2629 1305 2661 γὰρ
1318 2627 1395 2661 αὐτῇ
1415 2627 1452 2661 τῇ
1467 2626 1553 2661 ψυχῇ
1568 2627 1662 2660 αὐτὸς
1679 2629 1795 2662 γίνεται
1807 2629 1861 2662 ψυ-

1081 2661 1120 2696 χή
1133 2662 1234 2688 omissa
1251 2665 1324 2690 sunt.
1337 2661 1421 2689 Gnas.

1130 2696 1173 2731 ’16)
1195 2696 1395 2724 Ἰδιοποιεῖται.
1409 2697 1487 2724 Ἴδιον
1500 2698 1624 2724 ποιεῖται.
1636 2696 1677 2725 In.

1081 2730 1255 2802 ’ἐρξζέἷέιῇ
1255 2731 1308 2766 τῆς
1321 2731 1472 2766 δυνάμεως
1489 2732 1536 2759 καί
1554 2732 1608 2766 τῆς
1622 2733 1783 2768 βοηθείας.
1803 2731 1863 2760 Ἄπι

1098 2775 1215 2802 οηυειας.
1229 2775 1266 2794 ιιι).
