1913 3102
61 131 119 160 1101

675 127 934 156 TESTAMENTUM
952 127 1032 155 DAN.

1592 127 1662 155 1102

60 188 157 224 πνεῦμα
172 187 215 215 ἀεὶ
233 186 302 223 μετὰ
317 186 365 213 τοῦ
379 185 491 221 ψεύδους
507 186 539 213 ὲκ
551 185 645 218 δεξιῶν
661 185 707 212 τοῦ
724 187 823 212 Σατανέ

882 185 995 221 quitate.
1014 184 1065 213 Hic
1077 184 1189 219 spiritus
1202 191 1309 219 semper
1322 191 1385 211 cum
1400 183 1542 212 mendacio
1561 192 1576 212 a
1591 185 1660 212 dex-

60 235 209 269 πορεύεται,
229 232 273 259 ἵνα
295 232 324 258 ὲν
340 231 462 266 ὠμότητι
477 231 524 257 καὶ
545 230 636 265 ψεύδει
658 231 785 265 γίνωνται
802 232 829 257 αἰ

58 279 160 315 πράξεις
174 277 270 304 αὐτοῦ.

86 325 119 350 Δ’.
136 332 145 350 ι
156 322 261 350 Οὐκοῦν
284 321 387 348 συνίετε
409 321 459 357 τὴν
481 321 593 356 δύναμιν
609 320 655 347 τοῦ
673 320 770 356 θυμοῦ,
787 321 828 347 ὅτι

57 369 147 405 ματαία
163 368 247 396 ἐστίν.
271 369 314 395 Ἐν
330 368 385 403 γὰρ
394 367 466 403 λόγῳ
482 366 626 403 παροξύνει
638 366 693 402 (78)
710 366 826 403 πρῶτον·

57 413 108 442 εἶτα
122 416 149 441 ὲν
162 414 254 450 ἔργοις
269 415 376 441 δυνατοῖ
388 413 433 440 τὸν
445 413 629 448 ἐρεθιζόμενον
646 412 700 447 (79)
713 433 721 445 ,
738 413 785 439 καὶ
800 413 828 439 ὲν

57 460 156 496 ζημίαις
172 461 284 495 πικραῖς
301 458 355 495 (80)
372 459 500 494 ταράσσει
516 459 546 485 τὸ
563 458 711 485 διαὸούλιον
727 458 809 484 αὑτοῦ
820 467 826 473 ·

56 508 96 534 καὶ
109 507 191 537 οὕτως
203 505 332 540 διεγείρει
348 505 376 531 ὲν
393 504 471 540 θυμῷ
488 504 598 540 μεγάλῳ
613 504 661 540 τὴν
677 503 765 539 ψυχὴν
781 504 828 530 αὺ-

54 553 106 581 τοῦ.
121 553 183 580 Ὅτε
199 550 247 579 οὖν
262 551 337 578 λαλεῖ
352 559 394 582 τις
409 550 470 577 καθ’
488 550 575 586 ὑμῶν,
593 550 672 586 ὑμεῖς
691 550 727 585 μὴ
742 551 826 576 κινεῖ-

55 599 95 625 σθε
111 599 149 630 εἰς
171 597 257 633 θυμόν
269 607 276 613 ·
302 597 349 625 καὶ
371 597 418 624 ὲάν
433 604 475 627 τις
491 597 588 630 ἐπαινῇ
615 596 686 630 ὑμᾶς
707 595 744 627 ὼς
760 595 827 629 ἀγα-

55 644 108 677 θοὺς
124 643 189 680 (81),
208 644 247 680 μὴ
264 643 425 679 ἐπαίρεσθε,
446 642 514 678 μήτε
532 640 739 676 μεταϐάλλεσθε,
759 641 826 676 μήτε

53 692 87 722 εἰς
99 690 200 726 τέρψιν,
221 691 289 726 μήτε
306 690 346 721 εἰς
361 688 462 716 ἀειδίαν
479 687 544 724 (82).
563 687 673 723 Πρῶτον
694 686 748 722 γὰρ
767 686 828 722 τέρ-

53 745 92 763 πει
105 737 152 772 τὴν
166 736 262 771 ἀκοὴν,
276 735 324 761 καὶ
340 734 425 766 οὕτως
438 733 525 766 ὀξύνει
537 733 583 760 τὸν
599 733 672 764 νοῦν,
691 732 785 768 νοῆσαι
797 731 827 758 τὸ

52 782 187 818 ὲρεθισθέν·
212 781 260 808 καὶ
276 781 336 808 τότε
354 780 489 816 θυμωθεὶς
505 779 609 815 νομίζει
625 779 735 811 δικαίως
750 779 826 815 ὀργί-

53 827 146 860 ζεσθαι.
174 826 238 854 Ἐὰν
257 826 291 862 δὲ]
307 826 393 861 ζημίᾳ
409 826 426 861 ἢ
444 826 558 861 ἀπολείᾳ
582 825 637 852 τινὶ
660 826 826 861 περιπέσητε
841 853 863 880 Β

51 874 118 909 (85),
133 873 227 904 τέκνα,
247 872 284 908 μὴ
302 871 438 908 θροεῖσθε·
458 872 498 898 ὅτι
515 872 580 899 αὐτὸ
595 872 626 898 τὸ
641 872 749 907 πνεῦμα
765 873 823 898 ὲπι-

51 920 161 955 Θυμῆσαι
174 920 247 946 ποιεῖ
262 917 309 945 τοῦ
326 918 492 953 ἀπολομένου
504 938 512 950 ,
530 919 574 945 ἶνα
590 917 700 954 θυμωθῇ
718 917 763 945 διὰ
778 918 825 945 τοῦ

51 966 133 992 πόθου.
158 964 221 992 Ἐὰν
238 964 267 992 δὲ
281 963 437 999 ζημιωθῆτε
454 963 508 999 (84)
525 964 663 995 ἑκουσίως,
683 963 719 999 μὴ
734 963 826 990 λυπεῖ-

51 1011 106 1037 σθε·
123 1011 176 1038 ἀπὸ
191 1010 247 1046 γὰρ
263 1011 351 1047 λύπης
368 1010 502 1046 ἐγείρεται
518 1009 603 1045 θυμὸς
621 1009 687 1045 μετὰ
701 1009 824 1044 ψεύδους.

52 1057 120 1083 Ἔστι
141 1057 170 1083 δὲ
185 1056 357 1092 διπρόσωπον
373 1055 457 1083 κακὸν
469 1075 476 1087 ,
494 1055 578 1090 θυμὸς
603 1055 671 1091 μετὰ
694 1055 823 1090 ψεύδους,

50 1103 91 1130 καὶ
107 1103 271 1139 συνερῶνται
281 1102 415 1138 ἀλλήλοις,
424 1103 466 1129 ἵνα
476 1102 613 1138 ταράξωσι
623 1102 654 1129 τὸ
664 1101 822 1128 διαὸούλιον·

50 1148 250 1183 ταρασσομένης
281 1148 310 1174 δὲ
332 1148 382 1183 τῆς
406 1147 495 1183 ψυχῆς
521 1147 657 1182 συνεχῶς,
679 1147 824 1181 ἀφίσταται

49 1193 201 1229 Κύριος)ἁπ’
212 1194 307 1229 αὐτῆς,
323 1193 370 1220 καὶ
387 1193 508 1229 κυριεύει
522 1193 605 1228 αὐτῆς
621 1193 635 1219 ὁ
645 1191 752 1228 Βελιάρ,

80 1240 114 1266 E’.
134 1248 144 1266 ι
161 1239 299 1273 cumam
315 1237 378 1272 οὖν,
392 1239 474 1267 τέκνα
496 1247 545 1275 μου
555 1259 562 1271 ,
588 1238 638 1270 τὰς
654 1238 762 1271 ἐντολὰς
777 1239 823 1266 τοῦ

49 1285 160 1320 Κυρίου,
183 1286 232 1312 καὶ
253 1285 299 1312 τὸν
314 1286 396 1321 νόμον
418 1285 500 1313 αὐτοῦ
515 1285 668 1321 τηρήσατε’
689 1284 824 1321 ἀπόστητε

49 1329 73 1356 δὲ
88 1330 138 1357 ἀπὸ
153 1330 258 1365 θυμοῦ,
275 1331 322 1358 καὶ
338 1331 470 1367 μισήσαιτε
488 1330 519 1357 τὺ
538 1329 643 1364 ψεῦδος,
660 1330 704 1357 ἵνα
722 1329 824 1366 Κύριος

49 1377 189 1412 κατοικήσῃ
207 1377 237 1402 ἐν
253 1377 329 1412 ὑμῖν.
347 1376 404 1413 (85)
430 1375 569 1412 Ἀλήθειαν
584 1375 689 1403 λαλεῖτε
701 1376 823 1409 (ἕκαστος

49 1421 109 1456 πρὸς
123 1421 169 1449 τὸν
190 1421 305 1457 πλησίον
324 1422 424 1454 αὑτοῦ,
446 1422 494 1449 καὶ
518 1422 548 1448 οὐ
567 1421 603 1457 μὴ
625 1420 762 1456 ὲμπέσητε
783 1422 823 1454 είς

51 1468 120 1502 μῆνιν
139 1469 186 1495 καὶ
203 1467 335 1504 ταραχὰς,
354 1467 411 1495 ἀλλ’
433 1467 527 1494 ἔσεσθε
542 1467 571 1494 ἐν
590 1467 694 1503 εἰρήνῃ,
717 1467 822 1503 ἔχοντες

881 230 932 257 tris
948 229 1055 257 Satanae
1069 228 1199 261 ambulat,
1215 232 1244 256 ut
1260 229 1287 255 in
1300 227 1458 256 crudelitate
1477 233 1504 257 et
1516 230 1660 258 mendacio

880 276 946 303 iiant
959 280 1035 302 actus
1048 275 1118 310 ejus.

915 320 961 347 ιν.
977 329 987 346 ι
1003 319 1174 355 Quapropter
1194 319 1335 354 intelligite
1355 319 1504 353 potentiam
1519 320 1576 353 iraa,
1591 328 1661 355 quo-

879 366 953 393 niam
965 373 1035 393 vana
1045 371 1097 393 est.
1110 365 1139 392 In
1153 372 1279 392 sermone
1291 364 1364 391 enim
1374 364 1517 391 exacerbat
1528 365 1657 400 primum;

879 411 976 440 deinde
992 411 1018 438 in
1040 410 1168 445 operibus
1190 409 1317 437 fortiﬁcat
1329 409 1496 437 stimulatum
1506 429 1513 442 ,
1527 413 1553 437 et
1567 409 1595 436 in
1608 409 1658 437 da-

878 457 950 485 mnis
963 456 1065 484 amaris
1079 455 1225 483 conturbat
1241 454 1386 482 consilium
1397 454 1457 489 ejus
1469 463 1476 482 :
1493 459 1520 482 et
1533 454 1570 482 ita
1581 461 1661 482 exsu-

878 504 958 532 scitat
972 503 1000 530 in
1012 503 1052 530 ira
1062 509 1160 537 magna
1173 501 1293 530 animam
1309 501 1378 536 ejus.
1394 500 1508 534 Quando
1523 500 1605 536 igitur
1619 501 1660 529 lo-

878 549 971 584 quitur
981 548 1080 584 aliquis
1091 548 1235 575 adversum
1244 554 1305 579 vos,
1313 554 1347 575 ne
1358 546 1522 574 moveamini
1535 547 1561 574 in
1571 546 1639 574 iram
1650 556 1657 581 ;

877 599 905 623 et
918 594 941 622 si
956 594 1018 629 quis
1035 594 1127 621 laudet
1143 601 1192 621 vos
1209 598 1237 621 ut
1249 593 1347 625 bonos,
1362 599 1396 620 ne
1407 592 1558 626 elevemini,
1571 600 1660 628 neque

878 639 1098 668 transmutemini
1113 639 1154 666 vel
1169 639 1197 665 in
1211 637 1429 671 delectationem,
1441 638 1484 665 vel
1497 638 1525 665 in
1540 638 1658 674 rigorem

877 685 978 713 vultus.
994 684 1116 713 Primum
1135 684 1208 712 enim
1223 683 1341 723 [delectat
1355 683 1489 716 auditum,
1507 687 1536 710 et
1549 683 1586 711 ita
1595 690 1659 711 exa-

877 731 935 760 cuit
948 735 1078 763 mentem,
1097 735 1127 758 ut
1144 729 1277 765 intelligat
1298 730 1370 765 quod
1383 729 1576 765 exprobratum
1594 733 1657 756 est:

877 781 904 804 et
915 781 980 804 tunc
996 776 1081 804 iratus
1094 777 1232 804 existimat
1244 776 1317 810 juste
1332 775 1424 803 irasci.
1441 776 1508 803 Si'in
1523 775 1658 811 jacturam

877 827 924 850 aut
938 822 1114 857 perditionem
1127 822 1246 857 aliquam
1260 821 1421 854 incideritis,
1435 821 1494 854 ﬁlii,
1510 829 1545 849 ne
1556 822 1658 848 tumul-

877 869 1006 902 tuemini;
1022 868 1149 904 quoniam
1174 868 1219 895 hic
1244 867 1357 902 spiritus
1379 868 1572 902 concupiscere
1593 867 1658 896 facit

876 914 948 949 quod
960 914 1093 949 perditum
1108 917 1160 945 est,
1176 918 1206 940 ut
1221 912 1356 941 irascatur
1375 920 1424 949 per
1436 913 1611 942 desiderium.
1627 913 1656 941 Si

877 964 967 986 autem
983 959 1117 994 jacturam
1130 958 1268 994 patiemini
1281 959 1445 992 voluntarie,
1460 966 1494 986 ne
1511 959 1658 987 contriste-

876 1005 957 1038 mini;
974 1012 990 1032 a
1001 1005 1110 1032 tristitia
1125 1005 1197 1033 enim
1210 1005 1356 1033 suscitatur
1371 1005 1411 1032 ira
1424 1012 1486 1036 cum
1501 1005 1655 1033 mendacio.

875 1049 923 1078 Est
937 1054 1026 1077 autem
1041 1049 1141 1077 malum
1156 1048 1291 1084 duplicem
1306 1049 1409 1077 habens
1420 1048 1528 1084 faciem,
1540 1050 1580 1078 ira
1593 1058 1656 1078 cum

875 1095 1033 1129 mendacio,
1058 1099 1085 1123 et
1100 1095 1291 1130 colloquuntur
1316 1099 1422 1129 mutuo,
1444 1100 1474 1123 ut
1494 1097 1656 1125 conturbent

875 1142 1020 1170 consilium
1038 1152 1044 1169 :
1062 1143 1170 1171 turbata
1183 1147 1273 1170 autem
1287 1142 1378 1170 anima
1395 1143 1525 1171 continue
1554 1144 1656 1172 recedit

875 1188 1008 1216 Dominus
1018 1189 1052 1216 ab
1063 1188 1135 1223 ipsa,
1151 1194 1178 1217 et
1192 1189 1348 1217 dominatur
1357 1189 1382 1217 ei
1398 1189 1495 1216 Bcliar.

910 1232 943 1259 ν.
959 1242 969 1259 ι
983 1233 1124 1261 Custodite
1142 1241 1217 1269 ergo,
1234 1233 1281 1261 ﬁlii
1297 1235 1368 1268 mei,
1383 1235 1509 1262 mandata
1534 1234 1653 1269 Domini,

873 1283 901 1307 et
918 1278 1005 1315 legem
1023 1279 1082 1314 ejus
1104 1284 1224 1314 servate;
1243 1281 1361 1309 recedite
1381 1284 1472 1308 autem
1497 1281 1531 1308 ab
1552 1281 1608 1314 ira,
1628 1286 1655 1309 et

874 1325 938 1354 odio
952 1325 1050 1352 habete
1064 1326 1246 1360 mendacium,
1261 1331 1292 1354 ut
1304 1326 1435 1355 Dominus
1448 1327 1552 1355 habitet
1567 1327 1594 1355 in
1606 1335 1654 1355 vo-

872 1370 926 1404 bis,
941 1375 968 1399 et
983 1370 1070 1408 fugiat
1092 1379 1107 1399 a
1126 1372 1203 1400 vobis
1220 1373 1319 1400 Beliar.
1335 1372 1483 1401 Veritatem
1502 1373 1654 1408 loquamini

873 1417 1064 1453 unusquisque
1082 1418 1115 1445 ad
1128 1418 1282 1453 proximum
1295 1427 1393 1454 suum,
1408 1424 1435 1447 et
1455 1427 1509 1446 non
1527 1420 1654 1448 incidetis

873 1464 901 1491 in
917 1464 985 1492 iram
1004 1468 1031 1492 et
1046 1464 1230 1499 turbationes;
1244 1465 1291 1493 sed
1302 1466 1378 1494 eritis
1389 1467 1416 1494 in
1427 1474 1505 1502 pace,
1523 1467 1654 1495 habentes

48 1513 87 1539 τὸν
97 1513 160 1541 Θεὸν
170 1513 223 1549 τῆς
234 1514 355 1550 εἰρήνης,
363 1513 410 1541 καὶ
425 1513 454 1540 οὐ
470 1513 508 1549 μὴ
521 1512 670 1549 κατισχύσῃ
683 1512 737 1548 (86)
746 1512 823 1548 ὑμῶν

876 1509 958 1538 Deum
973 1510 1064 1545 pacis;
1079 1515 1107 1538 et
1127 1518 1182 1537 non
1199 1511 1354 1545 praevalebit
1367 1511 1511 1539 adversum
1526 1519 1576 1540 vos
1597 1512 1655 1539 bel-

48 1559 165 1595 πόλεμος.
182 1560 317 1594 Ἀγαπᾶτε
329 1559 373 1586 τὸν
385 1559 486 1594 Κύριον
497 1559 525 1586 ὲν
535 1559 609 1594 πάσῃ
620 1559 653 1594 τῇ
670 1558 725 1594 ζωῇ
734 1557 823 1593 ὑμῶν,

49 1606 89 1632 καὶ
104 1606 233 1642 ἀλλήλους
253 1607 280 1633 ὲν
304 1606 415 1642 ἀληθινῇ
441 1606 547 1641 καρδίᾳ.
569 1604 634 1632 Οἶδα
652 1605 716 1640 γὰρ,
740 1605 780 1631 ὅτι
793 1604 822 1631 ὲν

49 1652 166 1686 ἐσχάταις
177 1652 295 1688 ἡμέραις
311 1652 494 1688 ἀποστήσεσθε
501 1651 547 1678 τοῦ
554 1651 667 1687 Κυρίου,
678 1651 725 1678 καὶ
738 1659 822 1686 προσ-

48 1698 154 1732 οχθιείτε
175 1699 224 1726 τὸν
251 1697 332 1730 Λευῖ,
354 1699 402 1725 καὶ
422 1697 490 1734 πρὸς
511 1697 610 1724 Ἰούδαν
634 1696 820 1729 ἀντιτάξεσθεθ

48 1743 97 1769 ἀλλ’
122 1742 151 1770 οὖ
174 1744 320 1780 δυνήσεσθε
345 1743 412 1780 πρὸς
427 1744 533 1776 αὐτούς.
553 1743 682 1778 Ἀγγελος
696 1743 750 1779 γὰρ
765 1743 821 1769 Κυ-

49 1789 99 1823 ρίου
107 1790 198 1825 ὸδηγεῖ
206 1790 361 1825 ἑκατέρους,
371 1789 411 1815 ὃτι
419 1790 448 1816 ὲν
460 1790 551 1821 αὐτοῖς
565 1789 691 1825 στήσεται
704 1788 820 1824 Ἰσραήλ.

49 1833 97 1860 Καὶ
111 1833 148 1866 ὡς
164 1834 199 1861 ἂν
216 1834 350 1869 ἀποστῆτε
373 1834 426 1860 ἀπὺ
448 1834 567 1870 Κυρίου,
591 1834 620 1861 ὲν
641 1833 714 1869 πάσῃ
738 1833 822 1868 κακίᾳ

49 1880 198 1915 πορεύεσθε,
214 1879 350 1911 ποιοῦντες
361 1879 529 1915 βδελύγματα
544 1880 637 1912 ὲθνῶν,
647 1880 822 1916 ὲκπορνεύον-

48 1931 87 1955 τες
101 1925 129 1950 ὲν
144 1923 268 1959 γυναιξὶν
284 1925 400 1960 ἀνόμων,
415 1925 462 1952 καὶ
478 1926 507 1951 ὲν
524 1925 596 1960 πάσῃ
616 1925 734 1961 πονηρίᾳ
745 1927 821 1961 ὲνερ-

48 1968 158 2002 γούντων
175 1971 205 1996 ἐν
222 1970 285 2006 ὑμῖν
304 1970 359 1997 τῶν
374 1971 536 2006 πνευμάτων
549 1970 600 2005 τῆς
617 1971 729 2006 πλάνης.
749 1971 822 1998 Ἀνέ-

48 2021 110 2046 γνων
126 2014 181 2050 γὰρ
198 2015 226 2041 ἐν
242 2014 324 2050 βίϐλῳ
347 2014 429 2049 Ἑνὼχ
444 2014 490 2041 τοῦ
510 2014 624 2047 δικαίου,
642 2015 682 2041 ὅτι
697 2015 711 2041 ὁ
731 2014 822 2051 ἄρχων

48 2058 116 2093 ὑμῶν
135 2061 209 2087 ἐστιν
227 2061 241 2086 ὁ
257 2060 394 2092 Σατανᾶς,
416 2060 462 2086 καὶ
474 2060 514 2086 ὅτι
527 2059 615 2087 πάντα
631 2059 665 2086 τὰ
680 2060 822 2095 πνεύματα

47 2103 92 2138 τῆς
111 2105 239 2141 πορνείας
258 2106 304 2132 καὶ
328 2105 378 2140 τῆς
398 2104 599 2140 ὑπερηφανείας
614 2104 654 2140 τῷ
673 2104 738 2131 Λευτ
754 2105 823 2131 ὑπα-

873 1556 940 1584 lum.
954 1556 1062 1593 Diligite
1074 1556 1220 1585 Dominum
1233 1557 1260 1585 in
1279 1558 1353 1585 omni
1367 1557 1422 1585 vita
1432 1563 1533 1593 vestra,
1554 1563 1581 1587 et
1591 1566 1654 1586 vos-

872 1605 928 1628 met
941 1601 1056 1629 invicem
1081 1602 1109 1629 in
1132 1602 1222 1630 veraci
1234 1603 1326 1631 corde.
1342 1601 1410 1630 Novi
1430 1604 1514 1637 enim,
1532 1604 1606 1639 quod
1625 1605 1653 1632 in

871 1647 976 1675 ultimis
993 1648 1089 1675 diebus
1115 1648 1248 1676 recedetis
1266 1656 1281 1676 a
1303 1648 1435 1682 Domino,
1461 1653 1488 1677 et
1512 1649 1654 1679 oﬂ‘endetis

871 1692 946 1725 Levi,
971 1697 998 1720 et
1017 1691 1094 1720 Judae
1105 1693 1252 1727 resistetis;
1271 1693 1318 1722 sed
1337 1701 1392 1721 non
1411 1695 1574 1730 superabitis
1593 1704 1651 1724 eos.

871 1738 990 1773 Angelus
1007 1738 1080 1765 enim
1099 1738 1207 1769 Domini
1222 1739 1297 1767 ducit
1317 1743 1457 1774 utrosque,
1477 1741 1608 1775 quoniam
1624 1742 1652 1769 in

872 1783 939 1819 ipsis
957 1784 1040 1812 stabit
1053 1784 1146 1811 Israel.
1167 1784 1201 1812 Et
1218 1792 1281 1812 cum
1301 1785 1432 1813 nicedetis
1444 1793 1459 1813 a
1481 1785 1608 1821 Domino,
1624 1788 1652 1816 in

871 1832 946 1859 omni
961 1831 1064 1858 malitia
1085 1831 1271 1866 ambulabitis,
1291 1831 1421 1861 facientes
1435 1834 1652 1864 abominationes

870 1877 1002 1912 gentium,
1021 1881 1172 1905 scortantes
1185 1885 1247 1905 cum
1267 1878 1427 1907 mulieribus
1444 1879 1611 1915 iniquorum,
1624 1886 1651 1909 et

871 1922 898 1949 in
914 1922 988 1950 omni
1010 1923 1113 1950 malitia
1133 1923 1279 1958 spirituum
1300 1925 1402 1953 erroris
1424 1926 1596 1960 operantium
1622 1928 1650 1956 in

871 1967 958 1995 vobis.
978 1967 1043 2003 Legi
1064 1968 1136 1995 enim
1152 1969 1179 1995 in
1195 1969 1265 1996 libro
1285 1968 1379 1997 Enoch
1391 1970 1467 2005 justi,
1489 1972 1562 2007 quod
1576 1973 1650 2007 prin-

871 2020 934 2048 ceps
946 2017 1033 2041 vester
1043 2018 1084 2042 est
1096 2013 1221 2049 Satanas,
1238 2020 1266 2043 et
1279 2017 1350 2051 quod
1363 2024 1457 2045 omnes
1472 2018 1584 2053 spiritus
1595 2019 1650 2047 for-

871 2058 1016 2086 nicationis
1026 2063 1053 2085 et
1064 2059 1198 2094 superbia).
1208 2058 1273 2088 Levi
1285 2061 1410 2089 obedient
1420 2082 1428 2096 ,
1444 2065 1475 2089 ut
1488 2063 1651 2091 insidientur

871 2105 935 2133 ﬁliis
945 2105 1020 2140 Levi,
1030 2111 1058 2134 et
1071 2107 1172 2136 faciant
1184 2116 1233 2136 eos
1244 2116 1358 2144 peccare
1371 2118 1463 2138 coram
1482 2111 1605 2140 Domino.
1618 2113 1652 2140 Et

48 2149 199 2181 κούσονται,
224 2149 270 2176 τοῦ
296 2150 472 2186 παρεδρεύειν
498 2151 554 2182 τοῖς
575 2151 642 2181 υἱοῖς
666 2149 748 2182 Δευτ,
774 2149 821 2176 τοῦ

876 2150 921 2177 lilii
933 2151 987 2178 mei
1001 2153 1218 2188 appropinquant
1229 2153 1308 2188 Levi,
1323 2160 1350 2182 et
1368 2156 1449 2183 simul
1463 2162 1575 2192 peccant
1587 2166 1649 2186 cum

49 2197 127 2222 ποιεῖν
149 2195 247 2227 αὐτοὺς
275 2195 470 2231 ἐξαμαρτάνειν
492 2195 607 2222 ὲνώπιον
631 2194 743 2229 Κυρίου.
768 2194 823 2221 Καὶ

876 2198 914 2225 eis
933 2198 960 2225 in
983 2199 1129 2226 omnibus:
1146 2205 1173 2227 et
1188 2200 1235 2228 lilii
1247 2200 1322 2229 Judaa
1333 2204 1453 2231 eruntin
1466 2205 1590 2237 avaritia.
1606 2214 1651 2233 ra-

47 2241 94 2266 υῐοί
108 2251 157 2277 μου
171 2242 324 2276 ἐγγίζοντες
339 2242 392 2268 εἰσι
406 2241 445 2277 τῷ
461 2241 535 2274 Λευτ,
552 2241 598 2267 καὶ
618 2239 821 2276 συνεξαμαρτά-

47 2295 131 2318 νοντες
150 2287 242 2318 αὐτοῖς
265 2288 293 2313 ὲν
315 2287 398 2313 πᾶσι·
416 2287 463 2312 καὶ
487 2286 540 2312 υἰοὶ
560 2285 644 2312 Ἰούδα
666 2285 771 2312 ἔσονται
793 2285 822 2311 ὲν

47 2331 184 2368 πλεονεξίᾳ
197 2352 204 2364 ,
219 2331 386 2368 ἁρπάζοντες
401 2331 436 2358 τὰ
451 2331 576 2367 ἀλλότρια
594 2331 632 2363 ὡς
648 2330 761 2362 λέοντες.
774 2330 822 2357 Διὰ

46 2376 119 2403 τοῦτο
135 2377 325 2413 ἀπαχθήσεσθε
341 2377 388 2404 σὺν
399 2377 491 2409 αὐτοῖς
503 2378 531 2404 ἐν
547 2375 729 2412 αἰχμαλωσίᾳ,
743 2375 823 2402 κάκεῖ

47 2422 211 2458 ἀπολήψεσθε
224 2422 312 2454 πάσας
325 2422 374 2454 τὰς
392 2422 497 2457 πληγὰς
508 2421 656 2455 Αἰγύπτου,
673 2421 719 2447 καὶ¹
732 2421 821 2452 πάσας

47 2470 175 2504 πονηρίας
187 2468 241 2496 τῶν
251 2468 334 2495 ἐθνῶν
343 2476 349 2484 ·
368 2469 415 2496 καὶ
430 2468 516 2500 οὕτως
532 2467 742 2503 ἐπιστρέψαντες
754 2467 821 2502 πρὸς

44 2513 152 2548 Κύριον,
164 2514 350 2551 ἐλεηθήσεσθε,
364 2515 410 2542 καὶ
428 2514 485 2547 ἄξει
500 2514 571 2549 ὑμᾶς
585 2514 624 2545 εἰς
645 2513 676 2540 τὸ
697 2513 821 2548 ἁγίασμα

47 2559 133 2593 αὑτοῦ,
152 2561 220 2596 βοῶν
237 2563 300 2596 ὑμῖν
312 2562 430 2598 εἰρήνην.
446 2561 500 2587 Καὶ
513 2560 636 2587 ἀνατελεῖ
651 2561 713 2596 ὑμῖν
725 2561 756 2587 ἐκ
770 2560 820 2595 τῆς

145 2628 319 2664 ῌαροξιξνει.
334 2627 523 2664 Παροξύνεται.
540 2627 625 2664 Grut}.

91 2661 134 2698 ἶθ)
154 2661 385 2698 Ἐρεθιξόμενον.’
395 2662 592 2698 Ὀργιζόμενον.
605 2662 642 2690 lo.

79 2696 134 2764 (80)
146 2696 281 2742 {Impar};
293 2696 472 2742 Μικραῖςίίὺ.

90 2731 134 2764 81)
162 2735 304 2764 Αγαθους.
331 2733 472 2764 After)th

80 2731 134 2765 (81)
155 2731 304 2768 Ἀγὲαθούς.
324 2731 437 2767 Ἃίτίους.
451 2733 489 2760 ln.

80 2765 134 2800 (82)
156 2768 289 2795 Ἀειδίαν.
311 2768 426 2800 Ἀηδίαν.
442 2768 478 2795 11).

80 2801 124 2834 (85

81 2836 124 2870 (81

156 2768 289 2795 Ἀειδίαν.
311 2768 426 2803 Ἀηδίαν.
442 2768 478 2795 11).

147 2802 337 2843 ῌΞρπέᾳητε.
352 2802 498 2843 nepti-real].
513 2804 551 2831 In.

155 2831 225 2866 ’E'dr
236 2837 270 2864 δὲ
283 2831 449 2874 ὗιμιωθῆτε.
467 2831 568 2867 Desunt
581 2838 672 2867 omnia
687 2845 774 2875 usque
784 2837 819 2866 ad

125 2771 135 2872 ξ

872 2243 976 2278 pientes
992 2245 1079 2272 aliena
1094 2249 1123 2272 ut
1145 2245 1248 2274 leones.
1270 2246 1383 2282 Propter
1404 2249 1457 2277 hoc
1478 2250 1649 2278 abducemini

872 2298 934 2318 cum
953 2290 993 2318 eis
1014 2291 1041 2318 in
1064 2292 1247 2326 captivitatem
1259 2314 1266 2328 ,
1283 2299 1309 2322 et
1322 2295 1377 2323 illic
1391 2296 1527 2331 recipietis
1554 2305 1649 2331 omnes

871 2336 964 2371 plagas
975 2335 1095 2372 Egypti,
1110 2342 1136 2365 et
1150 2346 1245 2367 omnes
1260 2341 1406 2374 pravitates
1417 2342 1536 2375 gentium
1550 2351 1556 2368 :
1570 2348 1596 2370 et
1612 2344 1650 2371 ita

871 2386 1038 2410 revertentes
1052 2383 1086 2410 ad
1102 2382 1247 2412 Dominum
1265 2385 1480 2414 misericordiam
1501 2395 1650 2423 conseque-

871 2428 948 2462 mini,
964 2433 991 2456 et
1004 2429 1084 2458 ducet
1094 2437 1142 2457 vos
1155 2430 1182 2457 in
1197 2431 1437 2458 sanctiﬁcationem
1447 2431 1517 2466 ejus,
1529 2432 1649 2461 clamans

870 2474 948 2501 vobis
958 2481 1064 2509 pacem.
1080 2474 1114 2502 Et
1132 2476 1235 2504 orietur
1250 2476 1327 2504 vobis
1337 2483 1370 2503 ex
1384 2476 1454 2504 tribu
1464 2477 1531 2505 Juda
1545 2483 1572 2505 et
1584 2479 1648 2506 Levi

871 2519 990 2548 salutare
1011 2519 1144 2548 Domini:
1171 2527 1198 2549 et
1222 2522 1280 2557 ipse
1302 2521 1383 2549 faciet
1407 2523 1536 2551 adversus
1560 2524 1649 2552 Beliar

869 2565 1010 2600 pt'telium,
1033 2570 1061 2594 et
1085 2567 1219 2595 ultionem
1234 2568 1355 2597 victoria:
1376 2568 1452 2596 dabit
1466 2569 1587 2598 terminis
1601 2578 1648 2597 ve-

870 2633 951 2670 linem
966 2633 1049 2670 huius
1062 2635 1235 2670 paragrapbi.
1250 2634 1290 2663 lo.

905 2669 962 2704 (85)
979 2669 1143 2702 Ἀλήθειαν.
1155 2669 1224 2697 Hinc
1238 2670 1265 2696 in
1279 2670 1367 2698 Oxon.
1383 2675 1410 2698 et
1423 2669 1538 2697 Cantab.
1553 2670 1647 2698 codice

870 2703 991 2732 clausula
1002 2703 1096 2731 deesse
1107 2704 1222 2732 videtur.
1239 2705 1276 2732 In.

905 2738 959 2774 (86)
975 2738 1030 2765 Καὶ
1049 2740 1084 2766 οὐ
1098 2738 1141 2773 μὴ
1161 2740 1339 2775 κατισχύσῃ,
1357 2739 1453 2767 Omnia
1471 2741 1498 2768 in
1521 2741 1571 2768 Ox.
1585 2742 1645 2768 cod.

870 2773 967 2814 desunt
982 2775 1112 2814 usquead
1131 2776 1189 2814 ista_
1203 2773 1342 2814 sequentis
1363 2777 1524 2812 paragraphi
1540 2777 1619 2803 verba
1640 2785 1648 2803 :

870 2808 918 2836 καὶ
931 2809 965 2835 ἐν
978 2808 1039 2842 τοῖς
1052 2809 1151 2836 ἔθνεσι
1165 2808 1274 2842 Σωτήρ.
1289 2809 1327 2837 ιι.
