1913 3102
239 125 309 153 “05

749 125 984 155 TESTAMENTA
1012 124 1058 152 XII
1089 125 1398 155 PATRIARCHARUM.

1792 128 1853 155 “03

237 183 313 212 tris.
331 182 366 210 Et
377 183 485 212 animus
497 188 655 212 sanctorum
669 184 792 220 captivas
807 185 933 214 liberabit
944 192 959 213 ο
971 184 1022 212 Be-

1080 185 1164 213 Ἰούδα
1190 186 1237 213 καὶ
1265 185 1330 213 Λευῖ
1354 185 1385 212 τὸ
1412 186 1544 221 σωτήριον
1568 185 1690 221 Κυρίου·
1709 185 1758 212 καὶ
1782 186 1854 219 αὐτὸς

236 230 299 264 Iiar,
314 233 341 258 et
357 235 496 258 convertet
510 231 592 258 corda
606 231 746 258 incredula
768 232 803 258 ad
819 231 976 264 Dominum,
995 235 1022 257 et

236 275 313 303 dabit
324 276 517 304 invocantibus
529 284 592 303 eum
608 284 702 311 pacem
716 281 844 304 aeternam
855 297 863 310 ,
875 281 902 304 et
914 276 1021 312 requie-

236 325 314 349 scent
327 321 354 348 in
366 321 440 350 Eden
450 322 549 355 sancti,
561 326 589 350 et
603 323 631 350 in
646 330 715 350 nova
728 322 878 350 Jerusalem
890 322 1023 350 laetabun—

237 367 369 402 turjusti,
386 375 448 403 quae
465 368 518 395 erit
533 368 560 395 in
576 367 799 403 gloriﬁcationem
822 367 871 394 Dei
890 374 976 402 usque
995 367 1022 393 in

237 413 379 440 szeeulum.
400 412 434 440 Et
445 420 500 440 non
511 413 630 448 amplius
645 413 792 440 sustinebit
811 411 962 440 Jerusalem
975 412 1023 440 de-

237 458 410 491 solationem,
423 466 512 493 neque
525 459 648 494 captivus
659 459 774 486 ducetur
785 457 881 491 Israel;
893 458 1023 493 quoniam

237 503 370 532 Dominus
384 505 435 532 erit
457 505 485 532 in
510 505 601 532 medio
623 505 695 540 ejus,
713 513 774 532 eum
790 504 949 533 hominibus
959 512 1026 532 con«

235 554 372 584 versatus,
386 555 413 578 et
425 556 537 578 sanctus
560 550 642 578 Israel
665 558 781 586 regnans
805 557 887 586 super
903 551 978 586 ipsos
996 550 1024 577 in

236 594 392 623 humilitate
405 599 433 623 et
448 600 608 631 paupertate
621 605 629 623 :
644 600 672 624 et
684 595 733 631 qui
745 596 831 624 credit
846 596 874 624 in
891 604 966 630 eum,
980 604 1024 624 re-

237 641 330 676 gnabit
341 641 368 668 in
380 642 494 670 veritate
507 643 534 670 in
546 643 635 671 ctelis.

1075 232 1182 268 ποιήσει
1199 231 1267 267 πρὸς
1283 231 1331 259 τὸν
1346 231 1444 267 Βελιὰρ
1459 231 1584 267 πόλεμον,
1601 232 1647 258 καὶ
1660 231 1712 267 τὴν
1726 231 1854 267 ἐκδίκησιν

1073 276 1120 304 τοῦ
1139 277 1230 309 νίκους
1244 276 1324 304 δώσει
1339 277 1454 313 πέρασιν
1478 277 1566 313 ὑμῶν.
1587 277 1642 303 Kal
1654 277 1706 313 τὴν
1723 277 1855 313 αίχμαλωυ

1076 323 1136 350 σίαν
1149 323 1218 359 λάϐῃ
1233 324 1286 350 ἀπὺ
1297 323 1344 350 τοῦ
1357 323 1455 359 Βελιὰρ
1465 323 1553 359 ψυχὰς
1567 323 1664 358 ἁγίων,
1678 324 1727 350 καὶ
1738 324 1855 360 ἐπιστρέ-

1074 368 1119 403 ψει
1145 369 1259 405 καρδίας
1282 369 1403 401 ἀπειθεῖς
1421 368 1489 404 πρὸς
1512 368 1629 404 Κύριον,
1645 369 1693 396 καὶ
1706 368 1786 395 δώσει
1808 371 1856 402 τοῖς

1076 414 1302 450 ἐπικαλουμένοις
1321 415 1402 441 αὐτὸν
1416 415 1527 450 είρήνην
1540 414 1658 447 αἰώνιον,
1678 415 1727 441 καὶ
1745 415 1858 442 ἁναπαύυ

1077 469 1168 488 σονται
1178 461 1207 487 ἐν
1224 461 1304 496 Ἐδὲμ
1318 460 1402 495 ἅγιοι,
1417 460 1463 487 καὶ
1479 461 1526 487 ἐπὶ
1538 460 1587 495 τῆς
1607 460 1670 492 νέας
1690 460 1858 496 Ἰερουσαλὴμ.

1075 506 1308 542 εὐφρανθήσονται
1321 507 1430 539 δίκαιοι,
1442 507 1503 542 ἥτις
1518 505 1594 533 ἔσται
1607 506 1648 538 είς
1658 506 1784 542 δόξασμα
1798 506 1858 533 Θεοῦ

1075 551 1127 583 ἕως
1143 551 1190 578 τοῦ
1210 552 1316 584 αἰῶνος.
1336 552 1391 579 Καὶ
1409 552 1459 578 οὐκ
1479 552 1519 578 ἔτι
1539 551 1670 587 ὑπομένει
1689 552 1859 588 Ἰερουσαλὴμ

1074 597 1225 633 ἐρήμωσιν,
1240 598 1301 625 οὐδὲ
1315 597 1546 633 αἰχμαλωτίσεται
1566 597 1684 634 Ἰσραὴλ,
1705 599 1748 625 ὄντι
1766 598 1858 634 Κύριος

1074 642 1151 670 ἔσται
1168 645 1196 671 ἐν
1212 644 1288 680 μέσῳ
1302 644 1398 679 αὐτῆς,
1409 646 1465 676 τοῖς
1481 643 1635 680 ἀνθρώποις
1650 645 1859 680 συναναστρεφό-

238 696 318 724 μενος
331 687 397 724 (87),
411 687 458 715 καὶ
475 688 551 722 ἅγιος
571 687 680 724 Ἰσραὴλ
695 685 844 722 βασιλεύων
861 687 906 714 ἐπ’
924 687 1022 719 αὐτοὺς
1040 687 1070 714 tv
1088 687 1251 715 ταπεινώσει
1273 689 1321 716 καὶ
1341 689 1370 715 tv
1396 689 1535 724 πτωχείᾳ·
1557 689 1604 716 καὶ
1618 690 1633 715 ὁ
1664 689 1802 716 πιστεύων
1823 691 1859 716 ἐπ’

236 734 310 771 αὐτῷ
324 734 478 771 βασιλεύσει
493 735 522 762 ἐν
537 733 650 770 ἀληθεία
664 735 692 760 ἐν
705 735 761 765 τοῖς
773 733 906 768 οὐρανοῖς.

272 780 317 808 VI.
336 789 346 806 ι
364 781 397 808 Et
413 787 487 808 nunc
504 780 596 807 timete
617 779 761 807 Dominum
773 800 780 812 ,
792 779 841 806 lilii
861 780 931 811 mei,
944 783 971 806 et
983 782 1023 806 at-

1113 780 1158 812 ς’.
1173 787 1182 804 ι
1198 778 1253 805 Kal.
1266 777 1313 805 νῦν
1325 777 1461 814 φοϐήθητε
1473 777 1518 804 τὸν
1531 777 1641 813 Κύρων,
1655 778 1740 804 τέκνα
1749 786 1809 814 μου,
1819 778 1861 805 καὶ

239 829 342 856 tendite
364 826 569 861 vobismetipsis
585 833 601 853 a
628 825 729 852 Salana
753 829 781 852 et
795 825 936 860 spiritibus
953 826 1022 860 ejus.

236 874 460 910 Appropinquate
475 876 565 900 autem
581 871 647 905 Deo,
662 877 689 899 et
699 870 795 906 angelo
805 871 946 899 excusanti
957 878 1023 903 vos;

236 920 366 956 quoniam
383 919 429 946 hic
442 922 486 946 est
507 917 641 946 mediator
657 916 706 944 Dei
721 922 747 944 et
762 916 903 944 hominum
915 936 923 949 ,
938 916 965 944 in
977 924 1025 951 pa-

237 974 296 995 cem
310 965 403 994 Israel.
421 965 522 993 Contra
540 971 654 999 regnum
670 962 775 990 inimici
792 962 893 997 stabit;
906 970 1026 998 quapro-

236 1019 296 1049 pter
311 1013 403 1041 studet
418 1011 548 1040 inimicus
573 1011 732 1039 subvertere
753 1017 850 1037 omnes
867 1010 1024 1037 invocantes

237 1059 394 1087 Dominum.
418 1057 500 1086 Novit
523 1057 607 1090 enim,
619 1055 694 1092 quod
715 1055 742 1083 in
754 1063 808 1091 qua
821 1055 866 1083 die
881 1055 1026 1083 crediderit

236 1104 330 1138 Israel,
342 1103 581 1134 consummabitur
601 1109 715 1138 regnum
737 1101 851 1129 inimici.
868 1100 927 1136 Ipse
945 1108 1025 1136 ange-

236 1153 280 1191 Iu_s
295 1152 370 1188 pacis
383 1150 541 1178 l'ortilicabit
558 1148 652 1182 Israel,
668 1157 702 1175 ne
715 1148 818 1176 incidat
829 1147 857 1174 in
871 1148 952 1175 linem
966 1154 1024 1174 ma-

236 1199 338 1226 lorum.
355 1197 383 1225 In
398 1201 520 1232 tempore
535 1199 626 1223 autem
642 1195 794 1230 iniquitatis
813 1193 896 1222 Israel
918 1193 1023 1221 recedet

237 1244 272 1272 ab
286 1244 326 1272 eis
341 1243 486 1276 Dominus,
503 1241 630 1269 transibit
651 1245 712 1276 post
734 1240 878 1268 facientem
898 1239 1024 1267 volunta-

236 1295 292 1318 tem
314 1289 411 1325 ipsius,
437 1288 568 1323 quoniam
593 1287 663 1314 nulli
690 1286 847 1321 angelorum
871 1285 922 1313 erit
939 1289 969 1313 ut
988 1285 1023 1312 ei.

237 1333 343 1361 Nomen
356 1334 415 1369 ejus
427 1333 479 1361 erit
493 1333 520 1360 in
533 1333 609 1360 omni
630 1332 692 1360 loco
712 1331 795 1360 Israel
808 1336 835 1358 et
855 1332 883 1358 in
899 1331 1025 1366 gentibus

239 1380 374 1408 Salvator.
387 1379 556 1407 Conservate
577 1379 660 1414 igitur
681 1379 878 1414 vosmetipsos,
894 1379 941 1405 lilii
961 1378 1024 1410 mei,

240 1426 276 1453 ab
289 1425 363 1453 omni
377 1433 459 1460 opere
473 1424 640 1460 pernicioso,
652 1428 679 1451 et
691 1424 799 1459 abjicite
814 1424 883 1451 iram
903 1427 930 1452 et
944 1431 1025 1451 omne

240 1471 422 1503 mendacium,
434 1475 462 1498 et
471 1470 574 1506 diligite
588 1470 729 1498 veritatem
740 1475 766 1498 et
778 1470 1023 1506 Ionganimitatem,

239 1522 266 1545 et
277 1525 338 1552 quae
349 1516 490 1545 audivistis
502 1524 517 1544 a
535 1521 610 1551 patre
622 1521 725 1549 vestro,
738 1516 839 1543 tradite
854 1520 882 1543 et
897 1523 946 1543 vos
961 1515 1024 1544 liliis

239 1563 348 1595 vestris,
369 1566 400 1589 ut
423 1562 537 1597 recipiat
557 1568 606 1589 vos
629 1561 710 1589 Pater
726 1562 868 1597 gentium:
883 1561 934 1589 erit
951 1561 1023 1588 enim

240 1616 323 1635 verax
335 1612 362 1635 et
375 1607 550 1643 Ionganimis,
569 1611 730 1635 mansuetus
748 1611 776 1635 et
796 1607 922 1639 humilis,
937 1611 964 1635 et
976 1607 1026 1635 do-

238 1659 304 1680 cens
319 1659 366 1686 per
384 1659 466 1686 opera
486 1651 571 1687 legem
595 1651 650 1679 Dei.
665 1650 799 1679 Discedite
814 1659 879 1686 ergo
899 1652 933 1679 ab
950 1651 1025 1678 omni

240 1698 383 1733 injustitia,
399 1703 425 1726 et
438 1698 573 1725 adhaerete
584 1697 696 1733 justitia
714 1697 780 1733 legis
795 1697 914 1725 Domini.
932 1696 964 1725 Et
980 1704 1024 1725 se-

239 1744 320 1779 pelite
332 1751 375 1771 me
390 1751 473 1782 prope
485 1747 574 1779 patres
589 1750 674 1771 meos.
693 1752 704 1770 ο

1076 825 1223 861 προσέχετε
1236 825 1345 855 ἑαυτοῖς
1359 823 1413 850 ἀπὸ
1431 823 1479 850 τοῦ
1491 824 1607 855 Σατανᾶ,
1622 824 1670 851 καὶ
1681 824 1738 851 τῶν
1749 825 1860 860 πνευμά-

1075 879 1129 897 των
1140 870 1233 897 αὑτοῦ.
1252 869 1390 905 Ἑγγίζετε
1408 869 1437 896 δὲ
1448 869 1487 905 τῷ
1499 869 1568 906 Θεῷ,
1580 870 1628 897 καὶ
1649 870 1690 905 τῷ
1708 870 1816 905 ἀγγέλῳ
1826 870 1860 905 τῷ

1075 915 1285 952 παραιτουμένῳ
1296 915 1378 950 ὑμᾶς·
1394 915 1435 942 ὃτι
1452 912 1529 947 οὗτός
1540 916 1599 942 ἐστι
1612 915 1730 951 μεσίτης
1741 915 1808 942 Θεοῦ
1818 916 1860 942 καὶ

1075 959 1236 995 ἀνθρώπων,
1250 960 1296 986 ἐπὶ
1307 959 1357 994 τῆς
1378 960 1489 995 ειρήνης
1506 959 1624 995 Ἰσραήλ,
1646 961 1799 987 Κατέναντι
1815 960 1859 994 τῆς

1076 1005 1216 1041 βασιλείας
1229 1005 1276 1032 τοῦ
1288 1004 1387 1041 ἐχθροῦ
1400 1005 1536 1041 στήσεται·
1549 1006 1594 1032 διὰ
1603 1006 1687 1032 τοῦτο
1698 1006 1838 1038 σπουδάζει
1848 1007 1861 1032 ὁ

1075 1051 1172 1087 ἐχθρὸς
1182 1051 1371 1084 ὑποσκελίζειν
1385 1051 1488 1083 πάντας
1502 1051 1565 1084 τοὺς
1578 1051 1810 1087 ἐπικαλουμένους
1820 1053 1859 1078 τὸν

1076 1097 1186 1132 Κύριον.
1199 1093 1259 1123 οἶδε
1266 1095 1330 1132 γὰρ,
1340 1096 1382 1122 ὅτι
1394 1097 1424 1122 ἐν
1432 1096 1525 1132 ἡμέρᾳ.
1533 1096 1588 1132 (88)
1597 1097 1858 1132 πιστεύσειΊσραήλ,

1077 1142 1316 1178 συντελεσθήσεται
1329 1143 1345 1178 ή
1359 1142 1481 1178 βασιλεία
1499 1142 1546 1169 τοῦ
1560 1141 1669 1178 ἐχθροῦ.
1685 1143 1772 1174 Αὐτὸς
1790 1144 1804 1169 ὸ
1815 1143 1858 1177 ἂγ-

1075 1188 1152 1223 γελος
1165 1188 1214 1224 τῆς
1226 1188 1337 1223 εἰρήνης
1348 1187 1483 1224 ἐνισχύσει
1494 1187 1540 1214 τδν
1554 1187 1673 1224 Ἰσραήλ,
1686 1188 1726 1224 μὴ
1736 1188 1860 1223 ἐμπεσεῖν

1075 1233 1156 1261 αὐτὸν
1168 1234 1208 1266 είς
1225 1233 1302 1264 τέλος
1322 1231 1425 1259 κακῶν.
1446 1231 1541 1259 Ἔσται
1561 1231 1590 1259 δέ
1603 1233 1631 1260 ἐν
1649 1232 1741 1269 καιρῷ
1751 1233 1859 1269 ἀνομίας

1074 1280 1121 1308 τοῦ
1141 1280 1249 1316 Ἰσραὴλ
1266 1279 1452 1315 ἀφιστάμενος
1472 1280 1520 1306 ἀπ’
1537 1279 1626 1307 αὐτῶν
1646 1279 1768 1316 Κύριος,
1789 1289 1860 1316 μετε-

1075 1327 1200 1354 λεύσεται
1213 1326 1325 1353 ὄπισθεν
1339 1325 1469 1353 ποιοῦντα
1481 1326 1512 1353 τδ
1531 1326 1637 1362 θέλημα
1658 1327 1753 1359 αὑτοῦ,
1768 1327 1809 1354 δτι
1820 1328 1860 1354 οὐ·

1075 1373 1130 1400 δενὶ
1152 1372 1208 1399 τῶν
1229 1372 1353 1407 ἀγγέλων
1372 1371 1448 1398 ἔσται
1470 1371 1508 1404 ὡς
1528 1372 1614 1408 αὐτῷ.
1628 1372 1666 1399 Τὸ
1684 1373 1772 1408 ὄνομα
1785 1374 1860 1400 αὐτοῦ

1076 1418 1152 1446 ισται
1164 1419 1193 1445 ἐν
1205 1419 1285 1445 παντὶ
1297 1419 1372 1454 τόπῳ
1385 1418 1504 1455 Ἰσραὴλ,
1516 1419 1564 1445 κα)⁵
1578 1419 1607 1445 tv
1619 1420 1676 1450 τοῖς
1697 1418 1799 1451 ἔθνεσι,
1812 1419 1861 1445 Σω-

1074 1465 1136 1501 τήρ.
1151 1464 1337 1500 Διατηρήσατε
1350 1462 1396 1491 οὖν
1410 1464 1532 1496 ἑαυτοὺς,
1549 1465 1633 1491 τέκνα
1646 1473 1708 1499 μου,
1722 1464 1778 1491 ἀπὸ
1796 1472 1861 1490 παν-

1073 1510 1120 1543 τὸς
1142 1510 1222 1547 ἔργον
1245 1510 1374 1547 πονηροῦ,
1389 1511 1437 1537 καὶ
1457 1511 1626 1547 ἀπορρίψατε
1647 1510 1692 1538 τὸν
1715 1511 1801 1547 θυμὸν
1819 1512 1864 1539 καὶ

1075 1558 1130 1585 πᾶν
1141 1557 1249 1593 ψεῦδος,
1272 1557 1319 1584 καὶ
1340 1558 1500 1594 ἀγαπήσατε
1523 1557 1573 1593 τήν
1595 1557 1725 1593 ἀλήθειαν
1746 1558 1796 1585 καὶ
1817 1559 1864 1593 τὴν

1077 1603 1277 1640 μακροθυμίαν,
1288 1603 1360 1630 καὶᾶ
1370 1603 1505 1639 ἠκούσατε
1518 1603 1592 1639 παρὰ
1603 1603 1650 1630 τοῦ
1664 1603 1769 1639 πατρὸς
1779 1604 1863 1639 ὑμῶν.

1077 1648 1207 1684 μετάδοτε
1229 1648 1277 1675 καὶ
1300 1648 1380 1683 ὑμεῖς
1401 1649 1458 1680 τοῖς
1474 1648 1580 1680 τέκνοις
1593 1648 1682 1684 ὑμῶν,
1695 1649 1739 1675 ἵνα
1758 1649 1865 1684 δέξηται

1075 1696 1148 1731 ὑμᾶς
1158 1696 1173 1721 ὁ
1184 1694 1278 1730 Πατὴρ
1288 1694 1342 1721 τῶν
1361 1694 1454 1722 ἐθνῶν·
1473 1694 1548 1721 ἔσται
1568 1694 1622 1730 γὰρ
1635 1695 1740 1731 ἀληθὴς
1753 1696 1801 1722 καὶ
1815 1703 1864 1730 μα-

1075 1741 1222 1778 κρόθυμος,
1243 1741 1329 1776 πρᾶος
1351 1741 1398 1767 καὶ
1415 1740 1550 1772 ταπεινὸς,
1570 1741 1618 1767 καὶ⁷
1639 1741 1807 1768 ἐκδιδάσκων
1825 1741 1866 1767 διὰ

238 1791 293 1818 τῶν
314 1791 402 1826 ἔργων
422 1791 503 1826 νόμον
523 1789 601 1816 Θεοῦ.
631 1788 779 1824 Ἀπόστητε
801 1786 848 1815 οὖν
869 1788 924 1816 ἀπὸ
948 1788 1038 1823 πάσης
1067 1787 1194 1819 ἀδικίας,
1218 1786 1265 1812 καὶ
1296 1785 1442 1821 κολλήθητε
1464 1786 1497 1820 τῇ
1527 1785 1684 1823 δικαιοσύνῃ
1708 1786 1758 1812 τοῦ
1785 1786 1866 1822 νόμου

238 1839 286 1866 τοῦ
298 1838 411 1874 Κυρίου.
424 1838 480 1864 Kal
496 1836 599 1872 θάψατὲ
619 1845 652 1872 με
666 1835 721 1872 (89)
735 1836 816 1871 ἐγγὺς
836 1835 890 1862 τῶν
905 1835 1030 1870 πατέρων
1051 1843 1111 1870 μου.
1130 1843 1139 1859 ι

274 1893 331 1922 VII.
346 1894 378 1921 Et
393 1901 457 1922 cum
479 1894 537 1922 hzec
558 1893 683 1926 dixisset,
704 1893 845 1920 osculatus
867 1897 909 1920 est
922 1899 984 1924 eos,
998 1896 1026 1919 et

240 1941 370 1969 dormivit
384 1948 511 1969 somnum
538 1946 710 1977 perpetuum.
728 1940 761 1967 Et
778 1939 941 1975 sepelierunt
962 1946 1024 1966 eum

241 1988 288 2015 lilii
302 1988 379 2023 ejus;
395 1991 422 2015 et
442 1992 503 2023 post
517 1988 575 2016 haec
593 1988 762 2016 reduxerunt
775 1993 837 2014 ossa
858 1985 917 2021 ejus
942 1992 1026 2020 prope

240 2034 389 2066 Abraham,
401 2033 476 2061 Isaac
486 2038 513 2062 et
527 2033 621 2061 Jacob.
632 2032 868 2067 Quemadmodum
883 2039 948 2059 vero
961 2039 1025 2067 pro-

241 2079 360 2114 phetavit
375 2079 415 2107 eis
427 2079 494 2114 Dan,
509 2080 582 2115 quod
596 2080 682 2115 legem
702 2078 748 2106 Dei
762 2078 803 2106 sui
817 2078 965 2114 neglecturi
977 2085 1023 2105 es-

241 2131 312 2159 sent,
325 2130 353 2153 et
373 2126 518 2154 abalienati
535 2125 625 2154 forent
643 2133 659 2153 a
675 2130 747 2153 terra
768 2125 934 2152 haereditatis
950 2125 1023 2159 ipso-

1112 1892 1149 1918 Z’.
1162 1890 1217 1918 Kal
1238 1890 1326 1917 ταῦτα
1348 1889 1451 1921 εἰπὼν,
1475 1889 1655 1925 κατεφίλησεν
1675 1889 1798 1922 αὐτοὺς,
1823 1891 1865 1916 καὶ

1076 1934 1199 1962 ὕπνωσεν
1211 1935 1293 1962 ὕπνον
1307 1935 1422 1961 αἰώνιον.
1438 1934 1492 1960 Καὶ
1511 1933 1612 1969 ἔθαψαν
1624 1934 1707 1961 αὑτὸν
1720 1936 1745 1961 οἱ
1759 1935 1813 1962 υἱοὶ
1824 1935 1865 1961 αὺ-

1075 1982 1132 2008 τοῦ·
1146 1982 1193 2008 καὶ
1207 1980 1275 2016 μετὰ
1288 1980 1373 2007 ταῦτα
1387 1980 1538 2015 ἀνήνεγκαν
1557 1979 1591 2006 τὰ
1610 1979 1678 2006 ὀστᾶ
1697 1980 1786 2007 αὑτοῦ
1808 1980 1864 2007 adv-

1075 2035 1158 2062 εγγυς
1185 2026 1326 2063 Ἀϐραὰμ,
1343 2027 1392 2053 καὶ
1410 2026 1518 2058 Ἰσαὰκ,
1539 2026 1585 2052 καὶ
1603 2025 1712 2052 Ἰακώϐ.
1732 2026 1811 2062 Πλὴν
1833 2027 1865 2056 ὡς

1076 2074 1279 2109 ἐπροφήτευσεν
1291 2073 1382 2105 αὐτοῖς
1395 2072 1458 2104 Δὰν,
1471 2072 1512 2099 ὅτι
1523 2072 1706 2099 ἐπιλάθωνται
1718 2073 1804 2108 νόμον
1817 2074 1864 2108 (90)

1077 2118 1143 2145 Θεοῦ
1157 2118 1257 2151 αὐτῶν,
1277 2119 1324 2146 καὶ
1345 2118 1603 2154 ἀλλοτριωθήσονται
1621 2117 1674 2153 γῆς
1694 2118 1802 2154 κλήρου
1821 2120 1863 2145 az)-

242 2179 314 2205 rum,
330 2177 357 2199 et
371 2180 386 2199 a
399 2179 498 2208 genere
520 2172 622 2207 Israel,
640 2177 669 2201 et
695 2173 781 2208 patria
795 2172 932 2207 ipsorum;
947 2171 983 2198 ita
998 2175 1023 2198 et

1077 2165 1140 2198 τῶν,
1154 2166 1201 2192 καὶ
1211 2166 1305 2200 γένους
1324 2165 1442 2201 Ἰσραὴλ,
1455 2165 1503 2192 καὶ
1525 2165 1643 2201 πατριᾶς
1664 2164 1771 2198 αὐτῶν,
1785 2165 1864 2196 οὕτως

242 2216 342 2245 factum
357 2222 408 2246 est.

535 2263 650 2292 CAPUT
670 2263 738 2292 VIII.

279 2309 476 2344 Testamentum
491 2309 672 2346 Nephthnlim,
684 2311 717 2338 de
730 2310 848 2339 naturali
863 2310 989 2337 bonitate.

278 2354 300 2384 I.
314 2355 520 2391 Transcriptum
546 2357 700 2385 testamenti
723 2355 897 2392 Nephthalim
919 2355 954 2383 de
969 2355 1024 2387 his,

241 2410 303 2438 quae
317 2403 452 2438 disposuit
464 2403 492 2431 in
508 2408 628 2439 tempore
648 2404 711 2431 linis
731 2404 785 2436 sui,
805 2403 833 2430 in
846 2410 918 2430 anno
931 2406 1024 2429 cente-

241 2449 312 2476 simo
327 2449 465 2477 tricesimo
483 2450 544 2477 vitae
563 2457 629 2477 suze.
644 2449 875 2478 Convenientibus
888 2448 952 2476 liliis
966 2447 1025 2476 suis

241 2494 269 2522 in
285 2494 401 2529 septimo
425 2502 528 2529 mense,
549 2500 646 2531 quarta
670 2496 714 2524 die
737 2495 850 2529 mensis,
875 2495 934 2530 ipso
956 2501 1024 2521 sano

241 2541 398 2571 exsistente.
412 2540 476 2568 fecit
487 2548 592 2569 comam
605 2542 671 2576 ipsis
683 2546 710 2569 et
732 2545 823 2576 potum
838 2539 1023 2576 magnificum.

277 2606 335 2643 (87)
353 2607 416 2640 Τοῖς
439 2608 602 2642 ἀνθρώποις
627 2609 956 2642 συναναστρεφόμενος.
977 2606 1023 2634 Sic

241 2641 363 2678 Baruch,
380 2651 421 2678 III,
433 2643 477 2670 38.
493 2641 571 2670 Μετὰ
589 2643 668 2670 τοῦτο
688 2644 734 2670 ἐπὶ
757 2641 808 2678 γῆς
820 2641 917 2678 ίῶῲθη,
932 2643 978 2668 καὶ
994 2643 1022 2678 tv

241 2677 468 2714 tokavliptb’mtg
490 2679 693 2714 συνανεστράφη
712 2687 718 2704 :
737 2677 815 2713 Vulg.
840 2677 905 2704 Post
926 2677 980 2704 hwc
996 2677 1023 2702 in

243 2713 320 2738 terris
342 2713 411 2739 visus
434 2718 491 2745 est,
506 2718 531 2740 et
554 2721 612 2740 cum
623 2713 774 2740 hominibus
793 2718 959 2740 conversatus
973 2717 1021 2738 est.

242 2745 302 2778 Quo
317 2755 383 2774 sane
401 2748 498 2774 horqu
523 2747 748 2775 Testamenlorum
769 2752 908 2776 auctorem
930 2754 1022 2782 respe-

244 2782 316 2809 xisse
330 2782 396 2808 nihil
409 2782 513 2810 dubito.

279 2815 335 2850 (88)
359 2817 410 2843 Ἐν
424 2817 527 2851 ἡμέρᾳ.
541 2817 615 2845 Adde
629 2815 656 2852 ᾗ.
671 2817 759 2853 Galus.

1076 2212 1122 2238 καὶ
1133 2211 1243 2246 γέγονεν
1255 2211 1318 2247 (91).

1337 2267 1533 2294 ΚΕΦΑΛΑΙΟΝ
1553 2268 1594 2294 Η¹.

1092 2311 1220 2346 Διαθήκη
1236 2311 1414 2346 Νεφθαλείμ,
1429 2311 1496 2346 περὶ
1507 2311 1642 2346 φυσικῆς
1652 2312 1848 2347 ἀγαθότητος.

1109 2357 1148 2383 A’.
1158 2356 1334 2392 Ἀντίγραφον
1345 2355 1478 2392 διαθήκης
1489 2356 1658 2391 Νεφθαλεὶμ,
1672 2353 1712 2383 ὧν
1726 2357 1830 2384 διέθετο
1838 2357 1864 2382 ἐν

1075 2401 1162 2437 καιρῷ
1183 2401 1275 2434 τέλους
1293 2401 1393 2434 αὑτοῦ,
1416 2403 1446 2429 ἐν
1471 2401 1525 2428 ἔτει
1544 2402 1580 2437 ρλ¹
1602 2401 1676 2437 ζωῆς
1698 2402 1785 2429 αὐτοῦ

1074 2447 1256 2474 Συνελθόντων
1273 2447 1327 2474 τῶν
1351 2447 1416 2475 υἱῶν
1437 2447 1520 2474 αὑτοῦ
1541 2448 1569 2474 ὲν
1590 2447 1699 2482 ἑϐδόμῳ
1724 2448 1803 2483 μηνὶ,
1824 2455 1863 2472 τε-

1073 2495 1160 2531 τάρτῃ
1173 2493 1288 2530 (95)τοῦ
1312 2493 1412 2530 μηνὸς.
1433 2494 1600 2528 ὑγιαίνοντος
1623 2494 1728 2526 αὐτοῦ,
1755 2494 1862 2529 ἐποίησε

1073 2539 1180 2566 δεῖπνον
1192 2539 1284 2571 αὐτοῖς
1307 2538 1354 2565 καὶ
1376 2538 1500 2567 κώθωνα.
1523 2538 1579 2565 Kal
1593 2538 1662 2574 μετὰ
1684 2538 1734 2565 τοῦ
1756 2539 1861 2572 ἐξυπνι-

1108 2607 1163 2642 (89)
1171 2642 1176 2649 .
1184 2606 1240 2649 Kal
1254 2606 1429 2649 odd-atégs.
1445 2607 1506 2649 Kal._
1517 2607 1593 2649 ἐσται
1604 2607 1814 2649 _1:on7évo¢-poo
1825 2607 1862 2638 εις

1075 2642 1210 2704 σωτγὸρίαν
1226 2641 1279 2674 ἓως
1291 2641 1339 2668 τοῦ
1354 2642 1462 2674 αἰῶνος,
1474 2643 1548 2670 addit
1561 2642 1623 2670 cod.
1637 2642 1732 2670 Oxon.
1747 2641 1786 2669 ns.

1109 2678 1135 2704 (9
1157 2679 1163 2704 i
1180 2678 1279 2704 Νόιιον
1295 2677 1380 2704 deest.
1395 2677 1434 2704 Io.

1119 2678 1153 2704 90
1180 2678 1279 2711 Νόμον
1295 2678 1380 2704 deest.
1395 2678 1434 2704 Io.

1109 2678 1164 2748 Et”;
1181 2712 1277 2745 Οὕτως
1289 2712 1339 2738 καὶ
1351 2711 1482 2746 γέγονεν.
1498 2712 1553 2739 Kal.
1573 2712 1620 2739 τοῦ
1641 2713 1800 2748 σπέρματος
1816 2712 1860 2738 αὑ-

1072 2747 1137 2774 τῶν.
1153 2747 1263 2774 omissis
1274 2747 1359 2774 οὕτως
1374 2747 1420 2773 καὶ
1433 2747 1552 2774 γέγονεν.
1569 2747 1609 2774 In.

1078 2755 1137 2779 των,
1153 2754 1263 2786 omisst
1274 2755 1365 2790 ουτως
1374 2754 1420 2773 και
1433 2754 1552 2808 γεέονεν.
1569 2754 1625 2787 ιο..
1772 2783 1778 2788 ⁸

1109 2781 1164 2851 ἕως
1179 2783 1262 2824 Ζωηις
1273 2790 1377 2809 αυτου.
1399 2783 1465 2808 Δευτ
1482 2791 1522 2818 ρῳ
1538 2782 1603 2811 add.
1619 2791 1647 2810 In
1662 2791 1716 2810 ms.
1732 2782 1809 2810 Trin.
1820 2781 1855 2809 Ι».

1119 2817 1154 2844 95
1180 2818 1314 2852 Τεταρτῃ.
1330 2818 1396 2852 Μιᾷ.
1413 2817 1450 2844 In.

1198 2825 1314 2852 εταρτῃ.
1330 2825 1396 2852 Mra.
1413 2825 1450 2844 ID.
