1913 3102
68 179 133 214 4105

71 238 152 273 σθῆναι
164 234 243 263 αὐτὸν
257 235 287 262 τδ
300 233 381 271 πρωῒ,
395 231 470 261 εἴπεν
489 233 589 266 αὐτοῖς,
602 234 642 261 ὅτι
652 243 658 249 ·
675 244 684 260 ι
711 233 841 270 Ἀποθνή-
855 237 878 266 Α

71 291 126 309 σκω·
142 291 150 307 ι
164 281 210 308 καὶ
219 281 270 308 οὐκ
281 281 420 307 ἐπίστευον
433 279 515 314 αὐτῷ.
530 280 585 306 Kal
596 279 714 314 εὐλογῶν
727 278 838 315 Κύριον,

70 327 249 364 ἐκραταίωσεν,
263 327 303 353 ὅτι
325 325 394 361 μετὰ
412 325 443 352 τὸ
459 325 565 352 δεῖπνον
577 325 608 351 τὺ
622 325 684 361 χθὲς
697 325 840 352 ἀποθανεῖ-

69 384 115 401 ται.
128 373 245 409 Ἤρξατο
257 370 302 399 οὖν
315 372 404 406 λέγειν
416 373 474 403 τοῖς
486 372 553 403 υἱοῖς
565 371 659 398 αὐτοῦ·
677 380 686 396 ‹
709 370 839 398 Ἀκούσα-

69 428 102 450 τε,
113 419 190 444 τέκνα
203 426 265 453 μου,
277 417 330 444 ulol
342 416 501 451 Νεφθαλείμ
511 435 518 447 ,
531 415 664 442 ἀκούσατε
678 415 774 450 λόγους
786 423 839 441 πα-

69 463 122 499 τρὸς
133 462 215 498 ὑμῶν.
235 462 306 496 Ἐγὼ
318 462 466 497 ἐγεννήθην
479 461 533 488 ἀπὸ
545 460 649 493 Βάλλας
658 469 665 476 ·
693 461 738 487 καὶ
753 460 793 487 ὅτι
812 459 841 486 ὲν

69 507 206 543 πανουργίᾳ
218 507 374 542 ἐποίησενή
392 506 503 542 Ῥαχὴλ,
523 506 570 533 καὶ
588 505 688 532 ἔδωκεν
707 505 766 532 ἀνθ’
779 505 842 532 ἑαυ-

68 553 110 587 τῆς
120 552 166 588 τὴν
178 552 281 579 Βάλλαν
291 551 330 587 τῷ
338 551 444 584 Ἰακὼϐ,
457 552 504 578 καὶ
516 550 627 577 ἐπὶτῶν
641 550 735 586 μηρῶν
743 548 842 585 Ῥαχὴλ

69 598 135 624 ἔτεκέ
156 607 198 633 με·
219 598 264 625 διὰ
283 597 363 624 τοῦτο
382 597 498 633 ἐκλήθην
521 596 681 632 Νεφθαλείμ
702 596 766 633 (94).
787 597 842 623 Kal

69 644 182 680 ἠγάπησε
199 653 232 680 με
251 644 361 679 Ῥαχὴλ,
373 644 414 670 ὅτι
428 644 473 670 ἐπὶ
486 642 540 669 τῶν
561 642 655 678 μηρῶν
666 641 750 677 αὐτῆς
768 643 842 676 ἐγεν-

70 690 152 725 νήθην·
165 690 211 716 καὶ
223 689 288 716 εἴδει
300 689 402 715 άπαλδν
414 688 478 715 ὄντα
498 687 636 722 κατεφίλει
651 696 684 724 με
697 707 704 720 ,
715 687 839 723 λέγουσα·

71 744 80 760 ε
96 734 186 770 Ἰδοιμι
203 734 316 769 ἀδελφόν
335 743 381 761 σου
399 735 430 761 ἐκ
447 734 498 769 τῆς
510 734 613 765 κοιλίας
626 742 675 769 μου
689 734 759 761 κατὰ
773 735 812 761 σέ,
831 744 839 760 ι

72 780 142 807 Ὅθεν
154 781 200 808 καὶ
210 781 301 816 ὅμοιός
323 789 366 816 μοι
383 778 418 816 ἦν
439 781 468 806 ὲν
490 780 571 806 πᾶσιν
590 779 697 816 Ἰωσὴφ,
711 779 780 806 κατὰ
794 780 842 811 τὰς

68 827 141 862 εὐχὰς
154 828 206 863 (95)
225 827 334 862 Ῥαχήλ.
354 827 385 854 Ἦ
398 827 426 853 δὲ
441 827 533 863 μήτηρ
546 826 595 862 μού
614 828 671 853 ἐστι
682 826 781 858 Βάλλα,
795 826 841 853 θυ-

68 872 146 908 γάτηρ
169 872 294 899 Ῥουθέου
317 871 387 907 (96),
408 871 525 906 ἀδελφοῦ
543 871 678 907 Δεὸόρρας
700 871 772 906 (97),
793 871 842 906 τῆς

66 918 155 954 τροφοῦ
173 918 331 949 Ῥεϐέκκας·
344 917 405 953 ἥτις
428 918 457 944 ἐν
480 918 529 953 μιᾷ
549 917 641 953 ἡμέρα
661 916 767 953 ἐτέχθη,
781 917 809 943 ὲν
860 912 880 938 Β

67 964 108 989 καὶ
134 963 244 999 Ῥαχὴλ.
275 964 303 990 '0
330 963 357 990 δὲ
388 962 509 994 Ῥουθέος
533 962 587 998 (98)
612 963 644 989 ἐκ
672 962 719 989 τοῦ
750 962 843 997 γένους

72 1008 196 1044 Ἀϐραὰμ,
207 1008 349 1041 Χαλδαῖος,
361 1008 498 1044 θεοσεὸὴς,
507 1009 648 1044 ἐλεύθερος
661 1009 707 1035 καὶ
717 1007 842 1043 εὐγενής.

66 1055 114 1081 Καὶ
123 1055 347 1090 αἰχμαλωτισθεὶς
359 1054 498 1090 ἠγοράσθη
509 1054 562 1081 ὑπὸ
571 1054 671 1081 Λάϐαν·
685 1054 731 1080 καὶ
745 1053 844 1081 ἔδωκεν

66 1099 132 1134 αὺτῷ
143 1100 224 1126 Δίνᾶν
237 1099 287 1134 τὴν
311 1099 456 1134 παιδίσκην
474 1098 557 1125 αὑτοῦ
579 1099 619 1130 εἰς
637 1099 762 1133 γυναῖκα¹
782 1099 843 1134 ἥτις

65 1145 133 1171 ἔτεκε
154 1144 303 1180 θυγατέρα,
326 1145 373 1171 καὶ
397 1144 526 1172 ἐκάλεσεν
547 1145 631 1180 αὐτὴν
654 1144 775 1180 Ζελφὰν,
798 1146 840 1172 ἐπ’

65 1191 167 1226 ὀνόματι
190 1191 242 1226 τῆς
263 1190 370 1227 κώμης,
392 1191 422 1217 ὲν
484 1191 681 1227 ῂχμαλωτεύθη
701 1191 767 1227 (99).
789 1192 843 1218 Καὶ

66 1236 121 1272 ἑξῆς
139 1237 215 1263 ἔτεκε
241 1237 292 1272 τὴν
313 1237 434 1269 Βάλλαν,
448 1237 545 1271 λέγων·
570 1237 770 1269 Καινόσπουδός
792 1246 841 1273 μου

65 1283 80 1317 ἡ
110 1283 240 1318 Θυγάτηρ.
273 1283 361 1315 Εὐθὺς
379 1283 433 1319 γὰρ
463 1283 590 1319 τεχθεῖσα
618 1283 730 1310 ἔσπευδε
761 1283 842 1321 θηλά-

66 1329 116 1359 ζειν
128 1328 210 1364 (100).
864 1334 867 1335 ⁷

100 1395 136 1423 B’.
152 1405 160 1422 ι
177 1396 234 1424 Kal
247 1396 340 1432 ἐπειδὴ
360 1396 460 1431 κοῦφος
474 1397 547 1433 ήμην
566 1398 621 1429 τοῖς
635 1398 724 1430 ποσὶν,
736 1397 774 1429 ὡς
786 1397 846 1424 ἐλα-
860 1383 880 1411 c

66 1450 119 1475 φος,
133 1442 209 1475 ἕταξὲ
229 1451 261 1478 με
274 1443 288 1469 ὁ
303 1444 394 1479 πατήρ
408 1442 563 1478 μουΊακὼὸ
575 1444 615 1475 είς
629 1444 718 1470 πᾶσαν
729 1444 845 1470 ἀποστο-

66 1487 109 1523 λὴν
121 1489 166 1516 καὶ
178 1489 217 1524 (1)
229 1489 367 1523 ἀγγελίαν·
382 1489 429 1516 καί
443 1497 486 1523 γε,
497 1489 535 1521 ὡς
547 1489 644 1523 ἐλαφόν
658 1498 691 1524 με
704 1489 844 1525 εὐλόγησε.

66 1532 156 1566 Καθὼς
167 1534 224 1570 γὰρ
233 1535 248 1561 ό
259 1535 397 1571 κεραμεὺς
413 1533 467 1562 οἵδε
479 1535 510 1562 τὺ
527 1534 632 1567 σκεῦος,
653 1535 733 1561 πόσον
752 1535 845 1571 χωρεῖ,

68 1580 186 1616 καὶπρὸς
204 1581 286 1608 αὐτὸν
306 1581 382 1617 φέρει
395 1581 441 1608 τὸν
453 1581 547 1616 πηλόνο
559 1581 645 1612 οὕτως
656 1581 704 1608 καὶ
719 1582 734 1608 ό
745 1581 846 1617 Κύριος

67 1625 128 1660 πρὸς
150 1626 282 1661 ὁμοίωσιν
304 1626 351 1652 τοῦ
375 1625 530 1661 τωεύματος
553 1627 624 1652 ποιεῖ
643 1625 673 1653 τὸ
693 1625 782 1661 σῶμα,
800 1625 847 1652 καὶ

68 1670 129 1704 πρὸς
140 1671 190 1706 τὴν
198 1670 313 1707 δύναμιν
321 1671 367 1698 τοῦ
378 1671 501 1707 σώματος
508 1671 538 1698 τὸ
548 1671 655 1706 πνεῦμα
662 1670 792 1706 ἐντίθησι,
799 1670 847 1697 καὶ

66 1715 110 1741 οὐκ
130 1716 187 1742 ἐστι
208 1716 300 1743 λοιπὸν
319 1716 355 1752 (2)
369 1716 398 1743 ἓν
417 1717 450 1742 ὲκ
462 1716 507 1743 τοῦ
520 1716 577 1748 ἑνὸς
590 1716 682 1751 τρίτον
692 1715 784 1751 τριχός
797 1713 846 1750 (5)·

69 1761 173 1796 σταθμῷ
185 1761 242 1798 γὰρ
253 1762 299 1788 καὶ
311 1762 402 1797 μέτρῳ
415 1762 461 1789 καὶ
475 1761 566 1788 κανόνι
577 1762 652 1788 πᾶσα
663 1760 752 1792 κτίσις
771 1760 848 1796 Ὑψί-

68 1814 135 1832 στου.
159 1807 216 1834 Καὶ
238 1807 362 1843 καθάπερ
381 1807 451 1834 οἶδεν
468 1808 482 1834 ό
502 1808 639 1842 κεραμεὺς
658 1806 717 1839 eve;
734 1806 847 1833 ἑκάστου

66 1851 112 1886 τὴν
128 1852 236 1887 χρῆσιν,
256 1852 293 1884 ὡς
315 1853 410 1880 ἱκανοῖ-
432 1852 518 1884 οὕτως
539 1853 585 1879 καὶ
601 1852 615 1879 ὁ
634 1851 735 1888 Κύριος
747 1848 800 1878 οἵδε
818 1850 849 1877 τὸ

69 1897 158 1934 σῶμα,
173 1899 228 1930 ἕως
239 1899 310 1931 τίνος
322 1899 458 1934 διαρκέσει
470 1900 499 1926 ἐν
513 1897 615 1934 ἀγαθῷ,
627 1898 673 1925 καὶ
686 1897 751 1924 πότε
765 1897 849 1933 ἄρχε-

67 1952 107 1971 ται
118 1946 147 1972 ὲν
160 1945 248 1980 κακῷ.
262 1945 320 1972 Ὅτι
341 1945 390 1971 οὐκ
407 1945 464 1971 ἐστι
486 1945 540 1972 πᾶν
561 1944 689 1979 πλάσμα,
710 1943 758 1971 καὶ
775 1943 850 1970 πᾶσα

67 1989 168 2024 ἔννοια,
189 1991 222 2026 ἢν
243 1991 292 2017 οὐκ
314 1991 384 2025 ἔγνω
404 1989 522 2024 Κύριος·
534 1990 622 2017 πάντα
637 1989 692 2025 γὰρ
709 1988 849 2024 ἄνθρωπον

68 2035 153 2064 ἔκτισε
173 2037 236 2064 κατ’
254 2036 344 2063 εἰκόνα
367 2037 473 2064 ἑαυτοῦ.
492 2037 535 2068 Ὠς
551 2036 568 2071 ἡ
589 2036 665 2071 ἰσχὺς
676 2034 768 2066 αὐτοῦ,
779 2034 849 2061 οὕτω

67 2082 112 2108 καὶ
127 2082 157 2109 τδ
168 2082 251 2119 ἔργον
262 2083 356 2110 αὑτοῦ·
377 2083 423 2110 καὶ
445 2083 482 2114 ὡς
500 2083 515 2109 ό
532 2082 594 2114 νοῦς
611 2082 709 2113 αὐτοῦ,
721 2081 793 2108 οὕτω
803 2081 850 2107 καὶ

68 2128 96 2154 τὸ
106 2127 187 2164 ἔργον
199 2129 291 2155 αὐτοῦ’
306 2129 352 2156 καὶ
362 2129 400 2160 ὡς
411 2130 428 2164 ὴ
442 2129 600 2164 προαίρεσις
611 2127 704 2160 αὐτοῦ,
723 2127 794 2154 οὓτω
805 2127 851 2153 καὶ

68 2173 84 2208 ἡ
104 2174 206 2210 πρᾶξις
227 2174 320 2202 αὐτοῦ·
342 2174 380 2207 ὡς
399 2175 415 2210 ἠ
439 2175 535 2210 καρδία
554 2174 648 2207 αὑτοῦ,
668 2174 739 2200 οὕτω
755 2173 801 2200 καὶ
820 2173 850 2199 τὸ

69 2220 154 2255 στόμα
165 2220 259 2247 αὑτοῦ·
272 2221 331 2253 ὠςὸ
342 2221 478 2256 ὀφθαλμὸς
490 2220 583 2253 αὑτοῦ,
596 2220 666 2247 οὕτω
679 2220 725 2247 καὶ
742 2221 755 2247 ό
769 2219 850 2250 ὕπνος

69 2253 159 2291 αὑτοῦ·
172 2265 211 2297 ὼς
226 2267 243 2301 ἡ
253 2265 325 2301 ψυχὴ
346 2253 438 2297 αὺτοῦ,
451 2264 521 2292 οὕτω
541 2266 589 2291 καὶ
608 2266 622 2291 ὁ
634 2265 711 2300 λόγος
728 2263 820 2295 αὐτοῦ,
834 2263 850 2298 ἢ
867 2253 889 2281 ῃ

69 2311 97 2337 ὲν
106 2311 183 2347 νόμῳ
194 2312 306 2347 Κυρίου,
320 2311 336 2347 ἢ
349 2312 378 2338 ἐν
389 2312 462 2348 νόμῳ
480 2311 588 2348 Βελιάρ.
608 2311 664 2338 Kal
683 2311 721 2343 ὡς
738 2309 852 2346 κεχώρι-

69 2364 129 2382 σται
142 2357 279 2392 ἀνάμεσον
287 2357 374 2391 φωτὸς
384 2357 431 2384 καὶ
444 2357 564 2389 σκότους,
572 2357 693 2393 ὁράσεως
700 2356 747 2382 καὶ
757 2356 850 2391 ἀκοῆς*

68 2399 139 2427 οὓτω
159 2400 323 2437 κεχώρισται
343 2402 479 2438 ἀνάμεσον
496 2402 591 2438 ἀνδρὸς
611 2402 658 2428 καὶ
676 2402 786 2438 ἀνδρὸς,
806 2401 853 2427 καὶ

69 2446 205 2482 ἁνάμεσον
217 2448 343 2481 γυναικὸς
351 2449 397 2475 καὶ
403 2448 539 2483 γυναικός·
551 2448 597 2474 καὶ
609 2447 659 2474 οὐκ
672 2447 745 2475 ἐστιν
755 2449 850 2479 εἰπεῖν,

96 2527 120 2542 ¹⁸
136 2526 202 2562 Sap.
221 2534 259 2560 xl,
278 2526 323 2554 2i.
361 2527 382 2543 ’λ’
397 2527 461 2562 Sap.
474 2534 517 2559 xv,
532 2527 557 2554 Ἰ.
596 2528 617 2543 ’⁸
631 2526 712 2555 Hebr.
734 2535 770 2559 iv,
785 2527 829 2554 15.

105 2605 163 2640 (94)
185 2605 334 2641 Ἐκλήθην
346 2607 527 2641 Νεφθαλείμ.
538 2605 704 2633 Peculiarem
721 2610 853 2632 rationem

71 2640 194 2668 nominis
212 2640 383 2675 Nephthalim
408 2641 529 2675 assignat
542 2646 637 2668 auctor
652 2645 754 2673 noster,
766 2641 854 2667 diver-

71 2683 131 2712 sam
145 2675 182 2712 ab
197 2683 228 2712 ea
240 2683 300 2712 qua
310 2684 325 2702 a
337 2676 441 2712 Moyse,
450 2676 547 2712 Gencs.
563 2683 628 2712 xxix,
643 2675 670 2708 8,
684 2675 855 2708 traditur,-ac

72 2710 187 2743 proinde
201 2711 273 2738 haud
285 2710 499 2745 approbandam.
516 2710 671 2738 Genuinum
684 2715 774 2737 autem
791 2718 854 2738 scn-

72 2752 135 2780 sum
162 2745 244 2780 hujus
267 2746 396 2779 nominis,
417 2751 444 2773 ct
465 2746 610 2773 verborum
632 2745 734 2780 Moysis
756 2745 790 2772 de
812 2754 854 2778 eo,

73 2779 185 2842 gabuné
201 2779 436 2809 commentatores
460 2780 488 2808 in
517 2781 629 2809 citatum
651 2779 855 2815 locumcom-

88 2822 149 2842 eos.
189 2823 248 2842 ΚΑΒ.

88 2822 149 2842 EOS.
165 2822 248 2842 bllAB.

183 2850 291 2885 Εὺχάς.
307 2851 447 2885 Εὐλογίας.
463 2851 500 2878 ln.

121 2884 157 2913 96
185 2885 332 2913 Ῥυυθέου.
356 2885 500 2914 Ῥουθαίου.

121 2884 168 2915 96)
185 2885 332 2913 Ῥυυθέου.
356 2884 502 2914 Ῥουθαίου.
515 2886 542 2915 In

602 175 862 205 TES’I‘AMENTUM
881 174 1112 203 NEPHTHALIM.

882 2912 883 2916 η
908 2885 1024 2920 ὁμοίων.

1602 174 1670 204 1106

894 233 928 260 Et
941 238 1086 269 postquam
1099 232 1231 260 excitatus
1247 237 1289 260 est
1308 240 1323 259 a
1338 241 1434 260 somno
1450 241 1539 264 mane.
1554 234 1623 262 dixit
1638 235 1672 261 il-

891 279 926 307 lis
942 288 948 306 :
967 289 976 305 (
993 278 1094 306 Morior
1107 287 1114 304 :
1129 288 1138 305 ι
1156 282 1183 306 et
1201 285 1256 305 non
1274 278 1447 306 crediderunt
1465 279 1499 307 ei.
1513 278 1546 307 Et
1561 280 1671 307 benedi—

893 333 958 353 cens
973 324 1102 358 Domino,
1127 324 1309 358 conﬁrmavit,
1332 325 1405 360 quod
1430 330 1492 360 post
1515 326 1670 354 hesternam

892 379 998 399 coenam
1012 374 1176 398 moreretur.
1189 369 1302 405 lnccepit
1317 370 1397 405 igitur
1408 370 1497 399 dicere
1512 371 1573 400 liliis
1590 372 1648 400 suis
1661 379 1672 400 :

895 416 1018 447 «Audite,
1034 416 1081 443 lilii
1093 415 1158 449 mei,
1170 415 1217 443 ﬁlii
1233 414 1416 450 Neplithalim.
1431 416 1522 444 audite
1532 425 1670 444 sermones

891 462 977 497 patris
993 463 1086 490 vestri.
1102 471 1111 488 ι
1127 461 1182 497 Ego
1195 466 1277 489 natus
1288 469 1348 490 sum
1363 470 1378 489 a
1394 461 1488 490 Balla:
1503 467 1530 490 et
1543 463 1672 498 quoniam

892 511 981 535 astute
996 506 1059 534 fecit
1078 506 1190 539 Rachel,
1205 512 1235 534 et-
1246 507 1320 534 dedit
1337 515 1385 542 pro
1405 507 1493 542 seipsa
1510 508 1613 536 Ballam
1628 508 1674 537 Ja-

893 555 953 588 eob,
971 558 998 582 et
1013 562 1095 589 super
1119 553 1223 580 femora
1239 553 1340 581 Rachel
1361 551 1465 589 peperit
1488 562 1548 588 me;
1564 560 1673 590 propter

892 601 945 628 hoc
955 605 1069 627 vocatus
1080 607 1141 627 sum
1154 598 1337 634 Nephthaliin.
1353 599 1386 627 Et
1397 600 1490 627 dilexit
1504 608 1547 628 me
1561 599 1671 633 Rachel,

891 647 1022 682 quoniam
1047 653 1130 681 super
1156 644 1260 673 femora
1284 653 1332 673 sua
1351 650 1431 674 natus
1453 650 1570 680 sum;et
1585 647 1674 682 specie

893 698 1015 719 tenerum
1037 691 1211 719 exsistentem
1239 691 1361 718 osculata
1389 697 1431 719 est
1456 700 1518 725 me,
1545 692 1639 720 dicens
1665 702 1672 720 :

895 748 905 764 ι
923 738 1034 766 Videam
1050 737 1161 765 fratrem
1185 742 1260 765 tuum
1277 746 1310 765 ex
1329 742 1423 765 ventre
1444 745 1505 765 meo
1523 739 1672 766 secundum

893 789 929 813 te.
942 787 956 811 ἱ
973 784 1048 812 Unde
1063 790 1089 813 ct
1107 784 1204 812 similis
1219 785 1271 812 mei
1287 789 1345 812 erat
1368 785 1395 812 in
1420 785 1547 812 omnibus
1560 783 1672 818 Ioseph.

893 824 1043 859 secundum
1057 831 1200 866 petitiones
1215 830 1325 858 Rachel.
1346 830 1430 857 Mater
1448 836 1537 858 autem
1558 838 1616 858 mea
1633 835 1675 858 est

893 878 978 912 Balla,
994 878 1049 905 ﬁlia
1065 877 1180 911 Ruthati,
1193 877 1286 905 fratris
1302 876 1423 910 Deborm,
1442 876 1556 904 nutricis
1571 876 1677 905 Rebec-

896 933 951 958 cae;
969 932 1029 959 quae
1044 923 1118 951 Balla
1139 924 1166 951 in
1184 931 1237 950 una
1252 923 1295 951 die
1317 927 1379 950 nata
1396 927 1448 956 est,
1464 923 1491 950 in
1507 930 1560 958 qua
1577 927 1603 951 et
1618 922 1675 950 Ra-

895 971 964 998 chel.
979 970 1108 998 Ruthaeus
1121 977 1184 998 vero
1198 977 1231 998 ex
1243 977 1340 1005 genere
1359 969 1497 997 Abraham
1514 974 1582 1002 erat,
1593 968 1675 1000 Chal-

894 1015 979 1049 decus,
991 1016 1075 1043 Deum
1087 1023 1232 1048 venerans,
1247 1015 1314 1043 liber
1325 1019 1352 1042 et
1362 1015 1471 1042 nobilis.
1486 1014 1590 1042 Etcum
1602 1019 1676 1042 esset

894 1061 1027 1096 captivus,
1040 1064 1146 1095 emptus
1162 1064 1202 1088 est
1215 1068 1230 1087 a
1241 1060 1347 1093 Laban;
1364 1064 1388 1088 et
1401 1060 1475 1087 dedit
1489 1060 1514 1087 ei
1527 1059 1614 1087 Enam
1624 1068 1675 1088 an-

895 1107 984 1135 cillam
1000 1114 1077 1134 suam
1091 1106 1118 1133 in
1137 1114 1266 1139 uxinrem;
1281 1114 1341 1140 qua:
1360 1105 1464 1141 peperit
1478 1105 1576 1137 ﬁliam.
1587 1110 1615 1133 et
1627 1114 1676 1134 voc

894 1153 965 1179 cavit
978 1159 1037 1178 eam
1053 1150 1193 1186 Zelpham,
1208 1151 1368 1186 cognomine
1381 1150 1484 1178 castelli
1505 1151 1531 1178 in
1554 1158 1610 1185 quo
1630 1158 1676 1178 ca-

895 1197 985 1232 ptivus
997 1201 1065 1224 erat.
1081 1196 1181 1224 Deinde
1195 1196 1299 1231 peperit
1312 1195 1425 1228 Ballam,
1441 1195 1534 1223 dicens
1547 1204 1553 1221 :
1565 1194 1676 1223 Noviter

896 1241 1027 1269 festinans
1043 1241 1098 1270 ﬁlia
1113 1250 1182 1269 mea.
1197 1240 1348 1269 Confestim
1367 1241 1439 1268 enim
1461 1246 1522 1268 nata
1539 1240 1676 1268 festinavit

896 1286 937 1314 lac
952 1294 1058 1322 sugere.

933 1399 965 1427 ll.
982 1409 992 1425 ε
1011 1399 1044 1426 Ει
1057 1399 1120 1434 quia
1138 1398 1251 1433 pedibus
1267 1397 1334 1424 levis
1344 1404 1430 1428 eram,
1441 1401 1472 1424 ut
1482 1403 1589 1429 cervus,
1604 1395 1678 1423 ordi-

897 1445 971 1472 navit
983 1452 1027 1472 me
1037 1449 1114 1479 pater
1129 1451 1207 1471 meus
1218 1442 1302 1470 Jacob
1317 1443 1344 1469 in
1358 1450 1466 1470 omnem
1479 1442 1638 1469 missionem
1650 1445 1678 1468 et

896 1490 1130 1518 annuntiationem
1142 1498 1149 1522 ;
1165 1493 1192 1516 et
1206 1493 1235 1516 ut
1248 1496 1329 1516 cervo
1339 1487 1405 1514 mihi
1417 1487 1563 1515 benedixit.
1578 1486 1678 1520 Quem-

896 1536 1040 1564 admodum
1053 1536 1125 1563 enim
1137 1535 1236 1569 ﬁgulus
1247 1535 1322 1562 novit
1333 1542 1392 1568 vas,
1409 1538 1540 1569 quantum
1556 1533 1638 1568 capit,
1651 1537 1678 1561 et

897 1582 930 1608 ad
944 1581 1032 1616 ipsum
1048 1580 1100 1608 fert
1120 1580 1224 1613 lutum;
1246 1579 1283 1606 ita
1301 1583 1329 1607 et
1345 1578 1478 1606 Dominus
1499 1578 1533 1606 ad
1550 1577 1678 1606 similitu-

896 1628 986 1655 dinem
999 1627 1111 1661 spiritus
1122 1626 1188 1654 facit
1198 1633 1310 1660 corpus,
1323 1628 1350 1653 et
1367 1625 1401 1652 ad
1416 1625 1563 1660 potentiam
1581 1631 1680 1658 corpo-

898 1675 935 1703 ris
949 1674 1075 1710 spiritum
1092 1673 1217 1709 imponit,
1229 1677 1256 1700 et
1271 1680 1325 1700 non
1341 1677 1384 1699 est
1398 1672 1455 1707 jam
1471 1679 1524 1698 una
1545 1671 1624 1699 tertia
1645 1678 1678 1698 ex

898 1728 952 1748 uno
964 1720 1078 1755 capillo;
1096 1718 1216 1754 pondere
1235 1718 1307 1745 enim
1320 1721 1346 1745 et
1359 1725 1487 1745 mensura
1498 1721 1525 1745 et
1539 1717 1632 1752 regula
1645 1716 1679 1750 “,

898 1765 988 1792 omnis
1005 1769 1130 1792 creatura
1144 1763 1278 1791 Altissimi
1295 1763 1454 1798 (consistit).
1473 1762 1507 1790 Et
1520 1762 1592 1791 sicut
1605 1761 1681 1790 novit

899 1811 996 1846 ﬁgulus
1014 1809 1230 1845 uniuscujusque
1245 1817 1336 1843 usnm,
1347 1809 1448 1845 quibus
1462 1809 1544 1836 rebus
1559 1807 1681 1836 sufﬁcere

899 1861 980 1892 queat
996 1856 1034 1890 “‘;
1052 1855 1089 1883 ita
1104 1860 1133 1884 et
1151 1855 1284 1883 Dominus
1307 1855 1383 1883 novit
1406 1862 1522 1890 corpus,
1539 1860 1681 1889 usquequo

899 1902 1014 1930 suﬂiciat
1024 1901 1052 1928 in
1068 1901 1155 1934 bono,
1172 1905 1198 1928 et
1215 1900 1325 1935 quando
1345 1900 1439 1935 incipit
1458 1900 1486 1927 in
1507 1900 1590 1928 malo.
1605 1898 1682 1932 Quo-

899 1950 972 1976 niam
987 1956 1041 1975 non
1055 1952 1096 1975 est
1109 1947 1163 1974 ulla
1177 1951 1374 1980 creatura,.nee
1384 1946 1438 1974 ulla
1449 1945 1588 1981 cogitatio,
1599 1951 1681 1979 quam

901 2003 954 2022 non
970 1994 1095 2030 cognovit
1118 1992 1251 2020 Dominus
1268 1992 1305 2025 ¹⁶;
1318 1999 1426 2019 omnem
1450 1991 1523 2018 enim
1543 1990 1682 2017 hominem

901 2040 1002 2068 ereavit
1023 2039 1056 2067 ad
1078 2039 1223 2074 imaginem
1246 2045 1335 2065 suam.
1358 2037 1434 2064 Sicut
1457 2035 1590 2063 fortitudo
1611 2034 1682 2070 ejus,

902 2086 939 2113 ita
961 2089 988 2112 et
1004 2093 1074 2120 opus
1096 2085 1170 2118 ejus;
1192 2089 1219 2111 et
1238 2084 1309 2112 sicut
1329 2091 1407 2110 mens
1421 2082 1492 2117 ejus,
1513 2081 1549 2109 ita
1573 2085 1601 2109 et
1615 2088 1684 2116 opus

903 2131 977 2167 ejus;
1003 2136 1029 2159 et
1051 2131 1122 2158 sicut
1142 2130 1295 2165 praelectio
1315 2130 1390 2165 ejus,
1405 2129 1442 2156 ita
1463 2133 1490 2155 et
1511 2133 1588 2155 actus
1608 2127 1682 2162 ejus;

904 2178 976 2205 sicut
986 2184 1034 2205 cor
1049 2177 1118 2211 ejus,
1131 2177 1168 2203 ita
1183 2180 1211 2203 et
1228 2184 1259 2203 os
1270 2175 1348 2210 ejus;
1368 2174 1439 2202 sicut
1453 2173 1549 2201 oculus
1565 2173 1635 2208 ejus,
1648 2172 1684 2199 ita

902 2227 928 2250 et
944 2231 1057 2251 somnus
1071 2223 1145 2257 ejus;
1159 2223 1229 2250 sicut
1243 2222 1334 2249 anima
1345 2221 1414 2256 ejus,
1428 2220 1464 2247 ita
1474 2223 1501 2247 et
1513 2226 1603 2246 sermo
1614 2218 1684 2253 ejus,

906 2269 947 2296 vel
962 2269 990 2296 in
1004 2268 1063 2304 lege
1077 2267 1195 2301 Domini,
1211 2267 1254 2294 vel
1269 2267 1297 2294 in
1316 2267 1374 2302 lege
1389 2265 1486 2292 Beliar.
1507 2263 1540 2290 Et
1558 2263 1629 2290 sicut
1645 2261 1686 2289 di-

906 2316 995 2343 visum
1009 2319 1051 2343 est
1066 2314 1256 2342 intermedium
1274 2311 1342 2341 lucis
1364 2317 1391 2339 et
1407 2310 1579 2339 tenebrarum
1589 2329 1597 2341 ,
1609 2307 1686 2335 visus

906 2365 932 2388 et
946 2361 1055 2389 auditus
1075 2370 1080 2388 :
1097 2361 1134 2388 ita
1157 2360 1275 2388 divisum
1304 2363 1346 2386 est
1374 2355 1566 2385 intermedium
1588 2354 1641 2380 viri
1660 2357 1686 2380 et

907 2408 969 2438 viri.
988 2413 1015 2435 et
1037 2407 1228 2434 intermedium
1246 2404 1367 2433 mulieris
1385 2409 1412 2431 et
1432 2401 1569 2433 mulieris;
1585 2404 1613 2427 et
1631 2406 1685 2426 non

907 2458 948 2480 est
966 2453 1124 2484 dicendum,
1136 2451 1209 2487 quod
1232 2450 1285 2478 ulla
1302 2450 1329 2477 in
1353 2457 1383 2476 re
1397 2447 1475 2475 faciei
1493 2446 1535 2474 vel
1554 2445 1686 2474 similium

940 2604 995 2639 (97)
1010 2604 1161 2637 Δεϐιξρῤας.
1175 2601 1319 2639 ᾼεόὄόρας.
1333 2600 1372 2639 1p.

950 2636 995 2671 98)
1015 2636 1159 2671 Ῥούθέος.
1183 2636 1328 2668 Ῥουθαῐος,
1343 2636 1378 2663 lo.

950 2640 984 2666 98
1015 2640 1159 2671 Ῥουθέος.
1183 2640 1328 2668 Ῥουυαῖος,
1343 2640 1378 2663 In.

940 2640 996 2708 (99)
1016 2673 1252 2734 ’ῌᾳὲιιαλιρτεύθῃ
1276 2670 1492 2714 ᾙχμαλυηίσθη.
1509 2669 1547 2696 lu.

942 2709 1013 2734 (100)
1033 2711 1055 2734 Λ
1075 2717 1134 2734 rw
1169 2706 1397 2734 Καινόσπουδοο
1418 2714 1476 2734 μου
1505 2706 1524 2734 ’ἡ

1169 2701 1397 2745 βαιῇόσὲεὸἱίδός
1416 2701 1481 2745 μηρί’
1505 2701 1686 2745 ἠ-θυτᾴτῃρ.

906 2736 1069 2778 Ε-ὗθὺξγὰρ
1077 2736 1219 2778 τεχθεῗσα
1233 2741 1362 2778 ἔσπευδε
1380 2736 1633 2778 ρηζιάζειτίιιεειιιιι.
1650 2736 1687 2764 In.

955 2780 979 2811 1)
993 2776 1246 2811 ⁷’Ᾱποστολὴνκαί
1262 2777 1374 2804 omissa.
1389 2776 1426 2804 ιι).

952 2811 979 2848 ‘2)
992 2814 1113 2842 Λοιπόν.
1136 2812 1280 2848 Ἑλλείπον.
1294 2811 1333 2838 ID.
1386 2847 1390 2848 ν
1578 2843 1584 2848 _
1599 2842 1610 2848 _
1653 2842 1667 2848 _

953 2842 980 2910 ἢ)
997 2850 1097 2910 Τρίῖον
1112 2848 1220 2883 τριχός.
1231 2846 1328 2875 Omnia
1337 2847 1439 2874 omissa
1454 2852 1539 2880 usque
1553 2843 1586 2872 ad
1596 2842 1614 2877 ἢ
1632 2842 1689 2870 τῶν

953 2894 961 2910 Ἰ
974 2893 1024 2910 ων.
1056 2892 1080 2910 D.

1056 2892 1080 2911 D.

970 2780 980 2883 ξ
