1913 3102
67 184 129 214 1109

612 187 868 218 TESTAME‘NTUM
880 189 1109 220 NEPHTHALIM.

1599 198 1667 227 1110

96 243 129 269 Δ¹.
149 252 158 268 ι
168 242 263 270 ταῦτα
273 243 353 278 λέγω,
364 244 444 271 τέκνα
457 252 518 279 μου,
531 244 570 271 ὅτι
582 245 700 280 ἀνέγνων
707 247 736 273 ὲν
747 247 837 283 Γραφῇ

928 247 974 275 ιν.
995 258 1004 274 ι
1017 248 1080 276 Hac
1090 249 1161 283 dico,
1174 249 1220 277 ﬁlii
1234 251 1302 284 mei,
1319 253 1449 287 quoniam
1469 253 1520 289 legi
1543 255 1570 282 in
1593 255 1667 284 Scri-

65 289 123 324 ἁγίᾳ
133 288 187 324 (19)
212 289 308 325 Ἑνὼχ,
326 290 367 316 ὄτι
383 289 468 324 καίγε
486 290 564 325 ὑμεῖς
580 290 766 326 ἁποστήσεσθε
784 292 839 318 ἀπὺ

65 333 169 369 Κυρίου,
177 335 355 370 πορευόμενοι
367 335 437 361 κατὰ
446 335 535 361 πᾶσαν
545 335 675 371 πονηρίαν
688 335 783 369 ἐθνῶν,
792 337 839 363 καὶ

65 380 181 415 ποιήσετε
198 379 272 407 κατὰ
282 381 371 407 πᾶσαν
382 380 497 416 ἀνομίαν
509 380 643 416 Σοδόμων.
668 381 723 407 Καὶ
743 381 838 414 ἐπάξει

64 426 122 460 ὑμῖν
139 425 242 461 Κύριος
260 426 456 462 αἰχμαλωσίαν,
477 427 523 453 καὶ
543 426 698 454 δουλεύσετε
711 427 769 453 ἐκεῖ
783 427 838 458 τοῖς

63 471 160 506 ἐχθροῖς
176 470 266 506 ὑμῶν,
280 472 327 498 καὶ
333 472 406 509 πάσῃ
418 472 535 499 κακώσει
547 473 593 499 καὶ
604 472 690 507 θλίψει
704 473 838 507 συγκαλυ-

64 517 190 552 φθήσεσθε
208 517 276 553 (20),
290 518 340 550 ἕως
353 519 386 545 ἂν
393 518 519 555 ἀναλώσῃ
530 518 630 555 Κύριος
641 519 742 551 πάντας
755 520 836 554 ὑμᾶς.

64 565 112 590 Kal
138 563 208 599 μετὰ
228 565 261 590 τὸ
287 564 448 600 ὀλιγωθῆναι
466 565 538 600 ὑμᾶς
555 565 602 591 καὶ
628 565 836 601 σμικρυνθῆναι,

63 610 238 645 ἐπιστρέφετε
249 610 296 636 καὶ
309 609 492 644 ἐπιγνώσεσθε
503 609 605 646 Κύριον
617 611 662 637 τὸν
671 610 740 637 Θεὸν
751 610 835 646 ὑμῶν·

63 655 105 681 καὶ
119 655 279 690 ἐπιστρέψει
293 656 364 690 ὑμᾶς
373 656 413 687 είς
428 655 478 691 τὴν
488 655 540 690 γῆν
552 655 639 690 ὑμῶν,
652 655 721 682 κατὰ
731 655 761 682 τὸ
771 656 837 682 πολὺ

63 700 136 727 αὺτοῦ
148 700 233 733 ἕλεος.
247 701 302 727 Καὶ
317 701 402 734 ἔσται,
416 701 454 728 ὅτ’
471 701 504 728 ἂν
514 700 624 737 ἥξουσιν
635 702 663 728 ὲν
674 703 709 738 τῇ
723 702 838 738 πατρῲῃ

63 746 152 779 αὐτῶν,
167 747 251 774 πάλιν
268 746 446 774 ἐπιλάθωνται
460 746 574 782 Κυρίου,
598 747 646 773 καὶ
663 747 836 783 ἁσεῦήσουσι,

63 792 103 819 καὶ
112 792 254 828 διασπερεῖ
274 792 372 824 αὐτοὺς
392 791 494 827 Κύριος
516 792 562 819 ἐπὶ
580 791 724 827 προσώπου
748 792 838 827 πάσης

62 838 106 872 τῆς
117 838 177 873 γῆς,
191 838 257 873 ἄχρι
268 838 314 864 τοῦ
331 837 416 864 ἐλθεῖν
428 837 458 864 τὺ
470 837 621 872 σπλάγχνον
645 836 746 872 Κυρίου
755 857 763 869 ,
790 837 837 864 ἄν·

63 884 162 918 θρωπος
173 884 260 910 ποιῶν
269 884 451 919 δικαιοσύνην,
469 884 515 910 καὶ
527 883 611 910 ποιῶν
630 882 704 915 ἔλεος
716 883 755 914 εἰς
772 883 838 909 πάν-

62 940 105 964 τας
115 932 176 963 τοὺς
189 931 308 968 μακρὰν,
321 932 368 958 καὶ
380 932 443 963 τοὺς
459 931 542 965 ὲγγὺς
554 930 620 967 (21).
853 923 875 950 Β

93 1023 128 1049 E'.
150 1032 159 1049 ι
180 1023 226 1050 Ἐν
237 1023 291 1059 γὰρ
302 1023 357 1049 ἔτει
370 1023 579 1058 τεσσαρακοστῷ
602 1023 674 1058 ζωῆς
692 1031 757 1058 μου,
771 1020 839 1049 εῐδον

62 1070 87 1095 ἐν
96 1069 184 1104 ὖρεσιν
196 1069 253 1105 (22)
265 1069 353 1096 ἐλαίου
362 1069 418 1105 (25)
427 1070 497 1096 κατὰ
505 1069 635 1100 ἀνατολὰς
653 1068 837 1104 Ἰερουσαλὴμ,

62 1114 98 1140 ὃτι
112 1114 126 1140 6
136 1113 212 1148 ¹ἣλιος
229 1114 302 1149 κα,ὶή
319 1114 416 1150 σελήνη
427 1114 491 1150 ἔστη
497 1123 556 1141 καν.
570 1114 626 1152 Kal
643 1114 697 1140 ίδοὺ
717 1112 810 1140 Ἰσαὰκ
825 1113 839 1139 6

63 1159 145 1195 πατὴρ
160 1159 208 1186 τοῦ
226 1160 328 1196 πατρός
347 1169 396 1195 μου
407 1160 479 1194 λέγει
497 1161 562 1196 ἡμῖν
572 1168 579 1175 '
595 1169 605 1185 ι
617 1158 839 1195 Προσδραμόντες

63 1202 208 1237 κρατήσατε
218 1202 333 1235 ἕκαστος
345 1203 416 1230 κατὰ
425 1203 538 1238 δύναμιν
549 1211 555 1218 ·
571 1203 617 1230 καὶ
633 1202 680 1229 τοῦ
692 1201 839 1232 πιάσαντος

62 1248 129 1275 ἔσται
145 1250 160 1275 6
170 1249 246 1284 ἥλιος
257 1250 304 1276 καὶ
319 1251 335 1285 ἡ
352 1249 461 1286 σελήνη.
476 1259 484 1275 ι
499 1250 554 1276 Καὶ
573 1248 673 1280 πάντες
690 1247 757 1283 ὁμοῦ
777 1247 840 1272 ἐπε-

61 1293 192 1330 ὖράμομεν
201 1303 207 1310 ·
228 1295 275 1322 καὶ
285 1296 300 1321 6
311 1295 375 1321 Λευῒ
387 1296 521 1333 ἐκράτησε
530 1294 575 1321 τὸν
586 1294 671 1330 ἥλιον,
685 1294 732 1320 καὶ
743 1293 756 1319 6
775 1291 840 1319 Ἰού-

61 1338 103 1371 δας
116 1339 221 1374 φθάσας
233 1341 330 1367 ὲπίασε
341 1340 391 1375 τὴν
404 1339 516 1376 σελήνην
526 1348 532 1354 ·
551 1339 598 1366 καὶ
618 1337 763 1374 ὑψώθησαν
787 1337 840 1373 ἀμ-

62 1383 160 1420 φότεροι
173 1385 224 1412 σὺν
231 1385 332 1417 αὐτοῖς.
345 1385 399 1411 Kal
410 1385 484 1416 ὖντος
495 1383 543 1410 τοῦ
551 1383 615 1410 Λευτ
627 1383 664 1415 ὡς
680 1382 766 1418 ήλίου,
778 1389 840 1407 νεα-

63 1431 114 1463 νίας
125 1440 166 1463 τις
182 1431 334 1459 ἐπιδίδωσιν
346 1430 419 1466 αὐτῷ
435 1430 497 1466 βάῖα
507 1429 633 1465 φοινίκων
648 1428 680 1455 ιϐ’
689 1449 696 1460 ,
710 1428 756 1454 xal
775 1427 840 1454 Ἰού-

62 1476 104 1508 δας
113 1474 145 1511 ἦν
154 1476 292 1512 λαμπρὸς,
303 1477 341 1508 ὡς
357 1478 373 1512 ἡ
401 1476 509 1512 σελήνη,
535 1477 582 1503 καὶ
598 1477 651 1503 ὑπὸ
671 1477 734 1508 τοὺς
756 1477 840 1508 πόδας

62 1523 137 1550 αὐτοῦ
147 1521 218 1559 ἦσαν
230 1523 262 1555 ιϐ’
280 1524 398 1554 ἀκτῖνες.
409 1522 464 1548 Καὶ
477 1522 697 1559 προσδραμόντες
717 1522 839 1558 ἀλλήλοις

62 1570 75 1595 6
86 1569 146 1596 Λευῗ
157 1570 204 1596 καὶ
224 1571 238 1596 6
253 1569 363 1601 Ἰούδας,
380 1569 533 1605 ἐκράτησαν
559 1567 680 1600 ἑαυτούς.
703 1568 759 1595 Kal
783 1567 837 1595 ἰδοὺ

63 1614 152 1650 ταῦρος
169 1616 216 1642 ὲπὶ
226 1615 275 1651 τῆς
287 1597 429 1650 γῆςξεχων
447 1597 494 1641 δύιο
518 1613 622 1648 κέρατα
645 1597 748 1649 μεγάλα
759 1633 767 1646 ,
790 1613 837 1640 καὶ
852 1597 873 1627 c

63 1660 192 1696 πτέρυγας
206 1660 285 1688 ἀετοῦ
300 1661 345 1687 ἐπὶ
357 1660 403 1687 τοῦ
425 1659 509 1687 νώτου
529 1659 627 1686 αὐτοῦ·
648 1659 695 1686 καὶ
716 1659 837 1692 θέλοντες

63 1708 136 1734 αὑτὸν
148 1709 263 1740 πιάσαι,
284 1709 334 1735 οὐκ
349 1707 530 1744 ἠδυνήθημεν.
557 1706 664 1738 Φθάσας
687 1706 715 1733 δὲ
741 1706 837 1742 Ἰωσὴφ

63 1753 149 1782 ἔλαῦεν
161 1755 253 1787 αὑτὸν,
266 1755 312 1782 καὶ
325 1753 453 1789 συνῆλθεν
464 1753 537 1788 αὐτῷ
550 1753 590 1785 είς
603 1752 679 1788 ὕψος.
696 1753 752 1779 Καὶ
770 1750 838 1779 εἶδον

64 1798 114 1834 (ὅτι
130 1801 204 1837 ἢμην
229 1800 322 1836 παρὼν
341 1800 415 1835 ἐκεῖ)
433 1799 480 1826 καὶ
502 1799 555 1826 ίδοὺ
567 1799 662 1835 Γραφὴ
682 1798 748 1832 ἁγία
761 1797 837 1833 ὤφθη

63 1845 131 1880 ἡμῖν,
143 1846 273 1880 λέγουσα-
286 1856 296 1872 ι
314 1845 467 1880 Ἀσσύριοι,
486 1844 573 1879 Μῆδοι
583 1864 590 1877 ,
612 1844 714 1879 Πέρσαι
727 1864 734 1877 ,
765 1843 839 1869 Ἐλυ-

65 1892 131 1924 μαίοι
148 1892 216 1928 (24),
233 1892 374 1928 Γελαχαῖοι
391 1891 457 1927 (25),
471 1890 608 1923 Χαλδαῖοι,
621 1890 718 1926 Σύροι,
739 1889 838 1925 κληρο-

65 1938 220 1973 νομήσουσιν
231 1937 401 1973 αἰχμαλωσίᾳ
412 1937 446 1964 τὰ
458 1936 489 1963 ιϐ’
501 1936 625 1972 σκῆπτρα
636 1935 682 1962 τοῦ
701 1935 818 1971 Ἰσραήλ.
826 1945 836 1961 ι

96 1996 139 2029 ς’.
156 2005 165 2021 ι
178 1995 234 2022 Καὶ
246 1994 326 2022 πάλιν
340 1993 409 2030 μετὰ
421 1993 508 2029 μῆνας
521 1992 590 2019 ἑπτὰ
600 1990 669 2019 εἶδον
679 1992 724 2019 τὸν
734 1992 839 2028 πατέρα

65 2041 135 2076 ἡμῶν
151 2040 248 2068 Ἰαχὼῦ
259 2061 266 2073 ,
285 2040 417 2076 ἑστηκότα
436 2040 465 2066 ὲν
481 2040 514 2074 τῇ
527 2039 648 2075 θαλάσσῃ
666 2039 755 2073 Ἰαμνέ
771 2038 836 2074 (26)·

65 2086 106 2112 καὶ
116 2086 195 2121 ἡμεῖς
206 2087 230 2112 οἱ
242 2085 294 2111 ulol
308 2083 388 2111 αὐτοῦ
402 2084 450 2110 σὺν
461 2083 544 2119 αὐτῷ.
557 2084 612 2110 Kal
624 2083 677 2110 ἰδοὺ
690 2083 779 2110 πλοῖον
791 2084 840 2120 ’ήρ-

64 2139 119 2165 χετο
130 2130 276 2167 ἀρμενίζον
287 2150 294 2162 ,
314 2130 411 2166 μεστὸν
427 2129 556 2165 ταρίχων,
573 2128 651 2160 ἐκτὸς
667 2128 771 2156 ναυτῶν
794 2130 840 2156 καὶ

65 2177 231 2212 κυϐερνήτου·
243 2175 430 2211 ἐπεγέγραπτο
441 2174 479 2207 δὲ,
492 2173 525 2200 τὸ
542 2172 649 2201 πλοῖον
669 2174 776 2201 Ἰακώϐ.
785 2175 840 2202 Kal

63 2221 128 2256 λέγει
145 2223 210 2258 ἡμῖν
222 2222 235 2248 ὁ
248 2221 337 2256 πατὴρ
348 2220 426 2256 ἡμῶν
436 2228 442 2235 ·
458 2229 467 2245 ι
485 2219 628 2254 Ἐμδῶμεν
641 2220 680 2251 είς
698 2219 728 2245 τὸ
749 2219 839 2246 πλοῖον

888 298 966 328 ptura
980 299 1074 322 sancta
1091 294 1194 328 Enocb,
1209 296 1282 331 quod
1300 302 1327 324 et
1344 305 1393 325 vos
1418 299 1550 328 recedetis
1572 308 1587 328 a
1603 300 1659 329 Do—

888 340 974 373 mino,
986 341 1156 369 ambulantes
1170 342 1319 370 secundum
1333 350 1441 371 omnem
1455 342 1588 374 malitiam
1601 355 1666 382 gen-

889 385 966 417 tium,
981 389 1009 412 et
1024 385 1130 413 facietis
1144 386 1294 414 secundum
1310 396 1417 416 omnem
1432 389 1603 425 iniquitatem
1616 391 1667 419 So-

888 430 1043 458 domorum.
1059 431 1091 458 Et
1103 431 1213 460 inducet
1227 433 1302 461 vobis
1321 433 1453 462 Dominus
1471 437 1666 471 captivitatem,

887 481 915 504 et
928 478 1052 505 servietis
1063 478 1118 506 illic
1129 478 1248 507 inimicis
1262 481 1370 514 vestris,
1390 485 1416 509 et
1441 483 1516 510 omni
1538 491 1618 518 poena
1640 488 1668 511 et

889 521 1063 550 tribulatione
1077 524 1354 558 comprehendemini,
1370 533 1512 561 usquequo
1523 531 1668 555 consumat

888 567 1021 596 Dominus
1038 576 1132 597 omnes
1161 578 1220 598 vos.
1245 569 1280 598 Et
1308 575 1452 606 postquam
1473 572 1552 607 pauci
1578 573 1667 601 effecti

887 613 994 642 fueritis
1007 619 1034 642 et
1044 616 1181 649 minorati,
1197 618 1371 645 revertemini
1385 622 1412 644 et
1430 619 1601 653 cognoscetis
1611 618 1666 646 Do-

887 660 992 687 minum
1005 660 1090 688 Deum
1106 666 1242 696 vestrum;
1260 667 1287 690 et
1298 668 1438 691 convertet
1452 671 1500 691 vos
1524 663 1550 691 in
1567 669 1666 692 terram

888 711 1018 740 vestram,
1038 708 1188 735 secundum
1203 708 1315 736 multam
1331 709 1548 737 misericordiam
1576 717 1665 738 suam.

888 752 921 780 Et
941 753 1003 786 erit,
1028 760 1091 781 cum
1112 753 1235 781 venerint
1255 754 1284 781 in
1294 759 1396 782 terram
1411 759 1520 790 patrum
1540 763 1666 789 suorum,

887 807 984 827 rursus
996 799 1191 827 obliviscentur
1203 800 1321 834 Domini,
1337 805 1364 828 et
1378 801 1460 836 impie
1471 807 1570 837 agent,
1585 807 1612 830 et
1626 802 1668 830 di-

888 850 995 882 sperget
1005 853 1053 874 eos
1067 846 1199 874 Dominus
1211 854 1294 882 super
1307 848 1403 875 faciem
1420 848 1555 876 universa:
1577 853 1666 881 terrae,

888 900 1030 928 usquequo
1040 892 1143 920 venerit
1154 893 1338 921 misericordia
1346 893 1463 927 Domini,
1470 893 1552 922 homo
1566 893 1668 922 iaciens

887 938 1020 973 justitiam
1032 941 1059 965 et
1071 937 1175 965 faciens
1189 938 1405 966 misericordiam
1425 938 1454 966 in
1482 947 1577 967 omnes
1588 960 1596 973 ,
1620 939 1667 975 qui

888 985 966 1020 longe
981 989 1054 1018 sunt,
1070 990 1098 1011 et
1109 984 1156 1019 qui
1170 992 1253 1020 prope
1277 989 1341 1012 sunt
1356 985 1389 1012 ".

924 1029 957 1057 V.
980 1039 989 1056 ι
1001 1030 1032 1056 Ιιι
1047 1037 1119 1057 anno
1131 1030 1204 1057 enim
1217 1030 1428 1066 quadragesimo
1439 1031 1502 1059 vita:
1516 1038 1594 1065 meae,
1613 1031 1668 1059 vidi

888 1078 916 1105 in
928 1077 1068 1105 montibus
1082 1077 1135 1105 olei
1146 1085 1243 1105 versus
1254 1077 1386 1105 orientem
1407 1076 1570 1111 Jerusalem,
1592 1078 1668 1113 quod

889 1124 930 1151 sol
940 1127 967 1151 et
979 1123 1044 1151 luna
1060 1127 1196 1151 steterunt
1212 1124 1245 1151 ³⁸.
1260 1124 1293 1151 Et
1307 1132 1370 1153 ecce
1393 1125 1470 1153 Isaac
1491 1130 1568 1160 pater
1582 1125 1669 1161 patris

889 1169 942 1196 mei
956 1168 1021 1196 dicit
1033 1168 1128 1196 nobis:
1151 1178 1161 1194 ι
1173 1169 1354 1197 Accurrentes
1372 1173 1462 1197 tenete
1479 1170 1669 1205 unusquisque

889 1214 1038 1242 secundum
1049 1215 1177 1242 virtutem
1202 1223 1297 1249 suam;
1315 1219 1343 1242 et
1363 1215 1591 1250 apprehendentis
1616 1215 1670 1242 erit

889 1260 930 1286 sol
946 1264 972 1287 et
986 1260 1061 1288 luna.
1082 1270 1092 1286 ι
1110 1259 1144 1287 Ει
1167 1268 1262 1288 onmes
1289 1261 1371 1288 simul
1400 1261 1625 1294 accurrebamus;
1640 1265 1670 1289 et

889 1304 952 1332 Levi
970 1306 1057 1333 tenuit
1070 1305 1168 1340 solem,
1194 1311 1221 1334 et
1233 1306 1317 1334 Judas
1332 1307 1501 1341 praeveniens
1518 1307 1669 1342 apprehen-

889 1351 928 1378 dit
943 1352 1091 1384 lunam;et
1101 1352 1212 1379 exaltati
1225 1356 1290 1380 sunt
1300 1352 1381 1380 ambo
1401 1359 1463 1380 cum
1482 1352 1532 1380 eis.
1554 1351 1588 1379 Et
1606 1359 1669 1379 cum

889 1401 961 1425 esset
976 1397 1041 1425 Levi
1052 1398 1123 1426 sicut
1137 1398 1304 1433 sol,juvenis
1315 1398 1428 1433 quidam
1450 1398 1562 1425 tradidit
1576 1397 1601 1425 ei
1623 1405 1668 1425 ra-

889 1451 950 1471 mos
961 1443 1113 1478 palmarum
1129 1443 1290 1471 duodecim:
1309 1449 1335 1472 et
1347 1443 1432 1472 ludas
1448 1448 1505 1471 erat
1525 1443 1669 1478 splendens

889 1494 919 1518 ut
932 1490 1007 1523 luna,
1023 1495 1050 1518 et
1065 1490 1116 1518 sub
1129 1490 1243 1525 pedibus
1253 1491 1314 1525 ejus
1328 1494 1407 1518 erant
1419 1490 1454 1518 12
1474 1490 1553 1517 radii.
1573 1489 1607 1518 Et
1622 1497 1669 1518 ac-

889 1540 1030 1564 currentes
1044 1536 1077 1563 ad
1089 1543 1119 1564 se
1133 1536 1248 1563 invicem
1261 1535 1347 1564 Judas
1373 1539 1401 1564 et
1426 1535 1501 1569 Levi,
1526 1539 1670 1564 tenuerunt

890 1583 1004 1617 seips05.
1020 1581 1053 1609 Et
1071 1589 1134 1609 ecce
1156 1585 1252 1609 taurus
1278 1581 1304 1608 in
1317 1585 1401 1615 terra,
1418 1581 1522 1609 habens
1540 1581 1595 1609 duo
1608 1589 1671 1609 cor-

890 1637 945 1656 nua
960 1636 1070 1664 magna,
1087 1632 1114 1656 et
1122 1628 1180 1655 alas
1193 1628 1291 1663 aquilae
1306 1628 1333 1655 in
1348 1628 1432 1656 dorso
1441 1627 1520 1663 ejus;
1535 1632 1562 1656 et
1575 1628 1670 1655 volen-

890 1678 930 1702 tes
944 1672 1147 1708 apprchendere
1165 1680 1239 1705 eum,
1251 1680 1306 1699 non
1323 1672 1473 1707 potuimus.
1498 1672 1671 1701 Praeveniens

888 1724 979 1748 autem
993 1718 1092 1754 JOseph
1108 1719 1180 1753 cepit
1195 1726 1269 1752 eum,
1280 1723 1307 1746 et
1330 1719 1453 1746 ascendit
1473 1726 1536 1746 cum
1560 1719 1620 1754 ipso
1641 1719 1669 1746 in

889 1764 1038 1792 excelsum.
1050 1763 1084 1791 Et
1093 1762 1149 1790 vidi
1166 1762 1307 1798 (quoniam
1325 1763 1435 1790 aderam
1459 1763 1580 1797 illic),fet
1606 1771 1671 1792 ecce

891 1810 1030 1845 Scriptura
1042 1813 1135 1837 sancta
1152 1808 1277 1843 apparuit
1292 1808 1383 1841 nobis,
1409 1809 1516 1836 dicens:
1534 1809 1668 1844 «Assyrii,

890 1855 1071 1890 Medi,Persaa,
1081 1854 1202 1891 Elyrmei,
1212 1854 1493 1888 Gelachaeiﬁhaldaai,
1501 1854 1573 1891 Syri,
1581 1855 1668 1883 haere-

889 1903 999 1931 ditatem
1009 1901 1170 1929 obtinebunt
1187 1901 1214 1928 in
1225 1900 1380 1935 captivitate
1390 1900 1425 1928 l2
1435 1905 1540 1936 sceptra
1550 1901 1643 1929 Israel.
1655 1910 1666 1927 ι

932 1990 974 2018 VI.
990 1989 1039 2017 «Et
1052 1997 1149 2017 rursus
1171 1992 1234 2024 post
1248 1996 1356 2017 menses
1378 1994 1480 2024 septem
1496 1989 1550 2018 vidi
1563 1994 1668 2025 patrem

890 2042 1015 2065 nostrum
1032 2034 1126 2066 Jacob,
1143 2037 1258 2062 stantem
1270 2034 1297 2061 in
1312 2035 1381 2062 mari
1393 2033 1489 2062 Iamne
1501 2044 1509 2068 ;
1521 2040 1548 2062 et
1562 2036 1668 2064 nosﬁlii

890 2082 950 2116 ejus
963 2088 1025 2108 cum
1033 2087 1075 2107 eo.
1091 2078 1126 2106 Et
1142 2086 1205 2106 ecce
1223 2079 1301 2107 navis
1316 2080 1390 2108 venit
1407 2080 1564 2115 veliﬁcans,
1589 2081 1669 2116 plena

891 2126 972 2155 siccis
980 2125 1120 2157 carnibus,
1139 2124 1198 2151 sine
1208 2124 1300 2151 nautis
1311 2128 1337 2151 et
1351 2125 1549 2160 gubernatore:
1571 2126 1670 2154 inscri-

890 2173 1006 2201 bebatur
1017 2175 1118 2202 autem,
1138 2169 1222 2196 Navis
1245 2169 1341 2198 Jacab.
1358 2169 1391 2197 Et
1412 2170 1479 2198 dixit
1499 2171 1578 2199 nobis
1592 2176 1670 2207 pater

890 2222 999 2246 noster:
1018 2226 1027 2242 ι
1041 2215 1228 2244 Ascendamus
1240 2214 1269 2242 in
1283 2222 1378 2242 navem
1395 2220 1528 2243 nostram.
1541 2226 1551 2243 ι
1567 2216 1605 2244 Ut
1618 2225 1669 2244 au—

64 2268 142 2302 ἡμῶν.
158 2278 169 2294 ι
193 2268 236 2299 Ὠς
253 2267 281 2293 δὲ
294 2266 462 2301 εἰσήλθομεν,
475 2264 578 2300 γίνεται
590 2264 696 2300 χειμὼν
714 2264 837 2300 σφοδρὸς,

891 2270 944 2293 tem
959 2262 1131 2295 intravimus,
1143 2260 1215 2289 facta
1238 2265 1281 2288 est
1295 2266 1441 2296 tempestas
1457 2263 1605 2292 vehemens
1616 2284 1625 2296 ,
1644 2268 1671 2291 et

64 2313 106 2340 καὶ
117 2314 215 2349 λαῖλαψ
231 2314 330 2349 ἀνέμου
346 2311 462 2348 μεγάλου
474 2331 484 2344 ,
500 2311 548 2337 καὶ
573 2311 724 2345 ἐφεπτᾶται
747 2309 803 2346 (27)
824 2312 839 2338 6

94 2372 115 2388 ³⁸
126 2371 226 2408 Ephes.
248 2380 279 2404 ιι,
295 2372 338 2399 17.
388 2370 410 2386 ’⁸
422 2369 524 2397 Habac.
540 2377 583 2402 ιιι,
601 2369 645 2397 11.

96 2428 262 2465 (19)-Ὰγίᾳ.
279 2428 338 2457 Vox
351 2429 416 2465 ἁγίᾳ
434 2437 488 2456 non
513 2429 611 2463 legitur
635 2429 662 2456 in
687 2437 738 2457 ms.
765 2429 838 2457 Can-

66 2463 473 2532 mballfnziln‘xalvgcﬂrﬁaeoﬂs.
493 2499 756 2535 Ἀναστραφήσεσθε.
771 2500 812 2526 In.

97 2499 152 2567 (21)
172 2508 325 2560 Καῖἐσται
338 2553 344 2559 .
355 2554 362 2560 .
373 2553 380 2561 .
391 2554 397 2560 .
413 2535 460 2562 καὶ
472 2533 653 2567 τοὺςξέγτύς.
668 2534 775 2562 Omissa
783 2542 812 2562 on

84 2533 152 2572 ‘(2l_)
172 2533 227 2560 Καὶ
240 2533 325 2560 ἐσται
338 2553 344 2559 .
355 2554 362 2560 .
373 2553 397 2561 ..
413 2535 460 2562 καὶ
472 2533 775 2569 τοὺςξέγτύςζοιιιίεεε
783 2542 841 2562 om-

64 2568 226 2640 Μῗξέῗθᾘν
234 2603 429 2640 ὄρεσινηΑιίίΙ.
449 2605 477 2630 ὲν
490 2603 595 2640 ὀνείρῳ,
609 2604 659 2631 ὃτι.
679 2606 716 2631 in.

98 2638 152 2667 (23)
180 2638 306 2665 Ἐλαίου.
331 2639 505 2667 Ἑλαιῶν.ῐι).
547 2638 576 2640 ⁷7
647 2648 650 2650 ’

108 2674 153 2709 24)
180 2673 326 2707 Ἑλυμιιῖοι
347 2674 430 2702 deest.
445 2675 484 2701 In.

108 2709 152 2742 25)
173 2708 339 2742 Γελαχαῗοι.
355 2709 491 2737 Χελκαῖοι.
505 2710 543 2737 In.

99 2710 142 2742 (25
173 2710 339 2742 Γελαχαῖοι.
355 2710 491 2737 Χελκαῖοι.
505 2710 543 2737 In.

99 2710 152 2779 (26)
179 2743 280 2779 ‘Igjwé.
301 2744 428 2779 Ἰαμνίας.
441 2744 676 2772 In.——Richardus
691 2743 840 2776 Simonius,

68 2777 109 2808 qui
123 2779 180 2806 haec
197 2777 362 2806 Testamenta
374 2780 488 2807 contulit
502 2787 565 2807 cum
590 2787 641 2807 ms.
668 2779 842 2806 bibliotheca:

60 2811 159 2846 liegiaz,
177 2817 293 2841 testatur
307 2813 434 2842 Biblioth.
459 2815 519 2842 crit.
534 2819 600 2841 tum.
626 2814 650 2840 II
662 2834 669 2846 ,
687 2821 748 2848 pag.
776 2814 839 2848 2731,

69 2847 189 2885 codicem)
211 2848 339 2885 exhibere
360 2849 389 2875 ὲν
412 2851 444 2885 τῇ
468 2850 590 2885 θαλάσσῃ
612 2847 769 2885 Ἰαμνείαςη
788 2847 840 2885 _Sed

70 2883 282 2923 praestat,inqiiit,
291 2883 498 2923 l_egcre_‘ta;iuag
508 2895 515 2911 ;
526 2883 646 2923 sic_énim
656 2883 837 2923 proculdubio

71 2915 282 2953 lcgitepiscopus
295 2915 503 2953 Lincolniensis,
531 2919 611 2954 cujus
635 2915 724 2947 versio
751 2918 788 2946 ita
808 2925 837 2946 se

892 2310 972 2338 turbo
984 2308 1057 2336 venti
1071 2308 1162 2344 magni
1172 2316 1180 2341 ;
1192 2311 1220 2335 et
1234 2307 1324 2335 avolat
1338 2312 1414 2343 pater
1439 2314 1533 2337 noster
1545 2317 1562 2337 a
1579 2310 1670 2343 nobis,

889 2429 984 2457 habet:
1001 2426 1035 2454 In
1046 2425 1248 2462 mgrilammw.
1266 2425 1335 2454 Hinc
1349 2425 1459 2462 coniicit
1482 2427 1524 2454 vir
1543 2434 1663 2462 κριτικῷ

887 2472 977 2495 τατος,
994 2462 1053 2489 haec
1069 2461 1234 2488 Testamenta
1246 2462 1344 2496 scripta
1359 2461 1477 2496 primum
1491 2461 1578 2489 fuisse
1589 2461 1672 2488 Chal-

888 2499 979 2530 daice;
1003 2505 1056 2524 vox
1086 2496 1159 2523 enim
1176 2496 1283 2524 Jamma
1313 2496 1459 2524 Chaldaica
1481 2501 1534 2529 est,
1546 2496 1674 2529 idemque

891 2537 970 2561 sonat
985 2532 1057 2566 quod
1075 2531 1194 2567 θαλάσση
1209 2531 1313 2564 Graece,
1327 2537 1355 2558 et
1367 2539 1439 2567 mare
1454 2531 1560 2567 Latine.
1573 2532 1618 2563 At,
1628 2531 1672 2558 in-

893 2569 980 2603 quies,
995 2567 1093 2603 si__haac
1102 2567 1144 2603 ita
1157 2574 1186 2603 se
1198 2566 1325 2603 habeant,
1336 2566 1503 2603 ταυτολόγοςγ
1512 2566 1563 2603 erit
1577 2571 1674 2603 auctor

893 2600 996 2630 noster.
1016 2601 1127 2637 Utiquid
1141 2601 1213 2637 enim
1231 2601 1408 2637 scripseritr'ev
1418 2600 1585 2637 τῇθαλάσσῃ
1601 2600 1672 2636 Ἰάμ-

895 2646 958 2673 μας,
970 2645 1031 2664 cum
1046 2636 1153 2673 Jammq
1164 2636 1234 2663 idem
1244 2636 1280 2673 sit
1292 2643 1325 2663 ac
1334 2636 1474 2673 θαλάσσήῖ
1485 2636 1584 2669 Quidni
1596 2642 1672 2666 vero,

893 2671 1006 2707 inquam
1022 2679 1082 2707 ego,
1115 2671 1229 2707 Ἰάμμας
1256 2671 1283 2698 ἱιι
1300 2675 1375 2698 textu
1404 2671 1545 2707 scripserit
1561 2675 1672 2702 auctor;

894 2680 1006 2707 inquam
1022 2679 1082 2707 ego,
1123 2679 1229 2733 ιαμρας
1256 2679 1283 2698 ιιι
1300 2679 1375 2698 textu
1404 2679 1545 2707 scripserit
1561 2679 1672 2702 auctor;

894 2708 1020 2741 aliusque
1036 2706 1163 2741 deinceps
1195 2714 1246 2733 anc
1258 2713 1353 2734 vocem
1368 2707 1502 2734 exoticam
1523 2707 1674 2741 explicatu-

895 2751 953 2775 rus,
968 2741 1087 2782 θαλάσση
1101 2742 1217 2782 margini
1233 2741 1379 2782 adlevarit":
1394 2742 1467 2777 quod
1485 2746 1578 2782 postea
1601 2741 1674 2781 glos—

891 2785 964 2804 sema
990 2777 1017 2803 in
1036 2775 1139 2803 textum
1165 2775 1327 2811 irrepserit?
1356 2775 1493 2804 Hactenus
1521 2776 1672 2804 Simonins.

890 2811 998 2839 Videsis
1022 2811 1187 2839 Bochartum
1211 2811 1240 2838 in
1258 2811 1405 2846 Geograph.
1422 2820 1491 2839 aacr.
1508 2812 1556 2839 lib.
1573 2819 1594 2845 ι,
1611 2817 1672 2845 cap.

889 2847 935 2880 55,
951 2855 1013 2881 pag.
1033 2846 1086 2874 651
1112 2854 1170 2881 seq.

928 2868 935 2880 ,
951 2855 1013 2907 ξος.
1033 2855 1086 2874 nos
1112 2855 1170 2885 seq.
1558 2882 1563 2888 .

927 2882 955 2916 (2
975 2882 984 2916 )
1010 2881 1193 2918 Ἑφεπταται.
1213 2882 1284 2918 Lege
1297 2882 1463 2917 ὰφίπταταῑ,
1489 2882 1536 2911 sed
1556 2890 1586 2910 tn
1611 2879 1673 2908 cod.

891 2917 980 2945 Oxon.
998 2921 1039 2945 est
1054 2917 1211 2950 ἀφίσταται.
1226 2916 1312 2945 Galle.
