1913 3102
256 179 322 209 illi
745 180 973 210 TESTAMENTA
991 179 1038 208 ΧΠ
1055 178 1362 208 PATRIARCHARUM.
1806 177 1869 206 Illi

255 247 351 270 tenens
366 234 560 277 gubernacula.
575 239 608 267 Et
622 247 673 267 nos
692 244 852 275 tempestate
869 239 991 275 quassati
1009 238 1034 266 in

1088 237 1180 274 πατὴρ
1197 237 1243 272 ἀφ’
1261 237 1349 273 ήμῶν,
1363 237 1377 264 6
1390 236 1497 272 κρατῶν
1507 237 1570 268 τοὺς
1585 235 1714 271 αὐχένας.
1725 235 1783 262 Καὶ
1795 235 1869 272 ﬁget;

255 288 367 323 pelagus
378 287 547 320 ferebamur;
561 291 588 314 et
597 286 706 321 impleta
718 290 760 314 est
775 286 852 314 navis
866 286 957 321 aquis,
971 293 1034 321 pro-

1087 281 1276 318 χειμαζόμενοι
1291 282 1337 308 ἐπὶ
1349 281 1380 309 τὺ
1400 281 1516 316 πέλαγος
1533 280 1703 317 ἐφερόμεθασ
1722 280 1772 306 καὶ
1789 281 1855 315 ὲπλιι
1880 284 1885 306 l

255 334 332 362 cellis
344 334 465 369 undique
472 337 611 369 quassata,
622 334 659 360 ita
671 337 702 360 ut
711 332 827 360 contrita
838 338 918 361 esset.
933 333 1033 368 Joseph

1087 328 1158 364 ρώθη
1173 329 1204 355 τὸ
1215 328 1307 354 πλοῖον
1319 328 1431 360 ὑδάτων,
1444 327 1602 364 τρικυμίαις
1610 327 1869 363 περιρῤησσόμενον,

256 383 347 407 autem
364 378 392 406 in
406 378 504 414 cymba
518 378 603 413 fugit;
623 378 771 406 dividimur
791 382 882 405 autem
899 383 925 406 et
940 386 990 406 nos
1005 379 1032 406 in

1087 373 1154 401 ὥστε
1170 375 1219 401 καὶ
1235 373 1425 410 συντρίσεσθαι
1438 373 1513 400 αὑτό.
1526 373 1580 400 Καὶ
1597 373 1695 408 Ἰωσήφ
1707 373 1753 399 ἐπὶ
1760 373 1868 400 ausim

255 424 357 452 tabulis
367 425 471 452 decem.
490 424 554 452 Levi
567 429 658 452 autem
669 429 695 452 et
712 423 798 452 Judas
809 429 887 452 erant
910 424 1032 452 insimul.

1087 420 1179 455 φεύγει
1189 428 1196 435 ο
1209 418 1383 456 χωριζόμεθα
1398 418 1486 445 δὲκαὶ
1501 420 1581 454 ἡμεῖς
1599 419 1646 446 ἐπὶ
1662 419 1778 446 σανίδων
1795 419 1867 446 δέκα.

258 469 444 505 Dispergimur
455 469 538 505 igitur
556 477 663 503 omnes,
680 477 767 505 usque
777 470 804 497 in
816 469 959 499 terminos.
970 470 1033 498 Levi

1087 467 1149 494 Λευτ
1160 467 1189 494 δὲ
1202 467 1249 494 καὶ
1272 465 1372 497 Ἰούδας
1387 463 1458 501 ἦσαν
1469 465 1518 492 ἐπὶ
1534 465 1565 492 τὸ
1582 465 1659 492 αὑτό.
1679 465 1869 501 Διεσπάρημεν

1083 511 1129 540 οὖν
1143 513 1254 545 πάντες,
1271 512 1324 544 ἕως
1339 512 1380 543 είς
1392 511 1428 538 τὰ
1439 511 1556 547 πέρατα.
1580 511 1610 538 '0
1625 511 1653 538 δὲ
1663 511 1732 538 Δευτ
1743 512 1870 547 περιϐαλ-

1083 559 1114 586 λὸ
1117 567 1197 595 μενος
1208 558 1318 590 σάκκον,
1327 558 1392 593 περὶ
1404 557 1510 584 πάντων
1519 556 1596 592 ήμῶν
1606 556 1694 583 ἐδέετο
1700 556 1749 583 τοῦ
1757 558 1867 593 Κυρίου.

1090 603 1134 636 Ὦς
1146 603 1174 630 δὲ
1186 603 1323 630 ἐπαύσατο
1337 603 1352 629 6
1363 601 1515 637 χειμὼν,τδ
1526 601 1629 636 σκάφος
1642 601 1760 636 ἔφθασεν
1770 603 1868 638 ἐπὶτὴν

1088 649 1150 684 γῆν,
1165 649 1203 681 ὼς
1216 649 1245 675 ὲν
1262 649 1368 684 εἰρήνῃ.
1385 648 1441 675 Καὶ
1458 647 1512 674 ίδοὺ
1529 645 1611 683 ἦλθεν
1628 647 1726 675 Ἰακὼϐ
1742 649 1758 674 6
1781 649 1869 684 πατὴρ

1085 694 1173 730 ἡμῶν,
1191 695 1238 721 καὶ
1255 694 1425 730 ὁμοθυμαδὸν
1440 693 1642 730 ήγαλλιώμεθα.

255 519 347 544 autem
360 516 472 544 indutus
485 523 576 548 sacco,
598 523 648 550 pro
662 516 791 544 omnibus
805 516 884 544 nobis
902 516 1034 551 depreca-

255 564 335 591 batur
351 562 508 590 Dominum.
523 561 559 590 Ut
569 566 660 590 autem
675 562 778 598 quievit
791 567 949 598 tempestas,
974 570 1034 591 sca-

255 608 310 643 pha
322 607 412 641 attigit
426 611 538 640 terram,
555 608 630 635 velut
645 608 672 635 in
686 615 763 643 pace.
780 607 813 635 Et
824 615 888 636 ecce
901 608 975 636 venit
984 616 1034 645 pa-

256 658 297 681 ter
312 657 407 682 noster
419 652 516 687 Jacob,
533 658 560 681 et
571 653 738 682 unanimiter
753 653 964 682 exsultavimus.

292 752 347 781 VH.
361 762 371 779 ι
385 752 447 781 Haec
461 753 516 781 duo
527 753 632 781 somnia
645 753 767 782 dicebam
780 753 850 789 patri
865 761 942 788 meo;
954 759 981 783 et
993 755 1034 783 di-

1120 750 1156 776 Z'.
1173 758 1183 775 (
1196 750 1235 776 Τὰ
1247 750 1292 776 δύο
1305 749 1416 776 ἐνύπνια
1428 747 1504 776 εἶπον
1520 749 1560 786 τῷ
1572 751 1657 787 πατρί
1670 759 1721 786 μου
1730 760 1737 766 ·
1754 752 1804 778 καὶ
1812 750 1869 780 εἷπε

256 798 296 826 xit
316 799 384 826 mihi
397 807 404 825 :
426 808 435 825 ι
449 798 562 834 Oportet
576 803 633 827 haec
645 799 751 834 impleri
766 799 915 828 secundum
928 804 1034 836 tempus

1087 803 1146 830 μοι·
1168 805 1177 820 ι
1190 796 1236 821 Δεῖ
1260 795 1329 822 αὐτὰ
1346 795 1520 831 πληρωθῆναι
1537 795 1608 823 κατὰ
1633 797 1747 832 καιροὺς
1768 797 1866 829 αὐτῶν,

256 844 397 878 ipsorum,
434 852 497 872 cum
518 845 602 872 multa
627 845 710 873 Israel
732 846 903 873 sustinuerit.
923 856 932 872 ι
959 845 1034 875 Tunc

1087 840 1170 867 πολλὰ
1179 840 1225 867 τοῦ
1240 841 1345 877 Ἰσραὴλ
1352 841 1554 876 ὑπομείναντος.
1568 851 1577 868 ι
1589 841 1655 868 Τότε
1666 842 1740 876 λέγει
1753 844 1768 869 6
1781 843 1869 879 πατήρ

255 889 324 917 dixit
337 895 414 925 pater
429 897 523 918 meus:
551 899 561 916 ι
571 889 670 922 Credo,
686 890 816 924 quoniam
831 890 899 918 vivit
918 890 1033 926 Ioseph:

1088 894 1154 921 μοιν
1172 894 1181 910 ι
1195 886 1328 917 Πιστεύω,
1342 885 1426 922 ὄτιζῇ
1455 886 1570 921 Ἰωσήφ·
1594 887 1650 923 ὁρῶ
1669 887 1724 922 γὰρ
1745 887 1867 919 etamen-2,

255 934 335 962 video
345 934 417 961 enim
429 942 545 969 semper,
557 933 631 969 quod
643 933 775 961 Dominus
786 938 963 962 connumerat
973 941 1034 961 eum

1087 930 1129 956 ὅτι
1140 931 1154 956 6
1165 930 1267 966 Κύριος
1278 930 1496 966 συγκαταριθμεῖ
1507 931 1593 958 αὑτὸν.
1608 931 1665 966 μεθ’
1681 931 1772 966 ὑμῶν.
1786 941 1795 958 ι
1817 934 1870 968 Καὶ

254 980 408 1008 vobiscum.
425 989 435 1006 ι
457 979 491 1007 Et
515 980 583 1008 ﬂens
597 979 681 1008 dixit:
698 988 708 1006 ι
722 978 918 1015 Vivis,Joseph
935 980 972 1008 ﬁli
986 979 1034 1013 mi,

1087 974 1185 1002 κλαίων
1200 975 1285 1010 ἔλεγε·
1301 985 1310 1001 ι
1322 975 1486 1011 Ζῇς,τέκνον
1501 984 1550 1012 μου
1567 976 1773 1011 Ἱωσὴφ,καὶοῦ
1782 976 1869 1011 βλέπω

255 1029 282 1052 et
293 1032 349 1053 non
361 1029 389 1053 te
402 1025 496 1059 video,
512 1029 539 1053 et
551 1030 580 1053 tu
596 1033 651 1053 non
671 1025 748 1053 vides
771 1025 865 1059 Jacob,
878 1026 926 1061 qui
943 1026 1034 1061 genuit

1087 1029 1128 1053 σε,
1148 1021 1195 1048 καὶ
1205 1021 1254 1057 οὺχ
1273 1022 1338 1057 δρᾷς
1363 1020 1459 1048 Ἰακὼὸ
1475 1021 1521 1048 τδν
1537 1021 1709 1057 γεννήσαπά
1731 1031 1772 1049 σε.
1788 1031 1797 1048 ι
1817 1023 1869 1049 Καὶ

255 1076 292 1098 te.
304 1080 314 1097 ι
329 1070 403 1098 Fecit
415 1076 505 1099 autem
516 1076 543 1099 et
564 1079 616 1099 nos
629 1071 774 1107 lacrymari
791 1072 819 1099 in
843 1072 885 1100 his
903 1073 1034 1100 sermoni-

1087 1067 1196 1104 ἐποίησε
1216 1069 1263 1095 καὶ¹
1282 1069 1355 1104 ἡμᾶς
1375 1068 1507 1105 δακρῦσαι
1524 1069 1621 1101 ἐντοῖς
1640 1069 1733 1103 λόγοις
1757 1069 1867 1100 τούτοις.

254 1116 317 1144 bus.
330 1116 364 1144 Et
376 1117 544 1146 accendebar
556 1117 584 1144 in
596 1117 795 1151 visceribus,ut
805 1118 893 1153 palam
907 1118 1034 1151 facerem.

1087 1113 1142 1141 Καὶ
1162 1113 1293 1149 ὲκαιόμην
1305 1114 1361 1145 τοῖς
1373 1114 1536 1148 σπλάγχνοις
1543 1113 1702 1147 ἀναγγεῖλαι
1712 1114 1755 1140 ἂτι
1768 1113 1868 1149 πέπρα-

256 1163 331 1198 quod
339 1162 465 1191 venditus
480 1169 571 1197 esset;
590 1164 637 1192 sed
651 1164 729 1192 timui
741 1164 840 1192 fratres
858 1172 944 1192 meos.

290 1216 359 1245 Vlll.
375 1227 385 1244 ι
407 1217 487 1252 Ecce,
504 1218 552 1246 ﬁlii
564 1219 628 1252 mei,
644 1220 749 1248 ostendi
763 1220 841 1249 vobis
855 1224 977 1256 tempora
990 1229 1037 1251 ex-

255 1267 352 1297 trema,
366 1265 496 1299 quoniam
511 1265 603 1292 omnia
619 1267 682 1293 ﬁent
695 1266 722 1293 in
741 1266 830 1295 Israel.
849 1267 883 1295 Et
908 1275 958 1295 vos
987 1268 1037 1304 igi-

256 1311 300 1336 tur
311 1309 437 1337 mandate
448 1310 511 1338 ﬁliis
524 1310 632 1344 vestris,
640 1314 669 1338 ut
685 1312 815 1340 uniantur
832 1312 895 1341 Levi
909 1317 936 1341 et
949 1313 1035 1342 Judaa.

254 1352 306 1380 Per
321 1352 418 1381 Judam
441 1355 513 1381 enim
538 1355 642 1383 orietur
669 1357 744 1385 salus
772 1356 864 1391 Israel,
881 1363 908 1386 et
927 1358 956 1385 in
978 1359 1037 1394 ipso

256 1399 430 1427 benedicetur
445 1399 539 1427 Iacob.
556 1400 609 1428 Per
633 1407 770 1437 sceptrum
793 1403 865 1430 enim
881 1404 940 1439 ejus
954 1411 1035 1440 appa-

254 1444 326 1471 rebit
352 1443 435 1477 Deus,
454 1445 580 1473 habitans
603 1446 673 1474 inter
699 1447 823 1476 homines
850 1449 877 1476 in
899 1453 983 1483 terra,
1008 1455 1036 1478 ut

255 1488 340 1515 salvet
360 1496 445 1524 genus
465 1488 561 1523 lsrael;
577 1495 604 1518 et
618 1492 793 1527 congregabit
804 1493 893 1528 justos
918 1501 952 1522 ex
972 1503 1036 1530 gen-

256 1534 339 1561 tibus.
357 1534 386 1562 Si
413 1536 562 1569 operemini
583 1536 697 1570 bonum,
713 1537 761 1565 ﬁlii
784 1539 849 1573 mei,
875 1539 1036 1568 benedicent

254 1578 333 1606 vobis
355 1583 382 1607 et
406 1580 531 1608 homines
547 1585 574 1608 et
591 1582 694 1617 angeli;
712 1588 738 1611 et
749 1583 821 1612 Deus
841 1571 1035 1619 gloriﬁcabitur
1048 1571 1070 1602 ε

255 1631 304 1658 per
321 1631 369 1653 vos
387 1625 414 1652 in
429 1626 566 1662 gentibus,
586 1632 612 1655 et
631 1628 755 1656 diabolus
775 1629 859 1665 fugiet
875 1638 890 1658 a
907 1631 994 1664 vobis,
1009 1636 1036 1660 et

255 1670 350 1698 bestiae
365 1671 500 1699 timebunt
513 1680 573 1706 vos,
585 1678 613 1701 et
623 1675 711 1710 angeli
723 1676 873 1710 suseipient
888 1684 947 1705 vos.
961 1676 1036 1705 Sicut

254 1716 327 1743 enim
353 1716 376 1745 si
400 1719 463 1752 quis
481 1718 566 1746 ﬁlium
581 1721 683 1748 nutriat
699 1721 778 1755 bene,
791 1727 921 1757 perpetuo
942 1727 1036 1758 gratus

253 1767 281 1790 et
308 1770 413 1791 memor
437 1769 480 1792 est
497 1774 504 1792 :
519 1766 555 1793 ita
571 1770 598 1794 et
618 1767 646 1794 in
668 1767 741 1795 bono
756 1775 838 1803 opere
853 1769 981 1797 memoria
995 1773 1036 1797 est

254 1810 325 1845 apud
339 1809 424 1838 Deum
435 1811 518 1839 bona.
530 1811 581 1844 Qui
593 1819 658 1840 vero
673 1821 728 1840 non
745 1813 839 1841 fecerit
852 1815 1036 1849 bonum,huic

252 1854 418 1882 maledicunt
432 1860 460 1884 et
480 1857 567 1892 angeli
585 1862 612 1885 et
625 1858 760 1892 homines,
774 1864 800 1887 et
815 1859 885 1888 Deus
898 1865 1036 1889 contume-

254 1900 289 1927 lia
303 1900 436 1929 allicietur
447 1909 494 1937 per
507 1903 594 1937 ipsum
611 1903 639 1930 in
654 1905 790 1939 gentibus,
805 1910 832 1933 et
845 1906 969 1935 diabolus
983 1907 1035 1935 sibi

255 1945 373 1973 vindicat
396 1946 469 1974 hunc
496 1952 624 1983 tanquam
652 1950 791 1985 proprium
819 1959 878 1985 vas,
896 1957 923 1980 et
945 1954 1034 1981 omnis

253 1990 339 2018 bestia
363 1991 548 2020 dominabitur
572 1995 607 2025 ei,
623 1999 650 2022 et
676 1995 809 2025 Dominus
835 1998 898 2026 odio
925 1999 1035 2026 habebit

253 2044 327 2064 eum.
351 2036 458 2065 Etenim
485 2039 611 2068 mandata
631 2041 698 2077 legis
713 2042 828 2078 duplicia
844 2048 919 2078 sunt,
929 2048 956 2072 et
971 2053 1034 2073 eum

254 2086 311 2108 arte
335 2081 491 2117 implentur.
512 2094 521 2110 ι
545 2084 663 2120 Tempus
682 2088 753 2114 enim
776 2093 817 2116 est
833 2089 949 2116 coeundi
970 2097 1034 2118 cum

253 2133 338 2154 uxore
356 2135 405 2155 sua
417 2129 451 2162 ",
467 2135 493 2158 et
509 2135 615 2166 tempus
627 2133 778 2162 abstinendi
794 2135 827 2162 ab
841 2143 872 2162 ea
887 2136 920 2163 ad
934 2137 1035 2165 oratio-

253 2179 315 2199 nem
334 2180 411 2201 suam
420 2175 452 2202 ".
470 2175 502 2202 Et
517 2175 571 2203 duo
591 2178 715 2206 mandata
730 2184 804 2213 sunt,
819 2188 889 2216 quae,
903 2181 956 2210 nisi
969 2182 1035 2211 ﬁant

253 2216 281 2243 in
295 2218 391 2246 ordine
404 2225 464 2253 suo,
477 2225 616 2255 peccatum
632 2223 766 2252 tribuunt.
781 2224 820 2253 Ita
835 2231 876 2254 est
889 2231 917 2255 et
930 2228 957 2255 in
972 2228 1032 2256 reli-
1046 2237 1070 2266 ο

252 2263 316 2297 quis
339 2264 486 2293 mandatis.
501 2265 664 2295 Efﬁciamini
689 2277 755 2305 ergo
778 2271 914 2306 sapientes
934 2273 962 2300 in
977 2273 1033 2301 Deo

251 2314 279 2337 et
291 2310 448 2344 prudentes,
462 2312 578 2340 scientes
590 2313 714 2342 ordinem
725 2317 914 2345 mandatorum
924 2318 994 2353 eius,
1006 2324 1032 2347 et

251 2355 324 2391 leges
338 2356 427 2384 omnis
443 2357 492 2390 rei,
507 2362 537 2384 ut
552 2357 682 2387 Dominus
696 2361 790 2396 diligat
802 2370 861 2391 vos.
879 2373 890 2390 ›

285 2491 331 2518 IX.
350 2492 381 2519 Et
406 2501 467 2520 cum
488 2493 573 2521 multa
590 2495 654 2522 talia
671 2496 826 2524 mandasset
839 2498 891 2531 eis,
907 2504 1032 2534 precatus

251 2541 303 2570 cst,
323 2542 353 2565 ut
369 2539 534 2567 transferant
546 2547 609 2568 ossa
620 2540 680 2575 ejus
694 2541 721 2568 in
736 2540 889 2577 Hebron,et
902 2545 1033 2580 sepeliant

251 2591 311 2610 eum
332 2591 394 2611 cum
411 2585 534 2619 patribus
547 2585 617 2620 ejus.
633 2586 666 2614 Et
679 2587 824 2617 comedens
846 2594 873 2617 et
888 2590 983 2618 bibens
1004 2591 1031 2619 in

251 2628 400 2664 hilaritate:
410 2631 521 2664 animae,
534 2632 634 2660 velavit
646 2632 743 2660 faciem
760 2642 849 2667 suam.
866 2639 894 2663 et
908 2641 1032 2664 mortuus

251 2696 273 2711 "
290 2695 378 2724 Eccle.
395 2705 436 2730 ιιι,
448 2698 476 2726 5.
514 2698 538 2715 ²⁶
551 2699 560 2726 l
573 2699 636 2727 Cor.
652 2709 700 2734 vn,
713 2702 740 2729 5.

285 2792 341 2826 (28)
360 2794 506 2822 Ποιοῦντιι
521 2797 563 2823 τό.
584 2798 674 2826 Ὄντα.
689 2799 762 2827 Cius

253 2827 460 2889 aliter
482 2831 521 2864 ὡς
545 2832 621 2860 ιδιον
645 2836 762 2868 σκεῦος.
791 2837 888 2872 Αὐτῷ.
912 2839 949 2871 ὡς
973 2839 1030 2874 ιδίῳ

1085 1167 1131 1186 ται
1142 1167 1150 1174 ο
1169 1157 1226 1185 ἀλλ’
1239 1158 1393 1194 ἐφοϐούμην
1404 1159 1467 1190 τοὺς
1478 1158 1608 1193 ἀδελφούς
1621 1167 1682 1194 μου.

1119 1214 1160 1240 Η¹.
1174 1223 1184 1239 ι
1195 1213 1271 1246 Ἰδοὺ,
1287 1213 1369 1240 τέκνα
1380 1222 1440 1248 μοι)¹
1456 1212 1581 1246 ὑπέδειξα
1593 1213 1656 1249 ὑμῖν
1669 1214 1785 1249 καιροὺς
1793 1215 1867 1250 ἐσχά-

1085 1267 1164 1291 τους,
1185 1259 1225 1285 ὅτι
1244 1259 1332 1286 πάντα
1352 1259 1494 1294 γενήσεται
1520 1259 1548 1285 ὲν
1571 1258 1689 1294 Ἰσραήλ.
1714 1259 1771 1285 Καὶ
1795 1260 1868 1294 ὑμεῖς

1085 1302 1131 1332 οὖν
1145 1304 1297 1331 ἐντείλασθε
1318 1305 1374 1336 τοῖς
1394 1304 1498 1336 τέκνοις
1518 1303 1612 1340 ὑμῶν,
1634 1305 1678 1331 ἴνα
1699 1305 1815 1332 ἑνῶνται
1834 1305 1869 1340 τῷ

1085 1348 1150 1376 Λευῖ
1171 1349 1217 1376 καὶ
1241 1349 1279 1384 τῷ
1307 1349 1401 1385 Ἰούδᾳ.
1419 1349 1468 1376 Διὰ
1489 1349 1544 1385 γὰρ
1565 1349 1613 1376 τοῦ
1639 1350 1726 1376 Ἰούδα
1750 1351 1868 1378 ἀνατελεί

1087 1396 1206 1433 σωτηρία
1217 1396 1255 1431 τῷ
1272 1395 1388 1432 Ἰσραὴλ,
1405 1396 1451 1422 καὶ
1463 1396 1492 1422 ὲν
1506 1395 1579 1431 αὺτῷ
1591 1395 1809 1432 εὐλογηθήσεται
1825 1398 1867 1425 ’la-

1085 1441 1151 1469 κώδ.
1169 1442 1218 1469 Διὰ
1232 1441 1286 1478 γὰρ
1304 1441 1350 1468 τοῦ
1366 1441 1504 1477 σκήπτρου
1521 1442 1603 1469 αὑτοῦ
1619 1442 1771 1478 ὀφθήσεται
1790 1443 1866 1475 Θεὸς.

1086 1489 1218 1517 κατοικῶν
1233 1491 1261 1516 ὲν
1274 1488 1426 1525 ἀνθρώποις
1439 1489 1485 1515 ἐπὶ
1498 1489 1548 1525 τῆς
1561 1490 1623 1525 γῆς,
1640 1489 1726 1516 σῶσαι
1744 1490 1777 1517 τὸ
1798 1491 1868 1525 rivo;

1092 1534 1217 1571 Ἰσραήλ·
1243 1534 1291 1561 καὶ
1314 1533 1469 1566 ἐπισυνάξει
1493 1534 1614 1566 δικαίους
1637 1535 1671 1562 ἐκ
1696 1536 1753 1563 τῶν
1779 1536 1867 1562 ἐθνῶν.

1091 1579 1153 1606 Ἐὰν
1168 1578 1318 1615 ὲργάζησθε
1342 1578 1373 1606 τὸ
1393 1579 1490 1612 καλὸν,
1504 1578 1585 1606 τέκνα
1601 1588 1663 1615 μου,
1680 1581 1869 1617 εὐλογήσουσιν

1086 1625 1157 1660 ὑμᾶς
1177 1624 1224 1651 καὶ
1244 1624 1269 1650 οἱ
1289 1623 1444 1659 ἄνθρωποι,
1466 1624 1514 1650 καὶ¹
1528 1624 1553 1651 οἱ
1572 1625 1700 1659 ἀγγελοισ
1717 1627 1767 1653 καὶ
1781 1627 1795 1653 6
1810 1627 1869 1658 Θεὸς

1085 1670 1280 1706 δοξασθήσεται
1296 1671 1325 1696 ὲν
1338 1672 1396 1702 τοῖς
1411 1670 1499 1697 ἔθνεσι
1514 1670 1548 1697 δι’
1562 1671 1649 1706 ὑμῶν,
1664 1673 1714 1698 καὶ
1727 1673 1743 1698 ὁ
1754 1673 1868 1705 διάϐολος

1085 1715 1210 1751 φεύξεται
1234 1716 1280 1751 ἀφ’
1304 1715 1397 1751 ὑμῶν,
1425 1715 1472 1742 καὶ
1498 1715 1533 1742 τὰ
1559 1715 1640 1752 Θηρία
1671 1718 1868 1754 φοϐηθήσονται

1086 1762 1173 1797 ὑμᾶς,
1195 1761 1246 1793 καὶ,
1262 1761 1286 1787 οἱ
1303 1761 1411 1796 ἄγγελοι
1434 1761 1588 1796 ἀνθέξονται
1607 1763 1696 1798 ὑμῶν.
1720 1764 1769 1796 Ὠς
1783 1765 1815 1792 ἄν
1832 1774 1868 1797 τις

1084 1807 1176 1834 τέκνον
1197 1807 1316 1844 ἐκθρέψῃ
1332 1806 1439 1840 καλῶς,
1455 1808 1549 1843 μνείαν
1570 1808 1626 1844 ἔχει
1644 1808 1770 1845 ἀγαθήν·
1790 1810 1868 1841 οὕτως

1085 1853 1132 1880 καὶ
1145 1853 1190 1880 ἐπὶ
1202 1853 1250 1880 τοῦ
1273 1852 1354 1880 καλοῦ
1376 1852 1456 1890 ἔργου
1472 1855 1566 1890 μνήμη
1587 1854 1663 1891 παρὰ
1683 1855 1755 1882 Θεοῦ
1774 1857 1866 1891 ἀγαθή.

1084 1899 1136 1926 Τδν
1150 1898 1180 1925 δὲ
1198 1899 1235 1935 μὴ
1250 1897 1377 1925 ποιοῦντα
1390 1898 1421 1925 τὸ
1433 1898 1488 1936 (28)
1503 1899 1594 1932 καλὸν,
1608 1901 1814 1936 καταράσονται
1826 1902 1867 1928 καὶ

1083 1946 1108 1971 οἱ
1117 1944 1226 1979 ἄγγελοι
1235 1965 1242 1978 ,
1254 1944 1302 1971 καὶ
1314 1945 1338 1971 οἱ
1357 1944 1495 1980 ἄνθρωποι
1504 1965 1512 1978 ,
1534 1946 1582 1973 καὶ
1592 1947 1606 1973 6
1620 1945 1688 1978 Θεὸς
1706 1947 1832 1983 ἀδοξήσει
1843 1949 1866 1973 ὲν

1083 1991 1139 2022 τοῖς
1151 1990 1237 2017 ἔθνεσι
1247 1989 1279 2016 δι’
1292 1990 1373 2017 αὐτοῦ
1383 2010 1390 2023 ,
1404 1991 1451 2017 καὶ
1463 1992 1478 2017 6
1489 1991 1609 2024 διάὸολος
1621 1992 1777 2019 οἰκειοῦται
1794 1993 1867 2020 αὐτὸν

1084 2035 1121 2068 ὡς
1135 2035 1199 2062 ῐδιον
1219 2035 1315 2067 σκεῦος
1336 2035 1391 2071 (29)
1401 2055 1408 2067 ,
1423 2037 1470 2063 καὶ
1484 2037 1537 2063 πᾶν
1551 2037 1644 2073 θηρίον
1660 2038 1866 2074 κατακυριεύσει

1084 2080 1177 2113 αὐτοῦ,
1190 2081 1237 2107 καὶ
1250 2082 1265 2107 6
1275 2081 1377 2117 Κύριος
1391 2082 1500 2117 μισήσει
1514 2082 1604 2108 αὐτόν.
1618 2082 1674 2109 Καὶ
1688 2082 1747 2119 γὰρ
1759 2084 1788 2110 ai
1801 2083 1865 2109 ἑπο-

1084 2126 1128 2153 λαὶ
1140 2126 1187 2153 τοῦ
1200 2126 1282 2162 νόμον
1295 2126 1387 2153 διπλαῖ
1399 2127 1462 2159 είσι,
1478 2128 1523 2154 καὶ
1543 2127 1612 2163 μετὰ
1622 2127 1723 2164 τέχνης
1739 2129 1864 2165 πληροῦν-

1083 2180 1138 2199 ται.
1154 2172 1255 2208 Καιρδς
1270 2171 1324 2207 γὰρ
1338 2172 1478 2204 συνουσίας
1491 2173 1620 2206 γυναικὸς
1631 2173 1716 2200 αὑτοῦ
1735 2174 1792 2209 (30)
1803 2195 1809 2206 ,
1825 2174 1863 2200 καὶ

1084 2217 1179 2253 καιρὸς
1201 2216 1360 2252 ἐγκρατείας
1384 2217 1423 2248 είς
1449 2217 1602 2252 προσευχὴν
1626 2217 1721 2243 αὑτοῦ.
1747 2217 1803 2244 Καὶ
1825 2218 1863 2244 δύο

1083 2264 1188 2291 ὲντολαί
1209 2265 1277 2290 εισι·
1302 2264 1348 2290 καὶ
1370 2264 1395 2289 εί
1420 2263 1457 2298 μὴ
1480 2263 1609 2298 γένωνται
1625 2264 1654 2290 ἐν
1671 2264 1749 2297 τάξει
1765 2265 1861 2294 αὐτῶν.

1083 2310 1220 2346 ἁμαρτίαν
1242 2310 1400 2345 παρέχουσι.
1424 2309 1518 2341 Οὕτως
1539 2309 1598 2335 ἐστὶ
1614 2310 1662 2336 καὶ
1677 2310 1727 2336 ἐπὶ
1743 2311 1799 2337 τῶν
1817 2310 1863 2336 λοι-

1083 2356 1142 2382 πῶν
1165 2355 1279 2382 ἐντολῶν
1303 2354 1370 2390 (51).
1395 2354 1504 2381 Γίνεσθε
1528 2351 1573 2382 οὖν
1591 2356 1669 2390 σοφοὶ
1693 2356 1722 2382 ὲν
1746 2356 1806 2391 Θεῷ
1823 2356 1862 2382 καὶ

1084 2402 1218 2437 φρόνιμοι,
1236 2400 1335 2432 είδότες
1351 2400 1427 2432 τάξιν
1442 2400 1555 2427 ἐντολῶν
1570 2400 1653 2427 αὑτοῦ
1664 2421 1672 2434 ,
1690 2402 1739 2428 καὶ
1755 2402 1862 2438 θεσμοὺς

1083 2446 1184 2478 παντὸς
1201 2447 1372 2482 πράγματος,
1390 2446 1463 2478 ὅπως
1475 2446 1605 2482 ἀγαπήσῃ
1616 2446 1691 2482 ὑμᾶς
1702 2447 1718 2473 6
1731 2447 1839 2484 Κύριος.
1852 2456 1859 2471 ι

1117 2493 1155 2520 8’.
1173 2493 1227 2520 Καὶ
1244 2492 1327 2520 πολλὰ
1339 2493 1450 2520 τοιαῦτα
1460 2493 1646 2529 ἐντειλάμενος
1662 2495 1768 2526 αὐτοῖς,
1786 2503 1861 2530 παρις

1083 2539 1196 2566 κάλεσεν
1206 2559 1214 2571 ,
1245 2539 1289 2566 ἴνα
1307 2539 1509 2574 μετακομίσωσι
1524 2539 1559 2566 τὰ
1579 2539 1646 2566 ὀστᾶ
1662 2541 1748 2568 αὐτοῦ
1765 2542 1803 2572 εἰς
1817 2541 1861 2567 Χε-

1083 2583 1165 2619 ϐρὼν,
1184 2584 1230 2610 καὶ
1247 2583 1367 2619 θάψωσιν
1380 2583 1459 2610 αὑτὸν
1477 2583 1545 2619 μετὰ
1560 2584 1613 2611 τῶν
1630 2586 1762 2622 πατέρων
1777 2586 1858 2613 αὑτοῦ.

1083 2629 1137 2655 Καὶ
1149 2628 1243 2664 φαγὼν
1255 2630 1302 2656 καὶ
1315 2630 1385 2657 πιὼν
1397 2630 1426 2656 ὲν
1438 2629 1574 2666 ἱλαρότητι
1585 2629 1688 2666 ψυχῆς,
1703 2631 1859 2665 συνεκάλνῷ

1117 2804 1292 2846 (ΞΨέῖέτοῧ
1307 2803 1507 2846 (ἒθθὲιλνεη
1549 2838 1560 2843 -
1609 2841 1619 2846 -
1683 2839 1695 2844 -
1745 2840 1751 2846 .
1814 2838 1837 2846 .-

1082 2875 1098 2902 d
1117 2839 1178 2902 (51)ι
1195 2839 1292 2899 (ἶίἐτως
1310 2840 1375 2867 ἐστὶ
1399 2839 1447 2866 καί
1461 2839 1509 2866 ἐπὶ
1526 2839 1584 2867 τῶν
1600 2839 1720 2867 λοιπῶν
1739 2839 1854 2867 ἐντολῶν

1099 2882 1167 2902 esun
1182 2895 1188 2901 .
1239 2891 1246 2899 .
