1913 3102
48 173 107 201 “l5

655 173 912 203 TESTAMENTUM
930 177 1006 204 GAD.

1587 180 1655 208 ιιιι

46 230 72 256 τὸ
88 230 230 266 πρόσωπον
251 229 351 263 αὑτοῦ,
369 230 416 257 καὶ
435 229 563 258 ἀπέθανε.
584 231 638 258 Kal
657 231 786 267 ἐποίησαν
800 233 820 258 ol

878 238 929 261 est.
949 233 983 261 Et
1008 234 1130 262 fecerunt
1152 234 1199 262 ﬁlii
1219 234 1278 270 ejus
1293 235 1441 264 secundum
1463 237 1564 269 omnia,
1578 245 1655 272 quae-

46 276 91 302 υίοὶ
102 275 181 302 αὑτοῦ
193 275 268 303 κατὰ
280 276 378 308 πάντα,
391 276 442 302 ὅσα
452 275 602 303 ἐνετείλατο
613 277 703 308 αὐτοῖς
715 277 822 311 Νεφθα-

45 323 100 358 λεὶμ
113 324 129 350 ὁ
137 322 237 359 πατὴρ·
246 322 346 350 αὐτῶν.

301 379 499 407 ΚΕΦΔΛΛΙΟΝ
517 379 555 407 Θν.

207 428 339 463 Διαθήκη
354 428 428 461 Γὰδ,
445 427 511 462 περὶ
525 428 645 462 μίσους.

71 473 107 499 Α’.
121 472 301 509 ’Δντίγραφον
312 474 445 510 διαθήκης
457 473 519 505 Γὰδ,
532 473 551 500 ἃ.
562 473 676 509 ὲλάλησε
687 474 743 505 τοῖς
756 474 822 504 υἱοῖς

43 519 115 546 αὑτοῦ
125 540 133 551 ,
156 521 186 546 ὲν
199 520 257 547 ἔτει
274 523 329 556 ρκε.’
341 521 391 557 τῆς
401 521 473 557 ζωῆς
484 520 576 548 αὐτοῦ.
599 530 609 546 ‹
622 520 753 556 Ἕϐδομος
767 520 823 556 (55)

42 566 90 597 υἱὸς
101 566 238 602 ἐγενόμην
251 567 290 602 τῷ
308 566 414 599 Ἰακὼΰ,
433 567 480 594 καὶ
495 567 570 603 ἥμην
581 567 701 602 ἀνδρεῖος
712 566 758 593 ἐπὶ
769 567 823 593 τῶν

42 611 173 647 ποιμνίων.
202 612 275 647 Ἐγὼ
291 612 438 648 ἐφύλαττον
451 613 480 639 ὲν
491 612 570 639 νυκτὶ
582 612 615 639 τὺ
626 612 761 647 ποίμνιον,
777 614 824 639 καὶ

41 658 96 684 ὃταν
107 658 207 694 ἤρχετο
217 659 232 685 ό
244 658 335 691 λύκος,
356 658 372 694 ἢ
390 658 475 692 λέων,
493 658 511 694 ἢ
532 658 663 694 πάρδαλις
674 679 681 691 ,
695 658 711 692 ἢ
725 658 823 693 ἄρκτος

41 703 89 740 (3i)
100 705 144 731 ἐπὶ
156 704 208 740 τὴν
223 706 341 741 ποίμνην
351 725 358 738 ,
371 706 536 733 κατεδίωκον
547 706 629 732 αὐτὸν
639 725 646 737 ,
659 705 706 732 καὶ
719 705 823 737 πιάζων

39 749 78 776 τὸν
88 750 151 777 πόδα
164 750 250 778 αὐτοῦ
264 753 297 787 τῇ
310 751 382 788 χειρί
397 760 457 787 μου,
471 752 519 779 καὶ
538 751 662 788 γυρεὺων
680 750 805 777 ὲσκότουν
815 769 823 781 ,

40 796 80 822 καὶ
90 795 240 828 ἀκοντίζων
250 796 330 823 αὑτὸν
342 797 388 823 ἐπὶ
399 796 446 824 δύο
457 796 590 828 σταδίους,
601 796 686 828 οὕτως
695 795 820 831 ἀνῄρουν.

44 838 69 866 '0
82 837 126 866 οὖν
148 840 250 877 Ἰωσὴφ
266 841 408 877 ἐποίμαινε
426 841 486 877 μεθ’
501 841 580 877 ἡμῶν
595 842 633 874 ὡς
655 840 766 877 ἡμερῶν
789 840 821 872 λ’,

879 287 990 315 cunque
1004 280 1140 308 mandavit
1155 280 1194 308 eis
1209 280 1379 317 Nephthalim
1393 287 1468 318 pater
1481 291 1585 312 eorum.

1176 384 1290 412 CAPUT
1305 384 1351 412 IX.

1059 429 1250 457 Testamentum
1270 431 1337 464 ϐοά,
1351 431 1382 458 de
1394 432 1464 460 odio.

906 472 928 501 l.
949 472 1148 510 Transcriptum
1161 477 1313 504 testamenti
1328 476 1396 511 Gad,
1406 485 1573 512 quaecunque
1583 479 1660 506 locn-

875 522 918 546 tus
930 523 972 546 est
988 519 1052 547 ﬁliis
1069 520 1127 548 suis
1143 521 1170 548 in
1183 529 1254 550 anno
1265 522 1416 550 centesimo
1428 523 1558 550 vicesimo
1573 525 1656 559 septi-

873 572 918 592 mo
930 565 986 600 (32)
1009 566 1071 594 vita:
1093 568 1266 600 suamiieens
1285 578 1291 595 :
1312 577 1321 594 ‹
1339 568 1475 604 Septimus
1489 569 1561 597 ﬁlius
1575 575 1656 602 natus

874 618 936 638 sum
957 611 1051 645 Jacob,
1068 617 1095 640 et
1105 621 1180 640 eram
1193 613 1303 641 fortisin
1316 615 1654 650 gregibus.Egocustodivi

873 657 899 683 in
916 662 994 684 nocte
1004 665 1126 692 gregem;
1139 663 1166 686 et
1177 660 1286 694 quando
1298 660 1372 688 venit
1386 660 1474 696 lupus,
1489 661 1531 689 vel
1547 661 1597 693 leo,
1613 662 1656 690 vel

878 703 990 737 pardus,
998 704 1039 731 vel
1051 713 1132 732 ursus
1142 713 1224 740 super
1230 713 1348 741 gregem,
1356 707 1538 741 persequebar
1548 715 1622 740 eum,
1629 712 1656 735 et

874 749 1077 782 apprehendens
1089 750 1181 784 pedem
1193 751 1253 785 ejus
1264 759 1345 778 manu
1359 759 1418 779 mea
1425 757 1452 779 et
1459 752 1484 779 in
1492 761 1587 788 gyrum
1595 753 1655 780 vol—

876 801 942 821 vens
956 795 1179 830 obtenebrabam,
1190 802 1215 824 et
1229 797 1374 832 projiciens
1400 805 1462 825 eum
1482 799 1537 825 duo
1558 799 1654 832 stadia,

872 837 910 866 ila
922 839 1127 868 interﬁciebam.
1140 841 1240 876 Ioseph
1254 842 1335 878 igitur
1350 843 1477 877 pascebat
1488 851 1595 878 gregem
1606 851 1655 871 no-

40 885 79 911 xal
86 885 220 921 τρυφερδς
235 886 284 919 ὢν,
295 887 463 923 ἔμαλακίσϐη
477 887 532 914 ἀπὸ
542 888 589 915 τοῦ
600 887 737 924 καύματος
747 887 803 923 (55)
813 895 820 902 ·

875 883 979 911 hiscum
992 885 1098 913 circiter
1113 886 1172 914 dies
1185 887 1309 921 triginta;
1326 891 1354 915 et
1364 896 1424 915 cum
1434 892 1508 916 tener
1519 894 1601 922 esset,
1609 889 1654 916 in-

39 931 79 958 καὶ
105 932 277 969 ὑπέστρεψεν
297 933 337 964 είς
353 932 466 969 Χεϐρὼν
494 933 562 969 πρὸς
583 933 628 960 τὸν
647 932 752 968 πατέρα
772 933 820 959 αὑ-

37 977 94 1004 τοῦ·
110 978 156 1005 καὶ
175 978 316 1005 ἀνέκλινεν
337 979 418 1005 αὑτὸν
443 978 556 1014 πλησίον
571 978 670 1010 αὐτοῦ,
690 979 730 1005 ὃτι
754 978 822 1013 ἠγά-

39 1031 71 1049 πα
86 1024 175 1050 αὐτόν.
195 1024 253 1051 Kal
267 1022 343 1051 εἶπεν
364 1024 460 1060 Ἰωσὴφ
475 1024 513 1060 τῷ
529 1025 614 1061 πατρὶ
627 1024 706 1060 ἡμῶν
717 1045 724 1056 ,
741 1024 781 1051 ὃτι
797 1025 821 1051 οἱ

38 1069 83 1096 υἱοὶ
94 1070 200 1104 Ζελφᾶς
213 1070 261 1097 καὶ
276 1070 379 1102 Βαλλᾶς
393 1069 486 1097 θύουσι
501 1070 536 1098 τὰ
557 1070 643 1103 καλὰ,
671 1071 718 1097 καὶ
739 1079 820 1097 κατε-

39 1114 149 1141 σθίουσιν
162 1115 237 1142 αὐτά
250 1124 293 1150 γε,
310 1115 385 1151 παρὰ
397 1115 508 1152 γνώμην
530 1115 616 1143 Ἰούδα
629 1116 676 1143 καὶ⁵
692 1116 819 1152 Ῥουϐήμ.

38 1159 91 1187 Εἶδε
109 1161 164 1197 γὰρ
180 1162 223 1189 ὃτι
243 1161 328 1197 ἀμνὸν
349 1161 479 1198 ἐξελόμην
497 1163 531 1188 ὲκ
552 1161 599 1189 τοῦ
622 1161 753 1197 στόματος
772 1161 822 1197 τῆς

38 1206 140 1242 ἄρκτου,
157 1207 291 1243 κάκείνην
308 1207 475 1239 ἔθανάτωσα,
493 1208 540 1235 καὶ
554 1207 598 1234 τὸν
616 1207 700 1242 ἀμνὸν
720 1207 820 1242 ἔθυσα,

39 1254 112 1290 (περὶ
124 1251 154 1282 οὗ
170 1254 329 1290 ἐλυπούμην
340 1275 347 1285 ,
363 1255 403 1281 ὅτι
418 1255 467 1281 οὐκ
483 1253 597 1289 ἠδύνατο
612 1253 739 1289 ζῇν),καὶ
755 1253 821 1289 ὲφά-

38 1307 113 1335 γομεν
125 1300 208 1327 αὐτόν
221 1309 227 1315 ·
241 1300 289 1327 καὶ
300 1298 359 1327 εἷπε
371 1300 410 1336 τῷ
421 1300 505 1336 πατρὶ
518 1299 595 1335 ἡμῶν
607 1299 674 1335 (56).
696 1299 751 1326 Καὶ
762 1300 822 1326 ἐνε-

39 1347 126 1373 κότουν
151 1347 191 1383 τῷ
219 1347 318 1383 Ἰωσὴφ
345 1346 408 1382 περὶ
434 1345 482 1373 τοῦ
517 1345 596 1380 λόγου
632 1345 726 1372 τούτου
740 1365 747 1377 ,
769 1345 821 1378 ἕως

38 1391 134 1427 ἡμέρας
159 1392 334 1428 διαπράσεως
364 1391 447 1418 αὑτοῦ
476 1392 515 1424 είς
538 1391 683 1426 Αἴγυπτον.
713 1392 768 1418 Καὶ
789 1391 821 1418 τὺ

39 1437 137 1473 πνεῦμα
152 1438 201 1465 τοῦ
216 1438 310 1473 μίσους
322 1436 356 1473 ἦν
367 1439 395 1464 ὲν
413 1437 474 1473 ἐμοι
484 1445 490 1452 ·
509 1436 556 1464 καὶ
568 1437 617 1463 οὐκ
631 1436 726 1472 ἤθελον
738 1457 745 1469 ,
759 1436 820 1464 οὔτε

38 1483 66 1510 δι’
79 1483 232 1520 ὀφθαλμῶν,
251 1484 313 1511 οὔτε
332 1484 366 1511 δι’
386 1484 471 1519 ἀκοῆς
486 1483 549 1510 ἰδεῖν
565 1483 611 1510 τὺν
636 1483 744 1519 Ἰωσήφ.
762 1484 820 1510 Kal

40 1529 101 1556 κατὰ
116 1530 263 1566 πρόσωπον
278 1529 356 1565 ἡμῶν
373 1528 484 1566 ἤλεγξεν
498 1529 570 1564 ἡμᾶς
580 1548 587 1562 ,
600 1529 640 1555 ὅτι
652 1529 715 1556 ἄνευ
735 1529 818 1556 ’ἰούδα

40 1574 154 1610 ἐσθίομεν
166 1575 203 1602 τὰ
215 1575 358 1611 θρέμματα
369 1583 376 1590 ·
393 1574 440 1601 καὶ
453 1573 552 1606 πάντα,
564 1574 614 1601 ὅσα
628 1573 703 1609 ἔλεγε
716 1574 754 1610 τῷ
765 1583 817 1603 πα-
831 1571 853 1600 C

40 1621 88 1656 τρὶ.
101 1621 228 1648 ἐπείθετο
239 1621 323 1656 αὐτῷ.

69 1666 102 1693 B'.
123 1676 132 1693 ι
154 1666 294 1702 Ὁμολογῶ
307 1665 354 1693 νῦν
366 1665 414 1701 τὴν
426 1665 563 1701 ἁμαρτίαν
578 1673 640 1701 μου,
657 1665 741 1692 τέκνα
751 1685 758 1697 ,
777 1666 817 1692 ὅτι

41 1711 191 1745 πλειστάκις
203 1713 296 1749 ἤθελον
308 1712 412 1739 ἀνελεῖν
425 1711 506 1738 αὑτὸν
515 1731 523 1744 ,
540 1712 581 1738 ὅτι
592 1712 644 1744 ἓως
655 1712 744 1747 ψυχῆς
756 1712 818 1747 ἐμι-

41 1766 95 1784 σουν
111 1759 208 1790 αὑτὸν,
229 1759 277 1785 καὶ
296 1758 363 1790 ὅλως
382 1758 432 1785 οὐκ
449 1755 483 1793 ἦν
501 1759 530 1784 ὲν
549 1758 610 1793 ἐμοὶ
622 1759 713 1794 ἥπατα
728 1758 818 1790 ἐλέους

41 1804 75 1835 είς
92 1804 171 1831 αὐτόν
195 1804 262 1840 (57).
278 1803 331 1830 Καί
350 1812 381 1838 γε
401 1803 444 1829 διὰ
464 1803 499 1830 τὰ
518 1803 631 1830 ἐνύπνια
644 1803 816 1839 προσεθέμην

42 1850 121 1883 μῖσος,
132 1851 179 1877 καὶ
191 1850 286 1886 ἡθελον
304 1849 384 1876 αὑτὸν
396 1848 514 1882 ἐκλεῖεαι
534 1850 566 1875 ἐκ
583 1849 634 1885 γῆς
652 1848 758 1881 ζώντων
768 1869 775 1881 ,
789 1849 818 1876 ὃν

40 1895 130 1931 τρόπον
142 1897 259 1931 ὲκλείχει
270 1897 284 1923 ὁ
299 1897 396 1931 μόσχος
406 1895 441 1922 τὰ
451 1894 544 1931 χλωρὰ
557 1895 611 1922 ἀπὸ
622 1895 671 1930 τῆς
682 1895 733 1930 γῆς
748 1894 815 1931 (38).

41 1940 81 1967 Διο
91 1941 144 1976 ἐγὼ
156 1941 205 1968 καὶ
223 1940 321 1972 Ἰούδας
334 1940 389 1976 (59)
408 1941 589 1976 πεπράχαμεν
601 1940 681 1967 αὐτὸν
694 1942 750 1972 τοῖς
769 1941 819 1968 Ἰσ-

43 1986 178 2022 μαηλίταις
201 1986 224 2013 λ’
246 1986 364 2022 χρυσίων
382 1985 457 2021 (40)·
481 1985 528 2012 καὶ
552 1984 587 2011 τὰ
610 1985 675 2012 δέκα
699 1985 819 2022 ἀποκρύ-

40 2030 148 2065 ψαντες,
172 2031 208 2059 τὰ
230 2035 254 2059 κ’
276 2031 416 2067 ἐδείξαμεν
438 2032 494 2063 τοῖς
518 2031 640 2065 ἀδελφοῖς
657 2031 745 2067 ἡμῶν.
764 2032 819 2060 Καὶ

40 2076 118 2110 οὕτως
132 2079 166 2114 τῇ
184 2077 324 2113 πλεονεξίᾳ⁴
340 2076 563 2113 ἐπληροφορήοην
588 2076 638 2111 τῆς
654 2076 819 2113 ἀναιρέσεως

41 2123 127 2151 αὐτοῦ.
148 2125 205 2151 Kal
220 2124 235 2150 ὁ
251 2123 316 2155 Θεὸς
331 2122 386 2149 τῶν
403 2122 528 2158 πατέρων
540 2130 590 2157 μου
599 2122 731 2158 ἐρρύσατο
740 2123 819 2150 αὑτὸν

41 2169 89 2196 τῶν
99 2170 198 2207 χειρῶν
211 2178 272 2205 μου,
283 2169 326 2196 ἴνα
338 2168 375 2205 μὴ
384 2169 488 2204 ποιήσω
504 2167 590 2204 ἀνόμη
595 2176 633 2203 μα
649 2168 678 2194 ὲν
700 2169 816 2205 Ἰσραήλ.

874 929 996 957 ﬁrmatus
1010 934 1051 958 est
1063 931 1097 958 ab
1117 936 1198 965 mstn;
1219 937 1245 959 et
1260 940 1384 960 reversus
1399 937 1441 960 est
1456 933 1482 960 in
1501 933 1607 961 llebron
1620 935 1653 961 ad

873 980 975 1009 patrem
1005 984 1084 1003 suum
1107 985 1114 1004 :
1137 978 1164 1004 et
1188 978 1330 1005 reclinavit
1355 985 1417 1005 eum
1439 978 1516 1013 juxta
1534 987 1573 1011 se,
1585 987 1654 1014 quo-

872 1021 944 1048 niam
964 1022 1092 1057 diligebat
1112 1030 1186 1051 eum.
1200 1023 1233 1050 Et
1257 1024 1325 1052 dixit
1344 1023 1444 1059 Ioseph
1462 1025 1533 1059 patri
1546 1030 1653 1058 nostro,

872 1067 946 1101 quod
969 1067 1016 1095 ﬁlii
1035 1067 1142 1103 Zelphae
1167 1073 1194 1096 et
1210 1069 1282 1097 Bolae
1297 1075 1417 1097 mactant
1437 1071 1518 1104 bona,
1532 1075 1559 1098 et
1572 1071 1654 1098 devo-

871 1118 933 1140 rant
950 1113 1018 1149 ipsa,
1029 1114 1123 1142 insciis
1137 1114 1206 1142 Juda
1222 1120 1249 1142 ct
1264 1115 1486 1143 Ruben.Sciebat
1498 1116 1569 1143 enim
1579 1117 1652 1151 quod

871 1166 972 1194 agnum
993 1157 1122 1188 erneham
1145 1169 1178 1189 ex
1192 1169 1239 1189 ore
1254 1169 1335 1193 ursas,
1350 1166 1376 1189 et
1393 1161 1466 1189 illam
1479 1161 1612 1195 interfeci,
1627 1168 1654 1189 et

872 1213 972 1240 agnum
987 1206 1114 1240 mactavi,
1124 1206 1168 1241 (de
1182 1214 1237 1242 quo
1252 1207 1447 1240 contristabar,
1457 1208 1586 1243 quoniam
1599 1215 1652 1234 non

870 1251 958 1286 potuit
973 1252 1074 1286 vivere)
1086 1257 1113 1279 et
1127 1252 1335 1279 comedebamns
1347 1252 1434 1287 ipsum
1450 1263 1456 1279 :
1470 1257 1497 1280 et
1507 1253 1575 1280 dixit
1583 1253 1653 1287 patri

871 1301 978 1325 nostro.
995 1296 1028 1325 Et
1052 1298 1166 1325 moleste
1189 1296 1306 1325 ferebam
1329 1297 1400 1324 istud
1415 1298 1527 1324 verbum
1541 1297 1652 1332 Joscph,

871 1352 958 1378 usque
980 1344 1006 1371 in
1030 1344 1102 1371 diem
1127 1344 1294 1371 venditionis
1315 1343 1375 1378 ejus
1395 1344 1421 1371 in
1448 1344 1606 1379 Egyptum.
1621 1342 1655 1370 Et

871 1390 981 1425 spiritus
1001 1390 1055 1417 odii
1067 1394 1125 1417 erat
1136 1389 1162 1416 in
1178 1397 1238 1422 me;
1253 1395 1279 1416 et
1295 1390 1370 1416 nolui
1387 1389 1488 1424 Joseph
1501 1393 1548 1416 aut
1560 1389 1654 1416 audire

871 1441 919 1464 aut
942 1436 1044 1464 videre.
1060 1435 1093 1462 Et
1122 1443 1214 1463 coram
1235 1435 1303 1463 facie
1324 1440 1420 1463 nostra
1436 1435 1574 1470 redarguit
1591 1442 1651 1467 nos,

869 1483 998 1518 quoniam
1017 1483 1076 1510 sine
1093 1481 1162 1509 Juda
1186 1482 1355 1510 comedimus
1374 1489 1472 1517 pecora
1485 1491 1491 1509 :
1504 1486 1531 1510 et
1550 1481 1653 1510 omnia.

870 1536 1038 1563 quaecunque
1051 1528 1120 1555 dixit
1138 1528 1217 1563 patri,
1229 1528 1364 1563 persuasit
1375 1527 1410 1555 ei.

903 1664 936 1692 ll.
955 1673 965 1690 ί
983 1664 1122 1692 Conﬁteor
1138 1671 1212 1692 nunc
1227 1669 1366 1699 peccatum
1385 1671 1487 1696 meum,
1504 1663 1563 1696 ﬁlii,
1579 1665 1652 1698 quod

869 1717 940 1744 saepe
959 1709 1031 1735 volui
1046 1708 1170 1736 occidere
1183 1716 1257 1741 eum,
1272 1708 1401 1743 quoniam
1425 1716 1512 1743 usque
1536 1708 1571 1735 ad
1591 1710 1652 1736 aui-

868 1763 940 1782 mam
959 1755 1021 1782 odio
1041 1754 1121 1781 habui
1137 1761 1212 1787 eum,
1228 1759 1255 1781 et
1270 1753 1382 1781 omnino
1396 1761 1450 1780 non
1470 1758 1548 1781 erant
1561 1754 1590 1780 in
1610 1762 1653 1782 mc

867 1801 973 1829 viscera
997 1800 1198 1828 misericordiae
1213 1807 1277 1835 erga
1292 1799 1390 1834 ipsum.
1405 1799 1438 1826 Et
1458 1805 1566 1834 propter
1580 1807 1653 1827 som-

868 1849 913 1875 nia
929 1847 1013 1882 ipsius
1028 1847 1138 1882 concepi
1152 1847 1255 1879 odium,
1268 1851 1293 1873 et
1310 1846 1382 1873 volui
1410 1847 1499 1881 ipsum
1516 1845 1653 1881 delingere

867 1902 883 1922 e
903 1898 975 1921 terra
998 1893 1158 1926 viventium,
1173 1889 1403 1927 quemadmodum
1421 1892 1535 1927 delingit
1548 1891 1650 1919 vitulus

869 1941 967 1968 herbas
981 1947 995 1967 a
1012 1944 1094 1968 terra.
1111 1939 1226 1974 Propter
1241 1939 1313 1973 quod
1327 1946 1376 1974 ego
1390 1943 1417 1966 et
1434 1937 1518 1966 Iudas
1527 1938 1650 1965 vendidi.-

868 1996 930 2015 mus
943 1995 1005 2015 eum
1022 1985 1164 2013 lsmaelitis
1185 1985 1295 2020 triginta
1309 1985 1417 2018 aureis;
1436 1990 1464 2012 et
1487 1985 1578 2012 decem
1593 1985 1651 2013 abs-

868 2033 1024 2065 condentes,
1047 2031 1140 2067 viginti
1164 2030 1333 2058 ostendimus
1349 2030 1478 2058 fratribus
1495 2031 1608 2059 nostris.
1620 2030 1653 2058 Et

869 2079 906 2106 ita
928 2078 1042 2106 avaritia
1064 2077 1224 2105 animumin
1246 2077 1347 2104 caedem
1360 2077 1419 2112 ejus
1434 2076 1651 2105 obﬁrmavcram.

870 2125 940 2153 Deus
956 2129 1045 2152 autem
1062 2129 1167 2159 patrum
1183 2131 1304 2152 meorum
1322 2124 1422 2158 eripuit
1438 2131 1502 2150 eum
1517 2123 1550 2150 de
1565 2123 1653 2150 mani-

869 2171 921 2198 bus
934 2170 1013 2201 meis.
1030 2174 1127 2197 utnon
1144 2168 1262 2197 facerem
1283 2168 1455 2204 iniquitatem
1472 2169 1500 2196 in
1517 2168 1610 2196 lsrael.

74 2247 129 2283 (32)
146 2247 273 2284 Vicesimo
282 2248 402 2284 septimo.
415 2245 461 2274 Sic
470 2249 558 2284 exstat
568 2246 594 2273 in
604 2251 720 2284 utroque
728 2249 822 2277 codice
837 2252 859 2279 D
873 2253 948 2284 gnat.
973 2247 1050 2275 Unde
1070 2248 1152 2275 variae
1174 2247 1373 2284 Babbinorum‘
1387 2247 1561 2284 conjecturae.
1581 2247 1654 2274 Con—

44 2281 142 2311 Latino.
157 2283 211 2310 Sed
225 2281 341 2317 uterque
359 2282 473 2318 thecus
481 2281 561 2308 habet
577 2285 645 2317 ρκε’,
662 2281 783 2318 adeoque
794 2285 822 2311 in

42 2317 168 2346 alterutro
189 2322 231 2345 est
250 2316 357 2345 vitium.
382 2316 492 2344 Difﬁcile
515 2320 603 2344 autem
618 2321 658 2344 est
675 2316 774 2350 dicere,
795 2320 821 2346 in

42 2360 92 2386 quo
103 2362 110 2386 ;
126 2361 158 2381 ac
173 2360 268 2387 parum
275 2351 443 2380 refert.-—lta
451 2351 567 2379 Grabius
577 2353 646 2386 apud
657 2351 820 2382 Fabricium.

74 2388 129 2423 (55)
151 2387 306 2422 Ἕϐδομος.
323 2388 451 2418 Ἔννατος
469 2387 550 2423 habet
563 2387 647 2414 codex
661 2387 761 2422 0x0n.,
774 2390 822 2417 sed

43 2420 124 2456 male;
136 2428 166 2451 ut
179 2431 213 2451 ex
225 2420 381 2451 Genesar“
394 2426 510 2449 constat.
526 2420 564 2449 In.

75 2458 128 2492 (54)
147 2460 186 2486 ’Ἡ
199 2458 355 2492 πάρδαλις,
372 2457 391 2491 ἢ
406 2456 523 2492 ἄρκτος.
537 2457 647 2485 Desunt.
660 2457 697 2486 In.

75 2467 128 2492 (οιη
149 2467 183 2486 ἠ
199 2467 355 2492 παροανιις,
372 2467 391 2491 η
406 2467 426 2483 α
445 2467 523 2489 κτος.
537 2467 647 2485 Desunt.
661 2467 697 2486 in.

75 2493 130 2530 (255)
157 2493 359 2530 'Eyagaxlq'lln
376 2467 446 2530 (13$
449 2492 502 2530 τοῦ
513 2493 671 2530 καύματος.
681 2494 823 2530 γἙκαυμα-

43 2527 115 2558 τίσθη
132 2528 186 2556 ὑπὸ
201 2528 247 2555 τοῦ
265 2527 402 2558 καύσωνος
414 2547 421 2558 ,
440 2527 520 2554 habet
539 2527 701 2556 Oxoniensis
725 2527 820 2557 codex.

44 2537 97 2554 τισυ
132 2537 186 2556 υπο
201 2537 247 2555 του
265 2537 402 2558 καυσωνος
414 2547 421 2558 ν
440 2537 520 2554 ιιδυυι
539 2537 701 2556 υΧΟΙΙΙΕΙΙΞΙΞ
725 2537 820 2557 εοαεεκ.

44 2561 88 2589 Cui
99 2537 168 2591 licet
183 2563 273 2598 quoad
291 2563 410 2598 priorem
425 2569 519 2589 vocem
528 2563 718 2598 prteferendus
730 2565 822 2592 videa-

44 2601 85 2624 tur
98 2597 342 2634 Cantabrigieitsis,
355 2597 384 2635 in
400 2605 455 2633 quo
464 2601 512 2635 est
525 2597 695 2635 ὲμαλακίσθη
709 2609 716 2626 :
731 2599 820 2634 quoad

44 2635 216 2666 posteriorem
232 2632 329 2661 'tamen
354 2632 415 2668 ipse
435 2632 501 2668 mihi
525 2633 612 2668 magis
632 2632 822 2667 placet—Kac-

47 2676 97 2704 οων
116 2669 216 2704 quippe
237 2668 369 2703 significat
390 2667 531 2704 formalem
558 2667 680 2695 morbum
694 2689 701 2700 ,
724 2669 821 2697 febrim

46 2702 143 2765 iciliclét
157 2702 306 2736 ardentem,
323 2703 351 2730 in
367 2710 450 2737 quam
464 2702 599 2738 Josephus
615 2704 744 2732 incidisse
757 2705 822 2732 dici-

57 2745 94 2765 ω’.
121 2748 148 2765 D.

47 2740 94 2765 tur.
111 2740 148 2766 In.

78 2773 131 2809 (36)
152 2774 226 2801 Εἷπε
242 2773 282 2806 τῷ
298 2773 384 2809 πατρὶ
403 2772 495 2807 ἡμῶν.
513 2773 636 2809 Declarat
663 2779 759 2802 auctor
778 2774 821 2803 his

47 2809 149 2842 verbis,
173 2817 226 2844 qua
253 2809 286 2836 de
308 2816 338 2836 re
358 2808 492 2842 Josephus
516 2808 612 2836 fratres
630 2810 701 2844 apud
718 2814 820 2844 patrem

48 2845 225 2879 accusaverit:
242 2852 386 2872 accusasse
402 2844 474 2870 enim
488 2852 615 2878 expresse
630 2846 666 2871 ait
681 2845 820 2879 Scriptura

48 2876 138 2908 (lenes.
154 2888 257 2913 xxxv",
271 2880 288 2906 2
300 2889 306 2913 ;
324 2880 369 2907 scd
383 2879 472 2912 capita
484 2876 667 2908 accusationis
682 2888 733 2908 non
743 2876 820 2908 desi-

874 2281 975 2311 trarius
997 2287 1040 2311 est
1062 2288 1156 2311 nostro
1172 2283 1275 2310 auctori
1298 2282 1331 2309 Β.
1357 2281 1486 2316 Salomo,
1508 2283 1572 2309 dum
1598 2290 1652 2310 non

874 2319 944 2346 ﬁlios
955 2318 1027 2345 Baiae
1039 2323 1064 2345 et
1078 2318 1195 2354 chphat,
1208 2318 1254 2345 sed
1268 2317 1338 2350 Leaa,
1351 2325 1364 2344 a
1377 2317 1494 2351 Josepho
1511 2322 1654 2354 accusatos

874 2354 961 2388 ﬁngit,
976 2358 1003 2380 et
1014 2353 1172 2386 quidem’ob
1187 2353 1344 2380 devoratum
1366 2353 1516 2388 membrum
1539 2353 1572 2379 de
1592 2353 1653 2380 vivo

874 2387 1028 2418 animante:
1039 2390 1110 2423 quod
1123 2392 1182 2416 erat
1193 2393 1287 2415 contra
1298 2388 1382 2422 legem
1404 2387 1450 2414 Dei
1461 2387 1525 2414 Noae
1544 2388 1633 2414 datam
1644 2408 1652 2419 ,

875 2424 943 2451 Gen.
958 2432 996 2456 ix.
1016 2424 1043 2451 4.
1052 2424 1105 2451 Sed
1117 2423 1179 2451 nolo
1190 2423 1264 2450 hisce
1275 2423 1385 2450 incertis
1396 2423 1548 2449 immorari.
1567 2423 1651 2449 GRAB.

911 2469 967 2504 (57)
987 2470 1041 2496 Καὶ
1064 2470 1141 2502 ὅλως
1163 2469 1218 2495 οὐκ
1240 2468 1280 2502 ἣν
1299 2468 1334 2494 ἐν
1355 2467 1419 2502 ἐμοὶ
1435 2468 1536 2502 ἥπατα
1551 2467 1654 2501 ἐλέους

872 2507 915 2538 εὶς
930 2505 1031 2531 αὐτόν.
1051 2504 1162 2532 Desunt.
1177 2505 1216 2530 in.

908 2551 965 2584 (38)
987 2553 1041 2577 Ὃν
1057 2551 1166 2584 τρόπον
1186 2551 1315 2584 ἐκλείχει
1337 2552 1354 2577 ό
1371 2550 1488 2584 μόσχος
1503 2549 1540 2576 τὰ
1555 2549 1656 2583 χλωρὰ

871 2586 931 2614 ἀπὸ
947 2586 1001 2620 τῆς
1016 2585 1081 2621 γῆς.
1097 2585 1204 2612 Omissa
1216 2590 1288 2621 sunt.
1299 2586 1337 2612 lo.
1349 2585 1492 2621 —Al_lud_it
1506 2584 1655 2621 adtextutn

872 2621 953 2648 Num.
964 2618 1032 2653 xxii,
1041 2618 1068 2647 4:
1079 2620 1134 2647 Νῦν
1145 2620 1280 2656 ἐκλείξειή
1290 2619 1435 2656 συναγωγὴ
1445 2619 1512 2654 αὕτη
1522 2618 1656 2656 (Ἰσραὴλ)

873 2657 978 2688 πάντας
994 2657 1056 2688 τοὺς
1072 2656 1163 2691 κύκλῳ
1179 2654 1279 2690 ἡμῶν(
1295 2656 1362 2683 ὡσεὶ
1380 2655 1499 2688 ὲκλείξαι
1518 2655 1533 2680 ὁ
1557 2654 1658 2689 μόσχος

872 2692 906 2719 τὰ
916 2692 1008 2728 χλωρὰ
1025 2693 1056 2718 ὲκ
1071 2691 1118 2718 τοῦ
1129 2691 1230 2718 πεδίου.
1265 2691 1368 2720 Dmcu.

907 2739 963 2774 (39)
989 2738 1111 2771 Ἰούδας.
1125 2737 1235 2773 Συμεών
1248 2745 1389 2772 perperam
1402 2738 1483 2766 habet
1493 2737 1554 2765 cod.
1566 2736 1654 2763 Oxon.

873 2775 963 2845 mulli.)
982 2810 1128 2844 Χρυσίων.
1145 2808 1245 2836 Aurcos
1269 2809 1334 2837 dicit
1358 2813 1452 2845 auctor
1474 2816 1507 2845 ex
1530 2807 1656 2845 versione

872 2842 964 2874 (ἕνπεέ
979 2842 1032 2872 τῶν
1046 2847 1083 2872 0’.
1105 2844 1226 2878 Triginta
1240 2849 1430 2872 numeratrum
1442 2843 1537 2870 Latino
1547 2842 1655 2876 vulgato

874 2883 1039 2916 interprete.
1059 2881 1136 2914 juxta
1160 2881 1292 2914 quasdam
1317 2880 1467 2912 editiones;
1491 2879 1517 2905 in
1539 2882 1655 2911 utroque
