1913 3102
256 140 267 166 Ι
272 139 324 168 095

694 135 926 164 TESTAMENTA
952 134 998 163 ΧΠ
1021 134 1329 163 PATRIARCHARUM.

1807 132 1872 160 £095

255 197 338 225 faciet
348 196 473 232 proximo
486 202 548 228 suo,
559 194 595 222 ita
606 198 633 222 et
647 193 777 221 Dominus
792 193 872 221 faciet
886 193 920 221 ei.
931 193 1035 221 Etenim

1092 193 1189 229 Κύριος
1210 195 1317 230 ποιήσει
1335 192 1418 228 αὐτῷ.
1430 191 1485 219 Καὶ
1496 191 1549 227 γὰρ
1567 191 1593 218 oi
1609 190 1662 218 υίοὶ
1678 190 1735 217 τῶν
1753 189 1873 225 ἀδελφῶν

255 243 302 270 ﬁlii
318 242 432 269 fratrum
445 248 567 269 meorum
580 240 763 275 eegrotahant,
776 240 962 267 moriebantur
975 247 1036 274 pro-

254 294 313 324 pter
325 288 435 322 Joseph,
453 288 581 322 quoniam
604 294 658 314 non
679 286 802 312 fecerunt
821 286 1034 313 misericordiam

255 335 282 361 in
295 334 445 361 visceribus
464 333 537 365 suis;
552 332 599 359 ﬁlii
619 337 708 359 autem
727 331 780 358 mei
801 331 859 358 sine
877 332 1036 366 aegritudine

254 380 382 407 eustoditi
396 383 469 411 sunt,
492 379 564 406 sicut
584 377 710 405 novistis.
730 376 762 404 Et
780 377 890 411 quando
910 385 984 404 eram
1007 377 1034 404 in

254 425 396 458 Chanaan,
411 426 437 452 in
454 425 546 452 liuore
561 429 675 451 venatus
687 431 747 450 sum
759 423 903 450 venatione
919 422 1034 457 piscium

254 471 337 499 Jaeoh
350 471 420 506 patri
436 478 513 503 meo;
530 475 556 498 et
571 470 664 497 multis
676 468 814 497 suﬁ'ocatis
838 469 865 495 iit
886 468 966 501 tnari,
985 476 1035 504 ego

255 519 356 546 illaesus
371 517 517 552 permensi.

290 564 334 592 Vl.
347 574 357 590 ‹
371 564 478 591 Primus
490 571 540 598 ego
555 563 606 590 feci
625 563 752 598 scapham
774 562 801 589 in
813 562 882 589 mari
896 562 1034 597 navigare,

254 612 384 647 quoniam
396 610 528 637 Dominus
542 609 614 637 dedit
627 609 692 636 mihi
710 608 873 636 intellectum
890 613 916 635 et
928 608 1036 642 sapien-

254 659 321 685 tiam
346 658 374 684 in
401 657 458 692 ipsa
481 666 487 683 :
513 660 540 683 et
563 656 660 683 demisi
680 655 781 690 lignum
805 659 866 690 post
886 655 985 689 ipsam,
1009 658 1036 682 et

253 705 342 732 velum
365 703 473 731 extendi
491 703 518 730 in
533 703 607 738 ligno
623 706 710 735 recto,
736 702 761 728 in
775 701 879 736 medio;
893 706 920 729 et
934 702 961 729 in
977 702 1035 737 ipsa

254 749 448 783 perambulans
465 747 572 780 littora,
592 747 716 782 piscabar
734 747 822 782 pisces
837 747 930 774 domui
950 748 1035 782 patris

255 795 319 827 mei.
334 801 475 829 usquequo
492 794 617 820 venimus
640 793 667 820 in
681 793 825 828 [Egyptum
841 797 887 821 :et
907 801 939 820 ex
954 801 1036 821 vena-

255 842 331 868 tione
343 848 402 868 mca
415 840 489 867 omni
501 839 604 866 homini
615 839 757 874 peregrino
772 839 915 866 miseratus
926 839 1033 866 dabam.

257 886 286 913 Si
301 894 364 914 vero
385 891 444 914 erat
463 885 634 920 peregrinus,
656 885 697 912 vel
717 891 862 920 mgrotans,
881 885 923 912 vel
943 892 1036 917 senex,

256 939 377 967 coquens
396 932 497 966 pisces,
514 936 541 958 et
551 932 620 958 bene
632 939 664 958 ea
682 930 750 964 (eos)
763 938 915 965 apparans,
937 938 1037 959 secun-

256 977 322 1004 dum
339 976 555 1011 uniuscujusque
576 976 763 1004 necessitatem
787 975 932 1003 aﬁ‘erebam
947 976 1035 1003 omni-

255 1022 317 1055 bus,
331 1021 460 1056 colligens
475 1025 502 1047 et
516 1021 695 1055 compatiens.
710 1020 823 1054 Propter
837 1021 890 1049 hoc
906 1026 933 1048 et
944 1020 1037 1048 Domi-

256 1075 308 1094 nus
319 1067 419 1094 multos
431 1067 520 1101 pisces
537 1066 601 1094 fecit
615 1075 658 1093 me
670 1067 775 1094 venari.
791 1067 842 1100 Qui
857 1067 929 1096 enim
945 1068 1038 1095 tribuit

255 1113 395 1147 proximo,
419 1113 518 1147 accipit
539 1112 717 1147 multiplicata
741 1121 757 1140 a
773 1113 898 1142 Domino.
913 1114 1039 1149 Quinque

256 1160 336 1187 annis
355 1160 476 1194 piscatus
501 1167 574 1191 sum,
598 1160 673 1186 omni
694 1159 797 1186 homini
817 1167 897 1194 quem
918 1160 1038 1187 videram

256 1205 397 1238 tribuens,
416 1209 443 1232 et
461 1205 536 1232 omni
557 1205 649 1232 domui
676 1206 761 1240 patris
775 1207 827 1233 mei
842 1206 990 1234 suﬁiciens.
1009 1207 1038 1233 ιιι

256 1255 349 1277 aestate
360 1251 503 1285 piscahar;
523 1250 549 1277 in
563 1250 653 1278 hieme
668 1255 757 1278 autem
771 1251 914 1286 pascebam
930 1260 1037 1288 gregem

256 1304 318 1324 cum
333 1296 462 1324 fratribus
477 1296 555 1323 meis.

292 1342 347 1369 Vll.
359 1351 367 1368 l
388 1342 465 1369 Nunc
479 1342 646 1369 annuntiaho
660 1342 739 1370 vobis
753 1351 813 1378 qua)
836 1343 897 1371 feci.
907 1342 1036 1371 Videbam

257 1387 386 1415 amictum
410 1387 436 1414 in
458 1386 582 1414 nuditate
604 1387 719 1421 hiemis;
740 1393 768 1415 et
791 1389 876 1424 ipsius
899 1389 1036 1422 misertus,

257 1433 364 1460 furatus
392 1434 585 1460 vestimentum
612 1442 646 1461 ex
672 1434 754 1461 domo
782 1443 842 1462 mea
865 1435 1036 1468 abscondite,

257 1479 318 1506 dedi
342 1479 449 1506 aﬁiieto.
474 1478 507 1506 Et
528 1487 578 1506 vos
600 1479 692 1514 igitur,
716 1478 763 1506 ﬁlii
786 1480 849 1513 mei,
864 1488 896 1507 ex
919 1480 961 1508 his
977 1488 1038 1515 qua:

1089 247 1138 274 μου
1151 239 1290 273 ⁴ὴσθένουν,
1302 238 1473 273 ἀπέθνησκον
1484 238 1528 264 διὰ
1545 239 1653 274 Ἰωσὴφ,
1667 238 1710 265 ὅτι
1720 237 1773 264 οὐκ
1788 236 1874 271 ἑποίηη

1087 293 1137 311 σαν
1162 285 1234 316 ἕλεος
1260 285 1289 311 ἐν
1313 284 1477 319 σπλάγχνοις
1506 284 1610 311 αὐτῶν·
1636 285 1661 310 oi
1688 283 1717 309 δὲ
1740 281 1796 309 υἱοί
1825 291 1873 317 μου

1086 330 1175 357 ἄνοσοι
1193 330 1420 366 διεφυλάχθησαν,
1443 329 1480 361 ὡς
1501 329 1599 356 οἴδατε.
1622 329 1678 356 Καὶ
1698 329 1743 355 ὅτε
1762 329 1834 363 ήμην
1846 329 1873 355 ἐν

1085 378 1118 412 τῇ
1150 376 1218 413 (58)
1248 376 1373 408 Χαναὰν,
1407 375 1447 407 είς
1478 375 1611 411 παράλιον
1641 375 1774 411 ἐθήρευον
1807 375 1872 410 θήρᾳ

1088 421 1186 456 ίχθύων
1209 422 1270 457 (59)
1302 421 1399 448 Ἰακὼὸ
1424 422 1463 457 τῷ
1491 422 1575 457 πατρί
1601 430 1667 456 μου·
1697 422 1746 448 καὶ
1773 421 1872 448 πολλῶν

1086 467 1243 502 ἀγχομένων
1254 468 1284 494 ὲν
1294 469 1327 502 τῇ
1342 467 1474 504 Θαλάσσῃ,
1490 466 1545 501 ἐγὼ
1562 466 1684 502 ἀϐλαϐὴς
1696 467 1831 502 διέμεινα.

1125 570 1162 599 ς’.
1191 575 1200 592 t
1217 566 1327 601 Πρῶτος
1346 565 1400 601 ἐγὼ
1417 566 1532 602 ἐποίησα
1549 567 1651 600 σκάφος
1667 566 1723 602 (60)
1737 567 1872 593 ἐπιπλέειν

1086 613 1114 638 ὲν
1133 614 1166 647 τῇ
1188 612 1318 648 θαλάσσῃ,
1343 612 1384 638 ὅτι
1401 613 1502 648 Κύριος
1523 613 1606 639 ἔδωκέ
1632 622 1675 648 μοι
1701 613 1811 639 σύνεσιν
1830 614 1872 640 καὶ

1088 657 1182 692 σοφίαν
1198 658 1226 684 ἐν
1243 657 1332 692 αὐτῷ·
1355 658 1402 684 καὶ
1420 657 1528 692 καθῆκα
1547 657 1624 690 ξύλον
1646 657 1760 684 ὄπισθεν
1782 657 1871 688 αὐτοῦ,

1088 703 1133 729 καὶ
1142 702 1236 738 ὀθόνην
1246 702 1364 736 ἐξέτεινα
1370 703 1398 728 ὲν
1407 702 1477 737 ξύλῳ
1485 702 1556 738 ὀρθῷ
1566 704 1595 728 ὲν
1607 703 1695 738 μέσῳ·
1706 703 1751 730 καῖ
1762 704 1791 728 ἐν
1803 704 1871 738 αὐτῷ

1087 748 1310 784 διαπορευόμενος
1325 749 1388 780 τοὺς
1406 748 1554 782 αἰγιαλοὺς,
1573 748 1680 784 ήλίευον
1699 748 1794 783 ἰχθύας
1811 750 1872 784 οἴκῳ

1087 795 1189 829 πατρός
1205 803 1267 830 μου,
1284 794 1337 826 ἓως
1353 794 1470 830 ἤλθομεν
1492 795 1532 826 εἰς
1546 794 1700 829 Αἴγυπτον·
1716 796 1764 822 καὶ
1781 797 1814 822 ὲκ
1827 796 1871 830 τῆς

1088 839 1173 876 θήρας
1195 848 1245 876 μου
1265 841 1347 866 παντὶ
1371 841 1505 876 ἀνθρώπῳ
1531 841 1598 876 ξένῳ
1629 841 1871 877 σπΜγχνιζὸμε-ιος

1087 885 1198 911 ἐδίδουν.
1214 885 1246 912 El
1257 885 1285 912 δὲ
1299 883 1333 920 ἦν
1350 885 1434 918 ξένος,
1452 886 1468 922 ἢ
1482 886 1576 917 νοσῶν,
1590 887 1606 921 ἢ
1620 887 1755 922 γηράσας,
1772 887 1871 923 ἑψήσας

1088 930 1150 962 τοὺς
1175 930 1277 965 ἰχθύας,
1300 932 1346 958 καὶ
1370 932 1487 967 ποιήσας
1509 932 1577 958 αὐτὰ
1593 933 1714 966 ἀγαθῶς.
1738 933 1808 959 κατὰ
1826 934 1871 968 τὴν

1088 977 1203 1003 ἑκάστου
1218 977 1309 1012 χρείαν
1325 977 1491 1012 προσέφερον
1507 979 1584 1009 πᾶσι,
1603 978 1727 1012 συνάγων
1741 980 1788 1005 καὶ
1804 987 1869 1014 συμ-

1089 1024 1210 1058 πάσχων.
1225 1023 1274 1050 Διὰ
1285 1023 1363 1050 τοῦτο
1375 1024 1420 1050 καὶ
1436 1024 1450 1050 ὁ
1460 1024 1561 1060 Κύριος
1576 1025 1659 1051 πολὺν
1674 1025 1750 1060 ἰχθῦν
1763 1026 1870 1061 ἐποίησὲ

1091 1076 1124 1103 με
1142 1067 1240 1104 θηρᾷν.
1265 1068 1293 1095 '0
1309 1069 1362 1104 γὰρ
1381 1070 1535 1105 μεταδιδοὺς
1551 1070 1589 1106 τῷ
1612 1070 1724 1106 πλησίον
1742 1071 1870 1106 λαμϐάνει

1089 1113 1306 1141 πολλαπλασίονα
1331 1115 1406 1151 παρὰ
1429 1116 1540 1151 Κυρίου.
1570 1116 1654 1142 Πέντε
1680 1115 1727 1151 ἐτη
1751 1117 1869 1151 ήλίευσα,

1090 1158 1168 1184 παντὶ
1184 1157 1328 1194 ἀνθρώπῳ,
1347 1159 1375 1185 ὂν
1391 1158 1533 1195 ἑωράκειν,
1554 1159 1719 1194 μεταδιδοὺς,
1734 1161 1780 1186 καὶ
1796 1162 1870 1186 παντὶ

1088 1203 1126 1238 τῷ
1141 1203 1206 1238 οἴκῳ
1222 1204 1268 1230 τοῦ
1283 1205 1386 1240 πατρός
1403 1214 1453 1240 μου
1467 1205 1588 1241 ἐξαρκῶν
1613 1205 1649 1232 Τὸ
1664 1205 1743 1241 θέρος
1757 1206 1868 1241 ήλίευον,

1089 1249 1135 1275 καὶ
1151 1250 1180 1276 ὲν
1196 1250 1310 1286 χειμῶνι
1331 1251 1488 1286 ὲποίμαινον
1515 1251 1583 1286 μετὰ
1603 1251 1657 1278 τῶν
1671 1251 1793 1286 ἀδελφῶν
1811 1261 1868 1287 μου.

1123 1351 1159 1377 Ζ’.
1184 1360 1192 1376 ι
1208 1350 1264 1378 Νῦν
1287 1351 1428 1386 ἀναγγελῶ
1451 1353 1514 1387 ὑμῖν
1530 1351 1595 1387 (61),
1616 1352 1634 1379 ἃ
1651 1352 1776 1387 ἐποίησα.
1798 1351 1870 1378 me»

1089 1395 1243 1431 θλιϐόμενον
1266 1397 1296 1423 ὲν
1317 1397 1466 1433 γυμνότητι
1489 1397 1634 1433 χειμῶνος,
1659 1398 1706 1424 καὶ
1727 1398 1870 1432 σπλαγχνι-

1089 1439 1162 1472 σθεὶς
1184 1441 1227 1467 ἐπ’
1250 1440 1338 1472 αὐτὸν,
1364 1441 1465 1476 κλέψας
1489 1443 1593 1478 ἱμάτιον
1616 1444 1648 1469 ὲκ
1663 1442 1710 1469 τοῦ
1731 1443 1807 1470 οἴκου
1823 1452 1870 1478 μου

1089 1487 1238 1521 κρυφαίως,
1251 1487 1338 1514 ἔδωκα
1350 1487 1388 1522 τῷ
1398 1487 1554 1524 θλιϐομένῳ.
1567 1488 1622 1515 Καὶ
1633 1489 1711 1524 ὑμεῖς
1720 1487 1778 1520 οὖν,
1792 1490 1871 1516 τέκνα

258 1524 354 1552 tribuit
370 1524 447 1551 vobis
463 1524 544 1555 Deus.
562 1523 747 1552 indiﬁ‘erenter
760 1525 882 1552 omnium
904 1525 1030 1553 miseren-

1092 1540 1151 1566 μου,
1175 1532 1204 1564 ἐξ
1219 1530 1255 1559 ὧν
1279 1533 1392 1569 παρέχει
1408 1534 1472 1568 ὑμῖν
1495 1535 1509 1560 ὁ
1527 1533 1602 1565 Θεὸς,
1626 1534 1791 1569 ἀδιακρίτως
1807 1536 1870 1561 πᾶς’

258 1574 310 1602 tes,
323 1569 539 1597 misericordiam
563 1569 653 1602 facile,
669 1574 695 1597 et
709 1570 818 1598 tribuite
837 1572 911 1598 omni
933 1571 1037 1598 homini

258 1616 286 1643 in
308 1616 379 1643 bono
398 1616 489 1644 corde.
515 1615 544 1643 Si
558 1624 623 1643 vero
648 1624 700 1643 non
716 1617 820 1644 habetis
845 1617 871 1644 in
893 1617 1038 1645 occasione

257 1660 323 1688 dare
339 1660 478 1695 indigenti,
492 1662 694 1696 compatiamini
719 1663 747 1689 in
763 1663 913 1690 visceribus
932 1663 1038 1691 miseri-

257 1706 366 1734 cordiae.
386 1705 453 1733 Novi
465 1707 537 1742 quod
550 1715 648 1735 manus
661 1715 722 1735 mea
736 1716 790 1736 non
808 1708 910 1736 invenit
925 1709 952 1735 in
967 1716 1038 1743 pm-

258 1758 321 1779 sens
344 1751 464 1779 tribuere
482 1752 625 1788 indigenti,
638 1758 665 1780 et
679 1754 796 1788 amplius
818 1759 920 1789 septem
943 1754 1039 1782 stadiis

258 1796 401 1823 ambulans
416 1804 477 1824 cum
494 1798 564 1832 ipso,
578 1797 693 1832 ﬁebam;
718 1803 746 1826 et
758 1800 862 1827 viscera
884 1807 944 1827 mea
960 1808 1038 1828 versa

258 1846 323 1869 sunt
337 1849 418 1877 super
435 1843 522 1877 ipsum
542 1843 568 1870 in
582 1845 811 1879 compassionem.

295 1931 361 1958 Vill.
377 1931 432 1958 «Et
458 1940 506 1959 vos
534 1932 627 1968 igitur,
653 1934 699 1960 ﬁlii
726 1934 790 1968 mei,
814 1934 911 1963 habete
934 1936 1039 1964 viscera

259 1978 459 2011 compassionis
475 1978 501 2005 in
515 1986 623 2007 omnem
640 1980 776 2007 hominem
797 1981 823 2007 in
839 1981 1038 2015 misericordia,

260 2027 290 2049 ut
302 2027 328 2049 et
341 2022 413 2050 Deus
428 2024 506 2051 vobis
526 2025 661 2059 propitius
682 2026 843 2054 misereatur
865 2028 958 2061 vestri,
971 2036 1040 2063 quo—

260 2069 333 2094 niam
349 2073 376 2095 et
396 2071 422 2096 ln
438 2070 569 2097 extremis
587 2071 682 2098 diebus
697 2070 768 2099 Deus
783 2073 871 2099 mittet
885 2074 1041 2101 misericor-

260 2113 332 2139 diam
361 2121 438 2140 suam
464 2115 490 2141 in
512 2119 611 2142 terram
636 2124 643 2142 :
665 2120 692 2142 et
714 2117 759 2143 ubi
789 2117 922 2144 invenerit
937 2118 1039 2146 viscera

260 2158 465 2192 misericordiae,
491 2161 518 2187 in
547 2161 606 2195 ipso
633 2161 775 2189 habitabit.
800 2162 937 2195 Quantum
967 2164 1040 2191 enim

1090 1577 1329 1614 πλαγχνιζόμενοι
1351 1578 1450 1605 ὲλεεῐτε
1475 1578 1540 1614 (62),
1567 1580 1614 1606 καὶ
1639 1580 1774 1615 παρέχετε
1796 1581 1869 1606 παντὶ

1089 1622 1223 1658 ἀνθρώπῳ
1248 1624 1276 1650 ὲν
1303 1623 1390 1659 ἀγαθῇ
1415 1624 1523 1660 καρδίᾳ.
1544 1624 1576 1651 Et
1595 1625 1624 1651 δὲ
1646 1625 1683 1660 μὴ
1706 1625 1783 1660 ἔχετε
1808 1626 1871 1660 πρὸς

1089 1669 1183 1704 καιρὸν
1205 1669 1295 1696 δοῦναι
1312 1670 1350 1705 τῷ
1367 1669 1503 1706 χρῄζοντι,
1527 1671 1701 1706 συμπάσχετε
1725 1672 1754 1697 ἐν
1777 1671 1871 1704 σπλάγ-

1089 1722 1161 1748 χνοις
1185 1714 1287 1746 ἐλέους.
1312 1713 1376 1742 Οἶδα
1399 1717 1440 1742 ὅτι
1459 1717 1475 1749 ἠ
1493 1716 1553 1752 χείρ
1577 1725 1628 1752 μου
1653 1716 1704 1752 οὐχ
1720 1714 1784 1751 εὗρε
1807 1718 1871 1752 πρὸς

1089 1758 1120 1785 τὺ
1142 1759 1228 1795 παρὸν
1257 1761 1394 1788 ἐπιδοῦναι
1420 1761 1459 1796 τῷ
1483 1762 1608 1798 χρῄζοντι
1624 1783 1632 1794 ,
1671 1763 1718 1789 καὶ
1743 1762 1784 1788 ἑτι
1806 1763 1871 1789 ἑπτὰ

1090 1805 1212 1837 σταδίους
1243 1807 1479 1842 συμπορευόμενος
1503 1807 1587 1842 αὐτῷ,
1617 1807 1743 1834 ἔκλαιον·
1772 1809 1819 1834 καὶ
1842 1808 1871 1834 τὰ

1091 1850 1230 1886 σπλάγχνα
1251 1861 1301 1887 μου
1321 1853 1447 1887 ἐτρέφετο
1469 1853 1524 1888 (65)
1546 1854 1590 1880 ἐπ’
1607 1854 1682 1890 αὺτῷ
1700 1856 1740 1887 εἰς
1764 1856 1871 1890 συμπά-

1090 1895 1173 1922 θειαν.

1125 1942 1165 1967 Η¹.
1178 1942 1247 1969 «Καὶ
1260 1943 1337 1978 ὑμεῖς
1348 1940 1405 1975 οὖν,
1420 1943 1503 1970 τέκνα
1515 1953 1575 1980 μου,
1589 1944 1663 1980 ἔχετε
1673 1944 1871 1980 εὐσπλαγχνίαν

1090 1986 1160 2013 κατὰ
1181 1988 1279 2019 παντὸς
1302 1988 1444 2023 ἀνθρώπου
1468 1990 1496 2016 ὲν
1516 1990 1594 2022 ἐλέει,
1618 1990 1662 2017 ἴνα
1678 1991 1726 2018 καὶ
1745 1992 1760 2017 ὁ
1773 1991 1870 2026 Κύριος

1090 2031 1130 2062 εἰς
1158 2031 1229 2066 ὑμᾶς
1256 2033 1463 2068 σπλαγχνισθεὶς
1494 2034 1594 2071 ἐλεήσῃ
1617 2035 1706 2070 ὑμᾶς·
1731 2035 1774 2062 ὅτι
1796 2037 1868 2070 καίγε

1091 2077 1134 2103 ἐπ’
1155 2078 1276 2113 ἐσχάτων
1297 2079 1407 2115 ἡμερῶν
1429 2081 1443 2106 ὁ
1463 2079 1528 2112 Θεὸς
1542 2081 1699 2108 ἀποστέλλει
1722 2082 1753 2108 τὸ
1775 2083 1869 2116 σπλάγ-

1091 2130 1152 2156 χνον
1168 2123 1250 2149 αὑτοῦ
1267 2124 1313 2149 ἐπὶ
1331 2124 1381 2159 τῆς
1403 2125 1464 2160 γῆς,
1490 2126 1536 2152 καὶ
1559 2126 1626 2153 ὅπου
1641 2126 1709 2162 εὕρῃ
1734 2128 1867 2163 σπλάγχνα

1091 2167 1198 2200 ἐλέους,
1228 2169 1257 2195 ὲν
1279 2169 1352 2204 αὐτῷ
1375 2173 1505 2198 κατοικεῖ.
1539 2173 1619 2199 Ὅσον
1648 2173 1704 2209 γὰρ
1733 2175 1866 2210 ἄνθρωπος

260 2203 344 2230 homo
371 2204 516 2232 miseretur
541 2205 676 2240 proximi,
708 2211 811 2234 tantum
839 2207 910 2235 Deus
941 2209 1036 2244 ipsius.

1092 2213 1297 2249 σπλαγχνίζεται
1320 2202 1359 2247 είς
1382 2216 1426 2242 τὸν
1442 2216 1564 2252 πλησίον,
1579 2202 1706 2245 τοσοίίτον
1719 2202 1822 2255 Κύρίος
1834 2202 1867 2252 εἰς

259 2249 375 2283 Quando
385 2251 455 2277 enitn
468 2251 658 2279 descendimus
672 2252 698 2278 in
707 2251 863 2288 Egyptum,
872 2253 971 2289 Joseph
984 2263 1038 2282 non

260 2295 419 2323 recordatus
438 2300 480 2324 est
499 2297 560 2323 mali
578 2297 604 2324 in
624 2305 690 2331 nos;
715 2306 758 2325 me
780 2307 845 2326 vero
860 2300 965 2332 videns,
985 2300 1039 2327 mi-

261 2346 352 2369 sertus
363 2346 413 2369 est.
432 2341 460 2368 In
475 2350 554 2377 quem
570 2343 743 2378 inspicientes
754 2349 781 2371 et
791 2352 849 2378 vos,
865 2345 1038 2374 immemores

259 2386 393 2413 malorum
412 2386 576 2421 eﬁiciamiui,
601 2388 649 2414 lilii
671 2389 734 2422 mei,
760 2393 787 2416 et
809 2389 910 2424 diligite
932 2395 1038 2418 vosmet

258 2432 384 2466 invicem,
404 2437 431 2459 et
448 2440 482 2460 ne
501 2433 723 2462 animadvertetis
743 2436 932 2471 unusquisque
958 2438 1038 2465 ntali-

293 2521 349 2558 (58)
371 2522 418 2558 Τῆ-
434 2522 481 2558 Γῇ.
501 2522 584 2550 GRAB.

292 2557 347 2621 (59%
369 2557 447 2596 Θήρᾳ
464 2557 580 2592 Ζχθύων.
598 2559 698 2621 Θήραν.
718 2559 757 2587 in.

293 2591 336 2621 (60
366 2594 482 2621 prtoc
497 2593 554 2621 én‘o
567 2594 621 2621 ὲπο
633 2603 694 2621 mm
709 2603 757 2621 σχι

293 2591 346 2626 (60)
366 2592 482 2626 Πρῶτος
497 2593 554 2628 ἐγὼ
567 2591 694 2628 ἐποίὴσα
709 2594 834 2629 σκάφος.
851 2595 972 2623 Zabulon
990 2597 1039 2625 ila-

257 2634 310 2661 que
324 2629 563 2665 connumerandus
578 2630 659 2665 variis
674 2631 812 2662 heroibus,
827 2631 873 2665 qui
896 2639 925 2658 se
940 2632 1037 2659 inven-

259 2668 331 2699 tores
351 2663 556 2699 artisnaulicte
577 2664 663 2691 fuisse
682 2663 843 2699 jactarunt,‘
859 2666 899 2692 vel
922 2669 956 2694 ab
976 2668 1037 2695 aliis

257 2696 439 2737 tales'crediti
450 2702 573 2737 sunttet
588 2696 728 2737 addendus
746 2700 788 2733 iis,
803 2708 872 2735 quos
885 2700 1037 2737 Polydorus

261 2729 392 2771 Ycrgilius
412 2732 458 2771 lib.
482 2740 511 2771 tit
532 2733 572 2771 De
589 2735 766 2771 iuvenioribus
783 2729 887 2771 're-rum,
911 2729 970 2771 cap.
989 2737 1032 2769 15,

259 2765 415 2805 Saintuthus
434 2767 465 2805 tiu
492 2766 666 2805 Paucirolum
695 2771 735 2797 tit.
749 2778 776 2797 xi
803 2770 840 2797 De
872 2765 1033 2805 Pyzideculd

259 2801 375 2840 nautica,
390 2806 416 2840 et
431 2800 573 2840 cornelius
593 2812 607 2840 a
623 2803 725 2838 Lapide
746 2806 847 2840 aliique
868 2800 1035 2833 cdmtnettta-

259 2838 331 2860 tores
348 2836 374 2862 in
392 2834 533 2869 Sapientiae
551 2834 699 2866 Salomonis
723 2848 780 2876 cap.
796 2834 852 2874 itv,
876 2849 899 2868 υ.
914 2842 926 2868 1
956 2849 1033 2877 seqq.

1090 2260 1180 2286 αὐτόν.
1204 2261 1267 2287 Ὅτε
1288 2260 1342 2297 γὰρ
1362 2262 1529 2298 κατήλθομεν
1549 2264 1588 2295 εἰς
1602 2264 1752 2298 Αἴγυπτον,
1778 2267 1866 2301 Ἰωσὴφ

1088 2305 1139 2332 οὑκ
1157 2306 1375 2341 ἐμνησικάκησεν
1394 2308 1434 2339 είς
1454 2309 1523 2343 ἡμᾶς
1535 2317 1542 2324 ·
1559 2309 1608 2344 ἐμὲ
1620 2310 1648 2336 δὲ
1664 2310 1737 2343 ἰδὼν,
1757 2312 1866 2345 ἐσπλαγ-

1090 2352 1194 2387 χνίσθη.
1215 2353 1262 2384 Εἰς
1275 2353 1304 2378 ὃν
1319 2353 1498 2388 ὲμὸλέποντες
1515 2354 1562 2381 καὶ
1578 2355 1667 2390 ὑμεῖς,
1690 2357 1865 2392 ἀμνησίκακοι

1089 2397 1205 2431 γίνεσθε,
1223 2398 1305 2424 τέκνα
1320 2407 1380 2433 μου,
1398 2399 1444 2425 καὶ
1459 2399 1580 2433 ἀγαπᾶτε
1601 2400 1744 2436 ἀλλήλους,
1771 2404 1817 2430 καὶ
1834 2404 1864 2437 μὴ

1090 2442 1229 2476 λογίζεσθε
1237 2443 1351 2475 ἕκαστος
1358 2444 1407 2479 τὴν
1419 2444 1516 2472 κακίαν
1525 2445 1571 2472 τοῦ
1584 2446 1699 2481 ἀδελφοῦ
1715 2448 1800 2474 αὐτοῦ
1809 2448 1862 2484 (θιγ

1090 2530 1274 2557 nominarunt.
1289 2530 1329 2557 Ex
1341 2531 1440 2571 quibus
1454 2533 1565 2571 patebit,
1582 2533 1723 2563 Zabulone
1736 2535 1865 2571 antiqui)-

1089 2573 1145 2604 rem
1159 2573 1220 2592 esse
1235 2568 1482 2604 artemnautieaut,
1499 2569 1612 2604 ejusque
1624 2571 1760 2604 originem
1775 2568 1809 2598 ad
1816 2572 1865 2599 Νω

1089 2601 1185 2627 saltem
1205 2600 1373 2628 referendam
1389 2610 1460 2630 esse.
1479 2600 1516 2630 In,

1125 2635 1432 2673 (61)_Nﬁrrdrarrs.ldi
1448 2638 1528 2673 ὑμῖν.
1557 2638 1617 2667 Haec
1647 2641 1743 2668 omnia
1771 2643 1861 2668 omissa

1089 2675 1154 2697 sunt
1178 2670 1206 2697 in
1222 2672 1322 2711 codice
1339 2670 1487 2711 Oxunieusi
1503 2682 1590 2711 usque
1609 2674 1643 2702 ad
1666 2676 1717 2702 ista
1733 2678 1862 2711 sequentis

1088 2705 1342 2743 paragraphiverha
1356 2716 1367 2743 ἱ
1375 2708 1521 2743 τοσοῦτον
1530 2705 1637 2743 Κύριος
1652 2711 1697 2743 εὶς
1713 2705 1813 2738 αὐτόν.
1829 2711 1860 2737 In.

1125 2739 1179 2774 (6‘2)
1205 2740 1341 2768 Ἐλεεῖτε.
1358 2741 1408 2769 Ms.
1423 2743 1524 2770 ἐλεᾶτε.
1543 2739 1581 2771 ID:

1202 2775 1363 2815 Ἐῖρέφετρ.
1385 2777 1538 2815 Legendum
1554 2780 1711 2815 ἐστρέφετο.
1725 2780 1763 2809 In.

1125 2809 1178 2850 (94)
1196 2809 1413 2850 thbﬂfeqﬂe
1423 2809 1560 2846 Ἕκαστος
1581 2809 1690 2842 κὰκίαν
1711 2817 1763 2844 τοῦ
1781 2815 1860 2844 ἀδελ-

1087 2846 1146 2879 φοῦ
1169 2846 1270 2879 αὐτοῦ,
1299 2852 1350 2875 etc.
1373 2847 1443 2875 Idem
1471 2849 1604 2877 monitum
1623 2850 1731 2879 Hermae
1755 2853 1859 2880 dabatur
