1913 3102
53 105 108 134 1097

618 105 882 135 TESTAMENTUM
911 107 992 135 DAN.

1589 107 1657 136 1098

47 164 82 190 ὅτι
106 160 181 188 τοῦτο
200 161 314 198 χωρίζει
338 162 461 198 ἑνότητα,
485 162 532 189 καὶ
553 163 643 190 πᾶσαν
666 163 824 198 συγγένειαν

878 165 942 192 tiam
968 165 1060 194 fratris
1080 165 1143 198 sui;
1166 164 1296 200 quoniam
1321 165 1375 193 hoc
1395 164 1491 193 dividit
1515 166 1656 200 unitatem,

48 207 227 243 διασκορπῐζει,
245 208 294 235 καὶ
307 208 357 244 τὴν
373 208 463 244 ψυχὴν
483 208 615 244 ταράσσει
631 208 696 245 (65).
724 209 753 236 '0
770 209 824 245 γὰρ

50 254 198 290 μνησίκακος
217 254 361 290 σπλάγχνα
376 255 468 287 ἐλέους
489 255 541 282 οὐκ
561 255 628 291 ἔχει.

75 344 108 372 9'.
126 354 136 371 ι
149 344 303 381 Προσέχετε
318 345 354 372 τὰ
372 345 454 373 ὕδατα
468 345 534 382 (66),
548 346 589 374 ’ότι
605 347 668 374 ὅταν
679 346 726 373 ἐπὶ
741 347 770 373 τδ
782 347 826 373 αὺ-

48 391 225 427 τὸπορεύεται,
237 392 339 425 λίθους,
349 385 425 426 ξύλα,
438 393 488 428 τὴν
499 393 591 429 ἄμμον
601 393 748 429 κατασύρει
757 393 822 429 (67)·

48 439 85 466 ἐὰν
99 439 125 466 δέ
140 439 180 471 είς
195 439 284 467 πολλὰ
299 439 433 477 διαιρεθῇ,
450 441 467 476 ή
490 440 526 476 γῆ
539 439 666 476 ἀφανίζει
682 440 762 473 αὐτὰ,
779 440 825 467 καὶ

48 486 134 520 γίνεται
150 485 385 521 εὐκαταφρόνητα.
403 485 458 513 Καὶ
476 485 566 522 ὑμεῖς,
583 486 632 514 ἐὰν
651 486 805 523 διαιρεθῆτε
816 507 823 519 ,

47 530 126 557 ἔσεσθε
137 530 234 563 οὕτως.
252 530 299 567 Μὴ
315 531 444 566 σχισθῆτε
459 531 500 564 είς
515 532 562 559 δύο
578 532 708 567 κεφαλὰς,
719 533 760 559 ὅτι
771 533 825 560 πᾶν

46 576 59 602 ὁ
70 576 171 612 ἐποίησε
195 575 300 613 Κύριος
312 596 320 609 ,
337 577 465 613 ,κεφαλὴν
491 577 556 614 μίαν
579 578 645 614 ἔχει.
665 579 768 606 Ἔδωκε
779 579 826 606 δύο

47 623 134 658 ὤμους,
154 623 249 656 πόδας,
268 624 373 660 χεῖρας⁸
397 623 465 652 ἀλλὰ
481 624 570 652 πάντα
590 625 625 652 τὰ
639 624 706 661 μέλη
722 627 756 661 τῇ
777 626 826 661 μιᾷ

47 669 135 705 κεφαλῇ
161 669 305 698 ὑπακούει.
332 670 438 704 Ἔγνων
458 669 489 699 ἐν
506 671 599 706 γραφῇ
619 670 744 707 πατέρων
763 679 823 707 μου,

46 716 79 742 ὁτι
98 715 125 742 ἐν
142 716 272 751 ἐσχάταις
291 717 409 754 ἡμέραις
431 716 618 753 άποστήσεσθε
635 716 690 744 ἀπὸ
711 716 824 753 Κυρίου,

47 762 85 788 καὶ
103 762 306 798 διαιρεθήσεσθε
329 764 358 791 ἐν
381 763 489 800 Ἰσραὴλ
512 762 586 799 (68),
613 764 660 790 καὶ
674 762 734 790 δυσὶ
751 763 826 798 βασι-

47 804 124 832 λεῦσιν
139 805 378 843 ἐξακολουθήσετε,
396 807 444 834 καὶ
460 808 515 834 πᾶν
531 806 670 843 βδέλυγμα
685 807 823 843 ποιήσετε,

874 216 902 238 et
915 218 1024 239 omnem
1040 210 1306 246 consanguinitatem
1323 211 1465 247 dispergit,
1490 216 1518 240 et
1533 212 1656 240 animum

874 257 1024 291 perturbat.
1045 255 1149 284 Memor
1165 256 1237 284 enim
1252 256 1317 283 mali
1335 256 1442 285 viscera
1462 257 1657 287 misericordia

877 309 930 328 non
946 301 1036 329 habet.

910 345 955 372 lx.
972 355 982 371 ι
997 345 1135 374 Atlendite
1147 346 1243 381 aquis,
1259 346 1389 382 quoniam
1406 354 1468 374 cum
1491 347 1572 376 simul
1593 356 1656 376 mo-

875 395 982 425 ventur,
1003 391 1121 427 lapides,
1143 392 1234 427 ligna,
1245 399 1357 420 arenam
1377 392 1538 427 detrahunt;
1553 394 1576 422 si
1591 401 1657 422 vero

875 436 902 463 in
915 437 1017 466 multas
1030 437 1196 470 dividantur,
1212 442 1284 465 terra
1295 437 1459 465 exterminat
1469 446 1516 466 eas
1526 459 1534 471 ,
1549 444 1576 466 et
1589 439 1658 466 ﬁunt

874 482 1012 517 neglectae.
1027 481 1061 510 Et
1079 490 1140 516 vos,
1161 482 1184 510 si
1197 482 1368 517 dividamini,
1382 483 1460 511 eritis
1474 483 1522 511 ita.
1535 482 1574 511 Ne
1585 484 1658 512 scin-

874 527 977 555 damini
995 528 1023 555 in
1042 528 1097 556 duo
1112 528 1211 564 capita.
1223 528 1288 564 quia
1307 536 1389 557 omne
1402 529 1477 564 quod
1490 529 1556 557 fecit
1574 529 1656 562 Deus,

874 576 956 606 caput
972 580 1057 600 unum
1075 573 1166 600 habet.
1195 572 1274 600 Dedit
1295 573 1365 602 duos
1386 574 1529 607 humerOs,
1555 574 1657 610 pedes,

875 626 989 653 manus;
1013 619 1061 647 sed
1078 619 1170 648 omnia
1195 620 1317 648 membra
1338 621 1386 649 uni
1408 621 1489 656 capiti
1515 621 1655 650 obediunt.

874 663 943 692 Novi
957 664 984 692 in
997 665 1133 701 scriptura
1148 670 1257 701 patrum
1275 674 1410 700 meorum,
1425 667 1497 703 quod
1509 667 1537 694 in
1555 667 1658 696 ultimis

874 712 971 740 diebus
986 712 1118 740 recedetis
1131 720 1147 739 a
1159 712 1286 747 Domino,
1301 717 1328 740 et
1338 713 1419 741 divisi
1434 713 1510 742 eritis
1520 714 1547 740 in
1564 713 1658 748 Israel,

874 762 902 786 et
915 758 985 786 duos
996 765 1072 793 reges
1087 758 1251 793 sequemini,
1266 763 1294 787 et
1306 767 1414 786 omnem
1426 760 1658 790 abominationem

874 804 990 838 facietis,
1005 808 1032 832 et
1044 811 1125 832 omne
1139 804 1243 832 idolum
1256 805 1418 838 adorabitis,
1433 810 1461 834 et
1474 806 1598 841 captivos
1610 808 1658 836 ab-

47 851 84 876 κιιί
98 859 127 885 γε
143 852 196 878 πᾶν
209 839 321 880 εἴδωλον
334 839 547 889 προσκυνήσετε,
565 839 623 880 καὶ⁷
633 839 822 890 αἰχμαλωτεὺ-

878 851 973 879 ducent
986 858 1035 878 vos
1051 850 1155 878 inimici
1165 851 1262 885 vestri,
1278 855 1305 879 et
1317 852 1446 880 sedebitis
1463 839 1658 882 innationibus

48 905 124 924 σουσιν
137 898 208 934 ὑμᾶς
225 899 252 926 ot
274 898 367 935 ἐχθροὶ
387 899 474 935 ὑμῶν,
491 899 538 927 καὶ
559 899 702 927 καθίσεσθε
719 900 774 936 (69)
794 901 823 927 ἐν

46 943 123 970 ἔθνεσι
139 945 168 971 ἐν
183 944 287 977 πάσαις
303 945 466 979 ἀσθενείαις,
477 946 525 974 καὶ
537 946 652 982 θλίψεσι,
661 946 708 974 καὶ
718 946 824 979 ὀδύναις

45 989 132 1024 ψυχῆς.
148 990 203 1018 Καὶ
221 990 293 1027 μετὰ
312 991 399 1019 ταῦτα
426 992 614 1029 μνησθήσεσθε
635 993 755 1030 Κυρίου,
777 993 824 1021 καὶ

47 1037 225 1073 μετανοήσετε,
239 1037 287 1064 καὶ
301 1037 460 1074 ἐπιστρέψει
472 1039 544 1075 ὑμᾶς
554 1060 562 1072 ,
579 1039 619 1066 ὅτι
631 1039 754 1075 ἐλεήμων
765 1039 824 1066 ἐστὶ

46 1083 85 1109 καὶ
99 1082 300 1119 εὔσπλαγχνος,
324 1084 362 1120 μὴ
378 1084 551 1121 λογιζόμενος
570 1085 667 1113 κακίαν
688 1086 744 1118 τοῖς
756 1086 824 1118 υίοῖς

45 1128 91 1155 τῶν
113 1128 282 1165 ἀνθρώπιον,
304 1129 371 1157 διότι
398 1129 466 1166 σάρξ
485 1130 548 1163 εἰσι,
569 1130 665 1157 καὶτὰ
680 1130 824 1166 πνεύματα

45 1174 88 1209 τῆς
101 1175 204 1212 πλάνης
219 1175 315 1212 ἀπατᾷ
330 1176 428 1209 αὐτοὺς
444 1177 493 1204 ἐπὶ
505 1177 604 1209 πάσαις
615 1178 676 1209 ταῖς
693 1176 824 1213 πράξεσιν

45 1219 133 1247 αὐτῶν.
149 1221 205 1248 Καὶ
223 1219 294 1257 μετὰ
315 1220 401 1248 ταῦτα
418 1221 541 1249 ἀνατελεί
557 1222 622 1258 ὑμῖν
637 1222 716 1254 αὐτὸς
735 1223 750 1248 ὁ
765 1222 822 1248 Κύ-

47 1274 95 1301 ριος
108 1266 171 1303 (70),
189 1267 249 1302 φῶς
265 1267 448 1304 δικαιοσύνης,
465 1267 513 1295 καὶ
529 1267 600 1300 ίασις
618 1269 665 1296 καὶ
686 1268 822 1302 εὐσπλαγ-

47 1311 100 1345 χνία
113 1312 158 1339 ἐπὶ
173 1312 234 1343 ταῖς
246 1311 377 1348 πτέρυξιν
392 1310 485 1339 αὐτοῦ.
497 1311 584 1344 Δὺτδς
595 1311 760 1348 λυτρώσεται
772 1311 824 1338 πᾶ-

48 1364 89 1383 σαν
101 1357 287 1393 αἰχμαλωσίαν
301 1358 367 1385 υἱῶν
383 1357 526 1394 ἀνθρώπου
539 1358 572 1385 ἐκ
586 1357 634 1384 τοῦ
651 1357 760 1393 Βελιὰρ,
777 1357 824 1385 καὶ

47 1401 93 1428 πᾶν
114 1402 222 1439 πνεῦμα
244 1402 348 1439 πλάνης
370 1403 573 1440 πατηθήσεται”
597 1403 645 1430 καὶ
666 1403 824 1439 ἐπιστρέψει

48 1447 125 1474 πάντα
143 1448 178 1476 τὰ
196 1449 261 1485 ἐθνη
283 1449 324 1481 είς
340 1449 534 1486 παραζήλωσιν
552 1448 645 1476 αὐτοῦ·
663 1449 710 1476 ut
724 1449 823 1484 ὄψεσθε

48 1494 105 1522 Θεὸν
115 1495 142 1522 ἐν
155 1496 276 1533 σχήματι
291 1495 488 1543 ἀνθρώπου,γθν
501 1495 536 1523 ἂν
551 1495 693 1543 ἐκλέξηται
709 1496 822 1532 Κύριος,
836 1513 858 1543 c

53 1540 218 1578 Ἰερουσαλὴμ.
239 1542 325 1578 ὄνομα
337 1542 411 1578 αὺτῷ
426 1541 492 1578 (71).
517 1543 572 1569 Καὶ
598 1541 680 1569 πάλιν
696 1543 725 1569 ἐν
738 1551 823 1579 πονησ-

50 1585 88 1621 ρίᾳ
101 1585 184 1621 λόγων
194 1586 273 1623 ὑμῶν
292 1587 474 1627 παρορχίσετε
490 1586 580 1620 αὑτὸν,
591 1586 639 1614 καὶ
654 1587 825 1624 ἀπορριφθή-

49 1632 117 1659 σεσθε
127 1633 179 1666 ἕως
195 1632 295 1669 καιροῦ
307 1633 473 1666 συντελείας.

79 1680 104 1706 l'.
121 1689 130 1706 ι
143 1680 198 1707 Καὶ
213 1679 272 1713 νῦν,
282 1677 365 1708 τέκνα
379 1689 442 1716 μου,
457 1679 640 1716 μὴξλυπεῖσθε,
656 1681 697 1708 ὅτι
708 1680 826 1717 ἀποθνή-

50 1731 99 1750 σκω
120 1724 190 1760 ἐγὼ,
214 1725 283 1762 μηδὲ
309 1726 500 1762 συμπίπτετε,
525 1726 566 1754 ὅτι
581 1726 722 1754 ἀπολείπω
738 1726 824 1762 ὑμῶν.

55 1770 242 1809 Ἀησνήσομαι
254 1772 308 1809 γὰρ
324 1773 403 1800 πάλιν
415 1773 445 1800 ἐν
461 1773 536 1809 μέσῳ
551 1774 638 1810 ὑμῶν,
654 1774 692 1806 ὡς
707 1774 826 1810 ἡγούμε-

49 1824 86 1848 νος
100 1818 128 1844 ὲν
144 1818 219 1854 μέσῳ
237 1817 304 1845 υἱῶν
319 1817 412 1851 αὐτοῦ,
427 1818 475 1845 καὶ
493 1818 715 1854 εὐφρανθήσομαι
731 1819 759 1845 ἐν
777 1818 825 1854 μέ-

51 1870 83 1899 σῳ
92 1864 140 1900 τῆς
155 1865 243 1900 φυλῆς
261 1874 321 1901 μου,
335 1865 392 1892 ὅσοι
405 1864 541 1900 ἐφύλαξαν
554 1864 635 1900 νόμον
646 1864 760 1900 Κυρίου,
779 1865 826 1891 καὶ

49 1909 145 1943 ἐντολὰς
161 1910 305 1938 Ζαϐουλὼν
318 1910 419 1947 πατρὸς
431 1910 531 1938 αὐτῶν.
557 1910 618 1937 Ἐπὶ
635 1910 664 1938 δὲ
685 1910 748 1942 τοὺς
761 1910 825 1937 ἀσε-

50 1954 98 1988 6ε¹ίς
108 1956 202 1990 ἐπάξει
219 1956 322 1992 Κύριος
331 1956 388 1993 πῦρ
402 1955 520 1990 αἰώνιον,
532 1956 579 1983 καὶ
589 1955 716 1983 ἀπολέσει
723 1955 825 1991 ,αὐτοὺς

49 2000 93 2034 ἕως
107 2002 217 2036 γενεῶν.
237 2002 307 2038 Ἐγὼ
317 2003 357 2035 εἰς
371 2003 421 2039 τὴν
435 2002 587 2030 ἀνάπαυσίν
602 2010 652 2038 μου
671 2001 824 2037 ἀποτρέχω,

49 2046 81 2079 ὼς
100 2049 123 2075 οἱ
138 2049 257 2084 πατέρες
275 2057 341 2084 μου·
360 2049 439 2084 ὑμεῖς
454 2048 483 2075 δέ
506 2047 631 2083 φοϐεῖσθε
655 2047 756 2083 Κύριον
779 2047 825 2074 τὸν

49 2092 107 2120 Θεὸν
118 2094 193 2130 ὑμῶν
205 2114 213 2127 ,
231 2095 261 2121 ἐν
277 2095 353 2131 πάσῃ
367 2093 455 2129 ίσχύῖ,
481 2094 569 2126 πάσας
581 2093 630 2125 τὰς
652 2092 757 2129 ἡμέρας
775 2092 825 2127 τῆς

50 2138 113 2176 ζωῆς
128 2141 213 2176 ὑμῶν.
220 2151 230 2167 ι
240 2142 296 2168 Καὶ
311 2141 396 2168 ταῦτα
406 2140 499 2173 εἰπὼν,
512 2139 644 2176 ἐκοιμήθη
654 2139 730 2175 ὕπνῳ
740 2139 824 2174 καλῷ,

873 896 900 924 in
913 896 1041 924 omnibus
1057 895 1273 931 inﬁrmitatibus,
1285 901 1312 924 et
1325 897 1559 932 tribulationibus,
1569 904 1597 927 et
1609 900 1658 928 do-

873 940 976 969 loribus
991 941 1098 969 animae.
1115 940 1148 969 Et
1161 945 1222 976 post
1240 942 1299 970 haec
1312 942 1522 971 recordabimini
1533 943 1656 979 Domini,

873 991 900 1016 et
914 988 1090 1023 resipiscetis,
1106 992 1133 1016 et
1146 993 1285 1017 convertet
1303 996 1368 1023 vos,
1389 989 1520 1025 quoniam
1536 991 1657 1020 clemens

872 1038 916 1061 est
930 1038 958 1061 et
969 1033 1138 1067 misericors,
1151 1041 1205 1062 non
1221 1034 1360 1070 imputans
1380 1035 1513 1063 malitiam
1527 1036 1590 1064 ﬁliis
1605 1036 1656 1064 ho-

873 1080 994 1114 minum;
1012 1080 1143 1116 quoniam
1157 1088 1223 1109 caro
1243 1086 1316 1115 sunt,
1331 1087 1357 1110 et
1369 1082 1480 1118 spiritus
1495 1084 1596 1112 erroris
1613 1093 1657 1112 se-

872 1127 976 1155 ducunt
999 1133 1047 1154 eos
1073 1126 1100 1153 in
1129 1127 1257 1156 omnibus
1281 1127 1433 1156 actionibus
1453 1129 1522 1157 suis.
1541 1129 1574 1157 Et
1595 1135 1656 1165 post

873 1173 931 1200 haec
944 1173 1049 1201 orietur
1060 1173 1138 1201 vobis
1156 1173 1213 1208 ipse
1228 1172 1373 1207 Dominus,
1384 1174 1476 1202 lumen
1487 1175 1610 1210 justitia,
1627 1181 1657 1204 et

873 1215 977 1244 sanitas
986 1220 1014 1244 et
1028 1216 1217 1245 misericordia
1230 1217 1368 1252 in'pennis
1379 1217 1449 1254 ejus.
1466 1218 1527 1254 Ipse
1541 1220 1656 1248 redimet

873 1271 982 1291 omnem
1001 1263 1185 1299 captivitatem
1206 1264 1325 1292 ﬁliorum
1347 1265 1467 1294 hominis
1481 1273 1496 1294 a
1512 1265 1610 1301 Beliar,
1629 1273 1656 1295 et

873 1310 963 1338 omnis
977 1310 1091 1346 spiritus
1113 1311 1215 1339 erroris
1239 1311 1461 1346 conculcabitur;
1479 1317 1506 1341 et
1518 1319 1656 1342 convertet

872 1363 969 1385 omnes
991 1362 1086 1393 gentes
1110 1357 1139 1386 in
1161 1357 1363 1386 aemulationem
1375 1358 1456 1394 ejus;
1477 1363 1504 1387 et
1530 1360 1657 1388 videbitis

873 1401 959 1430 Deum
977 1403 1006 1430 in
1019 1402 1109 1431 forma
1124 1403 1261 1437 hominis,
1277 1411 1358 1439 quem
1375 1404 1485 1440 elegerit
1503 1405 1655 1436 Dominus:

872 1448 1021 1478 Jerusalem
1034 1457 1134 1478 nomen
1149 1449 1185 1478 ei.
1196 1449 1229 1478 Et
1239 1457 1335 1478 rursus
1346 1451 1373 1478 in
1386 1451 1487 1478 malitia
1501 1459 1655 1480 sermonum

873 1500 1026 1524 vestrorum
1042 1495 1076 1523 ad
1090 1495 1260 1528 iracundiam
1272 1495 1456 1530 provocabitis
1473 1503 1535 1524 eum
1547 1517 1555 1530 ,
1569 1502 1596 1526 et
1610 1498 1658 1526 ah.

873 1541 936 1577 jecti
947 1541 1023 1570 eritis
1037 1548 1125 1577 usque
1135 1540 1168 1569 ad
1181 1544 1289 1576 tempus
1301 1541 1556 1570 consummationis.

911 1683 945 1711 Χ.
964 1693 973 1710 ι
993 1683 1026 1711 Ει
1039 1691 1123 1716 nunc,
1139 1683 1188 1710 ﬁlii
1212 1683 1282 1716 mei,
1299 1690 1333 1711 ne
1348 1683 1563 1717 contristemini,
1587 1692 1657 1720 quo-

878 1730 953 1757 niam
968 1730 1073 1757 morior
1089 1737 1157 1765 ego;
1179 1737 1267 1765 neque
1282 1729 1441 1761 concidatis.
1460 1731 1588 1765 quoniam
1612 1739 1657 1759 re-

875 1776 969 1811 anuo
983 1783 1042 1804 vos.
1061 1775 1212 1810 Resurgam
1228 1776 1300 1803 enim
1319 1776 1345 1803 in
1370 1776 1460 1804 medio
1472 1778 1569 1811 vestri,
1585 1778 1659 1806 velut

874 1822 929 1850 dux
961 1821 988 1848 in
1018 1821 1108 1849 medio
1138 1821 1256 1848 ﬁliorum
1286 1828 1417 1855 suorum,
1447 1826 1474 1850 et
1497 1823 1609 1851 laetabor
1629 1825 1657 1852 in

875 1866 964 1894 medio
985 1866 1072 1893 tribus
1096 1873 1172 1899 meae,
1200 1868 1333 1900 quotquot
1359 1866 1548 1894 custodierunt
1571 1867 1656 1903 legem

875 1912 994 1946 Domini,
1019 1916 1046 1940 et
1059 1911 1185 1939 mandata
1200 1911 1321 1939 Zabulon
1339 1912 1423 1947 patris
1443 1920 1549 1940 eorum.
1571 1913 1658 1949 Super

875 1959 974 1994 impios
987 1965 1052 1985 vero
1066 1957 1177 1985 inducet
1193 1957 1326 1985 Dominus
1353 1957 1442 1993 ignem
1464 1963 1606 1992 aeternum,
1621 1961 1658 1992 (et

875 2005 967 2040 perdet
978 2011 1025 2031 cos
1039 2011 1126 2038 usque
1141 2003 1168 2031 in
1184 2003 1384 2039 generationes.
1401 2002 1458 2039 Ego
1481 2004 1509 2031 in
1535 2005 1656 2040 requiem

874 2057 962 2077 meam
977 2048 1115 2084 confugio,
1127 2048 1197 2076 sicut
1210 2052 1300 2083 patres
1312 2050 1365 2077 mei
1380 2058 1386 2076 :
1399 2057 1447 2077 vos
1460 2054 1551 2078 autem
1565 2051 1657 2079 timete

875 2095 1019 2123 Dominum
1037 2094 1119 2122 Deum
1132 2099 1266 2128 vestrum,
1281 2094 1307 2122 in
1322 2095 1396 2122 omni
1411 2094 1579 2131 fortitudine,
1599 2104 1657 2124 om-

875 2139 957 2167 nibus
972 2139 1071 2174 .diebus
1092 2139 1154 2166 vita:
1174 2142 1279 2167 vestrae.
1295 2148 1305 2165 ι
1326 2139 1359 2167 Et
1381 2147 1443 2168 cum
1459 2141 1516 2168 haec
1533 2142 1657 2177 dixisset,

51 2185 91 2212 καὶ
104 2186 204 2222 ἔθηκαν
215 2186 296 2214 αὑτὸν
311 2187 337 2213 οἱ
353 2187 406 2213 υἱοὶ
420 2185 501 2213 αὐτοῦ
518 2186 546 2212 ἐν
560 2185 630 2221 θήκῃ
643 2193 649 2200 ’
667 2184 778 2220 ὕστερον
794 2184 822 2211 δὲ

878 2186 1001 2214 dormivit
1011 2193 1109 2214 somno
1122 2186 1204 2217 bono.
1218 2190 1244 2213 et
1255 2191 1405 2221 posuerunt
1415 2194 1477 2214 eum
1494 2187 1542 2214 ﬁlii
1558 2189 1618 2224 ejus
1629 2189 1657 2216 in

50 2231 222 2267 ἀναγαγόντες
238 2233 318 2260 αὑτὸν
328 2233 368 2265 εἰς
380 2232 502 2268 Χεόρὼν,
514 2232 613 2266 ἔθαψαν
627 2231 695 2267 μετὰ
705 2230 759 2257 τῶν
772 2239 824 2257 πα-

49 2278 126 2314 τέρων
140 2279 233 2307 αὐτοῦ.

139 2322 141 2325 ’
313 2335 507 2362 ΚΕΦΛΛΑΙΟΝ
523 2336 560 2362 Ζι.

124 2380 252 2414 Διαθήκη
264 2381 332 2413 Δὰν,
345 2380 410 2414 περὶ
427 2379 521 2415 θυμοῦ
534 2380 581 2406 καὶ
595 2378 735 2414 ψεύδους.

81 2427 115 2453 A’.
139 2427 316 2463 Ἀντίγραφον
331 2426 418 2461 λόγων
434 2427 496 2458 Δὰν,
510 2423 546 2453 ὧν
558 2423 617 2452 εἷπε
628 2426 683 2457 τοῖς
697 2425 763 2456 υἱοῖς
775 2425 823 2450 αὺ-

50 2471 91 2497 τοῦ
106 2473 148 2499 ἐπ’
165 2473 286 2508 ἐσχάτων
301 2473 356 2500 τῶν
372 2472 483 2509 ἡμερῶν
503 2472 595 2498 αὑτοῦ.
617 2470 768 2505 Ἑκατοστῷ
784 2470 823 2496 εἰ-

51 2518 131 2554 κοστῷ
145 2519 263 2555 πέμπτῳ
278 2519 332 2546 ἔτει
350 2519 400 2554 τῆς
422 2518 494 2554 ζωῆς
516 2517 597 2545 αὑτοῦ
608 2537 615 2550 ,
639 2517 754 2549 καλέσας
775 2516 824 2551 τὴν

53 2572 156 2612 Visione
179 2584 210 2608 Il,
233 2577 289 2612 §5,
315 2577 358 2604 his
377 2576 468 2603 verbis
478 2584 514 2612 ι(
530 2575 570 2602 Tu
588 2578 689 2605 autem,
713 2573 823 2612 llcrma,

53 2610 101 2647 noli
114 2609 270 2647 meminisse
284 2612 446 2647 injuriarum
458 2611 576 2638 liliorum
592 2615 710 2647 tuorum.
723 2609 825 2647 Memo-

53 2643 88 2670 'ia
101 2643 347 2687 enim_injuriartim
361 2652 475 2687 mortem
492 2652 629 2681 operatur,
647 2644 748 2671 oblivio
759 2652 824 2670 vero

52 2685 138 2708 earum
154 2681 239 2709 vitam
259 2681 501 2710 aeternamJGrua.

54 2714 311 2778 ιὼῗῖροᾝρηάσῆει.
328 2717 382 2743 Καὶ
395 2717 445 2752 τὴν
462 2715 577 2751 ὕπαρξιν
597 2714 734 2750 ἀφανίζει,
751 2715 826 2743 addit

115 2759 130 2777 ι
143 2759 231 2780 υχοη.
252 2759 291 2781 Π).

86 2785 138 2819 (66)
157 2786 194 2813 Τὰ
204 2787 307 2814 ὕδατα.
333 2787 392 2814 Ἐπί
405 2787 468 2814 add.
482 2787 521 2814 In.

83 2819 137 2856 (6η
152 2821 325 2857 Κατασύρει.
338 2822 504 2858 Καταφέρει.
517 2821 554 2849 lo.

184 2870 320 2902 ΡΔτιιοι.
348 2870 407 2900 Gn.
435 2869 474 2899 ll.

876 2230 969 2263 theca;
985 2234 1078 2265 postea
1090 2237 1154 2257 vero
1169 2231 1328 2258 reducentes
1343 2239 1405 2259 eum
1426 2232 1452 2259 in
1475 2231 1595 2267 Ilebron,
1612 2241 1657 2262 se-

874 2276 1008 2311 pelierunt
1027 2284 1088 2304 cum
1103 2277 1226 2312 patribus
1237 2277 1306 2312 ejus.

1159 2334 1274 2362 CAPUT
1295 2333 1350 2362 Vll.

975 2379 1169 2407 Testamentum
1186 2380 1256 2413 Dan,
1274 2380 1305 2407 de
1318 2381 1359 2407 ira
1372 2385 1396 2407 ει
1411 2381 1556 2409 mendacia.

909 2424 930 2452 Ι.
945 2424 1151 2460 Transeriptum
1167 2426 1312 2453 verborum
1330 2426 1397 2460 Dan,
1416 2435 1477 2462 qua:
1499 2427 1569 2455 dixit
1595 2428 1658 2456 ﬁliis

875 2471 932 2499 suis
955 2471 982 2499 in
1011 2472 1114 2499 ultimis
1137 2472 1232 2500 diebus
1257 2473 1326 2500 suis.
1351 2472 1506 2500 Centesimo
1528 2473 1659 2502 vicesimo

875 2517 970 2552 quinto
984 2525 1056 2545 anno
1069 2518 1131 2546 vitae
1145 2526 1201 2546 sua:
1215 2526 1316 2546 vocans
1334 2519 1436 2547 tribum
1461 2526 1549 2554 suam,
1565 2519 1634 2548 dixit
1651 2529 1656 2546 :

985 2574 1118 2608 Ἰσραήλ.
1137 2575 1322 2611 Ἰερουσαλήμ.
1339 2576 1378 2604 In.

910 2609 969 2646 ($59)
982 2611 1157 2646 Καθίσεσθε.
1172 2609 1378 2646 Κακωθήσεσθε.
1392 2611 1429 2639 In.

911 2645 967 2681 (79)
983 2645 1134 2681 Ἀνᾳτελεῖ
1147 2646 1218 2681 ὑμῖν
1231 2645 1320 2679 αὐτὸς
1336 2649 1352 2674 ὁ
1364 2648 1479 2681 Κύριος,
1492 2651 1543 2675 etc.
1556 2646 1658 2674 Alludit

875 2680 908 2708 ad
926 2679 1064 2706 Malachia:
1076 2689 1112 2713 IV,
1122 2681 1149 2713 2.
1163 2679 1201 2708 In.

912 2715 1201 2753 (7t)Ka2._lamg....:
1226 2717 1423 2753 Ἰερουσαλὴμ
1451 2719 1544 2753 ὄνομα
1567 2717 1655 2750 αὐτῷ.

876 2750 936 2788 Καὶ⁸
938 2749 1116 2788 ἐπιστρέφετε
1171 2752 1220 2786 τῆς
1235 2749 1285 2788 γῆς
1297 2753 1383 2788 ὑμῶν,
1392 2749 1438 2780 ἰαὶ
1450 2749 1545 2788 ὕφεσθε
1558 2749 1658 2788 Κύριον

876 2787 906 2823 ἐν
930 2784 1104 2823 Ἰερουσαλὴμ
1125 2785 1177 2823 διὰν
1191 2784 1221 2813 τὸ
1241 2784 1329 2823 βνομὰ
1350 2789 1442 2821 αὐτοῦ,
1470 2784 1550 2815 habet
1575 2784 1657 2815 Cb-dc‘l

877 2819 972 2848 Oxon.’
981 2820 1066 2847 multo
1076 2819 1224 2850 concisius.
1242 2822 1279 2849 ln.

1464 2870 1502 2899 35
