1913 3102
248 108 316 138 1099

729 105 957 135 TESTAMENTA
983 106 1031 134 ΧΗ
1059 105 1370 138 PATRIARCHARUM.

1783 110 1851 139 “00

635 141 648 153 υ

251 179 263 196 α
275 168 383 199 Audite.
412 168 460 196 lilii
472 164 541 201 Dan,
557 174 697 195 sermones
711 174 796 200 meos,
819 167 948 195 attendite
963 173 1024 193 ver-

1079 166 1190 202 πατριὰν
1205 166 1296 199 αὑτοῦ,
1314 164 1406 193 εἶπεν·
1423 176 1432 192 ι
1457 165 1610 199 "Amicus,
1624 167 1677 194 υἱοὶ
1692 167 1756 201 Δάν,
1769 167 1851 203 λόγων

246 214 289 243 bis
303 214 359 242 oris
376 213 461 249 patris
476 213 569 241 vestri.
584 212 700 240 Probavi
721 213 749 240 in
767 213 849 240 corde
871 220 931 240 meo
954 216 982 239 et
997 211 1023 238 in

245 260 322 288 omni
340 261 393 287 vita
416 267 486 291 mea.
501 259 575 294 quod
590 267 633 287 res
656 259 728 286 bona
746 263 788 286 est
809 263 836 286 et
860 257 915 285 Deo
937 261 1023 292 grata,

246 307 347 335 veritas
360 314 421 334 cum
435 306 508 342 justa
521 305 641 339 actione;
660 309 687 332 et
702 305 774 340 quod
787 304 970 339 perniciosum
982 307 1025 330 est

247 353 430 385 mendacium,
443 357 470 379 et
484 352 534 384 ira,
548 351 677 387 quoniam
696 358 805 379 omnem
827 350 957 378 malitiam
973 350 1023 376 ho-

247 399 348 427 minem
373 399 495 426 edocent.
523 397 661 425 Conﬁteor
673 396 751 424 vobis
775 396 866 429 hodie,
890 395 938 423 lilii
958 394 1022 428 mei,

247 445 320 481 quod
342 445 370 472 in
390 444 470 472 corde
485 451 546 471 meo
565 443 671 470 laetatus
687 449 748 470 sum
762 441 797 469 de
811 447 897 469 morte
910 439 1021 475 Ioseph,

246 491 297 519 viri
312 491 418 518 veracis
431 494 458 517 et
473 489 547 522 boni,
559 493 587 517 et
601 488 750 524 gaudebam
769 488 797 515 in
808 486 963 515 venditione
975 485 1022 513 Jo-

247 537 323 572 seph,
336 536 464 572 quoniam
480 543 563 570 supra
578 542 627 562 nos
643 537 720 569 pater
733 540 794 561 eum
809 532 946 568 diligebat.
963 531 1024 567 Spi-

247 583 317 611 ritus
331 583 404 610 enim
426 581 475 608 zeli
492 586 519 608 et
540 580 665 608 elationis
687 579 755 607 dixit
769 579 857 606 mihi:
879 587 889 604 ‹
907 577 940 605 Et
954 582 982 605 tu
994 585 1024 605 es

247 629 319 657 ﬁlius
334 629 403 663 ejus.
424 638 433 654 ι
455 627 488 655 Et
506 635 577 655 unus
590 626 735 662 spirituum
756 625 844 652 Beliar
862 623 1025 659 cooperaba-

247 679 292 702 tur
306 675 383 706 mihi,
405 674 499 702 dicens
514 681 521 699 :
540 683 549 699 ι
565 672 664 707 Accipe
679 671 798 707 gladium
821 671 904 704 hunc,
919 675 946 698 et
961 677 1024 698 cum

247 727 281 749 eo
295 720 388 748 occide
400 719 498 755 Ioseph
510 728 518 753 ;
531 723 558 747 et
572 719 665 754 diliget
679 722 705 745 te
729 722 805 752 pater
819 722 891 750 tuus,
916 721 1024 744 mortuo

246 774 290 794 eo.
308 776 318 792 ι
334 765 384 793 llic
401 769 443 793 est
457 764 568 800 spiritus
586 764 648 797 iraa,
672 763 789 791 suadens
806 762 884 795 mihi,
907 765 938 790 ut
954 762 1026 790 sicut

247 812 368 849 pardalis
377 812 489 840 devorat
501 810 621 843 bardum,
636 809 674 837 ita
686 809 842 838 devorarem
854 808 963 844 Joseph.
971 808 1024 836 Sed

249 859 320 887 Deus
331 857 415 886 Iacob
425 857 510 893 patris
526 856 579 884 mei
595 863 650 883 non
668 855 784 883 immisit
797 862 860 882 eum
880 854 908 882 in
928 862 1026 882 manus

248 913 334 938 meas,
357 907 389 932 ut
409 902 558 930 invenirem
572 909 636 930 eum
660 901 768 935 solum;
793 907 882 936 neque
905 901 1027 935 permisit

248 950 417 986 iniquitatem
432 949 503 977 hanc
520 948 620 982 facere,
635 953 666 977 ut
680 948 737 984 ('13)
748 947 889 977 solvantur
901 947 956 976 duo
968 955 1027 976 sce-

248 999 308 1031 ptra
323 995 350 1022 in
364 994 457 1023 lsrael.

283 1075 316 1103 ll.
330 1083 340 1101 ‹
355 1073 389 1102 Εῑ
403 1081 485 1107 nunc,
501 1073 549 1101 ﬁlii
567 1073 631 1106 mei,
642 1080 692 1109 ego
707 1072 819 1106 morior,
835 1076 861 1100 et
875 1072 903 1100 in
913 1071 1027 1100 veritate

248 1121 310 1150 dico
323 1120 411 1153 vobis,
430 1119 501 1155 quod
525 1119 548 1147 si
572 1126 626 1146 non
642 1117 802 1146 custodiatis
815 1118 995 1153 vosmetipsos
1010 1125 1026 1145 a

249 1166 345 1202 spiritu
371 1165 507 1193 mendacii
532 1169 558 1192 et
583 1165 640 1197 irae,
656 1169 683 1191 et
704 1163 821 1198 diligatis
835 1163 985 1192 -veritatem
1000 1168 1028 1190 et

247 1211 492 1248 longanimitatem,
503 1209 679 1245 disperibitis.
694 1210 808 1238 Caecitas
821 1214 862 1238 est
872 1210 900 1238 in
912 1210 963 1243 ira,
979 1210 1027 1237 lilii

248 1257 313 1290 mei,
337 1260 364 1284 et
378 1263 458 1283 nemo
481 1255 628 1282 iracundus
647 1255 720 1282 videt
741 1254 836 1282 faciem
852 1255 879 1282 in
894 1255 1025 1289 veritate;

247 1303 379 1340 quoniam
397 1309 443 1332 st‘u
457 1306 542 1336 pater,
558 1301 615 1328 sive
632 1307 718 1328 mater
731 1301 782 1334 sit,
804 1306 834 1328 ut
850 1301 973 1329 hostibus
984 1307 1026 1329 at-

248 1341 335 1378 tendit
345 1350 401 1383 eis;
422 1350 445 1377 si
456 1347 493 1378 sit
504 1346 597 1380 frater,
608 1354 662 1374 non
676 1347 767 1380 novit;
787 1346 811 1374 si
831 1347 959 1382 propheta
974 1347 1028 1375 Do-

248 1396 327 1430 mini,
346 1403 401 1423 non
417 1394 526 1428 obedit;
545 1395 568 1423 si
584 1395 685 1430 justus,
697 1399 751 1419 n0u
784 1392 894 1427 aspicit;
910 1393 1027 1420 amicum

250 1449 305 1469 non
327 1441 476 1476 cognoscit.
500 1440 689 1476 Circumponit
710 1436 786 1468 enim
805 1436 831 1463 ei
853 1436 964 1472 spiritus
982 1437 1028 1465 ira:

1076 221 1145 248 μου,
1175 213 1321 247 προσέχετε
1350 213 1452 249 ῥήμασι
1479 213 1609 248 στόματος
1633 214 1737 249 πατρὸς
1768 214 1856 250 span.

1082 258 1227 293 Ἐπείρασα
1243 258 1271 284 ὲν
1288 258 1386 294 καρδίᾳ
1403 267 1464 293 μου,
1477 259 1522 284 καὶ
1539 258 1568 284 ὲν
1585 257 1659 295 πάσῃ
1675 260 1708 294 τῇ
1722 258 1779 295 ζωῇ
1794 268 1856 295 μου,

1073 304 1113 330 ὅτι
1127 303 1207 330 καλὸν
1219 304 1265 330 καὶ
1281 303 1340 338 Θεῷ
1355 304 1508 338 εὐάρεστον,
1521 305 1538 338 ή
1551 303 1663 339 ἀλήθεια
1677 303 1748 338 μετά
1757 305 1818 331 δικα
1827 313 1858 330 ω-

1073 349 1208 385 πραγίας·
1226 350 1273 376 καὶ
1288 349 1328 376 ὅτι
1351 349 1518 385 πονηρὸν,τδ
1533 349 1642 384 ψεῦδος,
1659 350 1707 376 καὶ
1729 351 1745 378 ὁ
1760 351 1857 386 θυμὸς,

1073 395 1114 422 ὅτι
1131 396 1219 422 πᾶσαν
1231 395 1328 422 κακίαν
1344 395 1493 431 ἀνθρώπων
1505 395 1655 423 ἐκδιδάσκει
1669 396 1736 431 (72).
1752 396 1854 432 Ὀμολοι

1074 442 1116 477 γῶ
1127 443 1245 478 σήμερον
1256 442 1329 478 ὑμῖν,
1341 441 1423 469 τέκνα
1439 450 1501 477 μου,
1513 442 1553 468 ὅτι
1569 442 1598 469 ὲν
1610 441 1779 478 καρδίᾳιμου
1797 443 1855 478 ἠδό-

1076 497 1129 524 μην
1146 488 1210 524 περὶ
1224 488 1272 515 τοῦ
1288 488 1400 515 θανάτου
1420 487 1533 523 Ἰωσὴφ,
1552 487 1599 514 τοῦ
1620 487 1717 522 ἀνδρὸς
1728 487 1775 514 τοῦ
1792 488 1856 522 ἀγα-

1074 533 1121 561 θοῦ
1132 535 1178 561 καὶ
1190 533 1326 569 ἀληθινοῦ,
1344 534 1390 560 καὶ
1401 533 1508 569 ἔχαιρον
1523 533 1569 560 ἐπὶ
1584 534 1617 568 τῇ
1634 533 1734 568 πράσει
1748 533 1854 570 Ἰωσὴφ,

1074 580 1114 606 ὅτι
1133 580 1202 616 ὑπὲρ
1217 581 1290 616 ἡμᾶς
1305 581 1320 607 ὸ
1332 579 1423 615 πατὴρ
1431 579 1511 606 αὑτὸν
1523 579 1626 614 ἠγάπα.
1639 580 1676 606 Τὸ
1686 579 1742 615 γάρ
1750 579 1854 614 πνεῦμα

1073 624 1120 651 τοῦ
1137 624 1216 661 ζήλου
1233 625 1278 652 καὶ
1301 625 1351 660 τῆς
1367 624 1522 656 ἀλαζονείας
1542 624 1619 660 ἔλεγέ
1644 633 1705 660 μοι’
1723 635 1733 651 ι
1754 626 1809 652 Καί
1826 633 1855 659 γε

1075 672 1107 698 σὺ
1127 671 1184 703 υἱὸς
1199 671 1290 698 αὐτοῦ.
1308 681 1316 697 ι
1332 672 1387 698 Καὶ
1403 671 1432 698 ἓν
1451 671 1504 698 τῶν
1516 671 1678 707 πνευμάτων
1694 671 1743 698 τοῦ
1761 672 1856 707 Βελιάρ

1075 718 1204 753 συνήργει
1222 726 1285 753 μοι,
1302 717 1395 752 λέγοψ
1411 727 1421 743 ι
1432 717 1505 744 Λαὸὲ
1521 718 1550 744 τὺ
1562 717 1636 752 ξίφος
1652 717 1746 750 τοῦτο,
1767 719 1814 746 καὶ
1829 719 1856 744 ὲν

1074 763 1147 799 αὐτῷ
1169 763 1246 790 ἄνελε
1270 764 1314 790 τὸν
1334 763 1448 799 Ἰωσὴφ,
1463 763 1509 790 καὶ
1524 764 1662 799 ἀγαπήσει
1686 771 1717 790 σε
1735 764 1750 790 ὸ
1765 765 1857 799 πατήρ

1076 819 1133 842 σου,
1150 810 1329 842 ἀποθανόντος
1340 809 1433 837 αὑτοῦ.
1450 819 1458 836 ι
1473 809 1559 837 Τοῦτό
1573 810 1632 836 ἔστι
1645 810 1677 836 τὺ
1692 809 1802 845 πνεῦμα
1812 810 1856 836 τοῦ

1076 856 1162 892 θυμοῦ
1174 876 1181 889 ,
1201 857 1230 884 τὸ
1244 857 1334 884 πείθόν
1352 866 1401 893 με,
1414 857 1458 884 ἵνα
1468 857 1506 889 ὡς
1522 857 1654 893 πάρδαλις
1671 857 1787 893 ὲκμύζει
1802 858 1855 893 ἐρι-

1077 911 1135 937 φον,
1144 902 1229 935 οὕτως
1239 902 1384 939 ἐκμυζήσω
1390 903 1435 930 τὸν
1450 903 1558 939 Ἰωσήφ.
1574 904 1643 930 Ἀλλ’
1654 904 1670 930 ὁ
1678 903 1745 935 Θεὸς
1763 905 1856 932 Ἰακὼὸ

1075 947 1122 974 τοῦ
1141 948 1243 984 πατρός
1260 957 1310 984 μου
1330 949 1380 975 οὐκ
1397 949 1522 976 ἐνέϐαλεν
1538 949 1619 976 αὐτὸν
1630 949 1672 981 εἰς
1693 949 1743 980 τὰς
1764 949 1856 984 χεῖρά-ς

1077 1001 1137 1028 μου,
1148 993 1191 1019 ἶνα
1199 992 1271 1028 εὕρω
1281 993 1360 1020 αὑτὸν
1375 993 1463 1028 μόνον’
1473 993 1533 1020 οὐδὲ
1543 994 1616 1020 εῐασε
1627 992 1707 1020 τοῦτο
1715 994 1746 1020 τὸ
1754 993 1856 1028 ἀγόμη-

1077 1046 1115 1073 μα
1126 1038 1247 1072 ποιῆσαι,
1258 1039 1301 1065 ῐνα
1316 1038 1416 1066 λυθῶσι
1431 1039 1478 1066 δύο
1493 1039 1619 1075 σκῆπτρα
1634 1040 1664 1065 ὲν
1672 1039 1780 1076 Ἰσραήλ
1793 1039 1855 1074 (71).

1110 1084 1148 1111 B’.
1164 1093 1173 1109 ι
1188 1085 1242 1111 Καὶ
1258 1083 1316 1117 νῦν,
1332 1083 1414 1111 τέκνα
1427 1093 1487 1120 μου,
1504 1083 1559 1119 ἐγὼ
1575 1085 1749 1120 ἀποθνήσκω,
1767 1085 1815 1111 καὶ
1829 1086 1858 1111 ὲν

1075 1129 1188 1166 ἀληθείᾳ
1205 1130 1275 1165 λέγω
1303 1131 1382 1166 ὑμῖν,
1405 1131 1446 1158 ὅτι
1469 1131 1517 1158 ἐὰν
1534 1131 1571 1167 μὴ
1590 1131 1727 1167 φυλάξητε
1747 1132 1858 1163 ἑαυτοὺς

1076 1176 1129 1204 ἀπὺ
1147 1176 1193 1203 τοῦ
1215 1177 1368 1212 πνεύματος
1384 1176 1432 1204 τοῦ
1446 1177 1560 1212 ψεύδους
1573 1178 1620 1204 καὶ
1631 1177 1680 1204 τοῦ
1694 1178 1797 1214 θυμοῦ,
1813 1178 1858 1205 καὶ

1075 1222 1235 1258 ἀγαπήσητε
1247 1222 1296 1258 τὴν
1308 1222 1434 1258 ἀλήθειαν
1449 1223 1497 1249 καὶ
1511 1222 1560 1258 τὴν
1576 1222 1780 1258 μακροθυμίαν,
1797 1223 1858 1249 ἀπο-

1076 1267 1173 1295 λεῖσθε.
1186 1268 1327 1302 Τύφλωσίς
1342 1269 1414 1295 ἑστιν
1432 1269 1461 1295 ἐν
1473 1267 1512 1303 τῷ
1523 1267 1601 1304 θυμῷ
1611 1287 1619 1300 ,
1635 1268 1720 1295 τέκνα
1734 1277 1797 1304 μου,
1812 1269 1858 1295 καὶ

1076 1313 1125 1340 οὐκ
1132 1313 1187 1340 ἐστι
1197 1321 1239 1345 τις
1248 1313 1372 1349 θυμώδης
1380 1312 1452 1349 ὁρῶν
1461 1313 1606 1349 πρόσωπον
1614 1313 1682 1349 (74”)
1692 1314 1723 1339 ὲν
1734 1313 1854 1349 ἀληθείᾳ·

1077 1359 1118 1385 ὅτι
1129 1358 1180 1385 κᾶν
1190 1358 1280 1394 πατὴρ
1289 1378 1296 1390 ,
1307 1359 1359 1386 κᾶν
1371 1359 1460 1394 μήτηρ
1469 1359 1553 1390 ἔστὶν,
1563 1358 1601 1391 ὡς
1610 1358 1750 1394 πολεμίας
1762 1359 1858 1394 προσέ-

1077 1414 1120 1441 χει
1136 1406 1227 1437 αὺτοῖς
1237 1413 1243 1420 ·
1259 1403 1336 1441 ὲὰνῇ
1352 1405 1475 1439 ἀδελφὸς,
1492 1405 1542 1432 οὐκ
1557 1402 1643 1432 οἶδεν·
1657 1404 1706 1431 ὲάν
1720 1406 1859 1441 προφήτης

1077 1450 1188 1486 Κυρίου,
1215 1449 1380 1486 παρακούει·
1400 1450 1448 1477 ἐὰν
1467 1450 1586 1484 δίκαιος,
1603 1451 1632 1477 οὐ
1651 1451 1761 1486 βλέπει·
1787 1452 1860 1486 φίλον

249 1487 318 1515 retia
332 1486 444 1519 erroris,
460 1490 487 1513 et
500 1490 617 1514 excmcat
635 1486 773 1514 naturales
790 1482 885 1513 oculos
905 1483 976 1518 ejus,
1000 1488 1027 1511 et

1079 1496 1107 1522 οὐ
1121 1482 1262 1531 γνωρίζειί
1282 1495 1441 1531 Περιὸάλλει
1466 1495 1520 1532 γὰρ
1545 1482 1627 1523 αὺεὸν
1639 1482 1671 1523 σέὸ
1692 1482 1800 1533 πνεῦμα
1815 1497 1859 1524 τοῦ

250 1540 297 1567 per
313 1531 483 1560 mendacium
496 1531 654 1560 obtenebrat
681 1536 798 1559 mentem
820 1531 891 1566 ejus,
915 1534 942 1558 et
965 1537 1027 1565 pro-

1079 1539 1164 1575 θυμοῦ
1179 1539 1215 1566 τὰ
1229 1540 1322 1567 δίκτυα
1336 1540 1385 1575 τῆς
1401 1531 1522 1576 πλάνης),
1535 1541 1582 1568 καὶ
1597 1542 1694 1576 τυφλοῖ
1705 1531 1769 1574 τοὺς
1783 1551 1859 1577 φυστ-

250 1579 336 1614 priam
351 1579 483 1607 visionem
497 1578 592 1606 tribuit
609 1578 644 1606 ei.
657 1577 686 1606 In
701 1585 756 1613 quo
769 1581 858 1605 autem
873 1577 1028 1611 circumpo-

250 1624 291 1651 nit
304 1624 399 1652 oculos
422 1624 501 1658 ejus?
520 1623 549 1650 ln
565 1623 627 1651 odio
641 1624 741 1655 cordis,
760 1627 788 1651 et
805 1623 852 1651 dat
864 1623 889 1651 ei
904 1630 952 1650 cor
967 1630 1029 1657 pro-

250 1668 339 1704 prium
355 1668 486 1696 adversus
496 1667 604 1695 fratrem
623 1667 650 1695 in
662 1667 800 1695 invidiam.

285 1805 329 1833 lll.
347 1814 356 1831 ι
374 1804 530 1833 Perniciosa
553 1809 596 1833 est
619 1805 677 1839 ira,
695 1807 746 1836 lilii
764 1805 835 1839 mei;
857 1805 956 1834 etenim
976 1805 1028 1841 ipsi

250 1851 348 1880 animae
362 1851 420 1886 ipsa
447 1851 478 1878 lit
499 1851 606 1885 anima;
623 1856 651 1879 et
664 1859 763 1886 corpus
778 1851 888 1887 quidem
904 1852 1028 1880 iracundi

249 1896 389 1932 proprium
408 1895 460 1924 sibi
480 1895 563 1929 facit,
582 1896 680 1924 anima).
703 1900 794 1924 autem
815 1897 982 1932 dominatur,
1002 1901 1029 1926 et

251 1942 346 1970 tribuit
368 1942 477 1977 corpori
499 1941 648 1977 potentiam
662 1943 812 1977 propriam,
828 1947 859 1970 ut
872 1942 955 1970 faciat
972 1950 1029 1971 om-

251 1996 313 2016 nem
328 1987 515 2023 iniquitatem;
530 1992 558 2015 et
568 1995 631 2015 cum
644 1987 700 2023 jam
712 1992 821 2023 operata
836 1987 918 2016 fuerit
927 1988 1028 2023 anima,

248 2033 380 2068 jnstilicat
395 2033 468 2068 quod
484 2037 625 2068 operatum
645 2037 697 2065 est,
713 2032 777 2068 quia
787 2040 843 2060 non
862 2033 945 2061 videt.
959 2032 1028 2062 Pro-

250 2085 310 2114 pter
324 2079 376 2107 hoc
390 2079 437 2115 qui
450 2079 537 2107 iratus
553 2082 605 2113 est,
628 2079 654 2107 si
670 2079 780 2114 quidem
804 2079 840 2107 sit
859 2084 966 2115 potens,
979 2080 1029 2107 tri-

1077 1586 1142 1618 κοὺς
1157 1586 1311 1622 ὀφθαλμοὺς
1324 1586 1405 1613 αὑτοῦ
1415 1606 1423 1619 ,
1444 1587 1491 1614 καὶ
1506 1587 1550 1614 διὰ
1567 1581 1614 1614 ’ἓοῦ
1631 1587 1747 1622 ψεύδους
1771 1589 1862 1615 σκοποῖ

1077 1632 1127 1667 τὴν
1140 1631 1256 1659 διάνοιαν
1269 1631 1361 1665 αὐτοῦ,
1375 1633 1423 1660 καὶ
1435 1633 1485 1668 τήν
1498 1633 1564 1660 [δίαν
1575 1633 1672 1668 ὅρασιν
1685 1633 1801 1668 παρέχει
1812 1634 1859 1660 αὐ-

1078 1676 1126 1712 τῷ.
1146 1677 1188 1703 Ἔν
1205 1677 1258 1704 τίνι
1278 1676 1306 1704 δὲ
1327 1677 1483 1714 περιϐάλλει
1502 1679 1566 1710 τοὺς
1586 1678 1742 1714 ὀφθαλμοὺς
1761 1679 1858 1708 uinci:

1085 1722 1128 1749 Ἐν
1146 1723 1218 1758 μίσει
1233 1724 1355 1759 καρδίας,
1381 1724 1428 1750 καὶ
1449 1723 1555 1750 δίδωσιν
1570 1723 1644 1760 αὐτῷ
1661 1724 1778 1760 καρδίαν
1796 1725 1860 1751 ἰδίαν

1079 1767 1148 1795 κατά
1162 1768 1208 1795 τοῦ
1225 1769 1339 1804 ἀδελφοῦ
1355 1770 1396 1801 είς
1411 1769 1516 1804 φθόνον.

1118 1815 1154 1841 I".
1176 1824 1186 1840 ι
1200 1815 1321 1850 Πονηρὸς
1345 1815 1360 1842 6
1385 1815 1583 1851 θυμὸς,’τέκνα
1594 1816 1778 1851 μου,καὶγάρ
1797 1817 1861 1851 αὑτῇ

1078 1861 1111 1896 τῇ
1127 1860 1199 1896 ψυχῇ
1216 1860 1295 1892 αὺτὺς
1311 1861 1415 1895 γίνεται
1429 1861 1501 1896 ψυχή
1517 1861 1587 1896 (75)·
1606 1862 1652 1888 καὶ
1667 1862 1699 1888 τὺ
1717 1862 1769 1898 μὲν
1787 1862 1861 1897 σῶμα

1080 1904 1244 1932 ίδιοποιείται
1256 1904 1310 1940 (76)
1318 1905 1364 1932 τοῦ
1375 1905 1512 1941 θυμώδους
1521 1925 1529 1937 ,
1539 1906 1588 1942 τῆς
1601 1906 1629 1932 δὲ
1642 1906 1734 1941 ψυχῆς
1744 1915 1863 1933 nux-ao

1080 1950 1164 1986 ριεύει
1175 1971 1183 1983 ,
1201 1950 1248 1977 καὶ
1270 1950 1387 1987 παρέχει
1399 1951 1439 1986 τῷ
1455 1950 1560 1986 σώματι
1581 1952 1696 1987 δύναμιν
1716 1952 1786 1979 ἰδίαν
1798 1973 1805 1983 ,
1823 1954 1862 1979 ἴνα

1079 1996 1179 2032 ποιήσῃ
1205 1996 1294 2024 πᾶσαν
1317 1996 1429 2032 ἀνομίαν
1441 2005 1448 2012 ·
1465 1997 1512 2024 καὶ¹
1527 1997 1591 2024 ὅταν
1612 1997 1705 2033 πράξῃ
1721 1998 1812 2034 ψυχὴ,
1827 1998 1861 2024 δι-

1077 2043 1149 2069 καιοῖ
1172 2041 1203 2069 τὸ
1225 2042 1362 2078 πραχθὲν,
1388 2042 1481 2078 ἐπειδὴ
1503 2043 1534 2069 οὐ
1557 2043 1659 2078 βλέπει.
1683 2044 1736 2070 Διὰ
1759 2043 1862 2071 toi-:06

1079 2088 1257 2124 θυμούμενος,
1274 2088 1322 2115 ἐὰν
1340 2088 1389 2124 μὲν
1438 2088 1558 2121 δυνατὸς,
1582 2089 1700 2124 τριπλῆν
1717 2089 1777 2124 ἔχει
1788 2090 1862 2117 δύνα-

251 2124 348 2160 plicem
372 2125 453 2152 habet
471 2124 622 2160 potentiam
637 2125 666 2152 in
680 2125 721 2152 ira
735 2133 743 2150 :
761 2133 844 2153 unam
857 2125 967 2161 quidem
980 2134 1027 2162 per

1081 2144 1125 2170 μιν
1141 2135 1170 2161 ὲν
1186 2135 1226 2170 τῷ
1241 2134 1335 2170 θυμῷ·
1362 2124 1427 2171 μίαν
1445 2135 1495 2171 μὲν
1511 2134 1556 2162 διὰ
1574 2135 1625 2170 τῆς
1650 2136 1798 2171 δυνάμεως
1820 2136 1860 2162 καὶ

251 2170 400 2205 potentiam
422 2174 450 2198 et
472 2169 605 2198 auxilium
623 2170 854 2205 ministrantium;
879 2172 1027 2200 secundam

1079 2168 1129 2216 ei};
1145 2168 1269 2216 βοηθείας
1278 2168 1341 2217 -(“ί7)
1362 2168 1417 2208 ζιτῶν
1441 2168 1662 2216 θπουργούνίεων·
1687 2168 1820 2217 δευτέραν
1836 2181 1859 2207 δὲ

251 2219 342 2242 autem
363 2222 411 2250 per
425 2215 549 2249 divitias,
565 2215 732 2250 persuadens
751 2220 779 2243 et
792 2217 904 2245 vincens
918 2217 945 2244 in
963 2217 1031 2252 inju-

252 2261 341 2295 stitia;
366 2261 473 2289 tertiam
499 2262 651 2289 naturalem
673 2262 776 2290 habens
791 2264 925 2298 corporis,
940 2268 969 2291 et
982 2271 1031 2299 per

252 2307 372 2342 seipsum
397 2313 513 2342 operans
532 2308 645 2334 malum.
663 2305 692 2334 Si
707 2311 795 2334 autem
811 2307 909 2336 debilis
924 2308 960 2336 sit
982 2309 1030 2343 qui

253 2353 389 2384 irascitur,
411 2352 546 2387 duplicem
562 2352 642 2380 habet
662 2357 823 2387 potestatem
834 2374 841 2387 ,
855 2360 951 2388 praeter
969 2363 1030 2382 eam

251 2406 312 2435 quae
322 2402 364 2426 est
375 2403 496 2432 naturae;
511 2398 621 2433 adjuvat
631 2398 704 2425 enim
717 2398 757 2425 eis
773 2398 812 2425 ira
827 2406 933 2435 semper
944 2400 971 2427 in
981 2400 1031 2428 ini-

285 2475 342 2511 (72)
357 2476 464 2510 Θυμὸς,
480 2476 525 2503 ὅτι
540 2476 642 2504 πᾶσαν
657 2478 764 2505 κακίαν
779 2478 938 2511 ἀνθρώπων
953 2480 1031 2508 ἐκδι-

249 2510 369 2548 διίςγνῳιι.Δ
379 2511 682 2548 Θυμὺςέπᾶσανγκακίαν
694 2510 854 2548 ἐκδιδάσκει,
867 2515 968 2543 omisso
979 2516 1030 2548 ὅτι,

249 2551 277 2572 et
287 2544 446 2587 ἀχρριίιπων,
459 2546 515 2574 sive
528 2547 616 2587 potius
629 2547 777 2587 ἄνθρωπον.
791 2547 873 2587 Gug.

287 2580 344 2615 (75)
359 2580 472 2617 ιλιαΝε,
481 2580 572 2616 potius
590 2580 731 2617 legendum
747 2583 824 2617 juxta
844 2582 930 2612 Grec.
942 2584 1030 2612 Oxon.

251 2613 297 2641 ln.‘
308 2613 344 2636 ς
365 2615 433 2642 Huic
447 2613 509 2643 loco
533 2617 578 2643 lux
593 2613 756 2644 aliunditur'
768 2617 796 2644 in
816 2622 873 2646 not.
891 2619 908 2646 '5
924 2620 956 2647 ad
972 2620 1033 2648 Cle-

251 2650 351 2711 anﬁntis
368 2649 448 2678 Rom.
464 2650 548 2686 Epist.
565 2651 592 2684 l,
607 2659 667 2687 cap.
684 2652 728 2679 51.
741 2651 847 2679 Patrol.
859 2654 906 2682 Gr.
917 2654 961 2682 t.l
978 2656 1029 2683 col.

250 2718 344 2781 alii)
357 2720 474 2747 Λυθῶσι
489 2720 544 2748 δύο
559 2721 696 2756 σκῆπτρα
711 2722 746 2749 ἐν
764 2723 895 2758 Ἰσραήλ.
911 2724 958 2760 Μή
967 2725 1030 2753 add.

294 2761 336 2781 ΑΒ.

288 2788 359 2824 (74⁸)
373 2789 443 2822 Quid
469 2794 511 2818 est
535 2791 587 2818 hoc
604 2791 674 2826 ὁρῶν
690 2792 853 2828 πρόσωπον,
871 2795 959 2822 videns
985 2797 1028 2832 [a-

1079 2226 1124 2253 διά
1138 2226 1185 2253 τοῦ
1201 2226 1333 2259 πλούτου,
1350 2225 1526 2262 παραπείθων
1543 2226 1589 2253 καὶ
1605 2226 1688 2253 νικῶν
1716 2227 1747 2254 ὲν
1765 2227 1858 2261 ἀδίκῳ·

1079 2271 1173 2306 τρίτην
1188 2271 1238 2306 τὴν
1254 2271 1370 2306 φυσικὴν
1386 2269 1455 2306 ἔχων
1470 2270 1517 2297 τοῦ
1534 2270 1668 2306 σώματος,
1685 2271 1735 2297 καὶ
1752 2271 1787 2297 δι’
1803 2272 1859 2298 ἑαυ-

1079 2316 1126 2343 τοῦ
1143 2316 1213 2352 δρῶν
1228 2317 1259 2344 τὸ
1274 2317 1367 2344 κακόν.
1385 2315 1447 2343 Ἐὰν
1457 2316 1486 2342 δὲ
1503 2316 1638 2353 ἀσθενήσῃ
1652 2317 1667 2342 ὁ
1684 2316 1858 2353 θυμούμενος.

1080 2361 1175 2397 διπλῆν
1190 2362 1246 2397 ἔχει
1262 2363 1311 2398 τὴν
1327 2361 1440 2398 δύναμιν
1456 2361 1531 2397 παρά
1545 2361 1595 2397 τῆς
1618 2361 1727 2396 φύσεως
1739 2371 1747 2378 ·
1777 2362 1860 2398 βοηθεῖ

1080 2407 1134 2444 γὰρ
1150 2409 1241 2440 αὐτοῖς
1256 2410 1270 2435 ὁ
1287 2408 1371 2444 θυμὸς
1386 2408 1499 2435 πάντοτε
1514 2408 1543 2435 ἐν
1555 2408 1723 2444 παρανομίᾳ.
1742 2409 1826 2436 Τοῦτο
1834 2408 1859 2434 τὺ

1080 2483 1167 2526 ciem.’
1188 2485 1434 2526 Hebraicerdicitur
1448 2486 1640 2526 viderefaciem
1653 2494 1705 2526 pro
1720 2487 1857 2526 familiari-

1082 2526 1123 2549 ter
1138 2525 1165 2548 et
1177 2522 1275 2553 amice,
1287 2525 1334 2548 aut
1347 2521 1495 2556 submisse,
1512 2521 1629 2556 aliquem
1639 2522 1728 2554 adire,
1744 2522 1786 2549 vel
1801 2530 1856 2556 cum

1082 2564 1116 2584 eo
1129 2556 1257 2590 colloqui.
1276 2555 1318 2584 Cf.
1335 2560 1400 2584 text.
1415 2554 1496 2583 Hebr.
1513 2554 1579 2583 Gen.
1597 2564 1684 2588 um,
1699 2557 1747 2590 2i,
1763 2562 1790 2584 et
1808 2555 1855 2584 6e-

1081 2591 1150 2618 senii
1172 2591 1334 2618 Thesaurum
1351 2591 1386 2618 ad
1400 2598 1493 2618 vacem
1509 2595 1575 2621 nim
1588 2595 1617 2618 n°
1628 2592 1653 2623 l,
1666 2591 1693 2619 Ιι.
1713 2592 1814 2619 Ducti.

1117 2626 1172 2660 (75)
1183 2626 1238 2652 Καὶ
1252 2628 1306 2660 γὰρ
1318 2625 1395 2660 αὐτῇ
1416 2625 1452 2660 τῇ
1467 2625 1554 2660 ψυχῇ
1569 2626 1663 2660 αὐτὸς
1679 2627 1792 2661 γίνεται
1804 2627 1855 2660 ψυ-

1081 2660 1120 2694 χή
1133 2661 1234 2687 omissa
1251 2664 1324 2688 sunt.
1337 2660 1422 2688 ὕλη.

1117 2695 1173 2730 (76)
1195 2695 1395 2730 ’ἰδιοποιεῖταα
1409 2695 1487 2722 Ἰδιον
1501 2697 1624 2723 ποιεῖται.
1638 2695 1677 2724 In.

1080 2729 1308 2801 ἓοξῖἔέαὲιίίντῆς
1321 2730 1473 2765 δυνάμεως
1489 2731 1536 2758 καί
1554 2731 1609 2765 τῆς
1623 2731 1779 2767 βοηθείας.
1798 2729 1852 2758 ’Δπὶ

1099 2774 1215 2801 οηπειας.
1229 2774 1266 2792 ιο.
