1913 3102
62 132 119 161 1101

675 127 934 157 TESTAMENTUM
952 127 1033 155 DAN.

1592 128 1661 156 “0‘1

61 189 157 225 πνεῦμα
171 188 213 216 ἀεὶ
230 187 302 224 μετά
316 187 364 214 τοῦ
378 187 490 222 ψεύδους
506 187 539 213 ὲκ
550 186 644 220 δεξιῶν
660 186 706 213 τοῦ
723 187 823 213 Σατανέ

882 186 994 221 quitate.
1014 184 1064 214 Hic
1076 184 1188 220 spiritus
1201 191 1308 219 semper
1321 191 1384 211 cum
1399 183 1542 212 mendacio
1561 192 1576 212 a
1590 185 1658 213 dex-

61 236 207 270 πορεύεται,
227 233 272 260 ἵνα
295 233 324 259 ὲν
339 232 460 267 ὠμότητι
476 232 523 258 καὶ
544 231 635 266 ψεύδει
657 232 784 265 γίνωνται
801 233 828 258 αἱ

60 280 159 316 πράξεις
173 277 269 305 αὐτοῦ.

87 326 119 350 Δ’.
136 323 259 350 «Οὐκοῦν
285 322 386 349 συνίετε
408 323 458 358 τὴν
480 322 592 357 δύναμιν
608 321 655 348 τοῦ
673 321 769 357 θυμοῦ,
786 322 827 348 ὄτι

59 370 147 406 ματαία
162 369 244 396 ἐστίν.
270 369 314 396 Ἐν
330 368 384 404 γὰρ
394 368 465 404 λόγῳ
481 367 625 404 παροξύνει
638 367 692 403 (78)
709 367 825 404 πρῶτον·

58 414 107 443 εἶτα
122 417 148 442 ἐν
161 415 252 451 ἔργοις
268 415 374 442 δυνατοϊ
387 413 432 441 τδν
445 413 629 450 ἐρεθιζόμενον
646 413 700 448 (79)
713 433 721 445 ,
737 414 784 440 καὶ
799 414 828 439 ὲν

58 462 155 497 ζημίαις
171 461 284 496 πικραῖς
300 459 354 495 (80)
372 460 499 496 ταράσσει
515 459 545 486 τὸ
562 458 711 486 διασούλιον
727 458 825 485 αὐτοῦ·

57 509 96 535 καὶ
109 507 189 538 οὕτως
202 506 331 541 διεγείρει
347 505 376 532 ὲν
392 505 470 540 θυμῷ
488 505 598 540 μεγάλῳ
612 504 661 540 τὴν
676 504 765 540 ψυχὴν
780 504 828 531 αὑ-

55 554 105 582 τοῦ.
121 554 181 580 Ὅτε
198 550 245 579 οὖν
261 551 337 578 λαλεῖ
351 560 393 583 τις
409 551 469 578 καθ’
487 551 574 586 ὑμῶν,
593 551 672 586 ὑμεῖς
690 550 727 586 μὴ
741 551 826 577 κινεῖ-

56 600 95 626 re:
111 600 148 631 εἰς
170 598 256 634 θυμόν
269 607 276 614 ο
301 598 348 625 καὶ
370 598 417 624 ὲάν
432 604 474 628 τις
491 597 588 631 ἐπαινῇ
614 596 686 630 ὑμᾶς
706 595 744 628 ὡς
760 596 827 629 ἀγα-

56 645 108 677 Θθὺς
124 644 187 680 (81),
206 645 245 680 μὴ
263 643 424 680 ἐπαίρεσθε,
446 643 513 678 μήτε
532 641 739 677 μεταϐάλλεσθε,
758 642 825 676 μήτε

54 692 87 723 εἰς
99 691 198 726 τέρψιν,
219 691 289 726 μήτε
306 691 345 722 εἰς
360 689 462 716 ἀειδίαν
478 688 543 724 (82).
563 687 673 724 Πρῶτον
694 687 748 722 γὰρ
766 686 828 722 τέρ-

54 746 92 763 πει
105 737 151 772 τὴν
165 736 262 772 ἀκοὴν,
276 735 323 762 καὶ
339 735 424 766 οὕτως
438 734 524 766 ὀξύνει
537 734 583 761 τὸν
599 733 671 765 νοῦν,
689 733 784 768 νοῆσαι
796 732 826 758 τὸ

53 782 186 819 ὲρεθισθέν·
209 782 260 809 καὶ
275 782 336 808 τότε
353 780 488 816 θυμωθεὶς
505 779 609 815 νομίζει
624 780 735 811 δικαίως
749 779 825 815 ὀργί-

54 828 144 860 ζεσθαι.
172 827 236 854 Ἐὰν
256 827 290 862 δὲ]
307 826 393 862 ζημίᾳ
409 826 425 862 ἢ
443 826 558 862 ἀπολείᾳ
582 826 636 853 nvi.
659 826 825 862 περιπέσητε
841 853 862 880 Β

52 874 118 909 (85),
133 874 225 905 τέκνα,
246 873 284 909 μὴ
301 872 438 908 θροεῖσθε·
457 872 497 899 ὃτι
514 872 580 899 αὐτὸ
594 872 625 899 τὸ
641 872 748 908 πνεῦμα
765 873 823 898 ὲπι-

52 920 160 956 Θυμῆσαι
173 921 246 946 ποιεῖ
261 918 308 945 τοῦ
326 918 492 954 ἀπολομένου
504 938 511 950 ,
530 919 573 946 ἵνα
589 918 700 954 θυμωθῇ
717 918 762 945 διὰ
777 918 825 945 τοῦ

52 967 133 993 πόθου.
157 965 220 992 Ἐὰν
236 965 266 992 δὲ
281 963 436 1000 ζημιωθῆτε
453 963 508 1000 (84)
524 964 662 996 ἑκουσίως,
682 964 719 999 μὴ
733 963 825 990 λυπεῖ-

52 1012 107 1038 σθε’
123 1011 175 1039 ἀπὸ
189 1011 246 1047 γὰρ
263 1012 350 1047 λύπης
367 1011 501 1047 ἐγείρεται
518 1010 602 1046 Θυμὺς
620 1010 686 1045 μετὰ
701 1009 823 1045 ψεύδους.

53 1057 120 1083 Ἔστι
141 1057 169 1083 δὲ
184 1056 357 1092 διπρόσωπον
373 1056 456 1083 κακὸν
468 1076 475 1088 ,
494 1056 577 1091 θυμὸς
602 1056 671 1091 μετὰ
693 1055 823 1090 ψεύδους,

51 1104 92 1130 καὶ
108 1104 271 1139 συνερῶνται
281 1103 414 1139 ἀλλήλοις,
423 1103 466 1130 ἵνα
476 1102 613 1139 ταράξωσι
623 1103 654 1129 τὺ
663 1102 822 1129 διαὸούλιον·

51 1149 249 1184 ταρασσομένης
281 1148 310 1175 δὲ
331 1148 382 1184 τῆς
405 1148 494 1183 ψυχῆς
520 1147 656 1183 συνεχῶς,
679 1147 824 1182 ἀφίσταται

50 1194 200 1230 ΚύρωςΙάπ⁸
211 1194 307 1229 αὐτῆς,
323 1194 369 1220 καὶ
387 1193 508 1230 κυριεύει
521 1193 605 1229 αὐτῆς
621 1194 635 1220 ὁ
645 1192 751 1228 Βελιάρ.

81 1240 115 1267 E’.
134 1249 144 1266 ι
160 1240 298 1274 Φυλάξατε
315 1237 360 1267 οὖν
370 1260 377 1273 ,
392 1239 474 1267 τέκνα
495 1248 545 1275 μου
555 1260 562 1271 ,
588 1239 638 1271 τὰς
654 1239 762 1271 ἐντολὰς
776 1239 823 1267 τοῦ

51 1285 160 1320 Κυρίου,
183 1287 230 1313 καὶ
252 1286 299 1313 τὸν
314 1286 395 1322 νόμον
418 1285 499 1314 αὐτοῦ
515 1286 667 1321 τηρήσατε·
689 1285 823 1321 ἀπόστητε

51 1329 75 1356 δὲ
89 1330 138 1357 ἀπὸ
153 1330 258 1366 θυμοῦ,
275 1332 322 1358 καὶ
338 1331 469 1367 μισήσατε
488 1331 519 1358 τὸ
537 1330 643 1365 ψεῦδος,
660 1331 704 1357 ἵνα
722 1330 823 1366 Κύριος

51 1377 188 1412 κατοικήσῃ
205 1378 235 1403 ὲν
252 1378 328 1413 ὑμῖν.
347 1377 403 1413 (85)
430 1376 569 1413 Ἀλήθειαν
584 1376 689 1403 λαλεῖτε
701 1376 823 1410 ιὲκαστος

51 1422 111 1456 πρὸς
124 1422 168 1449 τὸν
189 1422 305 1458 πλησίον
323 1422 424 1455 αὐτοῦ,
446 1422 493 1449 καὶ
517 1422 548 1448 οὐ
566 1422 603 1457 μὴ
625 1421 762 1457 ὲμπέσητε
782 1422 823 1454 εἰς

53 1468 121 1502 μῆνιν
139 1469 186 1495 καὶ
202 1468 335 1505 ταραχὰς,
354 1468 411 1495 ἀλλ’
433 1467 526 1495 ἔσεσθε
542 1468 570 1494 ὲν
589 1468 693 1504 εἰρήνῃ,
716 1467 822 1503 ἔχοντες

881 231 931 258 tris
947 230 1055 258 Satanae
1069 229 1199 262 ambulat,
1214 233 1244 256 ut
1259 229 1286 256 in
1299 228 1458 257 crudelitate
1476 234 1503 257 et
1515 231 1659 259 mendacio

880 277 946 303 ﬁant
958 280 1035 303 actus
1048 275 1117 310 ejus.

915 321 960 348 ιν.
977 330 986 347 ι
1003 320 1174 355 Quapropter
1193 319 1335 355 intelligite
1354 319 1503 354 potentiam
1519 319 1576 353 ine,
1590 328 1660 356 quo-

879 367 953 394 niam
965 374 1034 394 vana
1045 371 1096 394 est.
1109 365 1138 392 lu
1152 373 1278 393 sermone
1290 364 1363 392 enim
1374 365 1516 392 exacerbat
1527 365 1656 400 primum;

878 412 975 440 deinde
990 411 1017 438 in
1040 410 1167 446 operibus
1189 409 1316 437 fortiﬁcat
1328 409 1495 437 stimulatum
1505 429 1513 443 ,
1526 414 1553 438 et
1566 409 1594 436 in
1608 410 1658 437 da-

878 458 950 485 mnis
962 457 1064 485 amaris
1078 456 1224 484 conturbat
1240 455 1385 483 consilium
1396 455 1456 489 ejus
1468 463 1475 482 :
1493 459 1519 483 et
1533 454 1570 482 ita
1581 462 1660 483 exsu-

877 505 958 533 scitat
971 504 999 531 in
1012 503 1051 531 ira
1061 510 1159 538 magna
1172 501 1292 530 animam
1308 501 1377 536 ejus.
1393 500 1508 534 Quando
1523 500 1605 536 igitur
1618 501 1660 529 lo-

877 549 970 585 quitur
981 548 1079 584 aliquis
1090 548 1234 576 adversum
1243 554 1304 579 vos,
1313 554 1346 576 ne
1358 546 1521 574 moveamini
1534 547 1561 574 in
1571 547 1638 574 iram
1649 556 1656 581 ;

877 599 904 623 et
917 595 941 622 si
955 594 1017 630 quis
1034 594 1126 622 laudet
1143 601 1191 621 vos
1208 598 1237 621 ut
1248 593 1346 626 bonos,
1361 600 1395 620 ne
1406 592 1557 626 elevemini,
1571 601 1659 628 neque

877 639 1097 668 transmutemini
1112 639 1153 667 vel
1168 640 1196 666 in
1210 638 1429 671 delectationem,
1441 638 1483 666 vel
1496 639 1524 665 in
1539 639 1658 674 rigorem

876 685 977 713 vultus.
993 684 1115 713 Primum
1134 685 1207 712 enim
1222 684 1340 723 delectat
1354 684 1488 716 auditum,
1507 687 1535 711 et
1548 684 1585 711 ita
1594 691 1659 712 exa-

877 731 934 760 cuit
947 735 1078 763 mentem,
1097 735 1126 758 ut
1144 728 1277 766 intelligat
1297 730 1370 765 quod
1383 730 1575 765 exprobratum
1593 734 1657 757 est:

876 781 904 805 et
915 781 979 804 tunc
995 776 1080 804 iratus
1093 777 1232 804 existimat
1243 776 1316 811 juste
1332 776 1423 803 irasci.
1440 776 1508 804 Si'in
1522 776 1657 811 jacturam

877 827 923 850 aut
937 822 1113 857 perditionem
1127 823 1245 857 aliquam
1260 822 1420 854 incideritis,
1435 821 1493 854 lilii,
1510 830 1544 849 ne
1554 822 1658 849 tumul-

876 869 1005 902 tuemini;
1022 869 1149 904 quoniam
1174 868 1219 895 hic
1243 867 1356 902 spiritus
1378 868 1571 902 concupiscere
1592 867 1658 896 facit

876 915 947 949 quod
959 914 1093 949 perditum
1108 918 1160 945 est,
1176 918 1206 940 ut
1221 913 1356 941 irascatur
1375 921 1423 949 per
1436 913 1611 942 desiderium.
1627 913 1656 941 Si

876 964 966 986 autem
982 959 1117 994 jacturam
1130 957 1269 994 patiemini
1281 959 1444 991 voluntarie,
1459 967 1493 986 ne
1511 959 1657 987 contriste-

875 1005 956 1038 mini;
974 1012 989 1032 a
1000 1005 1110 1032 tristitia
1125 1005 1197 1032 enim
1209 1005 1356 1033 suscitatur
1370 1005 1410 1032 ira
1423 1012 1485 1036 cum
1501 1005 1654 1033 mendacio.

875 1049 923 1078 Est
936 1054 1026 1077 autem
1040 1049 1141 1077 malum
1156 1049 1291 1084 duplicem
1306 1049 1408 1077 habens
1419 1049 1528 1084 faciem,
1539 1050 1579 1078 ira
1592 1058 1655 1078 cum

875 1095 1032 1130 mendacio,
1057 1100 1084 1123 et
1099 1095 1291 1130 colloquuntur
1316 1099 1422 1129 mutuo,
1443 1099 1474 1123 ut
1494 1097 1656 1124 conturbent

875 1142 1019 1171 consilium
1037 1151 1044 1169 :
1061 1143 1169 1171 turbata
1183 1147 1274 1170 autem
1287 1142 1378 1170 anima
1395 1143 1524 1171 continue
1553 1145 1656 1172 recedit

874 1188 1007 1216 Dominus
1018 1189 1051 1216 ab
1063 1189 1135 1224 ipsa,
1151 1194 1178 1217 et
1191 1190 1347 1217 dominatur
1357 1189 1382 1217 ei
1397 1189 1495 1216 Beliar.

909 1232 942 1260 ν.
958 1243 968 1260 ‹
982 1233 1123 1262 Custodite
1141 1241 1217 1269 ergo,
1234 1234 1281 1261 lilii
1297 1234 1367 1268 mei,
1382 1235 1509 1262 mandata
1534 1234 1653 1269 Domini,

872 1284 900 1307 et
917 1279 1004 1315 legem
1022 1279 1081 1315 ejus
1104 1285 1224 1314 servate;
1243 1281 1361 1309 recedite
1381 1284 1472 1308 autem
1497 1281 1531 1308 ab
1551 1281 1608 1314 ira,
1628 1287 1655 1309 et

873 1326 937 1354 odio
951 1326 1049 1353 habete
1063 1326 1246 1360 mendacium,
1262 1332 1291 1354 ut
1303 1326 1435 1355 Dominus
1448 1327 1551 1355 habitet
1567 1327 1594 1354 in
1606 1335 1654 1355 vo-

872 1371 925 1405 bis,
940 1376 967 1399 et
982 1371 1069 1408 fugiat
1091 1379 1107 1399 a
1125 1373 1203 1400 vobis
1220 1373 1318 1400 Beliar.
1335 1372 1483 1401 Veritatem
1502 1373 1654 1408 loquamini

872 1418 1063 1454 unusquisque
1081 1419 1114 1446 ad
1127 1419 1282 1454 proximum
1295 1427 1374 1447 suum
1385 1439 1393 1453 ,
1407 1424 1435 1447 et
1454 1427 1508 1447 non
1527 1420 1654 1448 incidetis

873 1464 901 1491 in
916 1464 985 1492 iram
1003 1469 1031 1492 et
1045 1465 1230 1499 turbationes;
1243 1466 1290 1494 sed
1302 1466 1378 1494 eritis
1389 1466 1415 1494 in
1427 1474 1504 1501 pace,
1523 1467 1654 1495 habentes

51 1514 89 1539 τὸν
99 1514 160 1541 Θεδν
170 1514 221 1549 τῆς
233 1515 354 1550 εἰρήνης,
363 1514 410 1541 καὶ
425 1514 454 1540 οὺ
470 1513 508 1549 μὴ
521 1513 670 1549 κατισχύσῃ
683 1512 737 1548 (86)
746 1512 823 1548 ὑμῶν

876 1509 958 1538 Deum
972 1511 1064 1546 pacis;
1079 1516 1106 1539 et
1126 1518 1181 1538 non
1199 1511 1354 1546 prmvalebit
1367 1511 1511 1539 adversum
1527 1520 1576 1540 vos
1596 1512 1655 1539 bel-

51 1559 165 1595 πήλεμος.
181 1561 317 1594 Ἀγαπᾶτε
328 1560 373 1586 τδν
385 1559 486 1595 Κύριον
496 1559 525 1586 ἐν
535 1559 608 1594 πάσῃ
619 1560 654 1594 τῇ
670 1558 725 1594 ζωῇ
734 1558 823 1594 ὑμῶν,

51 1606 91 1632 καὶ
105 1606 232 1643 ἀλλήλους
252 1607 280 1633 ὲν
304 1606 415 1642 ἀληθινῇ
441 1605 547 1642 καρδίᾳ.
569 1604 633 1632 Οἶδα
652 1605 716 1641 γὰρ,
739 1605 779 1631 ὄτι
793 1605 822 1631 ὲν

51 1652 165 1686 ἐσχάταις
176 1653 295 1689 ἡμέραις
310 1652 494 1688 ἀποστήσεσθε
501 1651 547 1678 τοῦ
554 1651 667 1687 Κυρίου,
677 1651 724 1678 καὶ
738 1659 822 1686 προσ-

50 1698 153 1732 οχθιεῖτε
174 1699 223 1726 τὸν
251 1697 332 1730 Λευτ,
354 1699 401 1725 καὶ
422 1697 490 1734 πρὸς
511 1697 610 1724 Ἰούδαν
634 1696 820 1729 ἀντιτάξεσθε’

50 1743 98 1770 ἀλλ’
122 1743 151 1771 οὖ
173 1744 320 1780 δυνήσεσθε
345 1744 412 1780 πρὸς
427 1744 533 1776 αὐτούς.
552 1743 682 1778 Ἀγγελος
695 1743 750 1779 γὰρ
765 1743 821 1769 Κυ-

51 1789 100 1823 ρίου
107 1790 196 1825 ὁδηγεῖ
206 1789 361 1825 ἑκατέρους,
371 1790 411 1816 ὄτι
419 1790 448 1816 ὲν
460 1790 550 1821 αὐτοῖς
564 1790 691 1825 στήσεται
704 1788 820 1823 Ἰσραὴλ.

51 1833 98 1859 Καὶ
111 1834 148 1866 ὡς
164 1835 198 1862 ἂν
216 1835 350 1869 ἀποστῆτε
373 1834 426 1860 ἀπὸ
448 1834 567 1870 Κυρίου,
591 1834 620 1860 ὲν
641 1833 714 1869 πάσῃ
738 1833 821 1868 κακίᾳ

51 1880 198 1914 πορεύεσθε,
213 1879 350 1912 ποιοῦντες
361 1879 528 1916 βδελύγματα
544 1880 637 1912 ἐθνῶν,
647 1880 822 1915 ὲκπορνεύον-

49 1931 87 1954 τες
102 1925 130 1951 ὲν
144 1924 268 1959 γυναιξὶν
283 1925 400 1960 ἀνόμων,
415 1925 462 1952 καὶ
478 1926 507 1951 ὲν
524 1925 596 1960 πάσῃ
616 1925 733 1961 πονηρίᾳ
745 1926 821 1961 ἐνερς

50 1968 158 2002 γούντων
174 1971 205 1996 ὲν
221 1971 285 2006 ὑμῖν
305 1970 359 1997 τῶν
375 1971 536 2006 πνευμάτων
549 1970 599 2005 τῆς
616 1970 728 2006 πλάνης.
749 1971 822 1998 Ἀνέ-

50 2021 111 2046 γνων
126 2014 179 2050 γάρ
197 2015 226 2042 ὲν
242 2014 324 2050 βίϐλῳ
347 2014 430 2049 Ἑνὼχ
444 2014 490 2041 τοῦ
510 2014 624 2047 δικαίου,
642 2015 682 2041 ὅτι
697 2015 711 2041 ὁ
731 2014 822 2050 ἄρχων

50 2058 117 2092 ὑμῶν
135 2061 209 2087 ἐστιν
227 2061 242 2087 ὁ
257 2061 394 2093 Σατανᾶς,
416 2060 462 2086 καὶ
474 2060 514 2086 ὃτι
527 2059 614 2086 πάντα
631 2059 665 2086 τὰ
680 2060 821 2095 πνεύματα

49 2103 93 2138 τῆς
112 2106 238 2141 πορνείας
258 2106 305 2132 καὶ
328 2105 378 2140 τῆς
398 2105 599 2140 ὑπερηφανείας
614 2104 654 2140 τῷ
672 2104 737 2131 Λευτ
753 2105 822 2132 ὑπα-

872 1556 940 1584 lum.
953 1557 1061 1593 Diligite
1074 1556 1219 1585 Dominum
1232 1557 1259 1585 in
1278 1558 1353 1585 omni
1367 1558 1421 1585 vita
1432 1563 1532 1593 vestra,
1554 1564 1581 1587 et
1591 1566 1654 1587 vos-

872 1605 928 1629 met
941 1602 1056 1629 invicem
1081 1602 1108 1629 in
1131 1602 1222 1630 veraci
1234 1603 1326 1631 corde.
1341 1601 1409 1630 Novi
1430 1604 1514 1638 enim,
1532 1604 1606 1639 quod
1625 1605 1653 1632 in

871 1647 976 1675 ultimis
993 1647 1088 1676 diebus
1115 1648 1247 1676 recedatis
1265 1656 1280 1676 a
1303 1648 1435 1682 Domino,
1461 1654 1488 1677 et
1512 1650 1654 1678 olrendetis

871 1692 946 1725 Levi,
970 1697 997 1720 et
1017 1692 1093 1720 Judae
1105 1693 1251 1727 resistetis;
1270 1694 1318 1722 sed
1336 1701 1392 1721 non
1411 1695 1574 1730 superabitis
1593 1704 1651 1725 eos.

871 1738 989 1773 Angelus
1006 1738 1079 1765 enim
1099 1738 1207 1766 Domini
1222 1739 1297 1767 ducit
1316 1743 1458 1774 utrosque,
1477 1741 1607 1775 quoniam
1624 1742 1652 1769 in

871 1784 939 1819 ipsis
956 1784 1039 1811 stabit
1053 1783 1145 1812 lsrael.
1166 1784 1200 1812 Et
1218 1792 1280 1812 cum
1300 1785 1432 1813 recedetis
1444 1793 1459 1813 a
1481 1785 1607 1821 Domino,
1624 1788 1652 1816 in

871 1831 946 1859 omni
960 1831 1064 1858 malitia
1085 1830 1270 1866 ambulabitis,
1291 1831 1421 1861 facientes
1435 1833 1652 1864 abominationes

870 1876 1002 1912 gentium,
1020 1880 1172 1905 scortantes
1184 1884 1247 1904 cum
1266 1878 1426 1906 mulieribus
1443 1879 1611 1915 iniquorum,
1624 1886 1651 1909 et

871 1922 898 1949 in
914 1922 988 1949 omni
1009 1923 1113 1949 malitia
1132 1923 1278 1958 spirituum
1299 1925 1402 1952 erroris
1424 1927 1595 1960 operantium
1622 1927 1650 1955 in

870 1967 958 1995 vobis.
978 1967 1043 2002 Legi
1064 1968 1136 1994 enim
1152 1968 1179 1995 in
1195 1968 1264 1996 libro
1284 1968 1378 1997 Euoch
1390 1970 1467 2005 justi,
1489 1972 1562 2006 quod
1576 1973 1649 2007 prin-

871 2020 934 2048 ceps
946 2017 1033 2041 vester
1043 2017 1083 2041 est
1096 2013 1221 2049 Satanas,
1238 2020 1265 2043 et
1279 2017 1350 2050 quod
1362 2024 1457 2045 omnes
1472 2018 1584 2053 spiritus
1595 2019 1650 2047 for-

871 2058 1016 2086 nicationis
1026 2063 1053 2086 et
1064 2059 1198 2093 superbia:
1208 2058 1273 2088 L'evi
1284 2061 1410 2089 obedient
1420 2081 1428 2096 ,
1444 2064 1475 2089 ut
1488 2062 1652 2091 insidientur

871 2106 934 2133 ﬁliis
945 2105 1020 2140 Levi,
1030 2111 1058 2134 et
1071 2107 1171 2135 iaciant
1184 2116 1232 2136 eos
1244 2116 1357 2143 peccare
1371 2118 1463 2138 coram
1481 2111 1606 2140 Domino.
1618 2112 1652 2140 Et

50 2149 199 2182 χούσονται,
224 2149 271 2177 τοῦ
296 2150 472 2186 παρεδρεύειν
497 2151 553 2182 τοῖς
575 2151 641 2181 υἱοῖς
667 2149 747 2182 Λευϊ,
774 2149 821 2176 τοῦ

876 2150 920 2178 lilii
933 2151 987 2178 mei
1000 2153 1218 2188 appropinquant
1229 2153 1308 2188 Levi,
1323 2159 1350 2182 et
1368 2155 1449 2183 simul
1463 2162 1575 2191 peccant
1587 2166 1649 2186 cum

51 2197 127 2222 ποιεῖν
148 2196 247 2227 αὐτοὺς
275 2195 471 2231 ἐξαμαρτάνειν
493 2195 607 2221 ἐνώπιον
630 2194 743 2229 Κυρίου.
768 2193 822 2220 Καὶ

876 2197 914 2225 eis
933 2197 959 2225 in
983 2199 1129 2227 omnibus:
1146 2204 1173 2227 et
1188 2200 1235 2227 tilii
1246 2199 1321 2229 Judae
1334 2208 1413 2230 erunt
1426 2204 1454 2231 in
1466 2205 1590 2237 avaritia.
1606 2213 1651 2232 ra-

49 2242 96 2266 υἰοί
109 2251 157 2277 μου
171 2242 325 2277 ἐγγίζοντες
339 2243 392 2268 εἰσι
406 2242 445 2278 τῷ
461 2241 535 2274 Λευτ,
552 2241 599 2267 καὶ
618 2239 821 2276 συνεξαμαρτά-

50 2294 131 2318 νοντες
150 2288 241 2318 αὐτοῖς
265 2288 293 2314 ὲν
316 2287 398 2313 πᾶσι·
416 2287 463 2313 καὶ
487 2286 540 2312 υἰοί
560 2285 644 2312 Ἰούδα
666 2285 770 2312 ἔσονται
792 2285 822 2311 ὲν

49 2330 184 2368 πλεονεξίᾳ
197 2353 204 2364 ,
219 2332 386 2368 ἁρπάζοντες
401 2332 436 2358 τά
451 2331 576 2367 ἀλλότρια
594 2331 631 2363 ὡς
647 2331 762 2362 λέοντες.
773 2330 822 2356 Διά

49 2376 119 2403 τοῦτο
134 2377 325 2413 ἀπαχθήσεσθε
341 2378 389 2405 σὺν
400 2377 491 2409 αὐτοῖς
503 2378 531 2403 ὲν
547 2375 729 2412 αἰχμαλωσίᾳ,
742 2375 822 2401 κάκεί

49 2422 211 2458 ἀπολήψεσθε
223 2423 312 2454 πάσας
325 2422 374 2454 τὰς
392 2421 498 2457 πληγὰς
507 2421 655 2455 Αἰγύπτου,
674 2421 719 2447 καὶ
732 2420 821 2451 πάσας

50 2470 175 2505 πονηρίας
187 2469 241 2496 τῶν
251 2469 334 2495 ὲθνῶν
343 2476 350 2484 '
368 2469 415 2495 καὶ
431 2468 516 2500 οὕτως
532 2467 742 2503 ἐπιστρέψαντες
753 2467 821 2502 πρὸς

47 2513 152 2548 Κύριον,
163 2515 350 2551 ὲλεηθήσεσθε,
364 2515 410 2542 καὶ
428 2514 486 2547 ἄξει
500 2514 571 2549 ὑμᾶς
585 2514 624 2545 εἰς
645 2513 676 2539 τὸ
697 2513 821 2548 ἁγίασμα

49 2559 133 2593 αὐτοῦ,
152 2561 220 2597 βοῶν
237 2562 300 2597 ὑμῖν
311 2562 430 2598 εἰρήνην.
446 2561 500 2587 Καὶ
513 2560 636 2587 ἀνατελεῖ
651 2560 713 2596 ὑμῖν
725 2561 757 2586 ὲκ
770 2559 820 2595 τῆς

145 2628 319 2664 ῌαροξρνει.
334 2627 523 2664 Παροξύνεται.
540 2627 625 2664 Gesn.

92 2661 134 2698 :19)
154 2661 385 2698 Ἐρεθιζόμενονξ
395 2662 593 2698 Ὀργιζόμενον.
605 2662 643 2690 In.

146 2696 281 2732 Πιόιραῖςξ
294 2696 472 2733 Μικραῖς.’1ο.

82 2731 134 2768 (ξί)
155 2731 304 2768 Ἀγῖαθούς.
324 2731 438 2767 Ἀγίους.
452 2733 490 2760 In.

82 2766 134 2803 (ἓξ)
156 2766 290 2795 Ἀὲιδίαν.
311 2768 427 2803 Ἀηδίαν.
443 2768 479 2794 In.

82 2801 134 2843 ίὲξὶ
146 2803 337 2843 ῌεριπέιῖτιτε·
352 2801 498 2843 "fama
514 2804 551 2830 ιο-

82 2831 135 2872 (84)
156 2831 225 2866 Ἐἲιν
237 2837 270 2865 δὲ
283 2831 449 2873 ζημιωθῆτε.
468 2831 568 2867 Desunt
581 2838 672 2867 omnia
687 2845 773 2875 usque
784 2837 819 2865 ad

871 2243 976 2278 pientes
992 2245 1078 2272 aliena
1094 2249 1123 2272 ut
1144 2245 1248 2274 leones.
1270 2245 1383 2282 Propter
1403 2249 1457 2276 hoc
1478 2250 1650 2278 abducemilzi

872 2298 934 2318 cum
952 2290 993 2318 eis
1014 2291 1041 2317 in
1064 2291 1246 2326 captivitatem
1258 2314 1266 2328 ,
1283 2300 1309 2322 et
1322 2295 1377 2322 illic
1391 2295 1527 2330 recipietis
1553 2305 1649 2330 omnes

871 2336 964 2371 plagas
974 2335 1095 2372 Egypti,
1109 2342 1136 2364 et
1150 2345 1245 2367 omnes
1260 2341 1406 2374 pravitates
1417 2342 1537 2375 gentium
1550 2350 1556 2368 :
1570 2347 1597 2370 et
1612 2344 1649 2371 ita

871 2386 1038 2410 revertentes
1052 2382 1085 2410 ad
1101 2382 1247 2412 Dominum
1266 2385 1480 2413 misericordiam
1501 2395 1650 2422 conseque-

870 2428 947 2462 mini,
963 2433 990 2456 et
1003 2428 1084 2457 ducet
1094 2437 1141 2457 vos
1154 2429 1181 2457 in
1197 2430 1437 2458 sanetilicationem
1448 2431 1518 2466 ejus,
1529 2432 1649 2461 clamans

870 2473 948 2501 vobis
958 2481 1063 2509 pacem.
1080 2474 1114 2502 Et
1132 2475 1235 2503 orietur
1250 2475 1327 2504 vobis
1337 2483 1370 2503 ex
1383 2477 1454 2504 tribu
1464 2477 1532 2505 Juda
1545 2483 1572 2505 et
1584 2478 1648 2506 Levi

870 2519 990 2547 salutare
1010 2519 1143 2548 Domini:
1170 2526 1197 2548 et
1221 2521 1280 2556 ipse
1302 2521 1383 2549 faciet
1407 2522 1536 2551 adversus
1561 2523 1649 2552 Beliar

869 2565 1009 2600 praelium,
1032 2570 1060 2594 et
1085 2567 1219 2595 ultionem
1234 2567 1355 2596 victoria:
1376 2568 1452 2596 dabit
1466 2569 1587 2598 terminis
1601 2577 1649 2597 ve-

869 2633 951 2670 tinem
966 2633 1048 2670 hujus
1062 2633 1289 2670 paragraphi.’ln.

904 2669 961 2704 (85)
979 2668 1142 2702 Ἀλήθειαν-ζ
1155 2668 1223 2696 Hinc
1237 2669 1264 2696 in
1279 2670 1367 2697 Oxon.
1383 2675 1410 2698 et
1423 2669 1538 2697 Cantab.
1553 2670 1648 2698 codice

870 2704 990 2731 clausula
1001 2704 1096 2731 deesse
1107 2705 1221 2732 videtur.
1238 2704 1275 2731 In.

905 2738 959 2774 (86)
974 2738 1029 2765 Κ(ιί
1049 2740 1085 2766 οὐ
1098 2738 1140 2773 μὴ
1161 2740 1338 2774 κατισχύσῃ.
1356 2738 1452 2767 Omnia
1470 2740 1498 2767 in
1522 2740 1572 2768 0x.
1586 2741 1646 2768 cod.

870 2773 967 2811 desunt
982 2781 1068 2811 usque
1078 2775 1112 2811 ad
1130 2776 1187 2811 ista
1203 2775 1341 2811 sequentis
1363 2777 1523 2811 paragraphi
1539 2776 1619 2803 verba
1641 2785 1648 2802 :

870 2782 967 2800 nesum
982 2782 1068 2808 usque
1080 2782 1112 2800 aa
1130 2782 1181 2801 ista
1203 2782 1231 2801 se
1253 2782 1325 2802 uenu

870 2807 918 2835 καὶ
931 2808 965 2835 ἐν
978 2808 1040 2842 τοῖς
1051 2809 1151 2836 ἔθνεσι
1165 2782 1274 2844 Σωτιῗρ.
1289 2809 1327 2837 lL.
