1913 3102
236 129 305 157 1105

745 128 979 158 TESTAMENTA
1008 127 1055 155 XII
1085 128 1394 158 PATRIARCHARUM.

1792 130 1859 157 1101

233 187 309 216 stris.
327 186 362 215 Et
373 187 481 216 animus
493 192 652 216 sanctorum
665 188 788 223 captivas
802 189 929 217 liberabit
940 196 955 216 a
967 187 1018 215 Be-

1077 188 1161 215 Ἰούδα
1186 189 1233 216 καὶ
1261 187 1326 216 Δευτ
1350 188 1381 215 τὸ
1409 188 1540 223 σωτήριον
1565 187 1688 223 Κυρίου·
1707 187 1756 214 καὶ
1781 188 1858 220 αὐτὸς

233 235 295 268 Iiar,
309 237 337 262 et
353 239 492 262 convertet
506 235 588 262 corda
602 234 742 262 incredula
764 235 799 262 ad
816 234 972 267 Dominum,
991 239 1018 261 et

233 280 309 307 dabit
321 280 513 307 invocantibus
526 287 588 307 cum
605 288 699 315 pacem
712 285 840 308 aeternam
851 300 859 313 ,
872 285 898 307 et
910 279 1018 314 requie-

233 330 311 353 scent
323 325 350 352 in
363 325 437 354 Eden
447 327 546 359 sancti,
558 330 585 353 et
600 326 627 353 in
642 334 712 353 nova
725 325 874 353 Jerusalem
886 325 1020 353 lzetabun-

233 371 365 407 turjusti,
383 379 445 407 quae
462 372 514 399 erit
529 372 557 399 in
572 371 796 407 gloriﬁcationem
818 370 866 398 Dei
886 377 972 405 usque
991 370 1018 396 in

233 417 376 444 saeculum.
397 416 430 444 Et
441 424 496 444 non
508 417 627 452 amplius
641 416 789 444 sustinebit
807 415 958 443 Jerusalem
971 415 1020 442 de-

233 462 407 496 solationem,
419 470 508 497 neque
521 463 644 497 captivus
655 462 770 490 ducetur
781 461 877 494 Israel;
889 461 1020 496 quoniam

233 507 367 536 Dominus
381 509 432 536 erit
454 509 481 536 in
506 509 597 536 medio
620 508 691 544 ejus,
709 516 771 536 cum
786 507 945 536 horninibus
956 515 1022 535 con-

232 558 369 588 versatus,
383 559 410 582 et
421 560 534 582 sanctus
557 553 638 582 Israel
661 562 778 589 regnans
801 561 884 589 super
900 554 975 588 ipsos
993 553 1021 580 in

233 598 389 627 humilitate
402 604 430 627 et
445 603 605 635 paupertate
618 608 626 626 :
641 604 668 627 et
681 599 729 635 qui
742 599 827 627 credit
843 599 871 627 in
887 607 962 633 eum,
976 607 1021 627 re-

234 645 327 680 gnabit
338 646 364 672 in
377 646 491 674 veritate
504 646 531 673 in
544 646 632 674 caelis.

1071 235 1178 270 ποιήσει
1195 234 1263 270 πρὸς
1280 234 1327 261 τὸν
1342 233 1441 269 Βελιάρ
1456 233 1581 269 πόλεμον,
1597 234 1645 260 καὶ
1658 233 1710 269 τὴν
1724 233 1859 269 ἐκδίκησιν

1070 280 1117 307 τοῦ
1135 280 1226 311 νίκους
1241 279 1321 306 δώσει
1336 279 1451 315 πέρασιν
1475 279 1562 315 ὑμῶν.
1584 279 1639 306 Kal
1651 279 1703 315 τὴν
1720 279 1859 315 αἰχμαλω-

1072 326 1133 353 σίαν
1146 326 1214 362 λάϐῃ
1229 326 1282 353 ἀπὺ
1294 326 1341 353 τοῦ
1353 326 1451 362 Βελιάρ
1461 325 1550 361 ψυχὰς
1564 325 1661 360 ἁγίων,
1676 325 1724 352 καὶ
1736 325 1859 361 ἐπιστρέ-

1071 371 1116 406 ψει
1141 372 1255 408 καρδίας
1278 371 1400 403 ἀπειθεῖς
1417 370 1485 406 πρὸς
1509 370 1626 406 Κύριον,
1642 371 1690 397 καὶ
1703 370 1786 397 δώσει
1808 373 1860 403 τοῖς

1072 417 1298 453 ἐπικαλουμένοις
1317 417 1398 444 αὑτὸν
1413 417 1524 453 εἰρήνην
1537 415 1654 449 αἰώνιον,
1676 417 1725 443 καὶ
1742 417 1862 444 ἀναπαύ-

1073 471 1164 490 σονται
1175 464 1203 490 ἐν
1221 463 1300 498 Ἐδέμ
1314 463 1398 497 ἆγιοι,
1413 462 1460 490 καὶ
1476 463 1522 489 ἐπὶ
1534 462 1584 497 τῆς
1604 462 1668 494 νέας
1687 462 1863 498 Ἰερουσαλήμ

1071 509 1305 546 εὐφρανθήσονται
1318 509 1426 541 δίκαιοι,
1439 509 1501 544 ἥτις
1515 507 1591 535 ἐσται
1605 508 1645 540 είς
1656 508 1783 544 δόξασμα
1798 507 1862 534 Θεοῦ

1071 553 1124 586 ἕως
1139 554 1187 581 τοῦ
1206 555 1313 587 αἰῶνος.
1333 555 1389 582 Kal.
1405 555 1455 581 οὐκ
1476 554 1515 581 ἐτι
1536 553 1668 589 ὑπομένει
1687 553 1863 590 Ἰερουσαλὴμ

1071 600 1222 636 ἐρήμωσιν,
1237 601 1297 628 οὐδὲ
1311 600 1543 636 αἰχμαλωτίσεται
1563 599 1681 636 Ἰσραὴλ,
1702 601 1746 626 ὅτι
1765 599 1862 635 Κύριος

1071 645 1147 672 ἔσται
1165 647 1193 674 ἐν
1209 647 1284 682 μέσῳ
1299 647 1394 682 αὐτῆς,
1406 648 1462 679 τοῖς
1478 646 1632 682 ἀνθρώποις
1647 648 1862 682 συναναστρεφό-

235 701 316 728 μενος
328 691 394 728 (87),
408 691 455 719 καὶ
472 692 548 726 ἆγιος
568 690 677 727 Ἰσραὴλ
692 688 840 725 βασιλεύων
857 690 902 717 ἐπ’
920 690 1019 722 αὐτοὺς
1037 690 1066 716 ἐν
1085 690 1248 717 ταπεινώσει
1270 691 1318 718 καὶ
1338 692 1367 718 ἐν
1393 691 1531 727 πτωχείᾳσ
1553 692 1600 718 καὶ
1615 692 1630 718 ὁ
1661 691 1802 718 πιστεύων
1824 693 1862 718 ἐπ’

233 739 307 775 αὐτῷ
321 738 474 775 βασιλεύσει
490 739 519 765 ἐν
534 737 647 774 ἀληθείᾳ
661 738 689 764 ἐν
702 738 758 768 τοῖς
770 736 902 772 οὐρανοῖς.

270 785 315 813 VI.
333 794 343 810 ι
362 785 394 812 Et
410 791 484 812 nunc
501 784 594 811 timete
614 783 758 810 Dominum
770 803 778 816 ,
790 782 838 809 lilii
859 782 928 814 mei,
941 786 968 809 et
980 786 1022 809 at-

1109 783 1155 815 q'.
1170 790 1179 806 I
1195 781 1250 807 Kal
1263 779 1310 807 νῦν
1321 780 1458 816 φοϐήθητε
1470 780 1516 807 τὸν
1528 780 1638 815 Κύριον,
1652 780 1738 807 τέκνα
1747 789 1810 815 μου,
1821 780 1864 807 καὶ

236 833 339 860 tendite
362 829 566 865 vobismetipsis
582 836 598 856 a
625 828 727 856 Salana
750 833 778 855 et
792 828 933 863 spiritibus
950 829 1020 863 ejus.

234 878 457 914 Appr0pinquate
472 881 562 904 autem
578 875 644 909 Deo,
659 880 686 903 et
696 874 792 910 angelo
802 874 944 902 excusanti
954 881 1020 906 vos;

234 924 363 960 quoniam
380 923 426 950 hic
439 926 483 950 est
504 921 638 949 mediator
655 919 703 948 Dei
718 925 745 948 et
760 919 900 948 hominum
912 939 920 953 ,
935 919 962 946 in
974 927 1023 954 pa-

234 979 293 999 cem
307 969 401 998 Israel.
418 969 519 997 Contra
536 975 651 1003 regnum
668 966 773 994 inimici
789 965 873 994 stabit
884 975 891 1000 ;
903 973 1023 1001 quapro-

234 1023 294 1053 pter
309 1017 401 1045 studet
416 1015 545 1044 inimicus
571 1014 729 1042 subvertere
751 1020 847 1040 omnes
865 1013 1022 1040 invocantes

235 1063 392 1092 Dominum.
416 1061 497 1090 Novit
520 1061 604 1094 enim,
617 1059 691 1095 quod
712 1059 740 1086 in
752 1066 805 1094 qua
819 1059 864 1086 die
878 1058 1023 1086 crediderit

234 1107 579 1142 lsrael,consummabitur
599 1113 713 1141 regnum
735 1105 849 1132 inimici.
865 1103 924 1140 Ipse
942 1111 1023 1139 ange-

235 1157 278 1195 lu_s
293 1156 368 1192 pacis
380 1154 540 1182 fortiﬁcabit
556 1152 650 1185 Israel,
665 1160 699 1179 nc
713 1151 816 1179 incidat
827 1151 854 1178 in
869 1151 949 1178 ﬁnem
963 1157 1022 1177 ma-

234 1203 335 1230 lorum.
352 1201 381 1230 In
396 1205 518 1236 tempore
532 1203 624 1226 autem
640 1198 791 1233 iniquitatis
811 1197 894 1225 Israel
915 1196 1021 1224 recedet

235 1248 270 1276 ab
284 1248 324 1276 eis
340 1246 484 1280 Dominus,
501 1245 628 1273 transibit
649 1248 710 1279 post
731 1243 875 1271 facientem
896 1243 1022 1271 volunta-

234 1299 290 1322 tem
312 1293 409 1328 ipsius,
435 1292 566 1327 quoniam
591 1291 660 1318 nulli
688 1289 845 1325 angelorum
869 1289 920 1316 erit
937 1292 967 1316 ut
986 1288 1021 1315 ei.

236 1338 341 1365 Nomen
354 1338 414 1373 ejus
426 1337 477 1365 erit
491 1337 519 1364 in
531 1336 607 1364 omni
628 1336 690 1363 loco
710 1334 793 1363 Israel
806 1339 833 1362 et
853 1335 881 1361 in
897 1334 1023 1370 gentibus

237 1384 372 1412 Salvator.
385 1383 554 1411 Conservate
575 1382 658 1418 igitur
680 1382 876 1417 vosmetipsos,
892 1381 939 1408 lilii
959 1381 1022 1413 mei,

238 1430 274 1457 ab
287 1429 362 1457 omni
375 1437 457 1464 opere
471 1428 638 1464 pernicioso,
650 1431 677 1455 et
690 1427 797 1463 abjicite
813 1427 881 1455 iram
901 1431 928 1455 et
942 1434 1023 1454 omne

1073 827 1220 864 προσέχετε
1233 827 1342 858 ἑαυτοῖς
1356 825 1411 853 ἀπὸ
1428 825 1476 852 τοῦ
1488 826 1605 856 Σατανᾶ,
1619 826 1668 852 καὶ
1679 826 1736 853 τῶν
1748 827 1862 861 πνευμά-

1071 881 1126 900 των
1137 872 1230 900 αὑτοῦ.
1249 872 1388 907 Ἐγγίζετε
1405 872 1434 898 δὲ
1445 871 1485 907 τῷ
1496 871 1565 907 Θεῷ,
1578 873 1625 898 καὶ
1646 872 1687 907 τῷ
1706 872 1816 907 ἀγγέλῳ
1827 872 1862 906 τῷ

1072 918 1282 954 παραιτουμένῳ
1294 918 1376 953 ὑμᾶς·
1391 917 1432 944 ὅτι
1449 915 1526 949 οὗτός
1537 918 1595 944 ἐστι
1609 917 1727 953 μεσίτης
1740 917 1808 944 Θεοῦ
1819 918 1862 943 καὶ

1073 961 1234 998 ἀνθρώπων,
1247 962 1294 988 ἐπὶ
1305 962 1355 997 τῆς
1375 962 1487 998 εἰρήνης
1504 962 1622 998 Ἰσραήλ.
1643 963 1799 989 Κατέναντι
1815 963 1861 996 τῆς

1073 1007 1214 1044 βασιλείας
1226 1007 1273 1035 τοῦ
1285 1006 1384 1043 ἐχθροῦ
1398 1008 1534 1043 στήσεταν
1547 1007 1592 1035 διὰ
1602 1008 1684 1035 τοῦτο
1695 1008 1839 1040 σπουδάζει
1849 1009 1862 1034 ὁ

1072 1054 1169 1090 ἐχθρὸς
1179 1054 1368 1086 ὑποσκελίζειν
1383 1054 1486 1085 πάντας
1500 1053 1563 1086 τοὺς
1576 1054 1810 1089 ἐπικαλουμένους
1820 1054 1861 1080 τὸν

1073 1099 1184 1134 Κύριον.
1197 1096 1257 1126 οἶδε
1264 1098 1328 1134 γὰρ,
1338 1098 1379 1125 ὅτι
1392 1099 1421 1125 ἐν
1430 1098 1523 1134 ἡμέρᾳ
1531 1098 1586 1134 (88)
1594 1099 1764 1125 πιστεύσειΊ
1769 1099 1860 1134 σραὴλ,

1074 1145 1314 1181 συντελεσθήσεται
1327 1146 1343 1180 ή
1356 1144 1479 1180 βασιλεία
1497 1144 1544 1171 τοῦ
1558 1144 1667 1180 ἐχθροῦ.
1682 1145 1771 1176 Δὺτὸς
1789 1146 1804 1171 ὁ
1814 1145 1859 1178 ἀτ-

1072 1190 1150 1226 γελος
1163 1191 1212 1226 τῆς
1223 1190 1334 1226 εἰρήνης
1347 1189 1481 1226 ἐνισχύσει
1492 1189 1538 1216 τὸν
1553 1189 1671 1226 Ἰσραὴλ,
1683 1190 1723 1226 μὴ
1734 1190 1861 1225 ἐμπεσεῖν

1073 1236 1153 1263 αὑτὸν
1165 1237 1206 1268 είς
1223 1235 1300 1267 τέλος
1319 1234 1422 1262 κακῶν.
1443 1234 1540 1261 Ἔσται
1559 1233 1587 1261 δέ
1600 1235 1629 1262 ἐν
1648 1234 1738 1270 καιρῷ
1749 1235 1859 1271 ἀνομίας

1072 1282 1120 1310 τοῦ
1139 1283 1247 1319 Ἰσραὴλ
1263 1282 1451 1317 ἀφιστάμενος
1471 1282 1518 1308 ἀπ’
1535 1281 1624 1309 αὐτῶν
1644 1281 1766 1318 Κύριος,
1788 1291 1861 1318 psse.

1073 1329 1198 1357 λεύσεται
1211 1328 1323 1355 ὄπισθεν
1337 1327 1468 1355 πονοῦντα
1480 1328 1511 1354 τὺ
1529 1328 1635 1364 θέλημα
1656 1329 1751 1361 αὐτοῦ,
1767 1329 1808 1355 δτι
1819 1329 1860 1355 οὐ·

1073 1376 1128 1402 δενὶ
1150 1374 1206 1402 τῶν
1227 1375 1351 1409 ἀγγέλων
1371 1373 1446 1400 ἐσται
1469 1373 1506 1406 ὡς
1527 1374 1612 1409 αὐτῷ.
1627 1374 1664 1401 Τὸ
1683 1374 1771 1410 δνομα
1784 1375 1860 1402 αὐτοῦ

1073 1421 1150 1448 ἐσται
1162 1422 1192 1448 ἐν
1203 1421 1283 1447 παντὶ
1295 1421 1370 1456 τόπῳ
1383 1420 1502 1457 Ἰσραὴλ,
1515 1421 1562 1447 καὶ
1577 1422 1605 1447 ἐν
1618 1421 1675 1452 τοῖς
1696 1420 1798 1453 ἔθνεσι,
1811 1421 1860 1447 Σω-

239 1453 421 1508 mendaciunri,
433 1479 460 1502 et
470 1453 573 1510 diligite
586 1453 732 1502 veritateni
738 1478 765 1501 et
776 1473 1022 1509 Ionganimitatem,

1077 1468 1134 1503 τήρ.
1149 1466 1335 1502 Διατηρήσατε
1348 1453 1394 1493 οὖν
1408 1453 1530 1498 ἑαυτοὺς,
1548 1466 1631 1493 τέκνα
1645 1474 1706 1501 μου,
1721 1466 1777 1492 ἀπὸ
1795 1474 1859 1492 παν-

237 1526 264 1550 et
276 1529 337 1557 quae
347 1520 489 1549 audivistis
500 1528 516 1548 a
533 1525 609 1555 patre
621 1525 723 1552 vestro,
736 1519 837 1547 tradite
852 1523 880 1546 et
895 1527 944 1546 vos
959 1518 1023 1547 ﬁliis

238 1567 347 1599 vestris,
367 1570 398 1593 ut
422 1565 536 1601 recipiat
556 1572 605 1593 vos
628 1564 709 1592 Pater
724 1565 845 1600 gentium
860 1572 867 1590 :
882 1564 933 1592 erit
949 1564 1022 1591 enim

238 1620 321 1639 verax
334 1615 361 1639 et
374 1611 549 1647 longanimis,
567 1615 729 1639 mansuetus
747 1615 774 1638 ct
795 1610 920 1642 humilis,
935 1614 962 1638 et
975 1610 1024 1638 do-

237 1663 303 1684 cens
317 1663 364 1690 per
383 1663 464 1690 opera
485 1655 570 1690 legem
593 1655 649 1683 Dei.
663 1653 798 1682 Discedite
813 1662 878 1690 ergo
897 1655 932 1682 ab
949 1655 1023 1681 omni

238 1702 382 1737 iniustitia,
398 1707 424 1730 et
437 1701 572 1730 adhaerete
582 1700 695 1736 iustitiae
713 1700 779 1736 legis
794 1700 912 1728 Domini.
931 1699 962 1728 Et
979 1707 1022 1728 se-

238 1749 319 1783 pelite
330 1756 374 1775 me
388 1755 471 1786 prope
484 1751 574 1782 patres
587 1754 673 1774 meos.
692 1756 704 1773 ο

1071 1513 1118 1546 τὸς
1140 1513 1221 1549 ἔργου
1243 1512 1373 1549 πονηροῦ,
1387 1513 1435 1539 καὶ
1455 1513 1624 1549 ἀπορρίψατε
1646 1512 1692 1539 τὸν
1714 1513 1800 1548 θυμὸν
1818 1514 1861 1540 καὶ

1073 1561 1129 1588 πᾶν
1139 1559 1248 1595 ψεῦδος,
1271 1560 1318 1587 καὶ
1338 1560 1499 1596 ἀγαπήσατε
1522 1559 1571 1595 τήν
1594 1559 1724 1595 ἀλήθειαν
1745 1560 1795 1586 καὶ
1816 1560 1862 1595 τὴν

1075 1605 1275 1642 μακροθυμίαν,
1286 1607 1333 1632 καὶ
1341 1605 1358 1633 ἃ
1369 1605 1504 1641 ἠκούσατε
1516 1605 1591 1641 παρά
1602 1605 1649 1632 τοῦ
1663 1605 1768 1641 πατρὸς
1778 1605 1860 1641 ὑμῶν,

1075 1651 1205 1686 μετάδοτε
1228 1651 1275 1677 καὶ
1298 1650 1378 1686 ὑμεῖς
1400 1651 1457 1682 τοῖς
1472 1650 1579 1682 τέκνοις
1592 1650 1682 1686 ὑμῶν,
1694 1651 1738 1677 ἵνα
1757 1650 1861 1686 δέξηται

1074 1698 1146 1734 ὑμᾶς
1157 1698 1172 1724 ὀ
1183 1697 1277 1733 Πατὴρ
1287 1697 1341 1723 τῶν
1360 1697 1453 1724 ἐθνῶν
1472 1697 1548 1723 ἔσται
1567 1696 1621 1732 γὰρ
1634 1696 1739 1732 ἀληθὴς
1753 1698 1800 1724 καὶ
1814 1705 1859 1732 μσ-

1074 1744 1220 1780 κρὸθυμος,
1242 1744 1328 1779 πρᾶος
1349 1743 1396 1769 καὶ
1413 1743 1549 1774 ταπεινὸς,
1569 1743 1616 1769 καὶ
1638 1743 1806 1770 ἐκδιδάσκων
1823 1743 1861 1769 διὰ

237 1795 292 1822 τῶν
313 1795 401 1831 ἔργων
421 1795 502 1830 νόμον
522 1792 600 1820 Θεοῦ.
630 1792 778 1828 Ἀπόστητε
799 1789 846 1818 οὖν
867 1791 922 1818 ἀπὸ
947 1791 1036 1826 πάσης
1066 1790 1192 1822 ἀδικίας,
1216 1788 1264 1815 καὶ
1294 1787 1440 1823 κολλήθητε
1462 1788 1495 1822 τῇ
1525 1787 1684 1825 δικαιοσύνῃ
1708 1787 1758 1814 τοῦ
1784 1788 1862 1823 νόμου

237 1843 285 1871 τοῦ
296 1842 410 1878 Κυρίου.
424 1842 478 1868 Kal
495 1840 598 1876 θάψατέ
618 1848 652 1876 με
665 1838 720 1876 (89)
734 1839 815 1874 ἐγγὺς
834 1838 889 1865 τῶν
904 1838 1022 1873 πατέρων

1077 1846 1110 1864 λυ.
1129 1846 1138 1862 ι

274 1898 330 1926 Vll.
345 1898 456 1926 Etcum
477 1899 536 1926 hrec
557 1897 682 1929 dixisset,
703 1896 844 1924 osculatus
865 1900 908 1923 est
921 1903 983 1927 eos,
997 1899 1025 1922 et

239 1945 370 1974 dormivit
383 1952 510 1973 somnum
537 1950 709 1981 perpetuum.
727 1943 760 1970 Et
776 1942 940 1978 sepelierunt
961 1949 1023 1969 eum

240 1993 287 2020 ﬁlii
301 1992 378 2028 ejus;
394 1995 421 2019 et
440 1992 575 2027 posthaec
592 1992 761 2020 reduxerunt
774 1997 836 2017 ossa
857 1988 916 2024 ejus
941 1995 1025 2024 prope

239 2038 388 2070 Abraham,
400 2037 475 2065 Isaac
485 2042 513 2066 et
526 2037 620 2065 Jacob.
632 2035 868 2070 Quemadmodum
883 2043 947 2063 vero
961 2043 1024 2070 pro-

240 2083 360 2118 phetavit
374 2084 414 2111 eis
426 2084 493 2117 Dan,
509 2083 581 2119 quod
596 2083 682 2119 legem
701 2081 747 2109 Dei
761 2082 802 2110 sui
816 2080 963 2117 neglecturi
977 2089 1022 2108 es-

241 2135 312 2164 sent,
324 2135 352 2158 et
372 2130 517 2158 abalienati
534 2129 624 2158 forent
643 2137 658 2157 a
675 2134 747 2156 terra
768 2128 933 2156 hereditatis
949 2128 1022 2162 ipso-

1111 1895 1148 1920 Z'.
1161 1893 1216 1920 Kal
1237 1892 1325 1919 ταῦτα
1348 1891 1449 1923 εἰπὼν,
1474 1891 1654 1926 κατεφίλησεν
1675 1891 1797 1923 αὐτοὺς,
1821 1892 1862 1917 καὶ

1075 1937 1198 1964 ὕπνωσεν
1210 1937 1292 1965 ὕπνον
1305 1937 1421 1964 αἰώνιον.
1437 1936 1491 1962 Kal
1509 1935 1611 1971 ἔθαψαν
1623 1935 1707 1962 αὑτὸν
1719 1937 1745 1963 οἱ
1758 1937 1811 1963 υἱοὶ
1821 1937 1861 1963 αὺ-

1074 1985 1130 2011 τοῦ·
1146 1984 1192 2011 καὶ
1206 1983 1275 2019 μετὰ
1287 1982 1372 2010 ταῦτα
1386 1982 1537 2017 ἀνήνεγκαν
1555 1981 1590 2008 τὰ
1609 1981 1677 2008 ὀστᾶ
1697 1982 1784 2008 αὑτοῦ
1806 1981 1860 2008 σύν-

1074 2038 1158 2065 εγγυς
1184 2028 1325 2065 Ἀΰραάμ,
1343 2030 1390 2055 καὶ
1409 2028 1517 2060 Ἰσαὰκ,
1537 2028 1584 2054 καὶ
1602 2026 1711 2054 Ἰακώϐ.
1731 2028 1808 2063 Πλὴν
1829 2027 1860 2058 ὡς

1076 2076 1278 2112 ἐπροφήτευσεν
1290 2075 1382 2107 αὐτοῖς
1395 2075 1457 2106 Δάν,
1470 2074 1511 2101 ὅτι
1522 2074 1705 2101 ἐπιλάθωνται
1718 2075 1801 2110 νόμον
1814 2075 1859 2109 (90)

1076 2120 1143 2148 Θεοῦ
1156 2121 1256 2153 αὐτῶν,
1276 2122 1322 2148 καὶ
1344 2120 1602 2157 ἀλλοτριωθήσονται
1620 2119 1673 2155 γῆς
1693 2120 1799 2156 κλήρου
1818 2121 1858 2146 αὑ-

242 2184 313 2210 rum,
329 2181 356 2204 et
370 2184 385 2204 a
399 2183 497 2212 genere
519 2175 601 2205 Israel
613 2197 621 2210 ,
640 2180 669 2204 et
694 2176 780 2211 patria
794 2175 932 2210 ipsorum;
947 2174 983 2201 ita
997 2178 1022 2201 et

1077 2168 1140 2200 τῶν,
1153 2168 1200 2195 καὶ
1211 2168 1305 2203 γένους
1323 2166 1441 2203 Ἰσραήλ,
1455 2167 1502 2194 καὶ
1524 2167 1643 2203 πατριᾶς
1663 2166 1769 2199 αὐτῶν,
1783 2166 1858 2197 οὕτως

241 2221 342 2250 factum
356 2226 408 2251 est.

535 2266 649 2296 CAPUT
670 2266 738 2296 VIII.

278 2313 475 2349 Testamentum
490 2314 672 2350 Nepluhalim,
683 2315 717 2342 de
730 2313 848 2342 naturali
863 2313 989 2340 bonitate.

278 2359 299 2388 I.
314 2359 520 2395 Transcriptum
546 2360 700 2388 testamenti
722 2359 898 2395 Nephthalim
920 2359 953 2386 de
969 2358 1023 2390 bis,

240 2414 302 2443 qua:
317 2408 452 2442 disposuit
463 2407 492 2435 in
507 2412 628 2443 tempore
648 2407 711 2435 linis
731 2407 785 2439 sui.
805 2406 833 2433 in
846 2413 918 2433 anno
932 2409 1024 2433 cente-

241 2454 312 2481 simo
326 2454 465 2482 tricesimo
482 2454 544 2482 vita:
563 2461 629 2481 sum.
644 2452 875 2481 Convenientibus
888 2452 951 2479 ﬁliis
967 2451 1025 2479 suis

241 2499 269 2526 in
284 2499 401 2534 septimo
424 2507 528 2534 mense,
549 2504 646 2535 quarta
670 2499 715 2528 die
737 2499 850 2532 mensis,
875 2498 934 2533 ipso
956 2504 1025 2525 sano

240 2546 398 2574 exsistente.
412 2544 475 2573 fecit
487 2553 593 2573 caenam
605 2546 671 2580 ipsis
683 2549 710 2573 et
732 2549 824 2580 potum
838 2543 1023 2580 magniﬁcum.

277 2611 335 2649 (87)
353 2613 416 2646 Τοῖς
434 2613 603 2649 ἀνθρώποις
624 2612 957 2649 ᾳυνανωζρεςεόμρνος.
968 2610 1023 2649 _S_ic

241 2646 363 2680 Baruch,
380 2656 421 2680 III,
433 2648 477 2675 38.
493 2646 572 2675 Μετὰ
590 2647 668 2674 τοῦτο
688 2648 735 2674 ἐπὶ
757 2648 808 2682 γῆς
829 2647 917 2682 agapen.
932 2646 979 2672 καὶ
994 2646 1023 2682 ἐν

241 2683 296 2715 τοῖς
316 2682 469 2718 ἀνθρώποις
490 2683 694 2718 συνανεστράφη
712 2691 718 2708 :
738 2680 816 2716 vulg.
840 2680 905 2708 Post
926 2681 980 2708 lucc
996 2680 1023 2706 in

243 2719 320 2745 terris
342 2717 411 2744 cibus
434 2723 490 2750 est,
506 2723 531 2745 et
553 2726 612 2744 cum
623 2717 775 2744 hominibus
793 2721 960 2744 conuersatus
973 2721 1021 2742 est.

242 2751 302 2784 Quo
317 2761 382 2780 sane
401 2753 498 2780 horum
523 2752 748 2780 Testamenlorlmt
770 2756 908 2780 auctorem
931 2757 1022 2786 respe-

244 2788 316 2815 xisse
330 2788 396 2814 nihil
409 2788 513 2815 dubito.

279 2821 335 2856 (88)
359 2823 410 2849 Ἑν
423 2823 527 2857 ἡμέρᾳ.
541 2822 615 2850 Adde
629 2820 656 2857 ᾖ.
671 2822 759 2857 Gnsn.

1076 2215 1121 2241 καὶ
1133 2214 1243 2249 γέγονεν
1254 2214 1318 2250 (9i).

1336 2269 1532 2297 ΚΕΦΑΛΛΙΟΝ
1552 2270 1594 2297 Η’.

1092 2314 1220 2349 Διαθήκη
1236 2313 1414 2349 Νεφθαλείμ,
1428 2313 1495 2348 περὶ
1507 2313 1641 2349 φυσικῆς
1651 2314 1842 2348 ἀγαθὸτητος.

1109 2360 1148 2386 Λ’.
1157 2359 1334 2395 Ἀντίγραφον
1345 2358 1478 2394 διαθήκης
1488 2357 1657 2393 Νεφθαλεὶμ,
1671 2355 1711 2385 ὧν
1725 2358 1825 2385 διέθετο
1832 2359 1856 2383 ὲν

1074 2404 1162 2440 καιρῷ
1183 2405 1275 2437 τέλους
1293 2403 1393 2436 αὐτοῦ,
1416 2405 1445 2432 ἐν
1470 2403 1524 2430 ἔτει
1543 2403 1580 2439 ρλ¹
1601 2403 1675 2439 ζωῆς
1697 2404 1782 2430 αὐτοῦ
1798 2403 1854 2439 (92).

1074 2450 1255 2477 Συνελθόντων
1273 2450 1327 2477 τῶν
1351 2449 1416 2476 υἱῶν
1437 2449 1519 2476 αὑτοῦ
1540 2450 1569 2475 ἐν
1588 2449 1698 2484 ἑϐδόμῳ
1723 2450 1799 2485 μηνὶ,
1819 2456 1855 2474 τε-

1073 2497 1160 2534 τάρτῃ
1173 2496 1229 2533 (95)
1241 2496 1288 2523 τοῦ
1312 2495 1412 2532 μηνὺς,
1433 2496 1599 2531 ὑγιαίνοντος
1622 2495 1726 2527 αὑτοῦ,
1753 2495 1853 2530 ἐποίησε

1073 2542 1180 2569 δεῖπνον
1192 2542 1284 2574 αὐτοῖς
1306 2541 1354 2568 καὶ
1375 2539 1499 2569 κώθωνα.
1523 2540 1578 2566 Kal
1592 2539 1662 2576 μετά
1684 2539 1733 2566 τοῦ
1754 2540 1853 2573 ἐξυπνι-

1109 2609 1164 2645 (89)
1184 2609 1241 2636 Kal
1254 2608 1368 2645 θάψᾳτέ
1381 2618 1429 2645 με.
1445 2609 1499 2636 Kal
1517 2608 1593 2636 ἐσται
1603 2609 1808 2645 Δτὸνλγένος-μιονιι
1819 2609 1851 2638 εἰς

1075 2643 1211 2707 σωτηρίαν
1227 2644 1279 2676 ἕως
1292 2644 1340 2671 τοῦ
1354 2644 1461 2676 αἰῶνος.
1474 2645 1548 2672 addit
1561 2643 1622 2671 cod.
1637 2643 1729 2672 Oxon.
1744 2643 1782 2670 In.

1109 2680 1135 2707 l9
1158 2682 1164 2707 l
1180 2680 1279 2707 [νόμον
1295 2680 1380 2706 deest.
1395 2679 1434 2706 In.

1244 2688 1279 2706 ον
1295 2687 1380 2706 aecst.
1395 2687 1434 2706 ID.

1109 2680 1153 2750 £90
1180 2680 1279 2714 [νόμον
1295 2680 1380 2706 deest.
1395 2680 1434 2706 In.

1119 2682 1164 2751 9i;
1181 2715 1278 2751 Οὕτως
1290 2714 1338 2751 καὶ
1352 2714 1482 2751 γέγονεγ.
1498 2714 1552 2741 Kal
1569 2713 1620 2751 τοῦ
1640 2714 1795 2749 σπέρματος
1809 2713 1849 2739 a5-

1073 2750 1137 2782 τῶν,
1153 2749 1263 2777 Omissis
1274 2749 1359 2781 οὕτως
1374 2750 1420 2775 καὶ
1433 2749 1552 2783 γέγονεν,
1569 2749 1608 2776 ιι).

1120 2785 1165 2819 92)
1180 2784 1263 2818 Ζωῆς
1274 2784 1377 2811 αὑτοῦ.
1399 2782 1522 2819 Δευτέρῳ
1537 2784 1602 2813 add.
1618 2784 1646 2811 in
1661 2792 1714 2812 ms.
1730 2783 1803 2811 Trin.
1814 2782 1846 2810 In.

1120 2819 1165 2854 95)
1181 2819 1314 2854 Τετάρτῃ.
1330 2820 1396 2854 Μιᾷ.
1413 2819 1450 2846 In.
