1913 3102
67 183 131 212 M06

599 177 860 207 TESTAMENTUM
878 177 1110 205 NEPRTHALIM.

1600 176 1668 205 H06

69 241 150 276 σθῆναι
161 237 239 266 αὐτὸν
254 238 285 265 τδ
297 236 378 274 πρωῒ,
392 234 468 264 εἶπεν
487 236 587 269 αὐτοῖς,
599 237 640 264 ὃτι
650 245 656 252 ·
673 247 682 262 ι
709 236 838 272 Ἀποθνή-

899 236 925 263 Et
939 240 1084 271 postquam
1097 234 1229 262 excitatus
1245 239 1287 262 est
1305 242 1321 262 a
1337 242 1432 262 somno
1447 243 1537 266 mane.
1552 235 1621 263 dixit
1637 237 1670 263 ῆι»

69 294 125 313 σκω-
140 295 148 310 ι
162 285 207 311 κα).
218 284 268 310 οὐκ
278 284 418 311 ἐπίστευον
431 282 513 318 αὐτῷ.
528 283 583 308 Kal
594 281 712 317 εὐλογῶν
725 282 836 318 Κύριον,

69 331 246 367 ἐκραταίωσεν,
261 330 302 356 ὅτι
324 328 392 364 μετὰ
410 329 441 355 τὸ
457 329 563 356 δεῖπνον
575 328 606 355 τὺ
620 328 682 364 χθὲς
695 328 837 355 ἀποθανεῖ-

68 387 113 405 ται.
127 376 242 413 Ἤρξατο
254 373 301 402 οὖν
313 375 402 409 λέγειν
414 376 471 406 τοῖς
484 375 551 406 υίοῖς
563 374 657 401 αὐτοῦ·
675 383 684 399 ε
707 373 837 400 Ἀκούσα-

68 431 101 454 τε,
111 422 187 448 τέκνα
201 429 263 456 μου,
275 421 328 447 υίο).
340 419 498 454 Νεφθαλείμ
508 438 516 450 ,
529 418 662 445 ἀκούσατε
676 418 772 452 λόγους
784 426 837 443 πα-

67 467 120 502 τρὸς
131 466 213 502 ὑμῶν.
233 464 304 500 Ἐγὼ
316 465 464 500 ἐγεννήθην
477 464 531 491 ἀπὸ
543 463 663 496 Βάλλας·
691 463 736 489 κα).
751 463 791 489 6n
809 462 839 488 ὲν

68 510 204 546 πανουργίᾳ
215 510 342 546 ἐποίησεν
356 510 373 545 ἡ
390 509 501 545 Ῥαχὴλ,
521 509 568 535 καὶ
586 508 686 535 ἔδωκεν
705 507 764 535 ἀνθ’
777 508 840 534 έαυ-

67 556 108 590 τῆς
119 556 164 592 τὴν
176 555 280 582 Βάλλαν
289 554 328 590 τῷ
336 555 442 586 Ἰακὼϐ,
455 555 502 581 καὶ
515 553 561 580 ἐπὶ
571 553 625 580 τῶν
639 552 733 589 μηρῶν
741 551 840 588 Ῥαχὴλ

68 601 134 628 ἔτεκέ
154 610 196 637 με·
217 601 261 628 διὰ
282 601 361 627 τοῦτο
380 600 496 635 ἐκλήθην
519 598 679 635 Νεφθαλείμ
700 598 765 635 (94).
785 599 839 626 Καὶ

67 647 180 683 ἡγάπησέ
196 656 230 683 με
249 647 359 682 Ῥαχὴλ,
371 646 413 673 ὅτι
426 647 471 673 ἐπὶ
484 645 539 672 τῶν
559 645 653 681 μηρῶν
665 644 748 680 αὐτῆς
766 645 841 678 ἐγεν-

68 693 149 728 νήθηΨ
163 694 208 719 καὶ
221 692 287 719 εἴδει
299 691 400 719 ἁπαλδν
413 691 476 718 ὖντα
496 690 634 725 κατεφίλει
649 699 683 726 με
695 709 702 722 ,
714 690 837 725 λέγουσα’

70 747 79 763 ο
95 738 184 774 Ίδοιμι
200 737 315 772 ἀδελφόν
333 746 380 764 σου
397 738 428 763 ὲκ
446 736 496 772 τῆς
508 736 611 768 κοιλίας
625 745 673 772 μου
687 736 757 764 κατὰ
771 737 809 763 σέ.
829 747 837 762 ι

70 783 140 811 Ὅθεν
152 784 198 811 καὶ
208 784 299 819 ὅμοιός
321 793 365 819 μοι
382 781 416 819 ἦν
438 783 466 809 ὲν
488 783 570 809 πᾶσιν
588 782 696 818 Ἰωσὴφ,
709 782 779 809 κατὰ
793 782 840 814 τὰς

67 830 139 865 εὐχὰς
152 831 204 867 (95)
223 830 333 866 Ῥαχήλ.
353 830 384 856 Ἡ
396 830 424 856 δὲ
440 830 531 865 μήτηρ
544 829 593 865 μού
613 831 670 856 ἐστι
682 829 780 861 Βάλλα,
794 829 840 856 θυ-

67 876 144 911 γάτηρ
167 875 292 902 Ῥουθέου
315 875 386 910 (96),
407 874 523 909 ἀδελφοῦ
542 874 676 910 Δεϐόῤῥας
699 874 770 909 (97),
792 873 841 908 τῆς

65 921 154 957 τροφοῦ
171 921 330 953 Ῥεϐέκκας·
343 920 403 956 ἥτις
426 921 455 947 ὲν
479 921 528 956 μιᾷ
548 920 639 956 ἡμέρᾳ
660 919 766 955 ἐτέχθη,
779 920 807 946 ὲν
858 914 878 940 Β

67 967 106 992 καὶ
132 966 242 1002 Ῥαχὴλ.
274 967 302 993 Ὀ
329 966 356 992 δὲ
386 965 508 997 Ῥουθέος
531 965 586 1000 (98)
611 966 642 992 ὲκ
671 965 718 991 τοῦ
748 964 842 999 γένους

72 1012 194 1048 Ἀϐραὰμ,
205 1012 348 1044 Χαλδαῖος,
359 1011 497 1047 θεοσεϐὴς,
506 1011 647 1046 ἐλεύθερος
660 1011 706 1037 κα).
716 1010 840 1046 εὐγενής.

66 1058 113 1084 Kal
122 1057 346 1093 αἰχμαλωτισθεὶς
359 1057 497 1093 ἠγοράσθη
508 1057 561 1084 ὑπὸ
569 1057 670 1083 Λάόαν·
683 1056 730 1083 καὶ
744 1056 842 1084 ἔδωκεν

66 1102 131 1138 αὐτῷ
142 1103 223 1129 Αίνᾶν
236 1102 286 1137 τὴν
310 1102 455 1137 παιδίσκην
473 1101 556 1128 αὐτοῦ
578 1102 618 1133 είς
635 1102 760 1135 γυναῖκα·
780 1101 842 1136 ἣτις

65 1148 132 1174 ἔτεκε
153 1148 302 1184 θυγατέρα,
325 1148 372 1174 καὶ
396 1147 525 1174 ἐκάλεσεν
545 1147 629 1183 αὐτὴν
653 1147 774 1182 Ζελφὰν,
796 1148 839 1174 ὲπ’

65 1194 166 1230 ὀνόματι
189 1195 241 1230 τῆς
262 1194 369 1230 κώμης,
391 1194 421 1221 ὲν
483 1193 680 1230 ᾑχμαλωτεύθη
700 1193 765 1230 (99).
787 1195 842 1221 Καὶ

67 1240 121 1275 ἑξῆς
138 1240 214 1267 ἔτεκε
240 1241 291 1276 τὴν
312 1240 433 1272 Βάλλαν,
448 1240 544 1274 λέγων·
569 1240 769 1272 Καινόσπουδός
791 1248 839 1276 μου

66 1287 80 1320 ἡ
110 1287 240 1322 θυγάτηρ.
272 1286 360 1318 Εὐθὺς
378 1286 432 1322 γὰρ
462 1286 588 1322 τεχθεῖσα
617 1286 729 1313 ἔσπευδε
760 1286 841 1323 θηλά-

67 1332 116 1362 (ειν
127 1331 210 1368 (ιοο).

101 1399 135 1426 B'.
151 1409 160 1425 ι
177 1399 234 1427 Καὶ
246 1399 339 1435 ἐπειδὴ
359 1399 460 1434 κοῦφος
473 1400 546 1436 ήμην
565 1401 620 1432 τοῖς
634 1400 723 1433 ποσὶν,
735 1399 773 1432 ὡς
785 1400 845 1427 ἔλα.-
858 1385 879 1414 c

67 1453 120 1478 φος,
133 1445 209 1478 ἕταξέ
227 1455 260 1481 με
273 1447 288 1472 6
302 1447 393 1482 πατήρ
407 1455 457 1482 μου
465 1445 562 1472 Ἰακὼϐ
575 1447 614 1478 είς
628 1447 717 1473 πᾶσαν
729 1446 844 1473 ἀποστο-

67 1491 109 1527 λὴν
121 1493 166 1519 καὶ
177 1492 216 1528 (ί)
228 1492 366 1526 ἀγγελίαν·
381 1492 427 1518 καί
442 1500 484 1526 γε,
496 1492 534 1524 ὡς
546 1491 643 1526 ἐλαφόν
657 1500 690 1527 με
703 1491 844 1528 εὐλόγησε.

67 1535 156 1570 Καθὼς
167 1537 224 1573 γὰρ
233 1538 247 1564 6
258 1538 396 1574 κεραμεὺς
413 1536 466 1565 οἶδε
478 1537 508 1564 τὸ
526 1537 632 1570 σκεῦος,
651 1537 732 1564 πόσον
751 1538 844 1574 χωρεῖ,

69 1583 109 1609 καὶ
120 1584 186 1620 πρὸς
204 1584 285 1610 αὑτὸν
305 1584 382 1620 φέρει
395 1584 440 1610 τὸν
452 1583 546 1619 πηλόν·
558 1584 644 1615 οὕτως
656 1584 703 1611 καὶ
719 1584 733 1610 6
744 1583 845 1619 Κύριος

68 1628 129 1663 πρὸς
150 1629 282 1664 ὁμοίωσιν
303 1628 350 1655 τοῦ
374 1628 529 1664 πνεύματος
552 1630 624 1656 ποιεῖ
642 1628 673 1655 τὸ
692 1628 781 1664 σῶμα,
800 1628 847 1655 καὶ

69 1673 129 1707 πρὸς
141 1674 190 1709 τὴν
198 1673 312 1710 δύναμιν
320 1674 367 1701 τοῦ
377 1673 500 1710 σώματος
507 1674 538 1700 τὺ
547 1674 655 1709 πνεῦμα
661 1673 791 1708 ἐντίθησι,
799 1673 847 1700 καὶ

67 1719 111 1745 οὐκ
131 1719 187 1746 ἔστι
207 1719 299 1746 λοιπὸν
318 1718 355 1755 (2)
369 1719 397 1746 ἓν
417 1720 449 1745 ὲκ
461 1718 507 1745 τοῦ
519 1719 577 1751 ἑνὸς
590 1718 682 1754 τρίτον
692 1717 783 1753 τριχός
797 1716 845 1753 (5)°

70 1764 174 1800 σταθμῷ
185 1764 241 1801 γὰρ
252 1765 299 1791 κα).
311 1765 402 1800 μέτρῳ
414 1765 461 1792 καὶ
474 1764 565 1791 κανόνι
577 1765 652 1791 πᾶσα
663 1763 752 1795 κτίσις
770 1763 847 1798 Ὑψί-

70 1817 136 1836 στου.
159 1810 216 1837 Καὶ
238 1809 361 1846 καθάπερ
380 1810 451 1837 οἶδεν
467 1811 481 1836 6
501 1811 638 1845 κεραμεὺς
658 1809 717 1842 ἑνὸς
733 1809 847 1836 ἑκάστου

67 1854 112 1890 τὴν
128 1855 236 1891 χρῆσιν,
255 1855 292 1887 ὡς
315 1856 409 1883 ίκανοῖ·
432 1855 517 1887 οὕτως
539 1855 585 1882 καὶ
601 1855 615 1881 6
634 1854 734 1890 Κύριος
747 1851 799 1880 οἶδε
817 1853 848 1880 τὸ

70 1900 158 1936 σῶμα,
173 1902 227 1934 ἕως
239 1902 310 1934 τίνος
322 1902 458 1937 διαρκέσει
470 1903 498 1928 ὲν
512 1901 614 1936 ἀγαθῷ,
626 1900 673 1928 κα).
686 1899 751 1927 πότε
765 1899 849 1935 ἄρχε-

69 1955 108 1974 ται
119 1949 147 1976 ὲν
160 1947 247 1984 κακῷ.
261 1949 320 1975 Ὂτι
340 1948 390 1974 οὐκ
407 1947 464 1974 ἔστι
486 1948 540 1974 πᾶν
561 1947 690 1982 πλάσμα,
710 1946 758 1973 κα).
776 1946 850 1973 πᾶσα

69 1992 169 2027 ἔννοια,
189 1994 222 2029 ἢν
242 1994 291 2020 οὐκ
314 1993 384 2028 ἔγνω
404 1992 520 2027 Κύριος·
534 1993 621 2020 πάντα
637 1992 692 2028 γὰρ
709 1991 850 2028 ἄνθρωπον

70 2038 154 2067 ἔκτισε
174 2040 235 2067 κατ’
254 2039 344 2067 είκόνα
367 2040 473 2067 ἑαυτοῦ.
492 2040 535 2071 Ὠς
551 2039 568 2074 ἡ
589 2039 664 2074 ἰσχὺς
675 2037 850 2069 αὒτοῦ,οὓτω

69 2086 113 2111 καὶ
128 2085 158 2112 τδ
169 2085 251 2122 ἔργον
262 2086 355 2113 αὐτοῦ·
377 2087 424 2113 καὶ
445 2087 482 2118 ὼς
500 2087 515 2112 6
532 2085 594 2117 νοῦς
611 2085 710 2117 αὐτοῦ,
721 2084 793 2111 οὕτω
804 2083 850 2110 καὶ

69 2131 98 2157 τὺ
107 2131 187 2167 ἔργον
199 2132 290 2158 αὐτοῦ’
306 2132 352 2159 καὶ
363 2132 400 2164 ὡς
411 2133 428 2167 ἡ
442 2132 600 2167 προαίρεσις
611 2129 704 2163 αὑτοῦ,
722 2130 794 2157 οὕτω
805 2130 851 2156 κα).

70 2177 86 2211 ὴ
106 2178 205 2213 πρᾶξις
227 2178 320 2205 αὐτοῦ’
342 2177 379 2210 ὡς
399 2179 416 2214 ὴ
439 2178 535 2213 καρδία
554 2177 648 2210 αὑτοῦ,
668 2176 738 2203 οὕτω
755 2176 801 2202 καὶ
819 2175 850 2202 τὸ

72 2223 155 2259 στόμα
166 2224 259 2250 αὑτοῦ·
272 2224 309 2256 ὼς
317 2225 332 2250 6
343 2223 478 2259 ὀφθαλμὸς
490 2223 583 2255 αὑτοῦ,
596 2223 666 2250 οὓτω
679 2223 725 2250 καὶ
742 2224 756 2249 6
769 2222 849 2253 ὕπνος

71 2256 160 2295 αὐτοῦ·
173 2268 211 2300 ὡς
226 2270 243 2304 ἠ
253 2268 325 2305 ψυχὴ
345 2256 438 2300 αυτοῦ,
451 2268 521 2295 οὕτω
542 2269 589 2295 καὶ
608 2269 622 2295 6
634 2268 710 2302 λόγος
727 2266 820 2298 αὑτοῦ,
834 2266 850 2301 ἢ
867 2256 889 2283 D

71 2314 99 2340 ἐν
108 2314 184 2350 νόμῳ
194 2315 307 2350 Κυρίου,
320 2315 336 2350 ἦ
349 2315 378 2341 ἐν
389 2316 462 2351 νόμῳ
481 2314 588 2351 Βελιάρ.
607 2314 663 2341 Kal
683 2314 721 2345 ὼς
738 2312 852 2348 κεχώρι-

72 2367 131 2386 σται
143 2360 280 2395 ἀνάμεσον
288 2360 375 2395 φωτὸς
384 2361 431 2387 κα)¹
444 2360 564 2392 σκότους,
572 2360 692 2396 ὁράσεως
700 2358 747 2386 καὶ
757 2358 849 2395 ἀκοῆς·

70 2403 141 2430 οὕτω
160 2404 324 2440 κεχώρισται
343 2406 478 2441 ἀνάμεσον
496 2405 591 2441 ἀνδρὸς
611 2405 658 2431 καὶ
676 2404 786 2440 ἀνδρὸς,
806 2403 853 2430 κα).

72 2449 206 2485 ἁνάμεσσν
217 2451 343 2485 γυναικὸς
350 2452 397 2478 καὶ
403 2451 539 2486 γυναικός·
551 2451 597 2477 καὶ
609 2451 659 2477 οὐκ
672 2450 745 2477 ἐστιν
756 2451 850 2482 είπεῖν,

99 2530 122 2545 ’δ
138 2529 203 2564 Sap.
222 2537 260 2563 ιι,
278 2529 324 2557 2L
361 2529 382 2545 ιδ
397 2529 461 2564 Sap.
474 2537 518 2562 xv,
532 2529 557 2556 7.
596 2530 617 2545 ¹⁶
630 2529 712 2557 Hebr.
734 2537 771 2562 IV,
785 2530 828 2557 15.

108 2608 164 2644 (94)
173 2643 176 2644 ν
186 2608 335 2644 Ἐκλήθην
347 2609 527 2643 Νεφθαλείμ.
537 2608 704 2636 Peculiarcm
721 2613 854 2635 rationem

75 2643 195 2671 nominis
213 2643 384 2678 Nephthalim
408 2644 529 2678 assignat
543 2649 637 2670 auctor
652 2649 754 2675 noster,
766 2644 855 2670 diver-

75 2686 133 2714 sam
147 2678 182 2706 ab
197 2686 229 2714 ea
240 2686 300 2713 quae
310 2687 325 2705 a
337 2679 439 2714 Moyse,
450 2678 548 2714 Genes.
564 2686 628 2714 xxx,
644 2678 670 2710 8,
685 2678 855 2710 traditur,»ac

76 2713 188 2746 proinde
202 2713 273 2741 haud
286 2713 499 2748 approbandam.
516 2713 671 2748 Genuiuum
684 2717 773 2740 autem
791 2721 854 2740 sen-

76 2755 138 2784 surn
163 2748 245 2784 hujus
268 2747 397 2782 nominis,
418 2753 444 2776 et
462 2748 610 2784 verborum
632 2747 734 2784 Moysis
757 2748 790 2784 de
812 2756 854 2780 eo,

76 2782 185 2844 ἐπιδυηὲ
202 2782 436 2812 commentatores
461 2783 489 2810 in
517 2784 630 2811 citatum
652 2782 855 2818 locum-Gene-

92 2825 150 2844 eOS.
175 2827 249 2844 JRAR.

92 2825 150 2844 eos.
165 2825 249 2845 11R“).

124 2853 169 2922 95)
184 2853 292 2887 Εὑχάς.
308 2853 448 2888 Εὐλογίας.
463 2855 501 2882 ID.

124 2887 158 2916 96
186 2888 333 2916 Ῥυυθέου.
356 2888 501 2916 Ῥουθαίου.

124 2887 168 2918 96)
186 2888 333 2916 Ῥυυθέου.
356 2887 502 2916 Ῥουθαίου.
515 2889 542 2918 In

882 2915 884 2918 ,
909 2887 1025 2923 ὁμοίων.

889 282 923 309 lis
939 290 946 308 :
965 291 974 307 ι
991 280 1092 308 Morior
1105 288 1112 307 :
1127 289 1136 307 ι
1154 283 1182 308 et
1199 288 1254 308 non
1272 280 1445 308 crediderunt
1463 281 1497 308 ei.
1511 280 1544 309 Et
1559 282 1669 309 benedi-

890 335 955 356 cens
970 327 1100 361 Domino,
1125 326 1307 360 conﬁrmavit,
1330 327 1403 362 quod
1427 332 1490 362 post
1513 327 1668 355 hesternam

889 381 996 401 caenam
1010 377 1174 400 moreretur.
1187 371 1301 407 lncmpit
1315 372 1395 407 igitur
1406 372 1496 400 dicere
1510 373 1572 402 liliis
1588 374 1646 402 suis
1660 381 1671 402 :

893 418 1016 450 «Audite,
1032 418 1079 446 ﬁlii
1091 418 1156 450 mei,
1167 417 1215 445 ﬁlii
1231 417 1414 452 Nephthalim,
1429 417 1520 446 audite
1530 426 1668 446 sermones

888 465 976 500 patris
990 464 1083 492 vestri.
1100 474 1109 490 ι
1125 464 1180 500 Ego
1194 468 1275 491 natus
1287 471 1346 492 sum
1361 472 1377 491 a
1392 463 1486 492 Balla:
1501 469 1529 492 et
1541 465 1670 499 quoniam

891 513 979 538 astute
993 509 1057 536 fecit
1076 509 1188 541 Rachel,
1203 515 1232 536 ει·
1244 509 1318 536 dedit
1334 517 1384 544 pro
1403 509 1492 544 seipsa
1509 510 1611 538 Ballam
1627 510 1673 539 Ja-

891 557 951 591 cob,
968 561 996 584 et
1011 564 1094 591 super
1117 555 1221 583 femora
1237 555 1338 582 Rachel
1360 552 1463 591 peperit
1487 564 1547 589 me;
1563 562 1672 592 propter

891 603 942 630 hoc
953 607 1067 630 vocatus
1079 609 1139 629 sum
1152 600 1335 636 Nephthulim.
1352 601 1384 628 Et
1395 602 1488 629 dilexit
1503 610 1546 629 me
1559 601 1670 635 Rachel,

890 649 1020 684 quoniam
1045 655 1128 683 super
1155 647 1258 675 femora
1282 655 1330 675 Sua
1349 652 1430 676 natus
1451 656 1528 682 sum;
1541 652 1569 675 et
1584 649 1673 684 specie

891 701 1013 722 tenerum
1035 693 1209 721 exsistentem
1237 693 1359 721 osculata
1388 699 1430 721 est
1454 702 1516 727 me,
1544 694 1638 722 dicens
1664 704 1670 721 :

894 750 903 766 ι
922 740 1032 768 Videam
1048 739 1160 768 fratrem
1183 744 1259 767 tuum
1275 748 1308 767 ex
1327 743 1422 767 ventre
1443 747 1504 767 meo
1522 741 1671 768 secundum

891 792 926 815 te.
940 790 954 813 ὶ
971 786 1046 815 Unde
1060 792 1087 815 et
1106 787 1203 814 similis
1218 787 1270 814 mei
1285 791 1344 814 erat
1367 787 1393 814 in
1419 787 1546 814 omnibus
1559 785 1671 820 Ioseph,

892 826 1041 862 secundum
1055 833 1198 868 petitiones
1214 832 1324 860 Rachel.
1344 832 1428 860 Mater
1446 838 1536 860 autem
1556 840 1615 860 mea
1632 837 1674 859 est

891 880 976 914 Bulla,
992 880 1048 907 ﬁlia
1063 879 1178 913 Ruthmi,
1191 879 1284 907 fratris
1301 879 1422 912 Deborte,
1441 879 1555 906 nutricis
1569 878 1675 907 Rebec-

894 935 949 960 cae;
967 935 1028 962 qua
1042 926 1116 953 Balla
1138 927 1165 953 in
1182 934 1236 953 una
1250 925 1294 953 die
1316 929 1378 953 nata
1395 929 1446 958 est,
1463 925 1489 951 in
1505 932 1559 960 qua
1576 928 1602 952 et
1617 924 1673 952 Ra-

893 973 963 1001 chel.
977 973 1106 1000 Ruthaeus
1119 980 1183 1000 vero
1196 979 1230 1000 ex
1242 979 1339 1007 genere
1358 971 1496 999 Abraham
1513 975 1581 1004 erat,
1592 970 1674 1001 Chai-

892 1018 977 1051 daeus,
989 1018 1074 1046 Deum
1086 1025 1231 1051 venerans,
1246 1017 1313 1044 liber
1324 1021 1350 1044 et
1361 1017 1470 1044 nobilis.
1485 1016 1517 1044 Et
1529 1024 1590 1044 cum
1601 1021 1675 1044 esset

893 1063 1026 1098 captivus,
1038 1066 1144 1097 emptus
1161 1066 1201 1090 est
1214 1069 1229 1089 a
1239 1062 1346 1096 Laban;
1362 1066 1387 1089 et
1400 1062 1474 1089 dedit
1488 1062 1513 1089 ei
1526 1061 1613 1089 Enam
1623 1070 1674 1090 an-

894 1110 982 1137 cillam
998 1116 1075 1136 suam
1090 1108 1116 1135 in
1136 1116 1265 1141 urmrem;
1280 1116 1340 1142 qua:
1358 1107 1462 1143 peperit
1477 1107 1575 1138 ﬁliam.
1587 1112 1614 1135 et
1626 1115 1675 1135 vo-

892 1155 964 1181 cavit
977 1161 1036 1181 eam
1052 1152 1192 1188 Zelpham,
1207 1153 1367 1188 cognomine
1380 1152 1483 1180 castelli
1504 1153 1530 1179 in
1553 1160 1608 1187 quo
1628 1159 1675 1179 ca-

894 1199 984 1234 ptivus
995 1203 1064 1226 erat.
1079 1198 1179 1226 Deinde
1194 1198 1298 1233 peperit
1311 1197 1424 1230 Ballam,
1440 1198 1533 1225 dicens
1546 1205 1552 1223 :
1564 1196 1674 1224 Noviter

895 1243 1026 1272 festinans
1042 1244 1097 1272 ﬁlia
1112 1252 1181 1271 mea.
1196 1242 1347 1271 Confestim
1366 1243 1438 1270 enim
1460 1247 1521 1270 nata
1538 1242 1675 1270 festinavit

894 1289 936 1317 lac
951 1297 1056 1325 sugere.

932 1401 965 1429 ll.
981 1411 991 1427 ι
1010 1401 1043 1429 Et
1056 1401 1120 1436 quia
1136 1400 1250 1436 pedibus
1266 1399 1333 1426 levis
1343 1406 1429 1430 eram.
1440 1404 1472 1426 ut
1482 1405 1589 1431 cervus,
1603 1397 1677 1425 ordi-

896 1447 970 1475 navit
982 1455 1026 1474 me
1036 1451 1113 1482 pater
1127 1454 1206 1473 meus
1217 1444 1301 1473 Jacob
1315 1445 1342 1471 in
1357 1452 1465 1472 omnem
1478 1443 1637 1471 missionem
1649 1447 1677 1470 et

895 1492 1129 1520 annuntiationem
1141 1500 1148 1524 ;
1164 1495 1191 1518 et
1205 1495 1234 1518 ut
1247 1498 1328 1518 cervo
1339 1489 1404 1516 mihi
1416 1489 1562 1517 benedixit.
1577 1488 1677 1522 Quem-

895 1538 1039 1566 admodum
1052 1538 1124 1566 enim
1136 1538 1234 1571 ﬁgulus
1246 1537 1321 1564 novit
1331 1543 1390 1570 vas,
1407 1540 1540 1571 quantum
1555 1535 1638 1570 capit,
1650 1539 1678 1563 et

896 1584 929 1611 ad
943 1583 1031 1618 ipsum
1047 1583 1100 1610 fert
1119 1583 1224 1615 lutum;
1245 1582 1282 1609 ita
1300 1585 1328 1609 et
1344 1580 1477 1608 Dominus
1497 1579 1532 1608 ad
1549 1580 1678 1608 similituo

896 1630 986 1657 dinem
998 1629 1110 1664 spiritus
1121 1628 1187 1656 facit
1197 1635 1309 1663 corpus,
1322 1631 1349 1654 et
1366 1627 1400 1654 ad
1415 1627 1562 1661 potentiam
1581 1633 1679 1660 corpo-

897 1679 934 1706 ris
949 1676 1075 1712 spiritum
1092 1675 1216 1711 imponit,
1228 1679 1256 1702 et
1270 1683 1324 1702 non
1340 1678 1383 1702 est
1397 1674 1454 1709 jam
1471 1681 1523 1700 una
1545 1673 1623 1701 tertia
1644 1680 1678 1699 ex

898 1730 952 1751 uno
963 1722 1078 1758 capillo;
1096 1720 1216 1756 pondere
1234 1720 1307 1748 enim
1319 1723 1346 1748 et
1358 1727 1486 1747 mensura
1497 1723 1524 1747 et
1538 1720 1631 1754 regula
1645 1718 1678 1752 “,

898 1767 987 1795 omnis
1004 1771 1129 1794 creatura
1144 1765 1277 1793 Altissimi
1295 1765 1454 1801 (consistit).
1472 1764 1506 1792 Et
1519 1764 1591 1792 sicut
1604 1763 1680 1791 novit

899 1814 996 1849 ﬁgulus
1014 1812 1230 1848 uniuscujusque
1244 1819 1335 1845 usum,
1346 1811 1447 1847 quibus
1462 1811 1543 1838 rebus
1558 1809 1680 1838 sufﬁcere

898 1864 980 1894 queat
995 1858 1034 1893 u;
1052 1858 1089 1886 ita
1104 1862 1132 1886 et
1151 1857 1283 1885 Dominus
1307 1857 1382 1885 novit
1405 1864 1521 1892 corpus,
1538 1862 1680 1890 usquequo

899 1904 1014 1933 suﬂiciat
1024 1903 1052 1931 in
1067 1903 1154 1936 bono,
1171 1907 1198 1930 et
1214 1903 1324 1938 quando
1344 1902 1438 1937 incipit
1458 1902 1486 1929 in
1507 1901 1589 1930 malo.
1605 1900 1681 1934 Quo-

900 1952 972 1979 niam
987 1958 1041 1978 non
1054 1954 1096 1977 est
1108 1950 1162 1976 ulla
1177 1953 1374 1982 creatura,_nec
1383 1948 1437 1976 ulla
1449 1947 1588 1983 cogitatio,
1598 1953 1680 1982 quam

901 2005 954 2024 non
970 1996 1095 2032 cognovit
1118 1995 1251 2022 Dominus
1267 1994 1304 2027 “;
1318 2001 1425 2021 omnem
1449 1993 1522 2021 enim
1543 1992 1681 2019 hominem

901 2043 1002 2070 creavit
1022 2042 1056 2069 ad
1078 2041 1223 2076 imaginem
1245 2046 1334 2067 suam.
1357 2039 1433 2066 Sicut
1457 2037 1589 2065 fortitudo
1611 2036 1681 2072 ejus,

901 2089 940 2115 ita
961 2092 988 2115 et
1004 2095 1074 2122 opus
1096 2087 1170 2120 ejus;
1192 2091 1219 2113 et
1237 2085 1308 2113 sicut
1329 2092 1406 2112 mens
1421 2083 1491 2118 ejus,
1512 2083 1549 2110 ita
1573 2087 1683 2117 etopus

903 2134 977 2169 ejus;
1003 2138 1029 2161 et
1051 2134 1121 2160 sicut
1142 2132 1295 2167 praeelectio
1314 2132 1389 2166 ejus,
1404 2130 1441 2157 ita
1463 2134 1489 2157 et
1510 2134 1587 2156 actus
1607 2128 1682 2164 ejus;

904 2181 976 2207 sicut
986 2187 1034 2207 cor
1048 2179 1118 2214 ejus,
1131 2179 1168 2205 ila
1183 2182 1210 2205 et
1228 2185 1258 2205 os
1269 2177 1347 2212 ejus;
1368 2176 1439 2204 sicut
1452 2175 1549 2202 oculus
1564 2174 1635 2209 ejus,
1648 2174 1684 2201 ita

901 2230 929 2253 et
944 2233 1057 2253 somnus
1071 2225 1145 2259 ejus;
1158 2225 1229 2252 sicut
1242 2223 1333 2250 anima
1345 2223 1414 2258 ejus,
1427 2222 1464 2249 ita
1473 2225 1501 2248 et
1512 2228 1603 2248 sermo
1614 2220 1684 2254 ejus,

905 2271 947 2298 vel
962 2271 990 2298 in
1004 2271 1063 2306 lege
1077 2269 1195 2302 Domini,
1211 2269 1253 2296 vel
1269 2268 1297 2295 in
1315 2268 1374 2303 lege
1388 2266 1486 2294 Beliar.
1506 2264 1539 2292 Et
1558 2265 1630 2292 sicut
1644 2263 1686 2290 di-

906 2318 996 2346 visum
1009 2321 1051 2345 est
1066 2315 1256 2344 intermedium
1273 2313 1342 2342 lucis
1364 2318 1390 2341 et
1406 2312 1579 2340 tenebrarum
1589 2330 1597 2342 ,
1609 2309 1686 2336 visus

906 2367 932 2391 et
946 2363 1055 2391 auditus
1075 2363 1134 2390 :ita
1157 2362 1275 2390 divisum
1304 2364 1346 2388 est
1374 2357 1566 2386 intermedium
1589 2355 1641 2382 viri
1659 2358 1686 2381 et

907 2410 969 2441 viri.
988 2415 1015 2438 et
1037 2409 1228 2437 intermedium
1246 2406 1368 2434 mulieris
1385 2410 1412 2433 et
1432 2402 1569 2434 mulieris;
1585 2405 1613 2428 et
1631 2407 1685 2427 non

907 2460 948 2483 est
966 2455 1123 2486 dicendum,
1136 2453 1209 2489 quod
1231 2452 1285 2479 ulla
1302 2451 1329 2478 in
1353 2458 1383 2478 re
1397 2449 1475 2477 faciei
1493 2448 1535 2475 vel
1554 2446 1686 2475 similium

949 2607 995 2640 97)
1010 2606 1162 2640 Δεόόῤῥας.
1175 2603 1319 2640 Δεὸϐᾀρας.
1333 2602 1372 2640 I_D.

951 2638 996 2673 98)
1015 2638 1160 2673 Ῥούθέος.
1184 2638 1328 2670 Ῥουθαῖος.
1342 2638 1378 2665 lp-

951 2670 996 2711 99)
1016 2670 1261 2711 ᾙχμιιλὼτεύθη,
1276 2672 1492 2711 ᾘχμαλιιπίσθη.
1509 2670 1547 2711 to.

942 2685 996 2711 um)
1024 2685 1253 2737 ῃίὲιιιιιιωτευυη.
1282 2685 1492 2715 ῃχμαιξυηισυη.
1510 2685 1547 2698 Ιν.
1614 2703 1619 2711 γ

942 2711 1014 2747 (100)
1034 2713 1057 2738 Λ
1075 2719 1144 2745 των·
1169 2708 1396 2747 βαιῇόσποπίὸος
1416 2716 1477 2747 μορ
1504 2706 1687 2747 ἠιθυγ-(ιτηρ.

907 2737 1220 2780 Εὖὸῦξ-’γᾶρσεχθεῑσα
1233 2743 1362 2780 ἔσπευδε
1380 2737 1632 2780 (inuitati-desunt.
1649 2737 1687 2765 lu.

955 2782 980 2813 l)
993 2778 1188 2813 Ἄποστολὴν
1198 2780 1246 2806 καί
1262 2779 1374 2807 omissa.
1388 2778 1426 2805 lu.

952 2813 980 2849 ‘2)
993 2816 1114 2844 Λοιπόν.
1136 2814 1281 2841 meum.
1294 2813 1333 2840 1ο.
1578 2844 1584 2849 ⁸
1599 2843 1610 2849 _
1653 2843 1667 2849 _

994 2843 1098 2912 Τριῖον
1113 2850 1219 2885 τριχός.
1231 2848 1328 2877 Omnia
1337 2848 1439 2876 omissa
1454 2854 1539 2882 usque
1553 2844 1586 2873 ad
1596 2843 1614 2879 ἢ
1632 2843 1689 2872 τῶν

954 2895 1025 2912 Ἰων-
1055 2894 1081 2912 ι).

1055 2894 1081 2913 ι).

941 2782 952 2887 ἕ
