1913 3102
64 184 126 214 1109

610 187 865 218 TESTAMENTUM
878 189 1107 220 NEPHTHALIM.

1596 198 1666 227 1110

93 243 126 269 Δ’.
146 251 155 268 ι
166 242 261 270 ταῦτα
271 243 351 278 λέγω,
362 243 441 271 τέκνα
455 252 515 279 μου,
528 244 568 271 ὅτι
580 245 697 279 ἀνέγνων
704 247 734 272 ἐν
745 247 836 284 Γραφῇ

927 247 971 275 IV.
993 258 1002 274 ι
1015 248 1078 276 Haec
1087 249 1159 284 dico,
1172 249 1219 277 lilii
1232 251 1300 284 mei,
1317 252 1447 287 quoniam
1467 253 1519 289 legi
1540 255 1568 282 in
1591 255 1665 284 Scri-

61 289 121 324 ἁγίᾳ
130 288 184 325 (19)
209 289 306 325 Ἑνὼχ,
324 289 365 316 ὃτι
381 290 427 317 καί
435 298 467 325 γε
484 290 562 326 ὑμεῖς
578 290 763 326 ἀποστήσεσθε
782 292 836 319 ἀπὸ

62 333 166 369 Κυρίου,
175 335 354 370 πορευόμενοι
365 335 435 362 κατὰ
444 335 533 362 πᾶσαν
543 335 673 371 πονηρίαν
686 335 781 369 ἐθνῶν,
790 337 837 363 καὶ

62 380 179 415 ποιήσετε
195 379 269 407 κατὰ
280 381 369 407 πᾶσαν
379 380 495 416 ἀνομίαν
508 380 641 416 Σοδόμων.
666 381 721 407 Καὶ
742 381 836 415 ἑπάξει

62 426 119 460 ὑμῖν
136 425 239 461 Κύριος
257 426 454 462 αἰχμαλωσίαν,
475 427 520 453 καὶ
541 426 695 454 δουλεύσετε
708 428 767 453 ἐκεῖ
780 428 837 459 τοῖς

60 471 157 506 ἐχθροῖς
174 471 264 506 ὑμῶν,
278 472 325 498 καὶ
331 472 404 508 πάσῃ
416 472 533 499 κακώσει
545 473 591 500 καὶ
602 472 688 507 θλίψει
702 473 836 507 συγκαλυ-

61 517 187 552 φθήσεσθε
206 517 274 553 (20),
287 518 339 550 ἕως
351 519 383 545 ἂν
391 518 517 555 ἀναλώσῃ
528 518 629 554 Κύριος
639 520 740 551 πάντας
753 520 834 554 ὑμᾶς.

61 565 110 590 Καὶ
135 563 205 599 μετὰ
226 564 259 591 τὸ
284 564 446 600 ὀλιγωθῆναι
463 565 535 600 ὑμᾶς
553 565 600 592 καὶ
626 565 835 601 σμικρυνθῆναι,

60 610 236 645 ὲπιστρέψετε
247 610 294 636 καὶ
307 609 490 644 ἐπιγνώσεσθε
501 609 603 646 Κύριον
615 611 660 637 τὸν
670 610 737 637 Θεὸν
749 611 833 646 ὑμῶν’

60 655 102 681 καὶ
116 655 277 690 ἐπιστρέψει
291 655 363 691 ὑμᾶς
371 656 411 687 εἰς
426 655 475 691 τὴν
486 655 538 690 γῆν
549 655 637 691 ὑμῶν,
649 655 719 682 κατὰ
729 655 759 682 τὸ
770 656 835 682 πολὺ

60 700 133 727 αὐτοῦ
146 700 230 733 ἕλεος.
244 701 300 727 Καὶ
315 701 400 734 ἔσται,
414 701 452 728 ὅτ’
468 701 502 728 ἂν
512 701 621 737 ἥξουσιν
632 702 661 728 ὲν
672 703 707 737 γῇ
721 702 836 738 πατρῴῃ

60 746 150 779 αὐτῶν,
164 747 249 774 πάλιν
266 746 444 774 ἐπιλάθωνται
458 746 572 783 Κυρίου,
596 747 644 773 καὶ
661 747 833 783 άσεϐήσουσι,

60 793 100 818 καὶ
109 792 252 828 διασπερεῖ
272 792 369 824 αὐτοὺς
390 791 492 828 Κύριος
514 792 560 819 ἐπὶ
578 791 722 827 προσώπου
746 792 835 827 πάσης

59 838 103 873 τῆς
115 838 174 873 γῆς,
189 838 255 874 άχρι
266 837 313 864 τοῦ
329 837 414 864 ἐλθεῖν
425 837 456 864 τὺ
468 837 619 872 σπλάγχνον
643 837 743 872 Κυρίου
754 857 760 869 ,
788 836 835 864 άν-

60 884 160 918 θρωπος
171 883 258 910 ποιῶν
267 884 449 919 δικαιοσύνην,
467 884 513 910 καὶ
525 883 609 910 ποιῶν
628 882 702 915 ἔλεος
714 883 753 914 είς
770 882 836 909 πάν-

59 940 102 964 τας
112 932 174 963 τοὺς
187 931 306 968 μακρὰν,
319 932 366 958 καὶ
378 932 441 963 τοὺς
457 931 540 966 ἐγγύς
552 930 618 967 (21).
851 923 872 950 Β

90 1023 125 1049 E'.
148 1032 157 1049 ι
178 1023 224 1049 Ἐν
235 1023 290 1059 γὰρ
301 1023 355 1049 ἔτει
369 1023 577 1059 τεσσαρακοστῷ
600 1023 672 1058 ζωῆς
690 1031 755 1058 μου,
768 1020 836 1049 εῐδον

59 1070 84 1096 ὲν
93 1070 182 1105 ὄρεσιν
194 1069 252 1105 (22)
263 1069 351 1095 ἐλαίου
360 1069 415 1105 (25)
424 1070 495 1096 κατὰ
503 1068 633 1100 ἀνατολὰς
651 1068 836 1104 Ἰερουσαλὴμ,

59 1114 95 1140 ὅτι
109 1115 123 1140 ό
133 1113 210 1149 ἥλιος
227 1114 300 1149 καὶὴ
317 1114 414 1150 σελήνη
425 1114 554 1150 ἐστηχαν.
568 1114 623 1153 Kal
641 1114 695 1140 ἰδοὺ
716 1112 808 1140 Ἱσαὰκ
823 1113 837 1139 6

60 1159 143 1195 πατὴρ
157 1159 205 1186 τοῦ
224 1160 326 1196 πατρός
345 1169 394 1195 μου
405 1160 477 1194 λέγει
495 1160 560 1195 ἡμῖν
570 1168 577 1175 ·
594 1169 603 1185 ι
615 1158 837 1195 Προσδραμόντες

59 1203 206 1238 κρατήσατε
216 1202 330 1235 ἕκαστος
343 1203 414 1230 κατὰ
423 1203 536 1238 δύναμιν
547 1211 553 1218 ·
569 1203 615 1229 καὶ
631 1202 678 1228 τοῦ
690 1201 838 1232 πιάσαντος

59 1248 127 1275 ἔσται
143 1250 158 1276 ὁ
168 1249 244 1284 ἦλιος
255 1250 302 1276 καὶ
318 1251 333 1284 ἡ
350 1249 460 1285 σελήνη.
474 1259 483 1275 r
497 1249 552 1276 Kal
571 1248 672 1280 πάντες
688 1246 754 1282 ὁμοῦ
775 1247 838 1272 ἐπε-

58 1293 190 1330 δράμομεν
199 1303 206 1310 ·
226 1295 272 1322 καὶ
284 1295 298 1321 ὁ
308 1294 373 1321 Λευῖ
385 1296 518 1333 ἐκράτησε
528 1294 573 1321 τὺν
584 1294 669 1330 ἥλιον,
683 1293 730 1320 καὶ
741 1294 754 1319 ὁ
773 1291 838 1319 Ίού-

58 1339 100 1371 δας
113 1340 219 1374 φθάσας
231 1340 328 1367 ὲπίασε
339 1340 389 1375 τὴν
402 1340 514 1376 σελήνην
524 1348 531 1354 ·
549 1339 596 1366 καὶ
616 1338 761 1373 ὑψώθησαν
785 1337 838 1374 ἀμ-

59 1384 158 1420 φότεροι
171 1385 222 1411 σὺν
230 1384 330 1417 αὺτοῖς.
343 1386 397 1411 Kal
408 1385 483 1416 ὄντος
493 1382 540 1410 τοῦ
550 1383 613 1410 Λευτ
625 1383 662 1414 ὡς
678 1382 764 1418 ἡλίου,
776 1389 838 1407 νεα-

60 1431 112 1463 νίας
123 1440 164 1463 τις
180 1431 333 1458 ἐπιδίδωσιν
344 1430 417 1466 αὐτῷ
433 1430 495 1466 βάῖα
505 1429 632 1465 φοινίκων
646 1428 694 1460 ιϐ’,
708 1428 755 1454 καὶ
773 1427 838 1454 Ἰού-

59 1477 101 1508 δας
110 1474 143 1512 ἦν
152 1476 290 1512 λαμπρὸς,
302 1477 339 1508 ὡς
355 1478 371 1512 ὴ
399 1476 507 1512 σελήνη,
533 1477 580 1503 καὶ
596 1476 649 1503 ὑπὸ
670 1477 733 1508 τοὺς
754 1477 837 1508 πόδας

59 1523 135 1550 αὑτοῦ
145 1522 217 1559 ἦσαν
229 1522 260 1555 ι6¹
278 1524 396 1554 ἀκτῖνες.
407 1522 462 1548 Καὶ
475 1523 695 1558 προσδραμόντες
715 1522 837 1558 ἀλλήλοις

59 1569 143 1596 ὁΛευῗ
155 1570 203 1596 καὶ
222 1571 236 1596 ὁ
252 1569 361 1601 Ἰούδας,
378 1569 532 1604 ἐκράτησαν
557 1567 678 1600 ἑαυτούς.
702 1567 758 1595 Kal
781 1567 835 1595 ἰδοὺ

59 1614 150 1651 ταῦρος
167 1616 215 1642 ὲπὶ
224 1615 274 1651 τῆς
285 1597 427 1650 γῆςξιέχων
445 1597 492 1640 δύο
516 1613 621 1648 κέρατα
643 1597 746 1649 μεγάλα
757 1633 764 1646 ,
789 1613 835 1640 καὶ
850 1597 871 1627 c

60 1660 190 1696 πτέρυγας
204 1660 284 1688 ἀετοῦ
297 1661 343 1687 ἐπὶ
355 1659 401 1687 τοῦ
423 1659 507 1687 νώτου
527 1658 625 1686 αὐτοῦ·
646 1659 693 1686 καὶ
714 1659 835 1691 θέλοντες

60 1708 134 1734 αὐτὸν
146 1709 261 1740 πιάσαι,
282 1709 332 1735 οὐκ
348 1707 528 1743 ἠδυνήθημεν.
555 1706 662 1738 Φθάσας
684 1706 713 1733 δὲ
738 1705 835 1742 Ἰωσὴφ

60 1753 147 1782 ἐλαϐεν
159 1755 251 1787 αὑτὸν,
264 1755 310 1782 καὶ
323 1753 451 1788 συνῆλθεν
462 1753 535 1788 αὐτῷ
548 1753 588 1784 είς
601 1752 676 1788 ὕψος.
694 1752 750 1779 Kal
767 1749 836 1779 εἶδον

61 1799 112 1834 (ὅτι
127 1801 202 1836 ήμην
227 1800 320 1836 παρὼν
339 1800 413 1835 ἐκεῖ)
431 1799 478 1826 καὶ
501 1799 553 1825 ἰδοὺ
565 1799 659 1835 Γραφὴ
680 1798 746 1832 ἁγία
759 1797 835 1833 ὤφθη

60 1845 129 1880 ἡμῖν,
140 1846 271 1881 λέγουσα·
284 1855 294 1871 ι
312 1845 465 1880 Ἀσσύριοι,
484 1844 588 1880 Μῆδοι,
610 1844 732 1879 Πέρσαι,
763 1843 837 1869 Ἐλυ-

63 1892 129 1925 μαῖοι
146 1892 214 1927 (24),
230 1892 372 1928 Γελαχαῖοι
389 1890 455 1927 (ἳῦ),
469 1890 606 1922 Χαλδαῖοι,
619 1890 716 1926 Σύροι,
736 1890 836 1925 κληρο-

62 1938 218 1973 νομήσουσιν
229 1937 399 1973 αἰχμαλωσίᾳ
410 1937 445 1963 τὰ
456 1936 487 1963 ιϐ’
499 1936 622 1971 σκῆπτρα
633 1935 680 1962 τοῦ
700 1935 816 1971 Ἰσραήλ.
824 1945 833 1961 ι

94 1997 137 2029 ς’.
153 2005 164 2021 ι
177 1995 232 2022 Kal
245 1994 324 2022 πάλιν
338 1993 407 2030 μετὰ
420 1994 506 2029 μῆνας
519 1992 588 2019 ἑπτὰ
598 1989 666 2019 εἶδον
677 1992 722 2019 τὸν
732 1991 837 2028 πατέρα

62 2041 133 2076 ἡμῶν
149 2040 246 2068 Ἰακὼὸ
258 2061 264 2073 ,
283 2040 415 2076 ἑστηκότα
434 2040 464 2065 ἐν
479 2040 513 2074 τῇ
525 2039 646 2075 θαλάσσῃ
664 2039 754 2073 Ἰαμνέ
769 2038 834 2074 (26)’

62 2085 103 2111 καὶ
114 2086 193 2121 ἡμεῖς
205 2086 228 2112 οἱ
240 2085 292 2111 υἱοὶ
306 2083 386 2111 αὐτοῦ
401 2084 448 2110 σὺν
459 2083 542 2119 αὐτῷ.
554 2084 610 2110 Kal
622 2083 675 2110 ἰδοὺ
688 2083 778 2110 πλοῖον
789 2084 838 2120 ήρ-

61 2139 117 2165 χετο
128 2129 274 2167 ἀρμενίζον
285 2150 292 2162 ,
313 2130 409 2165 μεστὸν
425 2129 554 2165 ταρίχων,
571 2128 649 2160 ἐκτὸς
665 2128 769 2156 ναυτῶν
792 2130 838 2156 κα)⁵

62 2176 230 2212 κυϐερνήτου·
241 2175 429 2211 ἐπεγέγραπτο
439 2174 477 2207 δὲ,
490 2173 523 2200 τὸ
540 2172 647 2201 πλοῖον
667 2174 773 2201 Ἰακώϐ.
783 2174 838 2202 Kal

60 2221 126 2256 λέγει
143 2223 209 2258 ήμῖν
219 2223 233 2248 ὀ
246 2221 335 2256 πατὴρ
346 2220 440 2256 ἡμῶν·
457 2229 466 2245 ι
483 2219 626 2254 Ἐμὸὧμεν
639 2220 678 2251 είς
695 2218 727 2245 τὸ
747 2219 837 2245 πλοῖον

886 298 964 328 ptura
978 299 1072 322 sancta
1089 294 1192 328 Enoch,
1207 296 1280 331 quod
1298 301 1324 324 et
1343 305 1391 325 vos
1416 299 1547 328 recedetis
1570 308 1585 328 a
1601 300 1657 329 Do-

886 340 971 374 mino,
984 341 1154 369 ambulantes
1168 342 1317 370 secundum
1331 351 1438 371 omnem
1454 342 1586 373 malitiam
1599 355 1664 382 gen-

887 385 964 417 tium,
980 389 1006 412 et
1022 385 1127 414 facietis
1142 387 1292 414 secundum
1308 396 1415 416 omnem
1431 389 1601 424 iniquitatem
1614 391 1664 419 So-

885 430 1041 458 domorum.
1057 431 1089 458 Et
1102 432 1211 460 inducet
1225 433 1301 461 vobis
1319 433 1451 463 Dominus
1469 437 1664 471 captivitatem,

885 481 913 504 et
926 477 1050 505 servietis
1061 478 1115 506 illic
1127 478 1245 507 inimicis
1260 481 1368 514 vestris,
1388 485 1415 508 et
1439 483 1514 510 omni
1535 491 1616 518 poena
1638 488 1665 511 et

886 521 1061 550 tribulatione
1075 524 1352 558 comprehendemini,
1367 533 1510 561 usquequo
1521 531 1666 555 consumat

885 567 1019 596 Dominus
1036 576 1132 597 omnes
1159 578 1218 598 vos.
1243 569 1278 598 Et
1306 574 1450 606 postquam
1471 572 1550 607 pauci
1576 573 1664 600 eil'ecti

885 613 992 642 fueritis
1005 619 1032 642 et
1042 616 1180 649 minorati,
1195 618 1368 645 revertemini
1383 622 1411 645 et
1428 619 1599 654 cognoscetis
1609 618 1664 646 Do-

886 660 990 687 minum
1003 660 1088 688 Deum
1104 666 1241 695 vestrum;
1258 667 1285 690 et
1296 668 1436 690 convertet
1450 671 1498 691 vos
1521 664 1548 691 in
1565 668 1663 692 terram

886 711 1016 740 vestram,
1036 707 1186 735 secundum
1201 708 1314 736 multam
1328 709 1545 737 misericordiam
1573 718 1663 738 suam.

886 753 919 780 Et
939 753 1000 786 erit,
1026 760 1090 780 cum
1110 753 1234 781 venerint
1253 754 1281 781 in
1292 759 1394 782 terram
1409 759 1518 790 patrum
1538 763 1663 789 suorum,

885 807 982 827 rursus
994 799 1189 827 obliviscentur
1201 800 1320 833 Domini,
1334 805 1362 828 et
1377 801 1459 836 impie
1470 806 1568 837 agent,
1583 807 1610 830 et
1624 802 1666 830 di-

886 850 993 882 sperget
1003 853 1052 874 eos
1065 845 1198 874 Dominus
1209 854 1292 882 super
1305 848 1401 875 faciem
1418 848 1554 876 universa:
1575 853 1664 881 terra,

886 900 1028 927 usquequo
1038 892 1141 920 venerit
1152 892 1336 920 misericordia
1344 893 1461 927 Domini,
1469 894 1551 921 homo
1564 893 1666 922 iaciens

885 938 1018 973 justitiam
1030 941 1057 964 et
1070 937 1173 965 faciens
1187 937 1403 966 misericordiam
1424 939 1452 966 in
1480 947 1575 967 omnes
1586 960 1594 972 ,
1618 939 1665 974 qui

886 985 964 1020 longe
978 989 1052 1018 sunt,
1068 990 1096 1011 et
1107 984 1153 1019 qui
1168 992 1252 1019 prope
1275 988 1339 1012 sunt
1354 985 1387 1012 ’⁸.

921 1028 954 1057 ν.
977 1039 987 1056 ι
1000 1030 1030 1056 In
1045 1037 1117 1057 anno
1129 1030 1202 1057 enim
1215 1029 1426 1066 quadragesimo
1437 1030 1500 1058 vita!
1514 1038 1592 1065 meat,
1611 1031 1666 1058 vidi

886 1078 914 1105 in
926 1077 1065 1104 montibus
1080 1077 1133 1105 olei
1145 1084 1241 1105 versus
1251 1077 1384 1104 orientem
1406 1076 1568 1110 Jerusalem,
1590 1078 1666 1113 quod

887 1124 965 1151 solet
977 1123 1042 1151 luna
1058 1127 1194 1151 steterunt
1209 1124 1243 1151 “.
1258 1123 1291 1151 Et
1305 1132 1368 1152 ecce
1391 1125 1468 1153 Isaac
1490 1129 1566 1160 pater
1581 1125 1667 1161 patris

886 1168 940 1195 mei
954 1168 1019 1196 dicit
1031 1168 1126 1196 nobis:
1150 1178 1159 1194 ι
1171 1169 1352 1197 Accurrentes
1371 1173 1459 1197 tenete
1477 1170 1667 1205 unusquisque

887 1214 1036 1241 secundum
1047 1215 1174 1243 virtutem
1200 1223 1295 1249 suam;
1313 1219 1341 1242 et
1361 1215 1588 1250 apprehendentis
1614 1215 1668 1242 erit

887 1259 928 1286 sol
944 1264 970 1286 et
983 1260 1059 1288 luna.
1080 1269 1090 1286 ι
1108 1259 1142 1287 Ει
1165 1268 1260 1288 omnes
1287 1261 1369 1288 simul
1398 1261 1623 1293 accurrebamus;
1639 1264 1668 1288 et

887 1303 951 1332 Levi
969 1306 1055 1333 tenuit
1068 1305 1166 1339 solem,
1192 1310 1219 1333 et
1231 1305 1315 1334 Judas
1331 1307 1499 1342 praeveniens
1517 1307 1667 1342 apprehen-

887 1351 926 1378 dit
942 1351 1210 1385 lunam;etexaltati
1223 1356 1287 1380 sunt
1299 1352 1379 1380 ambo
1399 1359 1461 1379 cum
1480 1352 1530 1380 eis.
1553 1351 1586 1379 Et
1604 1359 1667 1379 cum

887 1401 959 1425 esset
975 1397 1039 1425 Levi
1051 1398 1121 1426 sicut
1134 1399 1302 1433 sol,juvenis
1313 1398 1426 1433 quidam
1448 1398 1560 1425 tradidit
1574 1397 1599 1425 ei
1621 1405 1666 1424 ra—

887 1451 947 1471 mos
959 1443 1112 1478 palmarum
1128 1443 1288 1471 duodecim:
1307 1449 1334 1472 et
1345 1443 1430 1471 Iudas
1446 1448 1503 1471 erat
1523 1443 1667 1478 splendens

887 1494 917 1517 ut
930 1490 1005 1523 luna,
1021 1494 1048 1518 et
1063 1490 1114 1517 sub
1127 1490 1242 1525 pedibus
1251 1490 1312 1525 ejus
1326 1494 1405 1518 erant
1417 1490 1451 1518 l2
1471 1489 1551 1517 radii.
1571 1489 1605 1517 Et
1620 1497 1667 1517 ac-

887 1541 1028 1564 currentes
1041 1536 1075 1563 ad
1087 1543 1117 1564 se
1131 1536 1247 1563 invicem
1258 1535 1345 1564 ludas
1371 1539 1399 1563 et
1424 1534 1498 1568 Levi,
1524 1539 1668 1563 tenuerunt

888 1583 1002 1617 seipsos.
1018 1581 1051 1609 Et
1069 1589 1132 1609 ecce
1155 1585 1250 1609 taurus
1275 1581 1302 1608 in
1316 1585 1399 1614 terra,
1416 1581 1520 1609 habens
1538 1581 1593 1608 duo
1607 1589 1669 1609 cor-

889 1636 943 1656 nua
958 1636 1068 1664 magna,
1085 1632 1112 1656 et
1120 1628 1178 1655 alas
1191 1627 1289 1663 aquilae
1304 1627 1331 1654 in
1346 1627 1429 1655 dorso
1439 1627 1518 1663 ejus;
1533 1632 1560 1655 et
1573 1627 1668 1655 volen-

887 1678 928 1701 tes
943 1672 1145 1708 apprehendere
1163 1680 1237 1704 eum,
1250 1679 1303 1699 non
1321 1672 1471 1707 potuimus.
1496 1672 1668 1700 Prseveniens

887 1724 978 1747 autem
991 1718 1090 1753 Joseph
1106 1719 1178 1753 cepit
1193 1726 1267 1751 eum,
1278 1722 1305 1746 et
1328 1718 1451 1746 ascendit
1471 1726 1534 1746 cum
1558 1718 1618 1754 ipso
1639 1719 1667 1746 in

887 1764 1036 1792 excelsum.
1048 1763 1082 1790 Et
1091 1762 1146 1790 vidi
1164 1762 1305 1797 (quoniam
1323 1762 1433 1789 aderam
1456 1762 1578 1797 illic),fet
1604 1770 1669 1791 ecce

889 1810 1028 1844 Scriptura
1040 1812 1133 1837 sancta
1150 1808 1275 1843 apparuit
1290 1808 1381 1842 nobis,
1407 1808 1514 1836 dicens:
1532 1809 1666 1844 «Assyrii,

888 1855 1069 1890 Medi,Persaa,
1079 1854 1200 1890 Elyrmei,
1210 1854 1491 1888 Gelachaeiﬁhaldaei,
1499 1854 1571 1891 Syri,
1578 1855 1666 1883 haere-

887 1903 997 1930 ditatem
1007 1901 1168 1929 obtinebunt
1185 1901 1212 1927 in
1224 1900 1378 1935 captivitate
1389 1900 1423 1927 η
1433 1905 1538 1936 sceptra
1548 1901 1641 1928 lsrael.
1654 1909 1664 1927 ι

930 1990 972 2018 VI.
988 1989 1037 2017 «Et
1051 1997 1147 2016 rursus
1169 1992 1232 2023 post
1245 1996 1354 2016 menses
1376 1994 1477 2024 septem
1494 1989 1549 2017 vidi
1561 1994 1666 2025 patrem

888 2042 1013 2064 nostrum
1030 2034 1123 2066 Jacob,
1141 2037 1256 2062 stantem
1268 2034 1295 2061 in
1310 2034 1379 2061 mari
1391 2033 1487 2061 Jamne
1499 2043 1507 2068 ;
1519 2039 1546 2062 et
1561 2042 1611 2063 nos
1618 2035 1666 2063 illii

888 2082 948 2117 ejus
961 2088 1023 2108 cum
1031 2087 1074 2107 eo.
1089 2077 1124 2106 Et
1140 2086 1203 2106 ecce
1221 2078 1298 2106 navis
1314 2080 1388 2107 venit
1406 2079 1562 2114 veliﬁcans,
1587 2081 1666 2115 plena

889 2126 970 2155 siccis
978 2124 1117 2157 carnibus.
1136 2123 1195 2151 sine
1206 2123 1298 2151 nautis
1309 2128 1335 2151 et
1349 2124 1547 2159 gubernatore:
1569 2125 1668 2154 inscri-

887 2173 1004 2201 bebatur
1015 2175 1116 2202 autem,
1136 2169 1220 2196 Navis
1243 2168 1338 2197 Jacob.
1356 2169 1389 2197 Et
1410 2170 1477 2197 dixit
1496 2171 1576 2199 nobis
1590 2176 1668 2206 pater

888 2222 996 2246 noster:
1016 2226 1025 2242 ι
1039 2215 1226 2243 Ascendamus
1238 2214 1267 2242 in
1281 2222 1376 2242 navem
1393 2220 1525 2243 nostram.
1539 2226 1549 2242 ι
1565 2215 1602 2244 Ut
1616 2224 1667 2244 au-

61 2268 141 2302 ἠμῶν.
157 2278 167 2294 ι
191 2268 234 2299 Ὠς
251 2267 279 2293 δὲ
292 2266 460 2301 εἰσήλθομεν,
473 2264 575 2300 γίνεται
588 2263 694 2299 χειμὼν
712 2264 835 2300 σφοδρὸς,

889 2269 942 2292 tem
957 2262 1129 2295 intravimus,
1142 2260 1212 2288 facta
1236 2265 1279 2288 est
1293 2265 1439 2296 tempestas
1455 2263 1603 2292 vehemens
1614 2283 1623 2296 ,
1641 2267 1669 2290 et

61 2314 104 2340 καὶ
115 2313 213 2349 λαῖλαψ
229 2313 328 2349 ἀνέμου
344 2311 461 2348 μεγάλου
472 2331 481 2343 ,
499 2310 545 2337 καὶ
571 2311 721 2345 ὲφεπτᾶται
744 2310 801 2346 (27)
822 2312 837 2337 ὸ

91 2372 114 2388 ’³
124 2371 224 2408 Ephes.
246 2380 277 2403 ll,
293 2372 337 2399 l7.
386 2370 409 2386 ’⁸
420 2369 522 2397 Babae.
538 2377 581 2403 ιιι,
599 2369 643 2397 ll.

89 2427 260 2490 ἱ(19)(1ἶἉτ-ίᾳ.
277 2428 335 2456 Vox
349 2429 415 2465 ἁγίᾳ
432 2437 486 2456 non
511 2429 609 2463 legitur
633 2429 659 2456 in
685 2436 736 2456 ms.
763 2429 836 2456 Can-

108 2472 128 2490 r.
170 2471 230 2489 [ιη.

64 2467 128 2490 tahr.
145 2467 230 2490 (itus.

105 2498 149 2534 20)
169 2498 471 2534 Συγκαλυφθήσεσθε.
491 2499 754 2534 Ἀναστραφήσεσθε.
769 2500 809 2526 lo.

82 2532 150 2594 _(2l])
170 2532 225 2560 Καὶ
238 2533 323 2560 ἔσται
336 2553 342 2559 .
354 2553 360 2560 .
371 2553 378 2561 .
389 2554 395 2560 .
411 2535 459 2561 καὶ
470 2532 773 2569 τοὺς-Σέντιύξίοιηὶδειι
781 2542 839 2561 om—

83 2575 115 2594 Ia.
148 2577 174 2594 ο.

61 2575 115 2596 Illa.
135 2575 174 2594 ID.

96 2603 151 2640 (22)
177 2603 224 2640 Ἐν
232 2603 427 2640 ὅρεσινζηΛίιιΙ,
447 2605 475 2631 ὲν
488 2603 593 2640 ὀνείρῳ,
607 2604 657 2631 ὅτι.
677 2606 714 2630 lo.

96 2638 151 2668 (25)
179 2638 305 2665 Ἑλαίου.
329 2639 450 2665 Ἐλαιῶν.
465 2640 503 2666 In.
546 2638 551 2640 ⁷
570 2638 574 2639 ν
645 2647 647 2650 ·

107 2673 151 2707 ΞΔ)
178 2673 324 2707 Ἑλυμαῖοι
345 2674 429 2701 deest.
444 2675 482 2701 In.

107 2708 151 2742 25)
171 2708 337 2742 Γελαχαῒοι.
353 2709 488 2736 Χελκαῖοι.
504 2710 541 2736 lo.

97 2743 151 2780 (26)
177 2743 278 2780 Ἰαμνέ.
299 2744 426 2780 Ἰαμνίας.
439 2745 478 2771 In.
487 2744 675 2780 ——Richardus
686 2743 838 2780 rSirnonius,

65 2777 107 2808 qui
122 2779 178 2806 hate
195 2777 360 2806 Testamem'a
372 2779 487 2807 contulit
501 2787 562 2807 cum
588 2786 639 2806 ms.
666 2778 840 2806 bibliothecae

57 2811 158 2848 ltegiaa,
176 2817 292 2841 testatur
305 2813 432 2841 Biblioth.
457 2815 517 2842 crit.
533 2818 599 2841 tom.
623 2813 647 2840 ll
660 2834 667 2846 ,
685 2821 746 2848 pag.
774 2813 838 2848 231,

66 2847 188 2885 codicem
209 2848 337 2885 exhibere
359 2849 443 2885 ὲνντῇ
466 2849 588 2885 θαλάσσῃ
609 2847 767 2885 Ἰαμνείας..
786 2847 838 2885 Sed

67 2883 280 2923 praestatjnquit,
289 2883 496 2923 ΙρβοπθςΙ-ᾀμμᾳς
507 2894 513 2910 :
525 2883 644 2923 sic_enim
653 2883 835 2923 proculdubio

68 2915 280 2953 legitepiscopus
293 2915 501 2952 Lincolniénsis,
530 2919 609 2954 cujus
633 2915 722 2946 vérsio
750 2918 786 2945 ita
806 2925 835 2946 se

890 2310 971 2338 turbo
982 2308 1055 2336 venti
1069 2307 1160 2343 magni
1170 2316 1178 2340 ;
1190 2311 1218 2334 et
1231 2307 1322 2335 avolat
1335 2312 1412 2342 pater
1437 2313 1531 2337 noster
1543 2317 1560 2337 a
1577 2309 1667 2342 nobis,

887 2429 982 2457 habet:
999 2426 1033 2454 In
1044 2425 1246 2462 mgrilammw.
1263 2425 1333 2454 Hinc
1346 2425 1457 2462 coniicit
1479 2426 1522 2462 vir
1541 2434 1660 2462 κριτικῷ

885 2472 975 2495 τατος,
992 2462 1051 2489 ιιιιιο
1067 2461 1233 2488 Testamenra
1244 2462 1342 2496 scripta
1357 2460 1474 2495 primum
1489 2460 1575 2488 fuisse
1587 2461 1670 2488 Chal-

887 2499 977 2524 daice:
1001 2504 1054 2524 vox
1085 2496 1158 2523 enim
1174 2495 1281 2523 Jamma
1312 2496 1457 2523 Chaldaica
1479 2501 1532 2524 est.
1544 2496 1671 2524 idemoue

887 2499 977 2529 daice;
1001 2504 1054 2524 vox
1085 2499 1158 2523 enim
1174 2499 1281 2523 Jamma
1312 2499 1457 2523 Ulialdaica
1479 2501 1532 2529 est,
1544 2499 1670 2529 idemque

889 2537 968 2571 sonat
983 2531 1055 2571 quod
1073 2531 1311 2571 θαλάσση-(ἔζησε,
1326 2536 1353 2558 et
1365 2531 1558 2571 mar_e_Latine.
1571 2532 1616 2563 At.
1626 2531 1670 2558 in-

891 2568 978 2602 quies,
992 2567 1091 2602 siirhatc
1106 2566 1143 2602 ita
1156 2574 1185 2594 se
1196 2566 1323 2598 habeant,
1335 2566 1500 2602 ταυτολόγος
1510 2566 1561 2602 erit
1575 2571 1671 2602 auctor

891 2600 993 2630 noster.
1014 2601 1126 2637 Utiquid
1140 2602 1212 2628 enim
1230 2601 1406 2637 scripseritév
1416 2603 1449 2637 τῇ
1462 2601 1583 2637 θαλάσσῃ
1599 2600 1670 2635 Ἰάρ.»

893 2646 956 2673 μσς,
968 2644 1029 2664 cum
1044 2636 1152 2673 lemma
1163 2636 1233 2663 idem
1243 2635 1324 2673 sit’ac
1333 2635 1472 2673 θαλάσσήῗ
1483 2635 1583 2673 Quidni
1594 2642 1670 2666 vero,

891 2671 1004 2707 inquam
1019 2679 1080 2706 ego,
1113 2671 1228 2732 Ἱάμμας
1254 2671 1282 2698 in
1299 2675 1373 2698 textu
1403 2671 1543 2706 scripserit
1559 2674 1670 2711 auctor;

892 2707 1018 2734 aliusuue
1034 2706 1161 2734 deinceps
1193 2714 1245 2733 anc
1257 2714 1351 2734 vocem
1366 2707 1500 2734 exoticam
1522 2706 1671 2734 exultent-u-

892 2714 1018 2740 anusque
1034 2714 1161 2740 deinceps
1174 2714 1245 2733 nanc
1257 2714 1351 2734 vocem
1366 2714 1500 2734 exoticam
1522 2714 1671 2740 explicaru-

894 2750 952 2774 rus,
966 2741 1085 2782 θαλάσση
1099 2741 1215 2782 margini
1232 2741 1378 2782 adlevarit":
1392 2742 1466 2777 quod
1483 2746 1576 2782 postea
1599 2741 1671 2781 glosc

888 2784 963 2804 sema
988 2776 1015 2803 in
1034 2775 1137 2803 textum
1164 2775 1325 2810 irrepserit?
1355 2775 1492 2805 Hactenus
1519 2775 1670 2804 Simonius.

888 2811 996 2839 Videsis
1019 2811 1185 2838 Boehartum
1210 2811 1238 2838 in
1256 2810 1404 2846 Geograph.
1421 2820 1490 2840 saer.
1507 2812 1554 2839 lib.
1571 2819 1592 2845 ι,
1609 2817 1670 2844 cap.

887 2847 933 2880 55,
950 2854 1016 2906 ηδε(
1031 2846 1084 2873 654
1110 2853 1167 2884 seq.
1556 2882 1562 2887 ἠ

925 2882 953 2906 ('2
975 2881 982 2906 l
1014 2882 1191 2906 Εωεπταται.
1210 2881 1282 2906 Lena
1295 2881 1461 2906 ἀωίπταται.
1488 2881 1534 2906 sed
1554 2890 1562 2906 ι

925 2878 1191 2916 (ΞἺΓΈφεπτᾶτὶιι.
1210 2881 1282 2916 Lege
1295 2881 1462 2916 ἀφίπταται,
1488 2881 1534 2910 sed
1554 2882 1584 2910 in
1610 2878 1670 2908 cod.

889 2917 977 2945 Oxon.
995 2921 1037 2944 est
1053 2916 1209 2950 ἀφίσταται.
1224 2916 1309 2944 Gau.
