1913 3102
254 181 320 211 1111

743 182 971 211 TESTAMENTA
990 181 1036 209 XII
1053 180 1360 210 PATRIARCHARUM.

1803 180 1868 208 1112

253 248 349 271 tenens
363 236 558 278 gubernacula.
573 241 606 269 Et
619 249 671 268 nos
689 245 850 276 tempestate
866 241 988 276 quassati
1006 240 1032 267 in

1086 239 1178 275 πατὴρ
1194 239 1241 273 ἀφ’
1258 239 1347 274 ἡμῶν,
1360 239 1375 265 6
1387 238 1494 274 κρατῶν
1505 238 1567 270 τοὺς
1583 237 1710 273 αὐχένας.
1722 237 1780 265 Καὶ
1791 238 1867 274 ἡμεῖς

253 289 365 324 pelagus
376 288 545 321 ferebamur;
559 293 586 316 et
595 287 704 322 impleta
716 291 758 315 est
773 288 850 315 navis
864 287 955 322 aquis,
968 295 1032 322 pro-

1083 283 1273 319 χειμαζόμενοι
1289 284 1335 310 ἐπὶ
1346 283 1377 310 τὸ
1398 283 1514 318 πέλαγος
1531 282 1700 319 ἐφερόμεθα⁴
1720 283 1769 309 καὶ
1785 282 1852 317 ὲπλη
1879 286 1884 309 1

253 335 330 363 cellis
342 335 463 370 undique
470 339 609 370 quassata,
620 335 657 362 ita
669 339 699 361 ut
709 333 824 361 contrita
836 339 916 362 esset.
931 335 1031 370 Joseph

1085 329 1156 366 ρώθη
1171 330 1201 357 τὸ
1212 330 1304 356 πλοῖον
1316 329 1429 362 ὑδάτων,
1442 329 1600 366 τρικυμίαις
1608 329 1867 365 περιῤῥησσόμενον,

253 384 345 407 autem
361 379 390 407 in
404 380 501 415 cymba
516 379 601 415 fugit;
621 379 768 407 dividimur
789 384 879 407 autem
896 385 923 407 et
938 387 988 408 nos
1003 380 1030 407 in

1085 375 1151 402 ὥστε
1168 376 1216 403 καὶ
1233 375 1423 411 συντρίϐεσθαι
1436 375 1510 402 αὐτό.
1523 375 1578 402 Kal
1595 375 1693 410 Ἰωσὴφ
1705 375 1752 401 ἐπὶ
1758 375 1866 402 ἀκατίου

253 425 355 453 tabulis
364 426 469 453 decem.
487 425 551 453 Levi
565 430 655 453 autem
667 430 694 453 et
711 425 795 454 Judas
806 430 885 454 erant
908 426 1030 454 insimul.

1082 422 1177 456 φεύγει
1187 430 1194 437 ³
1207 420 1380 457 χωριζόμεθα
1395 420 1424 447 δὲ
1437 421 1484 447 καὶ
1499 421 1579 456 ἡμεῖς
1596 421 1643 448 ἐπὶ
1660 420 1776 448 σανίδων
1793 421 1866 448 δέκα.

255 470 442 506 Dispergimur
452 470 536 506 igitur
554 478 660 505 omnes,
678 478 764 506 usque
775 471 803 498 in
815 471 956 500 terminos.
967 471 1031 499 Levi

1085 468 1146 496 Λευῖ
1158 468 1187 496 δὲ
1199 469 1246 495 καὶ
1270 467 1371 499 Ἰούδας
1385 465 1456 503 ἦσαν
1467 467 1516 494 ἐπὶ
1532 466 1562 494 τὸ
1580 467 1656 494 αὑτό.
1678 467 1868 503 Διεσπάρημεν

253 521 344 545 autem
358 517 470 545 indutus
483 524 574 550 sacco,
597 524 646 551 pro
660 517 788 546 omnibus
802 517 882 545 nobis
900 517 1032 553 depreca-

253 565 333 592 batur
348 563 505 592 Dominum.
521 563 556 591 Ut
567 567 658 591 autem
673 564 776 599 quievit
788 568 947 599 tempestas,
972 572 1032 592 sca-

253 609 307 644 pha
319 608 410 642 attigit
425 613 536 641 terram,
554 609 628 636 velut
643 609 670 636 in
684 617 760 644 pace.
778 609 811 636 Et
822 617 886 638 ecce
898 610 973 638 venit
982 617 1031 646 pa-

254 660 295 682 ter
309 659 405 683 noster
417 653 514 688 Jacob,
530 659 558 682 et
569 654 736 683 unanimiter
751 655 961 683 exsultavimus.

289 754 346 782 VH.
359 763 368 780 ι
382 753 445 782 Ιίεο
458 754 514 782 duo
524 755 630 782 somnia
643 755 765 783 dicebam
778 754 848 791 patri
863 763 940 789 meo;
951 761 979 784 et
991 757 1033 785 di-

254 799 294 827 xit
314 800 402 827 mihi:
424 810 433 826 (
448 799 560 836 Oportet
574 804 631 828 haec
643 801 749 836 impleri
763 801 913 829 secundum
926 806 1034 837 tempus

254 845 395 880 ipsorum,
432 854 494 874 cum
516 847 600 874 multa
625 847 708 874 Israel
731 847 901 875 sustinuerit.
920 857 930 874 ι
957 847 1034 876 Tunc

1081 512 1127 542 οὖν
1141 514 1252 546 πάντες,
1268 513 1321 546 ἕως
1337 513 1378 545 εις
1390 513 1426 540 τὰ
1437 513 1554 549 πέρατα.
1578 513 1608 540 '0
1622 513 1651 539 δὲ
1661 512 1730 540 Δευτ
1742 514 1869 549 περιϐαλ-

1081 560 1194 596 λόμενος
1205 560 1316 591 σάκκον,
1325 559 1390 595 περὶ
1402 559 1508 586 πάντων
1517 559 1593 594 ἡμῶν
1603 557 1692 585 ἐδέετο
1698 558 1748 585 τοῦ
1755 560 1866 595 Κυρίου.

1088 605 1132 637 Ὦς
1144 605 1172 632 δὲ
1184 604 1320 631 ἐπαύσατο
1335 605 1350 631 6
1361 603 1474 639 χειμὼν,
1482 603 1513 630 τὸ
1524 603 1627 637 σκάφος
1639 603 1758 638 ἔφθασεν
1769 605 1867 640 {nl-rip

1085 651 1148 686 γῆν,
1163 650 1201 682 ὡς
1214 651 1243 677 ὲν
1259 650 1366 687 εἰρήνῃ.
1383 650 1439 676 Καὶ
1456 649 1510 676 ἰδοὺ
1527 647 1608 685 ἦλθεν
1625 649 1725 677 Ἰακὼϐ
1741 650 1756 676 6
1778 651 1867 686 πατὴρ

1083 696 1170 732 ἡμῶν,
1189 697 1236 723 καὶ
1252 695 1423 732 ὁμοθυμαδὸν
1438 695 1640 732 ὴγαλλιώμεθα.

1117 752 1154 778 Ζ’.
1171 760 1180 777 ι
1193 751 1233 778 Τὰ
1244 751 1290 778 δύο
1302 751 1414 778 ἐνύπνια
1426 749 1502 778 εἶπον
1517 752 1557 788 τῷ
1569 753 1655 788 πατρί
1668 761 1720 789 μου
1729 762 1736 768 ⁸
1751 754 1801 781 καὶ
1810 752 1867 782 εἶπέ

1085 805 1144 831 μοι·
1165 806 1174 822 ι
1188 798 1234 823 Δεῖ
1257 797 1327 824 αὐτὰ
1343 797 1518 833 πληρωθῆναι
1534 797 1606 824 κατὰ
1630 799 1745 834 καιροὺς
1765 799 1865 831 αὐτῶν,

1084 841 1167 869 πολλὰ
1177 842 1223 869 τοῦ
1237 842 1343 879 Ἰσραὴλ
1350 843 1552 878 ὑπομείναντος.
1566 853 1575 869 ι
1586 843 1652 870 Τότε
1664 843 1738 878 λέγει
1751 846 1766 872 δ
1778 846 1866 881 πατήρ

253 890 322 919 dixit
335 896 412 926 pater
426 899 520 920 meus:
549 900 559 918 ι
569 891 667 923 Credo,
684 891 814 926 quoniam
829 892 896 919 vivit
916 891 1031 927 Ioseph:

1086 895 1152 922 μου·
1170 896 1179 912 ι
1193 888 1325 920 Πιστεύω,
1340 888 1380 914 ὅτι
1391 887 1424 924 ζῇ
1453 887 1568 923 Ἰωσήφ·
1591 889 1647 925 ὁρῶ
1667 889 1723 924 γὰρ
1743 890 1865 920 πάντοτε,

253 935 332 964 video
343 935 415 963 enim
427 943 543 970 semper,
555 935 629 970 quod
641 935 773 963 Dominus
784 939 961 963 connumerat
970 943 1032 962 eum

1085 931 1126 958 δτι
1138 932 1152 958 ὁ
1163 932 1265 968 Κύριος
1276 932 1494 968 συγκαταριθμεῖ
1505 933 1590 960 αὑτὸν.
1606 933 1664 968 μεθ’
1679 934 1769 968 ὑμῶν.
1783 944 1793 960 ι
1814 935 1867 970 ἰξαὶ

253 981 406 1010 vobiscum.
423 991 433 1007 ι
455 981 489 1008 Ει
513 981 581 1009 flens
595 981 679 1009 dixit:
695 990 706 1008 ι
720 980 806 1015 Vivis,
815 980 917 1017 Ioseph
933 982 970 1009 ﬁli
984 981 1032 1015 mi,

252 1031 280 1054 et
292 1034 346 1054 non
360 1030 386 1054 te
400 1026 494 1061 video,
510 1031 537 1055 et
549 1031 577 1054 tu
594 1034 649 1054 non
669 1027 746 1055 vides
769 1026 864 1061 Iacob,
875 1027 924 1064 qui
941 1028 1035 1063 genuit

253 1077 289 1099 te.
302 1082 312 1098 ι
327 1072 401 1100 Fecit
412 1077 502 1100 autem
514 1078 541 1101 et
563 1080 614 1101 nos
626 1073 771 1109 laerymari
789 1074 816 1100 in
841 1074 883 1102 his
900 1074 1034 1102 sermoni-

251 1117 315 1146 bus.
328 1117 361 1146 Et
374 1118 542 1147 accendebar
554 1119 582 1146 in
594 1119 793 1153 visceribus,ut
803 1120 892 1154 palam
905 1119 1033 1153 facerem,

254 1164 329 1199 quod
337 1164 463 1193 venditus
479 1171 569 1198 esset;
587 1165 635 1193 sed
648 1165 727 1194 timui
739 1166 838 1194 fratres
856 1173 942 1194 meos.

288 1218 357 1247 VIII.
373 1229 383 1246 ι
405 1219 485 1254 Ecce,
502 1220 549 1248 filii
562 1221 626 1254 mei,
641 1222 747 1250 ostendi
761 1222 838 1250 vobis
853 1226 976 1258 tempora
987 1231 1035 1253 ex-

253 1269 350 1298 trema,
364 1266 494 1300 quoniam
509 1267 601 1294 omnia
617 1268 680 1295 [ient
693 1268 720 1295 in
738 1267 828 1296 Israel.
847 1268 881 1296 Et
906 1277 956 1297 vos
985 1269 1035 1306 igi-

254 1313 298 1337 tur
310 1311 436 1339 mandate
446 1311 509 1339 ﬁliis
522 1312 630 1345 vestris,
638 1316 667 1340 ut
683 1313 813 1342 uniantur
830 1314 893 1343 Levi
907 1319 933 1342 et
947 1314 1033 1344 Judaz.

252 1353 304 1382 Per
318 1354 416 1382 Judam
439 1356 510 1383 enim
535 1357 640 1384 orietur
667 1358 742 1386 salus
769 1358 861 1393 Israel,
879 1365 906 1387 et
925 1360 954 1387 in
975 1361 1035 1396 ipso

253 1401 428 1429 benedicetur
443 1401 537 1429 Iacob.
553 1401 607 1430 Per
631 1408 768 1438 sceptrum
791 1405 862 1432 enim
878 1405 937 1441 ejus
952 1413 1033 1442 appa-

252 1445 324 1472 rebit
350 1445 433 1479 Dens,
451 1446 577 1475 habitans
601 1447 671 1476 inter
697 1449 821 1477 homines
848 1450 875 1477 in
898 1455 981 1485 terra,
1006 1456 1034 1480 ut

253 1489 338 1517 salvet
358 1497 443 1525 genus
463 1490 559 1525 Israel;
575 1497 602 1519 et
616 1494 791 1529 congregabit
801 1494 891 1530 justas
916 1503 950 1523 ex
969 1505 1034 1531 gen-

254 1535 337 1562 tibus.
355 1535 384 1562 Si
411 1537 560 1570 operemini
581 1537 695 1571 bonum,
710 1538 759 1567 ﬁlii
782 1540 847 1574 mei,
873 1541 1033 1570 benedicent

252 1579 331 1607 vobis
353 1584 380 1608 et
404 1580 529 1609 homines
545 1587 572 1610 et
589 1584 692 1619 angeli;
710 1589 737 1612 et
747 1584 819 1613 Deus
838 1572 1032 1621 glorificabitur
1045 1572 1068 1603 θ

252 1632 302 1660 per
318 1632 367 1654 vos
384 1626 412 1653 in
427 1627 564 1663 gentibus,
583 1634 610 1656 et
629 1630 753 1658 diabolus
773 1630 857 1667 fugiet
872 1640 888 1660 a
904 1633 991 1666 vobis.
1006 1638 1034 1662 et

253 1671 348 1699 bestiae
363 1672 498 1700 timebunt
512 1681 571 1707 vos,
584 1680 611 1702 et
621 1676 709 1711 angeli
721 1677 870 1712 suscipient
886 1686 944 1706 vos.
959 1678 1034 1706 Sicut

251 1717 324 1745 enim
350 1717 374 1746 si
398 1720 461 1754 quis
479 1719 564 1747 filium
578 1722 681 1749 nutriat
697 1722 776 1757 bene,
788 1729 919 1758 perpetuo
939 1729 1033 1760 gratus

251 1768 279 1791 et
306 1771 411 1793 memor
435 1769 478 1793 est
495 1775 502 1794 :
517 1767 553 1794 ita
569 1772 596 1795 et
616 1768 644 1795 in
666 1768 738 1797 bono
753 1777 835 1804 opere
850 1771 979 1798 memoria
992 1775 1033 1798 est

251 1811 323 1846 apud
338 1810 422 1839 Deum
433 1812 516 1840 bona.
528 1812 579 1846 Qui
591 1821 656 1841 vero
671 1822 725 1841 non
743 1814 837 1842 fecerit
850 1816 1033 1851 bonum,huic

250 1855 416 1884 maledicunt
430 1861 458 1885 et
478 1859 565 1894 angeli
583 1863 609 1886 et
623 1859 757 1894 homines,
771 1865 798 1888 et
812 1860 883 1889 Deus
895 1867 1034 1890 contume-

251 1901 287 1929 lia
301 1901 434 1930 alllcietur
445 1911 492 1938 per
504 1904 592 1938 ipsum
609 1905 636 1932 in
652 1906 788 1941 gentibus,
803 1912 830 1934 et
843 1907 967 1936 diabolus
980 1908 1033 1937 sibi

252 1947 371 1974 vindicat
394 1947 468 1976 hunc
494 1953 622 1984 tanquam
650 1952 788 1986 proprium
816 1960 875 1986 vas,
894 1958 921 1981 et
942 1956 1032 1983 omnis

251 1992 337 2020 bestia
361 1992 546 2022 dominabitur
570 1996 606 2026 ei.
621 2001 648 2024 et
674 1996 806 2026 Dominus
832 1999 896 2027 odio
923 2000 1032 2028 habebit

250 2045 324 2065 eum.
349 2037 456 2066 Etenim
482 2041 609 2069 mandata
628 2042 696 2078 legis
710 2044 825 2079 duplicia
841 2050 916 2079 sunt,
927 2050 954 2074 et
969 2054 1031 2074 cum

251 2087 309 2110 arte
333 2083 489 2118 implentur.
510 2095 519 2111 ι
542 2085 661 2121 Tempus
679 2088 751 2115 enim
773 2095 814 2117 est
831 2091 946 2118 coeundi
968 2099 1032 2119 cum

251 2135 336 2156 uxore
354 2137 403 2157 sua
415 2131 449 2164 “,
465 2136 491 2159 et
507 2136 613 2167 tempus
625 2134 775 2163 abstinendi
791 2136 825 2163 ab
839 2144 869 2163 ea
885 2137 917 2164 ad
931 2139 1032 2166 oratio-

250 2181 313 2201 nem
331 2181 408 2202 suam
417 2176 449 2203 ".
468 2176 499 2204 Et
514 2177 569 2204 duo
589 2179 713 2207 mandata
728 2186 802 2215 sunt,
817 2189 887 2216 quze,
900 2183 954 2211 nisi
967 2184 1033 2212 fiant

251 2217 279 2245 in
292 2219 389 2247 ordine
402 2227 462 2254 suo,
474 2226 613 2256 peceatum
630 2224 764 2253 tribuunt.
779 2225 818 2254 Ita
833 2232 874 2255 est
887 2232 914 2256 et
927 2229 955 2256 in
969 2230 1030 2257 reli-
1043 2238 1068 2267 ι)

249 2264 313 2298 quis
337 2265 484 2294 mandatis.
498 2267 662 2296 Efficiamini
688 2277 752 2306 ergo
776 2272 912 2307 sapientes
932 2274 959 2302 in
974 2275 1030 2302 Deo

248 2315 276 2338 et
289 2311 446 2346 prudentes,
460 2313 575 2341 scientes
588 2314 711 2343 ordinem
723 2317 912 2346 mandatorum
921 2319 991 2354 eius,
1003 2325 1030 2348 et

248 2356 322 2392 leges
336 2357 425 2385 omnis
440 2358 490 2391 rei,
505 2363 534 2385 ut
549 2358 679 2388 Dominus
694 2362 788 2396 diligat
800 2371 859 2392 vos.
877 2374 887 2390 ι

283 2492 329 2520 IX.
347 2493 377 2520 Et
403 2502 464 2521 cum
486 2494 570 2522 multa
587 2496 651 2523 talia
668 2497 823 2526 mandasset
837 2499 888 2532 eis,
904 2506 1030 2534 precatus

248 2543 300 2572 est,
321 2543 350 2566 ut
367 2540 532 2568 transferant
544 2548 607 2569 ossa
617 2541 678 2577 ejus
691 2543 718 2570 in
735 2542 886 2578 Hebron,et
899 2546 1030 2581 sepeliant

248 2592 308 2612 eum
330 2592 392 2612 cum
409 2586 531 2620 patribus
545 2587 615 2622 ejus.
631 2587 664 2615 Et
676 2589 822 2618 comedens
844 2595 871 2618 et
885 2591 980 2620 bibens
1001 2593 1029 2621 in

248 2630 398 2665 hilaritate;
408 2632 518 2666 anim,
531 2633 631 2660 velavit
643 2633 741 2662 faciem
758 2643 847 2668 suam,
864 2639 891 2664 et
905 2642 1029 2666 mortuus

247 2697 270 2713 “
286 2697 376 2726 Eccle.
392 2706 433 2731 ιιι,
446 2699 474 2727 5.
511 2700 535 2716 “
549 2700 557 2728 l
571 2701 634 2728 Cor.
650 2710 697 2736 vn,
711 2703 738 2730 5.

282 2794 338 2829 (‘28)
357 2796 503 2824 Ποιοῦντα
519 2799 561 2824 τό.
581 2799 672 2826 Ὄντα.
687 2800 760 2828 ϐιιλιι

359 2830 457 2891 ﬁber
480 2832 518 2864 ὠς
542 2833 618 2861 ἴδιον
642 2836 760 2868 σκεῦος.
789 2838 885 2873 Αὐτῷ.
909 2839 946 2872 ὡς
971 2841 1027 2875 ἰδίῳ

1084 976 1183 1004 κλαίων
1198 977 1282 1012 ἐλεγε-
1299 987 1308 1003 ι
1320 978 1383 1013 Ζῇς,
1391 977 1484 1004 τέκνον
1498 986 1548 1014 μου
1565 978 1769 1013 ”1ωσὴφ,καὶοῦ
1779 979 1867 1013 βλέπω

1085 1031 1126 1055 σε,
1145 1022 1193 1050 καὶ
1202 1023 1252 1058 οὐχ
1271 1024 1336 1059 ὁρᾷς
1360 1022 1456 1050 Ἰακὼϐ
1473 1023 1519 1050 τδν
1535 1023 1706 1060 γεννήσαντα
1728 1032 1769 1050 σε.
1785 1033 1795 1050 ι
1814 1024 1867 1051 Καὶ

1084 1069 1194 1106 ἐποίησε
1214 1071 1262 1097 καὶ
1280 1071 1353 1106 ἡμᾶς
1372 1070 1504 1106 δακρῦσαι
1521 1071 1551 1097 ὲν
1562 1071 1619 1103 τοῖς
1638 1070 1730 1105 λόγοις
1753 1071 1864 1102 τούτοις.

1084 1114 1139 1142 Καὶ
1159 1115 1291 1151 ὲκαιόμην
1303 1116 1359 1147 τοῖς
1371 1115 1534 1150 σπλάγχνοις
1541 1114 1699 1149 ἀναγγεῖλαι
1709 1115 1751 1142 ὄπι
1765 1115 1866 1151 πέπρα-

1083 1169 1129 1188 ται
1140 1169 1147 1176 ’
1167 1159 1224 1187 ἀλλ’
1236 1160 1391 1196 ὲφοῦούμην
1402 1160 1465 1192 τοὺς
1476 1160 1606 1195 ἀδελφούς
1619 1169 1680 1196 μου.

1117 1216 1157 1242 H’.
1172 1225 1181 1241 ι
1193 1215 1269 1247 Ἰδοὺ,
1285 1214 1366 1241 τέκνα
1377 1224 1438 1250 μου,
1454 1213 1579 1247 ὑπέδειξα
1590 1215 1654 1251 ὑμῖν
1667 1216 1781 1251 καιροὺς
1790 1216 1865 1251 ἐσχά-

1083 1269 1161 1293 τους,
1183 1260 1223 1287 ὅτι
1242 1260 1329 1287 πάντα
1350 1261 1492 1296 γενήσεται
1517 1260 1546 1286 ὲν
1569 1259 1686 1296 Ἰσραήλ.
1711 1261 1767 1287 Καὶ
1792 1261 1866 1296 ὑμεῖς

1083 1303 1128 1333 οὖν
1143 1305 1296 1333 ἐντείλασθε
1316 1307 1372 1338 τοῖς
1391 1306 1496 1338 τέκνοις
1516 1305 1609 1341 ὑμῶν,
1631 1306 1675 1332 ἵνα
1696 1306 1810 1334 ἑνῶνται
1830 1307 1865 1342 τῷ

1082 1350 1148 1378 Aen?
1169 1351 1215 1377 καὶ
1238 1350 1277 1386 τῷ
1305 1350 1398 1386 Ἰούδᾳ.
1417 1351 1466 1377 Διὰ
1487 1351 1541 1387 γὰρ
1563 1350 1611 1378 τοῦ
1636 1352 1722 1378 Ἰούδα
1745 1353 1867 1379 ἀνατελεί

1085 1398 1204 1434 σωτηρία
1214 1397 1253 1433 τῷ
1269 1397 1387 1434 Ἰσραὴλ,
1403 1397 1449 1424 καὶ
1461 1397 1489 1423 ὲν
1504 1397 1576 1433 αὐτῷ
1589 1397 1804 1434 εὐλογηθήσεται
1821 1400 1866 1426 Ἰα-

1083 1443 1149 1470 κώΰ.
1167 1443 1216 1470 Διὰ
1230 1443 1284 1480 γὰρ
1301 1443 1348 1469 τοῦ
1364 1443 1501 1479 σκήπτρου
1518 1443 1599 1470 αὑτοῦ
1616 1444 1766 1480 ὀφθήσεται
1786 1445 1864 1477 Θεὸς,

1083 1491 1216 1518 κατοικῶν
1230 1492 1259 1517 ὲν
1272 1490 1423 1526 ἀνθρώποις
1436 1490 1483 1517 ἐπὶ
1495 1491 1545 1526 τῆς
1558 1491 1620 1527 γῆς,
1636 1491 1723 1518 σῶσαι
1740 1492 1773 1518 τὸ
1793 1493 1865 1527 γένος

1089 1536 1215 1572 Ἰσραήλ·
1241 1536 1289 1563 καὶ
1313 1535 1468 1568 ἐπισυνάξει
1491 1535 1612 1568 δικαίους
1634 1536 1668 1563 ὲκ
1693 1538 1748 1564 τῶν
1775 1537 1863 1564 ἐθνῶν.

1088 1581 1150 1608 Ἐὰν
1166 1579 1316 1616 ὲργάζησθε
1340 1580 1371 1607 τὸ
1390 1580 1470 1607 καλὸν
1480 1600 1487 1613 ,
1501 1580 1582 1608 τέκνα
1599 1590 1660 1617 μου,
1677 1583 1866 1618 εὖλογήσουσιν

1083 1626 1154 1662 ὑμᾶς
1175 1626 1221 1652 καὶ
1242 1626 1267 1652 οἰ
1287 1624 1442 1661 ἄνθρωποι,
1464 1625 1512 1652 καὶ
1526 1625 1550 1652 oi
1569 1626 1697 1661 ἄγγελοι·
1714 1629 1763 1655 καὶ
1776 1629 1791 1654 6
1806 1629 1864 1660 Θεὸς

1083 1672 1278 1708 δοξασθήσεται
1294 1672 1323 1698 ἐν
1336 1674 1394 1704 τοῖς
1409 1671 1496 1698 ἔθνεσι
1511 1672 1545 1699 δι’
1559 1673 1646 1708 ὑμῶν,
1662 1674 1711 1700 καὶ
1725 1674 1739 1700 ὁ
1751 1675 1865 1707 διάϐολος

1083 1717 1207 1753 φεύξεται
1232 1717 1278 1752 ἀφ’
1302 1717 1395 1753 ὑμῶν,
1423 1717 1470 1744 καὶ
1495 1716 1530 1744 τὰ
1556 1717 1638 1754 θηρία
1669 1720 1866 1756 φοϐηθήσονται

1083 1764 1170 1798 ὑμᾶς,
1192 1763 1244 1795 καὶ,
1259 1763 1283 1789 οῑ
1301 1762 1409 1797 ἄγγελοι
1432 1763 1585 1797 ἀνθέξονται
1604 1764 1693 1800 ὑμῶν.
1718 1766 1765 1798 Ὧς
1781 1767 1814 1794 ἄν
1830 1776 1866 1799 τις

1082 1809 1174 1836 τέκνον
1194 1808 1314 1845 ἐκθρέψῃ
1329 1808 1436 1841 καλῶς,
1453 1810 1546 1844 μνείαν
1567 1809 1623 1845 ἔχει
1641 1810 1768 1846 ἀγαθήν·
1788 1812 1867 1843 οὕτως

1082 1855 1129 1881 καὶ
1142 1855 1188 1881 ἐπὶ
1199 1854 1247 1881 τοῦ
1270 1853 1352 1881 καλοῦ
1374 1854 1453 1891 ἔργου
1469 1856 1563 1892 μνήμη
1585 1856 1661 1892 παρὰ
1679 1857 1752 1884 Θεοῦ
1771 1858 1866 1893 ἀγαθή.

1082 1901 1133 1927 Τὸν
1148 1900 1177 1927 δὲ
1195 1901 1232 1936 μὴ
1247 1899 1375 1927 ποιοῦντα
1388 1900 1418 1926 τδ
1431 1900 1486 1937 (28)
1500 1901 1592 1933 καλὸν,
1606 1902 1812 1938 καταράσονται
1825 1904 1867 1929 καὶ

1081 1947 1105 1973 οἱ
1115 1946 1240 1981 ἄγγελοι,
1252 1946 1299 1973 καὶ
1312 1946 1335 1973 οἱ
1355 1946 1492 1981 ἄνθρωποι
1502 1967 1510 1980 ,
1531 1947 1579 1974 καὶ
1590 1948 1604 1975 6
1618 1947 1685 1980 Θεὸς
1703 1948 1831 1984 ἀδοξήσει
1842 1951 1866 1975 ὲν

1081 1993 1136 2024 τοῖς
1148 1991 1235 2018 ἔθνεσι
1245 1991 1277 2018 δι’
1290 1991 1370 2018 αὑτοῦ
1380 2012 1388 2024 ,
1401 1993 1448 2019 καὶ
1461 1993 1475 2019 ὁ
1486 1993 1607 2026 διάὒολος
1619 1994 1775 2021 οἰκειοῦται
1791 1995 1866 2021 αὐτδν

1081 2037 1119 2069 ὼς
1132 2037 1197 2064 ῑδιον
1217 2036 1312 2069 σκεῦος
1333 2037 1388 2073 (29)
1398 2057 1405 2069 ,
1420 2038 1467 2064 καὶ
1481 2038 1534 2064 πᾶν
1549 2038 1642 2074 θηρίον
1658 2040 1865 2075 κατακυριεὺσει

1081 2082 1174 2114 αὑτοῦ,
1187 2083 1235 2109 καὶ
1248 2083 1262 2109 ὁ
1272 2083 1374 2118 Κύριος
1389 2083 1497 2118 μισήσει
1511 2083 1601 2110 αὐτόν.
1615 2084 1672 2110 Καὶ
1685 2083 1744 2120 γὰρ
1757 2085 1787 2111 αἱ
1799 2085 1864 2110 ἐπιο-

1081 2127 1126 2154 λαὶ
1138 2127 1184 2154 τοῦ
1197 2128 1279 2163 νόμου
1292 2128 1384 2154 διπλαῖ
1396 2128 1459 2160 εισι,
1475 2129 1520 2155 καὶ
1540 2129 1609 2164 μετὰ
1620 2129 1722 2166 τέχνης
1736 2131 1862 2167 πληροῦν-

1081 2181 1136 2200 ται.
1152 2173 1252 2209 Καιρὸς
1268 2172 1321 2209 γὰρ
1335 2174 1475 2206 συνουσίας
1489 2174 1617 2208 γυναικὸς
1629 2175 1714 2202 αὐτοῦ
1732 2174 1790 2212 (50)
1800 2196 1807 2208 ,
1823 2176 1861 2202 καὶ

1082 2218 1176 2254 καιρὸς
1198 2217 1358 2254 ἐγκρατείας
1381 2218 1421 2250 είς
1447 2219 1599 2254 προσευχὴν
1623 2218 1719 2245 αὑτοῦ.
1745 2218 1801 2246 Καὶ
1823 2219 1861 2246 δύο

1080 2265 1185 2292 ὲντολαί
1207 2266 1274 2291 εἰσι’
1299 2265 1346 2291 καὶ
1367 2266 1393 2291 εί
1417 2265 1455 2300 μὴ
1477 2265 1606 2299 γένωνται
1622 2266 1652 2292 ὲν
1668 2266 1747 2299 τάξει
1763 2267 1858 2297 αὐτῶν,

1081 2311 1217 2347 ἁμαρτίαν
1239 2311 1397 2347 παρέχουσι.
1421 2310 1515 2342 Οὕτως
1535 2311 1595 2337 ἐστὶ
1611 2312 1659 2338 καὶ
1675 2312 1725 2338 ἐπὶ
1740 2312 1797 2339 τῶν
1815 2312 1860 2338 λοι-

1081 2357 1139 2384 πῶν
1163 2357 1276 2384 ἐντολῶν
1301 2356 1367 2392 (51).
1392 2356 1501 2383 Γίνεσθε
1525 2354 1571 2384 οὖν
1589 2357 1666 2391 σοφοὶ
1690 2357 1720 2384 ὲν
1743 2358 1804 2393 Θεῴ
1821 2358 1861 2383 ul

1081 2403 1215 2438 φρόνιμοι,
1234 2402 1332 2434 εἰδότες
1348 2401 1424 2434 τάξιν
1439 2401 1552 2429 ἐντολῶν
1567 2402 1651 2429 αὐτοῦ
1661 2423 1669 2435 ,
1687 2404 1736 2430 καὶ
1752 2404 1860 2439 θεσμοὺς

1081 2447 1181 2480 παντὸς
1199 2448 1369 2483 πράγματος,
1387 2447 1460 2479 ὅπως
1472 2448 1602 2483 ἀγαπήσῃ
1614 2447 1688 2483 ὑμᾶς
1700 2449 1715 2475 6
1728 2449 1836 2486 Κύριος.
1849 2459 1856 2473 ι

1114 2494 1153 2521 Θ.
1170 2495 1224 2521 Kal
1241 2494 1325 2521 πολλὰ
1336 2494 1447 2522 τοιαῦτα
1457 2495 1643 2530 ἐντειλάμενος
1659 2496 1765 2528 αὐτοῖς,
1783 2505 1858 2532 παρετ

1080 2541 1211 2572 κάλεσεν,
1243 2541 1286 2567 ἴνα
1304 2540 1506 2576 μετακομίσωσι
1521 2540 1556 2567 τὰ
1575 2540 1643 2568 ὀστᾶ
1659 2542 1745 2570 αὑτοῦ
1762 2544 1800 2575 εἰς
1814 2543 1857 2568 Χε-

1080 2584 1162 2620 ϐρὼν,
1181 2585 1228 2612 καὶ
1244 2585 1364 2620 θάψωσιν
1377 2585 1456 2612 αὑτὸν
1474 2585 1542 2621 μετὰ
1557 2586 1611 2613 τῶν
1627 2587 1760 2624 πατέρων

1080 2631 1134 2657 Καὶ
1147 2629 1241 2665 φαγὼν
1252 2631 1299 2658 καὶ
1312 2631 1382 2658 πιὼν
1394 2632 1423 2658 ὲν
1436 2631 1571 2668 ἱλαρότητι
1582 2631 1685 2668 ψυχῆς,
1700 2633 1855 2666 συνεκάλυψε

1114 2806 1289 2846 (ΞΨΜὲτοῦ
1304 2805 1503 2846 (laesi-bu.
1546 2840 1558 2845 -
1607 2843 1616 2846 Α
1680 2841 1692 2846 ,
1743 2843 1748 2846 ,
1810 2840 1833 2846 __

1079 2876 1095 2904 ά
1114 2841 1157 2875 (31
1162 2846 1175 2904 )t
1192 2841 1289 2900 (ῗιὲτως
1307 2842 1373 2869 ἐστὶ
1397 2841 1444 2869 καὶ
1459 2841 1506 2868 ἐπὶ
1523 2841 1582 2869 τῶν
1597 2841 1717 2869 λοιπῶν
1735 2841 1849 2869 ἐντολῶν

1097 2884 1165 2904 esun
1179 2896 1185 2904 .
1237 2893 1243 2901 .
