1913 3102
53 173 111 202 1115

654 173 912 203 TESTAMENTUM
930 177 1007 204 GAD.

1587 179 1655 207 HM

51 230 77 257 τὸ
92 230 231 266 πρόσωπον
251 229 351 263 αὑτοῦ,
369 230 417 257 καὶ
435 229 563 257 ἀπέθανε.
584 231 638 257 Καὶ
657 231 786 267 ἐποίησαν
801 233 821 258 οἱ

878 238 929 261 est.
949 233 984 261 Et
1009 233 1130 261 fecerunt
1151 233 1199 262 ﬁlii
1218 234 1278 269 ejus
1292 235 1441 263 secundum
1463 236 1565 268 omnia,
1578 245 1655 272 qure—

51 276 95 302 υῑοὶ
106 275 183 303 αὐτοῦ
195 275 269 303 κατὰ
280 276 378 308 πάντα,
391 276 441 302 ὅσα
452 275 602 302 ἐνετείλατο
613 276 703 308 αὐτοῖς
715 277 822 311 Νεφθα-

51 323 104 358 λεὶμ
117 324 131 350 ό
140 322 237 359 πατὴρ
246 322 346 350 αὐτῶν.

302 379 499 407 ΚΕΦΔΛΛΙΟΝ
517 379 556 407 ϐ’.

208 428 339 463 Διαθήκη
354 428 428 461 Γὰδ,
445 428 512 461 περὶ
525 428 646 462 μίσους.

76 473 111 499 Δ’.
123 472 302 509 ’Δντίγραφον
312 473 446 510 διαθήκης
457 474 519 505 Γὰδ,
533 473 551 500 ἃ.
563 473 676 509 ἐλάλησε
688 474 743 505 τοῖς
756 473 822 504 υἱοῖς

48 519 119 546 αὐτοῦ
129 540 136 551 ,
158 521 188 546 ἐν
200 520 258 547 ἔτει
274 523 330 556 ρκε¹
341 521 391 557 τῆς
401 520 474 557 ζωῆς
484 520 576 548 αὐτοῦ.
599 530 609 546 (
622 520 754 555 Ἕϐδομος
767 520 823 556 (55)

48 566 94 598 υἱδς
105 566 238 602 ἐγενόμην
252 566 291 602 τῷ
309 566 415 599 Ἰακὼϐ,
433 567 481 594 καὶ
496 567 513 603 ἡ
517 575 570 603 μην
582 566 701 602 ἀνδρεῖος
712 566 759 593 ἐπὶ
769 567 824 593 τῶν

47 612 175 646 ποιμνίων.
203 612 275 646 Ἐγὼ
291 612 438 648 ἐφύλαττον
451 613 481 639 ἐν
492 612 570 639 νυκτὶ
583 612 615 639 τὺ
627 612 761 647 ποίμνιον,
777 613 825 639 καὶ

47 658 100 684 ὅταν
110 658 207 693 ἤρχετο
217 658 233 685 ὁ
245 658 335 691 λύκος,
356 658 372 694 ἢ
391 658 459 686 λέων
468 679 476 692 ,
494 658 511 694 ἢ
532 658 664 694 πάρδαλις
674 679 682 690 ,
695 658 711 692 ἢ
725 658 823 693 ἄρκτος

47 703 93 739 (54)
104 705 147 731 ἐπὶ
158 705 209 740 τὴν
224 706 342 741 ποίμνην
352 725 359 738 ,
372 706 535 733 κατεδίωκον
548 706 630 732 αὐτὸν
639 725 646 737 ,
659 705 706 732 καὶ
720 704 824 736 πιάζων

45 749 83 776 τὸν
92 750 153 777 πόδα
166 750 251 778 αὐτοῦ
264 752 297 788 τῇ
310 751 382 788 χειρί
397 760 457 787 μου,
472 751 519 778 καὶ
538 751 662 787 γυρεύων
681 750 806 777 ἐσκότουν
815 769 823 781 ,

45 797 84 822 καὶ
94 795 240 828 ἀκοντίζων
250 796 331 823 αὑτὸν
342 797 389 823 ἐπὶ
400 796 446 823 δύο
458 796 590 828 σταδίους,
601 796 687 828 οὕτως
696 795 821 831 ἀνῄρουν.

49 837 74 866 Ὀ
87 836 130 866 οὖν
150 840 250 877 Ἰωσὴφ
267 841 408 877 ἐποίμαινε
427 841 487 877 μεθ’
502 841 581 877 ἡμῶν
595 842 634 873 ὡς
656 840 766 877 ὴμερῶν
789 840 822 872 λ’,

879 286 990 314 cunque
1004 280 1141 307 mandavit
1155 280 1194 308 eis
1209 279 1379 316 Nepbthalim
1393 287 1469 317 pater
1481 290 1585 311 eorum.

1177 383 1291 412 CAPUT
1306 384 1351 412 ΙΧ.

1059 429 1251 457 Testamentum
1269 431 1337 463 Gad,
1351 431 1382 458 de
1393 431 1464 459 odio.

907 472 928 500 l.
949 472 1149 510 Transcriptum
1161 476 1314 503 testamenti
1329 476 1396 510 Gad,
1406 484 1573 511 quaecunque
1583 478 1660 505 locu-

875 522 918 546 tus
930 523 973 546 est
988 519 1052 547 ﬁliis
1069 520 1127 548 suis
1144 521 1170 548 in
1184 529 1254 549 anno
1266 521 1416 549 centesimo
1428 522 1558 550 vicesimo
1573 524 1656 558 septi-

873 571 918 591 mo
931 565 986 600 (52)
1009 566 1072 594 vitae
1093 574 1159 600 suae,
1171 567 1266 595 dicens
1286 577 1292 595 :
1312 577 1321 593 ι
1339 567 1475 603 Septimus
1490 568 1562 596 ﬁlius
1575 574 1656 602 natus

874 618 937 638 sum
957 611 1052 644 Jacob,
1068 617 1095 640 et
1106 620 1180 640 eram
1193 613 1304 641 fortisin
1317 614 1654 650 gregibus.Egocustodivi

873 656 900 683 in
917 661 995 684 nocte
1005 665 1127 692 gregem;
1139 663 1166 686 et
1177 660 1286 694 quando
1298 660 1371 687 venit
1386 660 1475 695 lupus,
1490 661 1531 688 vel
1547 661 1597 693 leo,
1613 662 1656 690 vel

878 703 990 736 pardus,
999 704 1039 730 vel
1052 712 1132 732 ursus
1143 713 1224 740 super
1230 713 1349 740 gregem,
1356 707 1538 741 persequebar
1548 711 1657 740 eum,et

874 749 1077 782 apprehendens
1089 750 1182 784 pedem
1194 750 1253 785 ejus
1265 758 1345 777 manu
1359 759 1418 778 mea
1426 752 1485 778 etin
1492 760 1586 787 gyrum
1596 752 1655 780 vol-

877 800 943 821 vens
957 794 1179 829 obtenebrabam,
1191 802 1215 824 et
1229 797 1374 831 projiciens
1400 805 1462 824 cum
1482 798 1537 825 duo
1558 798 1654 831 stadia,

872 837 910 866 ila
922 838 1127 868 interﬁciebam.
1140 840 1240 876 Joseph
1255 842 1335 877 igitur
1351 843 1477 877 pascebat
1488 851 1595 878 gregem
1607 850 1656 871 no-

45 885 83 911 καὶ
91 886 221 922 τρυφερὸς
236 887 284 919 ὢν,
295 887 463 923 ἐμαλακίσθη
478 887 532 914 ἀπὸ
543 887 589 915 τοῦ
601 887 737 923 καύματος
748 886 803 922 (55)
814 895 821 902 ’

876 882 980 910 hiscum
993 885 1099 912 circiter
1113 886 1173 913 dies
1185 886 1309 921 triginta;
1326 891 1354 914 et
1364 895 1424 914 cum
1434 892 1508 915 tener
1520 888 1654 921 esset,in-

44 931 84 958 καὶ
109 931 278 969 ὑπέστρεψεν
298 933 337 965 είς
353 932 467 969 Χεϐρὼν
494 932 562 969 πρὸς
584 933 628 960 τὸν
648 932 753 968 πατέρα
773 932 821 959 αὑ-

42 977 97 1003 τοῦ·
113 979 158 1005 καὶ
176 978 316 1005 ἀνέκλινεν
337 979 418 1005 αὑτὸν
443 978 556 1014 πλησίον
572 978 670 1010 αὐτοῦ,
691 979 730 1005 ὅτι
755 978 823 1013 ἠγά-

43 1030 76 1049 πα
89 1023 176 1051 αὺτόν.
196 1024 254 1050 Καὶ
267 1022 343 1051 εἶπεν
364 1025 461 1060 Ἰωσὴφ
475 1024 514 1060 τῷ
530 1025 614 1060 πατρὶ
628 1024 706 1060 ἡμῶν
717 1044 724 1055 ,
741 1024 782 1050 ὅτι
797 1024 822 1050 οἱ

43 1069 87 1096 υἱοὶ
98 1070 200 1104 Ζελφᾶς
213 1070 262 1097 καὶ
276 1070 380 1101 Βαλλᾶς
394 1070 486 1097 θύουσι
502 1070 537 1097 τὰ
557 1070 627 1097 καλὰ
636 1090 644 1102 ,
672 1071 719 1097 καὶ
740 1079 820 1097 κατε-

44 1113 150 1141 σθίουσιν
163 1115 238 1142 αὐτά
251 1124 294 1150 γε,
310 1115 386 1151 παρὰ
397 1115 509 1152 γνώμην
531 1115 616 1143 Ἰούδα
630 1116 676 1143 καὶ
692 1115 820 1151 Ῥουὸήμ.

43 1158 94 1187 Εἷδε
112 1161 165 1197 γὰρ
181 1162 224 1189 ὅτι
244 1161 328 1197 ἀμνὸν
350 1161 480 1198 ἐξελόμην
498 1162 532 1188 ὲκ
552 1161 600 1189 τοῦ
623 1161 754 1197 στόματος
773 1161 822 1197 τῆς

42 1207 142 1242 ἄρκτου,
159 1207 292 1242 κάκείνην
308 1207 476 1239 ἐθανάτωσα,
493 1208 540 1235 καὶ
554 1207 598 1234 τὸν
617 1207 700 1242 ἀμνὸν
720 1206 802 1234 ἔθυσα
813 1229 820 1241 ,

44 1253 114 1290 (περὶ
126 1251 156 1282 οὗ
171 1254 329 1290 ἐλυπούμην
341 1275 348 1285 ,
364 1255 404 1281 ὅτι
418 1255 467 1281 οὐκ
484 1253 597 1289 ἠδύνατο
613 1253 739 1289 ζῇν),καὶ
755 1253 822 1289 ἐφά-

42 1307 116 1334 γομεν
128 1300 208 1327 αὐτόν
221 1309 228 1315 ·
242 1300 289 1327 καὶ
301 1298 360 1327 εἶπε
371 1300 410 1336 τῷ
422 1299 505 1336 πατρὶ
518 1299 596 1335 ἡμῶν
608 1299 674 1335 (56).
696 1299 752 1326 Καὶ
763 1299 823 1326 ἐνε-

43 1346 128 1373 κότουν
153 1347 192 1382 τῷ
220 1347 318 1383 Ἰωσὴφ
345 1346 409 1382 περὶ
435 1346 482 1372 τοῦ
517 1345 597 1380 λόγου
633 1344 727 1372 τούτου
741 1365 748 1377 ,
769 1345 822 1377 ἕως

42 1391 137 1426 ἡμέρας
161 1392 334 1428 διαπράσεως
365 1391 448 1418 αὐτοῦ
477 1392 516 1424 εἰς
539 1390 684 1425 Αἴγυπτον.
714 1391 769 1417 Καὶ
790 1391 821 1418 τδ

43 1437 139 1472 πνεῦμα
153 1437 202 1464 106
217 1438 310 1473 μίσους
322 1436 356 1473 ἦν
368 1438 396 1464 ἐν
414 1437 475 1473 ἐμοί
485 1445 491 1452 ·
510 1436 557 1463 καὶ
569 1436 618 1463 οὐκ
632 1436 727 1472 ἠθελον
739 1457 746 1469 ,
759 1435 821 1463 οὔτε

42 1482 70 1509 δι’
82 1483 234 1520 ὀφθαλμῶν,
253 1484 313 1511 οὔτε
332 1484 366 1511 δι’
387 1483 471 1519 ἀκοῆς
487 1483 550 1510 ἰδεῖν
566 1483 612 1509 τὸν
637 1482 745 1519 Ἰωσήφ.
763 1483 820 1510 Καὶ

44 1529 104 1556 κατὰ
119 1530 263 1566 πρόσωπον
279 1529 357 1565 ἡμῶν
373 1528 485 1566 ήλεγεεν
499 1529 571 1564 ἡμᾶς
581 1548 588 1562 ,
601 1528 641 1555 ὅτι
653 1529 716 1556 ἀνευ
736 1528 820 1556 Ἰούδα

45 1574 155 1610 ἐσθίομεν
167 1575 204 1602 τὰ
216 1574 359 1611 θρέμματα
369 1582 376 1589 ·
393 1574 441 1601 καὶ
454 1574 553 1606 πάντα,
565 1573 615 1601 ὃσα
629 1573 704 1609 ἔλεγε
717 1574 755 1609 τῷ
766 1583 818 1602 πα-
832 1571 854 1599 C

44 1621 90 1656 τρὶ,
103 1621 229 1648 ἐπείθετο
241 1620 323 1656 αὐτῷ.

73 1666 105 1693 B'.
125 1676 134 1692 ε
155 1666 295 1702 Ὀμολογῶ
308 1665 355 1693 νῦν
367 1665 415 1701 τὴν
426 1664 564 1701 ἁμαρτίαν
579 1673 641 1701 μου,
658 1665 742 1692 τέκνα
752 1685 759 1696 ,
778 1665 818 1692 ὅτι

45 1711 191 1745 πλειστάκις
204 1712 297 1748 ἡθελον
309 1712 413 1739 ἀνελεῖν
426 1711 507 1738 αὐτὸν
517 1731 524 1743 ,
541 1712 581 1738 ὅτι
593 1711 645 1743 ἕως
656 1712 745 1747 ψυχῆς
757 1712 819 1747 ἐμί-

45 1765 98 1784 σουν
113 1759 209 1790 αὐτὸν,
229 1759 277 1785 καὶ
296 1759 364 1790 ὅλως
383 1758 433 1785 οὐκ
450 1755 484 1793 ἦν
503 1758 531 1784 ἐν
550 1758 611 1793 ἐμοὶ
623 1758 714 1793 ἥπατα
729 1758 819 1790 ἐλέους

45 1803 78 1834 εἰς
95 1804 172 1831 αὐτόν
196 1804 263 1839 (57).
278 1803 332 1830 Καί
350 1812 382 1838 γε
402 1803 445 1829 διὰ
465 1803 500 1829 τὰ
519 1803 632 1830 ἐνύπνια
646 1803 818 1839 προσεθέμην

46 1850 123 1883 μῖσος,
134 1851 180 1877 κα)¹
191 1850 287 1886 ἥθελον
305 1850 385 1876 αὐτὸν
397 1848 516 1882 ἐκλεῖξαι
535 1849 568 1875 ἐκ
584 1849 634 1884 γῆς
653 1848 760 1881 ζώντων
769 1869 776 1881 ,
790 1848 820 1875 ὃν

44 1895 132 1930 τρόπον
143 1896 260 1931 ἐκλείχει
271 1896 285 1923 ὁ
300 1896 397 1931 μόσχος
407 1895 442 1922 τὰ
453 1894 545 1931 χλωρὰ
558 1895 612 1922 ἀπὸ
623 1895 672 1930 τῆς
683 1895 734 1930 γῆς
749 1895 816 1930 (58).

44 1940 84 1967 Διὸ
94 1941 146 1975 ἐγὼ
157 1941 206 1968 καὶ
224 1940 322 1972 Ἰούδας
335 1940 391 1976 (59)
409 1941 590 1976 πεπράκαμεν
603 1939 682 1966 αὐτὸν
695 1941 751 1972 τοῖς
771 1941 820 1967 Ἱσ-

46 1985 180 2021 μαηλίταις
202 1986 224 2013 λ’
247 1986 366 2022 χρυσίων
383 1985 438 2021 (40)
451 1993 458 2001 ·
482 1985 529 2012 καὶ
553 1984 588 2012 τὰ
611 1985 676 2012 δέκα
700 1985 821 2022 ἀποκρύ-

43 2030 149 2065 ψαντες,
173 2031 209 2059 τὰ
231 2035 255 2059 κ’
277 2031 417 2067 ἐδείξαμεν
439 2032 495 2063 τοῖς
520 2030 642 2066 ἀδελφοῖς
658 2031 746 2066 ἡμῶν.
765 2032 820 2060 Καὶ

44 2076 119 2110 οὕτως
134 2079 167 2114 τῇ
185 2077 325 2113 πλεονεξίᾳ
341 2076 564 2112 ἐτληροφορήοην
589 2076 639 2111 τῆς
655 2076 820 2112 ἀναιρέσεως

44 2122 129 2151 αὐτοῦ.
149 2125 206 2151 Καὶ
222 2124 236 2150 ὁ
252 2123 317 2155 Θεὸς
333 2122 387 2149 τῶν
404 2121 529 2158 πατέρων
541 2130 591 2157 μου
600 2121 733 2157 ἐρρύσατο
741 2122 820 2149 αὺτὸν

44 2169 91 2196 τῶν
101 2170 200 2207 χειρῶν
212 2178 273 2205 μου,
284 2170 327 2196 ἵνα
339 2169 376 2204 μὴ
385 2169 490 2204 ποιήσω
505 2167 635 2204 ἀνόμημα
651 2168 679 2194 ἐν
701 2169 818 2205 Ἰσραήλ.

874 929 996 957 ﬁrmatus
1010 934 1051 957 est
1064 931 1098 958 ab
1117 936 1199 965 testu;
1219 936 1245 959 et
1260 940 1384 959 reversus
1399 937 1441 960 est
1456 933 1483 959 in
1502 931 1608 960 llebron
1620 933 1654 960 ad

873 979 976 1009 patrem
1006 983 1084 1003 suum
1108 985 1115 1003 :
1137 978 1164 1004 et
1189 977 1330 1004 reclinavit
1356 985 1417 1004 eum
1439 977 1516 1012 juxta
1534 986 1573 1010 se,
1585 986 1655 1013 quo-

873 1020 945 1048 niam
964 1021 1092 1056 diligebat
1112 1029 1186 1050 eum.
1200 1023 1233 1050 Et
1257 1024 1325 1051 dixit
1344 1023 1444 1058 Joseph
1463 1024 1533 1058 patri
1547 1029 1653 1057 nostro,

873 1067 946 1101 quod
970 1067 1017 1094 ﬁlii
1036 1067 1142 1102 Zelphaa
1167 1073 1194 1096 et
1210 1068 1282 1096 Bal-aa
1297 1074 1417 1097 mactant
1437 1070 1518 1103 bona,
1533 1074 1560 1097 et
1573 1070 1655 1098 devo-

872 1117 933 1140 rant
951 1113 1019 1148 ipsa,
1029 1114 1124 1141 insciis
1137 1113 1206 1142 Juda
1222 1119 1249 1142 et
1265 1114 1487 1143 Ruben.Sciebat
1498 1115 1570 1142 enim
1580 1116 1653 1150 quod

872 1166 973 1194 agnum
994 1156 1122 1188 eruebam
1146 1169 1178 1188 ex
1193 1168 1240 1188 ore
1254 1169 1335 1193 ursm,
1350 1166 1377 1188 et
1394 1161 1466 1188 illam
1479 1161 1613 1194 interfeci,
1628 1167 1654 1188 et

872 1212 972 1240 agnum
988 1206 1114 1239 mactari,
1125 1206 1169 1240 (de
1183 1214 1238 1241 quo
1252 1207 1447 1240 contristabar,
1457 1207 1586 1242 quoniam
1599 1214 1652 1234 non

871 1251 959 1285 potuit
973 1251 1074 1286 vivere)
1087 1256 1113 1278 et
1127 1252 1336 1279 comedebamus
1347 1252 1434 1287 ipsum
1450 1262 1456 1279 :
1471 1257 1497 1280 et
1507 1252 1654 1287 dixitpatri

872 1301 979 1324 nostro.
996 1296 1029 1324 Et
1053 1297 1167 1324 moleste
1189 1296 1306 1324 ferebam
1329 1297 1401 1324 istud
1415 1297 1527 1324 verbum
1541 1296 1652 1331 Joseph,

871 1351 959 1378 usque
980 1343 1007 1371 in
1031 1344 1102 1371 diem
1128 1343 1295 1371 venditionis
1316 1343 1376 1378 cjus
1396 1344 1422 1370 in
1448 1343 1606 1378 Egyptum.
1621 1342 1655 1369 Et

871 1389 982 1425 spiritus
1002 1390 1056 1417 odii
1068 1394 1126 1416 erat
1137 1389 1163 1416 in
1179 1397 1239 1421 me;
1254 1394 1280 1416 et
1295 1389 1371 1416 nolui
1388 1389 1489 1424 Joseph
1501 1393 1549 1416 aut
1560 1388 1654 1416 audire

872 1440 920 1464 aut
943 1435 1044 1463 videre.
1061 1435 1094 1462 Et
1123 1443 1215 1463 coram
1235 1434 1304 1463 facie
1325 1440 1421 1462 nostra
1437 1434 1574 1469 redarguit
1591 1441 1652 1467 nos,

870 1482 999 1517 quoniam
1018 1483 1076 1509 sine
1093 1481 1163 1509 Juda
1187 1481 1356 1509 comedimus
1375 1489 1491 1516 pecora:
1505 1485 1532 1509 et
1551 1480 1653 1509 omnia.

870 1535 1038 1563 qumcunque
1053 1527 1121 1555 dixit
1139 1527 1217 1562 patri,
1230 1527 1366 1562 persuasit
1376 1527 1411 1554 ei.

904 1663 937 1691 ll.
957 1673 966 1690 ι
984 1663 1123 1692 Conﬁteor
1139 1671 1213 1691 nunc
1227 1668 1367 1698 peccatum
1385 1670 1488 1696 meum,
1505 1662 1564 1696 ﬁlii,
1580 1665 1653 1698 quod

870 1716 941 1744 saepe
960 1708 1032 1735 volui
1047 1708 1171 1735 occidere
1184 1715 1257 1741 eum,
1273 1707 1401 1742 quoniam
1426 1715 1513 1742 usque
1537 1707 1572 1734 ad
1592 1710 1653 1735 ani-

869 1762 941 1782 mam
960 1754 1022 1781 odio
1042 1753 1122 1781 habui
1138 1761 1213 1786 eum,
1228 1758 1256 1781 et
1271 1753 1383 1780 omnino
1397 1761 1451 1779 non
1471 1758 1548 1780 erant
1563 1753 1591 1780 in
1611 1761 1654 1781 mc

868 1801 974 1828 viscera
999 1800 1199 1828 misericordia
1213 1807 1278 1834 erga
1292 1799 1391 1834 ipsum.
1406 1798 1438 1825 Et
1458 1804 1567 1834 propter
1581 1806 1654 1826 som-

869 1849 914 1874 nia
930 1847 1014 1882 ipsius
1029 1847 1139 1881 concepi
1152 1846 1256 1878 odium,
1269 1850 1294 1872 et
1311 1845 1382 1872 volui
1411 1846 1499 1881 ipsum
1516 1845 1654 1880 delingere

868 1902 884 1922 e
904 1897 976 1920 terra
999 1893 1159 1926 viventium,
1174 1888 1404 1926 quemadmodum
1422 1891 1536 1926 delingit
1550 1890 1651 1918 vitulus

869 1940 969 1968 herbas
982 1947 996 1966 a
1013 1944 1095 1967 terra.
1112 1938 1226 1973 Propter
1241 1938 1314 1973 quod
1328 1946 1377 1973 ego
1391 1942 1418 1965 et
1435 1937 1519 1965 Iudas
1528 1937 1651 1965 vendidi.-

869 1996 930 2015 mus
944 1994 1006 2014 eum
1023 1984 1165 2012 lsmaelitis
1186 1984 1296 2019 triginta
1311 1984 1418 2017 aureis;
1437 1989 1464 2011 et
1488 1985 1579 2012 decem
1594 1984 1653 2012 abs-

869 2033 1025 2065 condentes,
1048 2030 1141 2066 viginti
1165 2030 1334 2058 ostendimus
1350 2030 1478 2057 fratribus
1496 2030 1609 2058 nostris.
1621 2029 1654 2057 Et

870 2079 907 2106 ita
929 2077 1043 2105 avaritia
1065 2076 1226 2104 animumin
1247 2076 1349 2104 ozedcm
1361 2076 1420 2111 ejus
1435 2075 1652 2104 obﬁrmaveram.

871 2125 942 2153 Deus
957 2129 1046 2151 autem
1064 2128 1168 2158 patrum
1184 2131 1305 2151 meorum
1323 2123 1423 2158 eripuit
1439 2130 1503 2150 eum
1518 2123 1551 2150 de
1566 2123 1654 2150 mani-

870 2171 922 2198 bus
935 2169 1014 2201 meis,
1031 2173 1128 2196 utnon
1145 2167 1263 2196 facerem
1284 2168 1456 2204 iniquilatem
1473 2169 1501 2195 in
1518 2167 1611 2196 Israel.

77 2246 131 2282 (52)
147 2247 274 2275 Vicesimo
283 2247 404 2283 septimo.
416 2245 462 2273 Sic
472 2249 559 2283 exstat
569 2245 595 2273 in
605 2251 721 2281 utroque
729 2248 823 2276 codice
838 2251 860 2278 1)
874 2252 948 2283 gnat.
974 2247 1051 2275 Unde
1070 2248 1153 2274 variaa
1175 2247 1373 2283 Rabbinorum
1388 2247 1562 2283 conjecturae.
1582 2247 1655 2274 Con—

47 2281 144 2318 Latino.
159 2283 213 2310 Sed
227 2286 342 2318 uterque
360 2282 475 2318 Grmeus
482 2281 562 2308 habet
578 2284 646 2316 ρκε¹,
663 2283 784 2318 adeoque
795 2284 823 2311 in

45 2317 169 2346 alterutro
190 2322 232 2345 est
251 2316 358 2345 vitium.
383 2316 493 2343 Ditlicile
516 2320 604 2343 autem
619 2321 659 2344 est
677 2316 776 2350 dicere,
795 2319 822 2346 in

45 2360 94 2386 quo
105 2362 112 2386 ;
127 2361 160 2381 ac
174 2360 269 2387 parum
276 2351 444 2379 referI.—lta
452 2351 569 2378 Grabius
578 2353 647 2386 apud
658 2351 822 2381 Fabricium.

76 2388 131 2423 (55)
152 2386 307 2422 ’Ἑϐδομοᾳ
324 2388 452 2418 Ἐννατος
470 2386 552 2423 habet
564 2387 648 2414 codex
662 2386 762 2421 0x0n.,
776 2389 823 2417 sed

46 2420 126 2456 male,
137 2428 167 2450 ut
180 2431 214 2450 ex
227 2420 383 2450 Genes.xxx
396 2425 511 2449 constat.
527 2420 566 2449 In.

86 2458 129 2492 54)
148 2459 188 2486 "H
201 2457 356 2492 πάρδαλις,
373 2456 392 2490 ἢ
408 2456 525 2492 ἄρκτος.
538 2457 648 2484 Desunt.
661 2456 699 2485 ID.

88 2493 131 2529 55)
158 2491 360 2529 ἘμαλακΙρνθη
377 2491 503 2529 ἀπὸέτοῦ
515 2492 673 2529 καύματος.
693 2494 824 2529 Ἐκαυμα.

45 2526 194 2563 ⁸ξίσῡηύπο
202 2527 248 2555 τοῦ
266 2527 404 2557 καύσωνος
416 2546 423 2558 ,
442 2527 522 2554 habet
541 2526 702 2563 Oxouiensis
726 2526 821 2556 codex.

46 2561 90 2589 Cui
107 2561 169 2591 licet
184 2562 274 2598 quoad
292 2563 411 2598 priorem
426 2569 520 2589 vocem
529 2562 719 2598 praeferendus
731 2564 824 2591 videa-

47 2601 87 2624 tur
100 2597 343 2634 Cantabrigiensis,
356 2597 386 2634 in
401 2604 456 2632 quo
466 2601 513 2634 est
527 2597 696 2634 ἐμαλακίσοη
710 2608 717 2626 :
733 2599 822 2634 quoad

47 2635 218 2665 posteriorem
233 2632 330 2661 tamen
355 2633 413 2667 ipse
436 2632 502 2658 mihi
527 2633 614 2667 magis
633 2632 730 2667 placet.
741 2632 823 2660 Καύ-

49 2675 97 2693 σων
117 2669 217 2703 quippe
238 2668 371 2703 significat
392 2666 532 2703 formalem
559 2666 682 2694 morbum
695 2689 702 2700 ,
726 2668 822 2696 febrim

49 2701 145 2764 sciliclet
159 2701 307 2736 ardentem,
324 2703 352 2730 in
369 2709 452 2737 quam
466 2701 601 2737 Joseplius
616 2703 745 2732 incidisse
758 2704 824 2732 dici-

59 2745 96 2764 lll'.
123 2747 149 2764 Β.

49 2740 96 2764 tur.
112 2740 149 2766 In.

79 2773 133 2808 (56)
153 2773 227 2801 Erae
244 2772 283 2806 τῷ
299 2772 386 2807 πατρὶ
404 2772 496 2807 ἡμῶν.
514 2772 637 2800 Declarat
665 2777 760 2801 auctor
779 2773 822 2802 his

49 2807 151 2841 verbis,
174 2817 227 2843 qua
254 2809 288 2836 de
310 2816 339 2836 re
359 2807 494 2842 Josephus
517 2807 614 2836 fratres
632 2809 702 2842 apud
719 2812 822 2843 patrem

50 2844 227 2878 accusaverim
243 2851 388 2871 accusasse
404 2843 475 2870 enim
489 2851 616 2878 expresse
631 2845 667 2870 ait
682 2844 822 2878 Scriptura

50 2876 140 2907 Gcnes.
156 2888 259 2912 xxxvu,
273 2880 308 2913 2;
325 2879 371 2907 scd
385 2878 473 2912 capita
486 2876 668 2907 accusationis
683 2887 735 2906 non
743 2876 821 2906 ‘dcsi-

875 2281 977 2310 {rarius
999 2287 1041 2310 est
1063 2287 1157 2310 nostro
1173 2282 1276 2309 auctori
1299 2281 1332 2309 Β.
1358 2281 1487 2315 Salomo,
1510 2282 1573 2308 dum
1600 2289 1653 2309 non

875 2318 945 2345 ﬁlios
957 2317 1028 2345 Baiae
1040 2323 1066 2345 et
1079 2317 1196 2353 Zelphac,
1209 2318 1256 2344 sed
1269 2316 1339 2349 Leae,
1352 2324 1365 2343 a
1378 2317 1496 2351 Josepho
1513 2322 1656 2353 accusatos

875 2353 962 2388 ﬁngit,
977 2352 1173 2386 etquidem’ob
1188 2353 1346 2388 devoratum
1367 2353 1518 2388 membrum
1540 2352 1573 2388 de
1594 2353 1654 2379 vivo

875 2386 1029 2417 animante:
1041 2389 1112 2422 quod
1123 2391 1183 2415 erat
1194 2391 1287 2414 contra
1299 2387 1384 2421 legem
1405 2386 1451 2413 Dei
1462 2386 1526 2413 Noae
1545 2387 1654 2422 datam,

876 2423 944 2451 Gen.
959 2432 997 2455 ix.
1017 2421 1106 2450 LSed
1118 2422 1181 2450 nolo
1191 2422 1265 2449 hisce
1276 2422 1386 2449 incertis
1397 2422 1550 2449 immorari.
1569 2421 1653 2449 (iam.

912 2469 969 2512 (57)
988 2469 1042 2512 [fat
1053 2469 1150 2512 ,εἵλωςι
1163 2469 1219 2512 ορκ
1242 2467 1281 2501 ἦν
1300 2467 1335 2493 ἐν
1356 2467 1420 2502 ἐμοὶ
1437 2467 1537 2501 ἥπατα
1553 2467 1655 2500 ἐλέους

873 2506 917 2538 εὶς
931 2503 1033 2531 αὐτόν.
1053 2503 1163 2531 Desunt.
1179 2504 1217 2529 lo.

909 2551 966 2584 (58)
989 2551 1042 2577 Ὃν
1058 2550 1168 2583 τρόπον
1188 2550 1316 2583 suam.
1338 2551 1355 2576 ὁ
1372 2549 1490 2584 μόσχος
1504 2548 1541 2575 τὰ
1557 2549 1657 2582 χλωρὰ

873 2586 932 2613 ἀπὸ
948 2585 1002 2619 τῆς
1018 2584 1082 2620 γῆς.
1098 2584 1205 2612 Omissa
1217 2590 1289 2611 sunt.
1301 2586 1338 2611 lo.
1350 2585 1494 2620 --Alludit
1508 2584 1657 2620 adtexturn

873 2621 954 2648 Num.
965 2618 1033 2652 nixu,
1042 2621 1069 2647 ιιι
1080 2619 1135 2646 Νῦν
1147 2619 1282 2655 ἐκλείξειὴ
1291 2619 1436 2655 συναγωγὴ
1446 2618 1514 2653 αῦτη
1524 2618 1658 2655 (Ἰσραὴλ)

874 2656 979 2688 πάντας
995 2657 1057 2687 τοὺς
1073 2655 1165 2690 κύκλῳ
1180 2653 1281 2690 ἡμῶν,
1297 2653 1369 2682 (beet
1381 2653 1500 2688 ἐκλὲίξαι
1520 2654 1534 2680 ὁ
1559 2653 1660 2689 μόσχος

873 2691 907 2718 τὰ
918 2691 1009 2727 χλωρὰ
1026 2692 1058 2718 ἐκ
1073 2691 1120 2717 τοῦ
1130 2691 1232 2718 πεδίου.
1267 2691 1369 2719 Dmcu.

908 2738 964 2773 (59)
990 2737 1113 2770 Ἰούδας.
1126 2737 1237 2773 Συμεών
1250 2745 1390 2772 perperam
1403 2737 1485 2765 habet
1495 2736 1556 2765 cod.
1568 2735 1656 2763 Oxon.

873 2774 964 2845 0:128)
983 2809 1131 2845 vaaimf.
1147 2808 1246 2845 Agrea:
1270 2809 1335 2836 dicit
1359 2813 1454 2845 auctor
1475 2815 1509 2845 ei:
1532 2806 1657 2845 versione

873 2842 965 2872 Graeca
980 2842 1033 2871 τῶν
1048 2846 1084 2870 0’.
1107 2843 1228 2878 Triginta
1241 2848 1432 2871 numeratrum
1443 2842 1539 2870 Latino
1549 2842 1657 2876 vulgato

875 2882 1041 2914 interprete,
1061 2879 1138 2913 juxta
1161 2880 1294 2912 quasdam
1318 2879 1469 2912 editiones;
1492 2878 1520 2905 in
1541 2881 1656 2910 utroque
