1913 3102
256 170 326 199 1115

749 170 979 199 TESTAMENTA
998 171 1044 199 XII
1061 169 1368 201 PATRIARCHARUM.

1806 166 1867 194 “l6

291 227 334 254 lll.
350 238 360 254 ι
385 227 417 256 Et
432 236 505 256 nunc
521 229 622 263 audite,
636 229 685 257 ﬁlii
699 230 765 263 mei,
780 237 920 259 sermones
938 231 1035 258 verita-

1125 231 1161 258 I".
1182 240 1192 256 ι
1213 231 1268 257 Καὶ
1283 229 1330 256 νῦν
1344 227 1475 255 ἀκούσατε
1485 247 1492 259 ,
1512 225 1595 253 τέκνα
1613 233 1663 260 μου
1673 243 1681 256 ,
1698 223 1794 257 λόγους
1808 224 1867 259 ἁλη-

254 275 337 306 tis.ut
352 275 458 304 faciatis
469 276 649 311 justitiam,et
662 286 771 306 omnem
785 279 871 313 legem
887 277 1035 310 Altissimi;

254 325 281 348 et
303 329 337 348 ne
358 322 456 349 erretis
479 323 575 357 spiritu
598 324 664 357 odii,
687 325 817 359 quoniam
845 324 934 351 malus
951 327 993 351 est
1008 323 1037 350 in

255 366 382 394 omnibus
404 367 507 394 actibus
528 368 680 396 hominum.
697 368 783 396 Omne
796 369 978 403 quodcunque
995 367 1036 395 fe-

255 412 322 439 cerit
338 412 454 446 (homo),
471 413 516 446 qui
536 413 592 440 odit
606 414 792 448 abominatur;
810 415 833 442 si
850 413 931 442 faciat
951 415 1036 449 legem

255 458 375 489 Domini,
402 466 456 486 non
480 459 572 486 laudat
594 467 670 492 eum;
689 460 712 487 si
737 461 830 487 timeat
841 459 995 492 Dominum,
1010 463 1038 487 et

255 503 320 530 velit
342 504 427 538 justa,
441 504 514 531 hunc
531 512 583 532 non
610 505 711 539 diligit;
731 505 872 533 veritatem
890 505 1036 540 vituperat,

254 548 380 583 dirigenti
397 557 527 583 prospere
545 558 588 577 res
604 558 666 578 suas
681 551 793 584 invidet,
813 551 1035 578 obtrectationem

255 595 440 629 amplectitur,
458 596 641 630 arrogantiam
670 600 759 629 amat;
786 597 914 630 quoniam
944 596 1036 623 odium

255 641 399 668 excmcavit
426 640 544 667 animam
568 641 645 675 ejus,
662 640 732 669 sicut
751 644 777 668 et
791 648 842 676 ego
857 641 1036 676 respiciebam

255 686 283 714 in
297 685 408 720 Josepli.

292 729 336 757 IV.
357 740 366 755 ι
385 730 484 758 Cavete
506 731 598 766 igitur,
614 731 662 757 ﬁlii
685 731 749 764 mei,
766 731 800 758 ab
815 731 888 765 odio,
908 731 1037 766 quoniam

255 775 283 802 in
310 777 397 811 ipsum
422 776 566 804 Dominum
594 777 765 812 iniquitatem
791 777 867 805 facit.
887 777 947 804 Non
963 777 1036 804 enim

255 821 313 848 vult
337 821 430 848 audire
452 821 533 848 verba
557 821 746 849 mandatorum
769 821 829 857 ejus
846 823 880 850 de
893 822 1038 850 dilectione

256 867 384 902 proximi,
396 873 422 895 et
435 867 460 894 in
474 867 558 895 Deum
577 872 680 902 peccat.
699 867 728 894 Si
741 868 813 895 enim
825 868 965 902 delinquat
982 868 1036 895 fra-

257 917 308 945 ter,
323 913 413 940 statim
433 913 490 939 vult
505 914 666 940 annuntiarc
688 913 826 946 omnibus,
844 918 871 940 et
885 913 993 941 festinat
1007 917 1038 941 ut
1053 906 1073 935 Β

253 957 391 992 iudicetur
417 966 466 992 pro
483 958 533 985 hoc
548 958 657 991 delicto,
672 963 699 986 et
722 959 832 993 punitus
853 959 994 986 moriatur.
1008 959 1037 987 Si

255 1008 345 1032 autent
364 1003 446 1031 fuerit
469 1011 574 1037 servus,
591 1008 701 1031 accusat
717 1011 780 1031 eum
801 1004 871 1039 apud
894 1004 1036 1031 dominum

255 1050 326 1084 ejus,
341 1054 369 1076 et
400 1050 428 1076 in
453 1049 526 1076 omni
551 1048 725 1076 tribulatione.
751 1049 906 1084 aggreditur
927 1057 1001 1082 eum,
1015 1050 1037 1077 si

255 1103 310 1130 quo
329 1095 410 1122 modo
434 1095 578 1122 interficiat
601 1103 675 1122 eum.
699 1094 797 1122 Odium
818 1095 890 1122 enim
912 1100 1038 1130 operatur

253 1150 316 1170 eum
328 1142 483 1173 homicidio,
496 1146 522 1168 et
531 1142 679 1170 secundum
690 1142 759 1169 bene
770 1142 940 1176 operantium
954 1141 1039 1176 profe-

255 1192 339 1220 ctum,
351 1187 465 1215 audiens
483 1191 529 1214 aut
543 1187 636 1215 videns
648 1195 754 1222 semper
765 1188 923 1223 languescit.
936 1187 1037 1220 Quem—

255 1233 400 1262 admodum
419 1233 490 1260 enim
506 1233 613 1260 dilectio
626 1233 707 1260 etiam
735 1237 857 1261 mortuos
882 1234 956 1268 cupit
977 1234 1038 1261 vita:

257 1279 411 1310 restituere.
436 1282 464 1305 et
487 1278 547 1306 illos
570 1279 616 1313 qui
644 1283 709 1306 sunt
730 1279 757 1306 in
778 1279 910 1306 sententia
930 1281 1036 1312 mortis,

255 1326 313 1353 vult
337 1333 352 1352 a
376 1330 462 1352 marte
485 1332 613 1352 revocare
640 1333 646 1351 :
670 1325 707 1352 ita
721 1325 810 1352 odium
835 1325 956 1353 viventes
982 1326 1038 1353 vult

255 1371 391 1404 occidere,
407 1374 434 1398 et
448 1378 496 1398 eos
518 1371 563 1405 qui
585 1371 725 1405 paululum
748 1371 878 1406 quiddam
905 1379 1037 1406 peccave-

256 1417 320 1448 rint,
335 1416 459 1450 indignos
482 1415 534 1443 vita
558 1415 670 1450 judicat.
687 1416 805 1451 Spiritus
827 1417 900 1444 enim
916 1418 971 1445 odii
991 1425 1038 1453 per

256 1462 507 1498 pusillanimitalem
526 1466 689 1496 cooperatur
703 1462 810 1490 Satanae
822 1463 850 1490 in
866 1463 993 1491 omnibus
1008 1463 1037 1491 in

256 1513 372 1535 mortem
396 1507 560 1535 hominum:
592 1508 705 1543 spiritus
731 1512 821 1536 autem
844 1509 996 1538 dilectionis
1008 1510 1035 1537 in

254 1553 458 1588 longanimitate
473 1558 633 1589 cooperatur
645 1554 696 1589 legi
716 1554 761 1581 Dei
776 1555 803 1582 in
819 1555 932 1583 salutem
945 1556 1034 1584 homi-

255 1607 331 1626 num.

291 1643 323 1671 V.
341 1653 350 1670 ‹
370 1644 468 1672 Malum
482 1649 525 1672 est
547 1644 651 1679 odium,
666 1646 795 1680 quoniam
811 1652 951 1682 permanet
969 1655 1035 1675 c0n-

256 1689 329 1716 linuc
350 1697 411 1716 cum
433 1689 585 1723 mendacio,
604 1691 719 1726 loquens
734 1692 865 1720 adversus
880 1693 1033 1726 veritatem,

254 1740 283 1763 et
296 1743 378 1770 parva
393 1743 490 1770 magna
505 1735 579 1769 facit,
592 1737 711 1765 tenebris
727 1737 814 1765 lucem
829 1738 1035 1771 adhibet,dulce

255 1789 378 1809 amarum
402 1781 477 1814 dicit,
492 1785 520 1809 et
540 1782 705 1809 calumniam
726 1783 831 1816 educet,
845 1788 871 1811 et
882 1784 993 1817 bellum,
1008 1789 1036 1812 et

257 1827 401 1862 injuriam,
428 1831 455 1855 et
478 1835 585 1855 omnem
613 1828 805 1857 abundantiam
834 1830 984 1864 malorum,
1009 1836 1035 1858 et

254 1881 359 1901 veneno
369 1874 503 1902 diabolico
518 1881 565 1902 cor
580 1874 683 1909 implet.
696 1873 758 1902 Haec
771 1875 884 1903 edoctus
895 1876 1036 1910 experien-

255 1920 291 1948 tia
317 1920 379 1947 dico
402 1920 489 1953 vobis,
506 1925 534 1948 ut
557 1919 666 1954 fugiatis
692 1920 797 1952 odium,
820 1925 848 1948 et
875 1922 1036 1950 adhaereatis

254 1967 391 1994 dilectioni
416 1966 535 1994 Domini.
558 1965 668 1993 Justitia
692 1966 766 2001 ejicit
781 1967 1036 2000 odium,humilitas

255 2013 354 2040 occidit
381 2013 486 2040 odium.
516 2011 610 2040 Justus
625 2012 697 2039 enim
718 2018 745 2039 ct
760 2013 872 2040 humilis
901 2014 1037 2042 erubescit

256 2058 345 2086 facere
359 2058 470 2093 injuste,
483 2066 536 2085 non
558 2058 592 2085 ab
607 2058 660 2085 alio
672 2058 863 2093 reprehensus,
877 2059 923 2087 sed
940 2067 955 2086 a
970 2067 1029 2094 pro-

255 2104 314 2139 prio
329 2105 421 2137 corde,
440 2105 572 2139 quoniam
592 2104 723 2131 Dominus
746 2105 861 2140 protegit
876 2105 932 2140 (49)
945 2106 1036 2134 consi-

255 2150 321 2177 lium
336 2150 406 2184 ejus.
418 2149 477 2177 Non
499 2151 631 2178 obtrectat
641 2151 710 2183 viro,
726 2150 789 2185 quia
805 2151 886 2178 timor
901 2151 1035 2179 Altissimi

255 2195 340 2223 vincit
354 2196 455 2222 odium.
467 2196 576 2224 Timens
587 2197 659 2223 enim
677 2204 728 2223 non
741 2196 853 2224 offendit
874 2196 1033 2231 Dominum;

1049 1577 1070 1606 C

190 2259 199 2263 —
255 2249 310 2268 non
337 2241 394 2269 vult
421 2242 543 2274 omnino,
559 2249 594 2269 ne
618 2242 781 2277 cogitatione
801 2241 921 2277 quidem,
935 2243 1034 2277 injusta
1050 2245 1072 2272 D

256 2286 346 2314 facere
373 2287 504 2314 adversus
529 2287 676 2314 hominem.
702 2287 764 2314 Haec
789 2295 838 2323 ego
867 2288 962 2315 ultimo
989 2296 1037 2316 co-

255 2333 346 2368 gnovi,
372 2338 548 2368 posteaquam
573 2334 688 2368 ptenitui
710 2334 743 2361 de
759 2333 868 2369 Joseph.
880 2334 946 2367 Quae
962 2335 1034 2362 enim

255 2396 343 2418 autem
365 2391 478 2426 discedit
495 2392 528 2418 ab
544 2390 655 2426 llehrzeo
674 2394 748 2426 textu
761 2411 768 2423 ,
784 2391 829 2425 qui
846 2391 926 2418 habet
943 2392 1035 2426 viginti

255 2430 400 2461 argenteos.
415 2425 482 2453 Gen.
495 2433 598 2457 xxxvii,
614 2425 659 2461 eg.
671 2425 754 2452 Cum.
765 2426 885 2459 —Apud
905 2425 1036 2461 Hierony-

255 2459 328 2488 mum
344 2465 433 2488 tamen
455 2461 482 2488 in
506 2461 606 2493 Quwst.
624 2459 747 2487 Hebraic.
763 2465 828 2487 tom.
841 2462 876 2494 ll,
887 2469 913 2495 p.
924 2462 986 2494 540,
1001 2459 1034 2491 Ᾰ,

255 2497 319 2523 edit.
334 2495 433 2529 Paris.,
446 2497 535 2524 versio
549 2497 661 2530 antiqua
675 2503 728 2530 prae
747 2503 777 2523 se
799 2495 918 2527 ferebat,
943 2497 1035 2530 viginti

253 2532 351 2558 aureis.
370 2530 482 2566 vulgata
498 2535 587 2558 autem
604 2539 672 2566 nova
694 2531 786 2565 viginti
806 2532 945 2566 argenteis.
966 2530 1035 2559 Hinc

255 2567 369 2600 ipsemet
386 2565 565 2601 Hiet‘onymus
579 2567 606 2592 in
623 2565 720 2592 Matt/1.
738 2574 799 2592 xxvn
811 2586 817 2595 .
830 2570 896 2592 tom.
909 2565 957 2598 IV,
971 2575 1032 2601 pag.

256 2601 358 2636 1276,71“,
378 2611 407 2628 ε(
420 2600 530 2635 Joseph,
543 2601 596 2633 ait,
619 2609 672 2627 non
695 2606 723 2626 ut
745 2601 821 2627 mulli
843 2605 935 2634 putant
954 2600 1033 2636 juxta

256 2635 326 2662 LXX
354 2635 515 2670 lnterpretcs
527 2656 534 2668 ,
558 2636 652 2670 viginti
676 2636 765 2662 aureis
777 2636 900 2662 venditus
914 2635 969 2668 est;
986 2637 1033 2663 sed

253 2670 330 2704 juxta
343 2670 503 2698 Ilebraicam
520 2671 669 2700 veritatem.
682 2670 774 2704 viginti
791 2671 952 2705 argenteis.)
974 2671 1032 2704 Qua

255 2705 289 2732 de
305 2713 333 2732 re
347 2705 506 2733 Ambrosius
522 2706 567 2732 lib.
590 2706 626 2732 De
642 2705 755 2738 Ioseph.
775 2712 834 2739 cap.
848 2705 874 2736 5,
888 2713 947 2739 pag.
961 2706 1012 2733 488
1025 2715 1031 2732 :

259 2749 268 2764 ι
285 2739 347 2767 Ideo
359 2760 366 2772 ,
388 2741 495 2774 inquit,
516 2740 579 2767 alibi
598 2740 712 2775 viginti,
730 2740 792 2766 alibi
808 2740 898 2774 viginti
915 2741 1033 2774 etquin-

256 2782 309 2807 que
330 2774 431 2805 aureis,
456 2775 519 2801 alibi
542 2774 651 2809 triginta
677 2774 828 2802 invenimus
852 2775 1027 2809 emptumJo-

257 2808 334 2843 seph.
350 2823 385 2828 -—
397 2809 434 2835 Ita
450 2810 493 2836 hic
514 2808 623 2844 quoque
637 2809 797 2837 diversitas:
814 2810 856 2836 vel
870 2808 975 2844 viginti,
992 2810 1032 2837 vcl

258 2843 367 2879 triginta
382 2843 528 2879 aureorum
541 2850 580 2872 vel
598 2848 798 2879 argenteorum,
811 2848 862 2879 etc.
880 2855 890 2870 1

295 2878 350 2907 (41)
359 2878 422 2904 ’Ὁτι
430 2878 461 2904 τὸ
466 2878 555 2912 μῖσος
569 2898 586 2905 ..
595 2878 676 2911 ἐντῷ
692 2878 810 2913 Ἰωσήφ.
820 2878 936 2907 Omissa.
946 2879 1030 2907 Gnnu.

1087 276 1173 309 θείας,
1184 276 1233 302 τοῦ
1243 277 1329 307 ποιεῖν
1339 273 1520 308 δικαιοσύνην,
1536 271 1584 298 καὶ
1593 271 1684 298 πάντα
1694 271 1778 305 νόμον
1798 271 1868 305 Ύψί-

1088 333 1149 351 nou
1162 332 1168 339 ’
1198 322 1245 350 καὶ
1269 321 1306 357 μὴ
1330 319 1466 347 πλανᾶσθε
1481 319 1520 354 τῷ
1541 318 1677 353 πνεύματι
1694 317 1743 343 τοῦ
1761 317 1866 352 μίσους,

1086 372 1127 398 ὅτι
1145 368 1229 396 κακόν
1243 369 1301 394 ἐστι
1317 367 1363 393 ἐπὶ
1379 367 1479 397 πάσαις
1496 364 1625 399 πράξεσιν
1641 361 1803 398 ἀνθρώπων.
1815 362 1868 388 Πᾶν

1086 416 1101 442 ὃ
1117 415 1164 442 ἐὰν
1184 415 1263 449 ποιῇ,
1281 415 1295 440 ὸ
1319 412 1405 448 μισῶν
1425 410 1614 447 βδελύσσεται·
1636 409 1684 435 ἐὰν
1706 410 1768 444 ποιῇ
1792 408 1868 443 νόμον

1087 461 1188 497 Κυρίου
1201 480 1208 493 ,
1231 460 1282 486 οὐκ
1304 459 1409 485 ἐπαινεῖ
1421 457 1514 484 τοῦτον
1526 466 1534 472 ³
1551 457 1596 482 ἐὰν
1618 455 1736 490 φοϐῆται
1753 454 1867 490 Κύριον,

1086 507 1134 534 καὶ
1156 505 1220 542 θέλῃ
1240 505 1346 537 δίκαια,
1372 503 1464 530 τοῦτον
1488 503 1538 529 οὐκ
1555 502 1665 537 ἀγαπᾷ·
1681 501 1733 536 τὴν
1748 500 1870 536 ἀλήθειαν

1086 553 1184 588 ψέγει,
1207 550 1245 586 τῷ
1270 548 1444 585 κατορθοῦντι
1468 547 1578 582 φθονεῖ,
1604 545 1769 574 καταλαλιὰν
1787 546 1871 572 ἀσπά-

1088 598 1172 629 ι’,ζεται⁷
1191 594 1377 631 ὑπερηφανίαν
1398 593 1508 628 ἀγαπᾷ·
1535 593 1576 619 ὅτι
1591 592 1622 618 τὸ
1640 594 1718 627 μῖσος
1735 591 1868 625 ἐτύφλωσε

1087 643 1136 678 τὴν
1150 642 1239 677 ψυχὴν
1255 639 1337 668 αὑτοῦ
1349 660 1356 672 ,
1375 638 1465 670 καθὼς
1481 637 1559 672 κάγὼ
1576 637 1688 664 ἔϐλεπον
1705 637 1735 663 ὲν
1753 636 1794 671 τῷ
1816 637 1868 662 Ἰω-

1088 688 1142 723 σήφ
1165 686 1232 722 (λι)-

1122 734 1158 759 Δ¹.
1177 743 1186 758 ι
1205 731 1358 765 Φυλάξασθε
1372 728 1429 763 οὖν,
1443 730 1526 757 τέκνα
1542 739 1603 765 μου,
1621 728 1675 756 ἀπὸ
1690 728 1737 755 τοῦ
1758 728 1868 763 μίσους,

1086 779 1128 805 ὅτι
1143 779 1187 805 ἐπ’
1201 778 1281 804 αὑτὸν
1297 777 1341 804 τὸν
1354 777 1455 812 Κύριον
1472 776 1585 811 ἀνομίαν
1602 776 1682 802 ποιεῖ.
1701 775 1738 801 Οὐ
1757 774 1812 810 γὰρ
1831 774 1870 800 θέ-

1087 825 1127 851 λει
1144 824 1252 851 ἀκούειν
1269 824 1355 858 λόγων
1368 823 1482 850 ἐντολῶν
1502 822 1583 849 αὑτοῦ
1607 822 1672 856 περ).
1693 821 1806 855 ἀγάπης
1827 819 1869 846 τοῦ

1088 869 1217 905 πλησίον,
1244 870 1292 897 καὶ
1314 870 1353 901 εἰς
1375 869 1424 895 τὸν
1449 868 1513 894 Θεὺν
1539 867 1701 903 ἁμαρτάνει.
1733 866 1796 893 Ἐὰν
1819 865 1870 900 γὰρ

1088 916 1188 952 πταίσῃ
1203 916 1259 951 (42)
1274 916 1288 942 ό
1302 915 1415 950 ἀδελφὸς
1430 912 1615 946 αὑτοῦ,”εὐθὺς
1631 912 1701 939 θέλει
1714 912 1869 946 ἀναγγεῖλαι

1089 961 1165 993 πᾶσι,
1179 962 1225 987 καὶ
1239 960 1358 991 σπεύδει,
1373 960 1420 986 ἵνα
1434 958 1516 994 κριθῇ
1533 958 1597 994 περὶ
1613 957 1706 988 αὐτοῦ,
1735 957 1784 983 καὶ
1797 956 1870 982 κολα-

1078 1005 1163 1037 νσθεὶς
1180 1005 1311 1041 ἀποθάνῃ.
1332 1004 1393 1031 Ἐὰν
1411 1004 1440 1031 δὲ
1454 1003 1545 1035 δοῦλος
1565 1000 1602 1039 ᾖ,
1625 1002 1774 1038 συμὸάλλει
1795 1003 1869 1029 αὑτὸν

1089 1051 1157 1087 πρὸς
1174 1052 1221 1078 τὸν
1235 1051 1328 1087 κύριον
1342 1051 1433 1083 αὑτοῦ,
1450 1052 1497 1078 καὶ
1510 1052 1538 1077 ὲν
1553 1050 1626 1086 πάσῃ
1638 1050 1727 1084 mea
1740 1051 1872 1085 ἐπιχειρεῖ

1089 1098 1149 1123 κατ’
1165 1097 1247 1124 αὐτοῦ
1259 1117 1266 1129 ,
1281 1097 1308 1124 εῑ
1323 1106 1380 1129 πως
1401 1097 1549 1124 θανατώσει
1570 1096 1651 1122 αὐτόν
1673 1095 1740 1131 (45).
1764 1096 1801 1123 Τὸ
1821 1096 1870 1130 γὰρ

1090 1145 1167 1179 μῖσος
1182 1143 1236 1179 (44)
1253 1145 1378 1180 συνεργεῖ
1390 1143 1429 1178 τῷ
1445 1143 1517 1179 φόνῳ
1534 1142 1600 1178 (45),
1615 1143 1663 1169 καὶ
1677 1141 1750 1169 κατὰ
1765 1142 1820 1168 τῶν
1834 1143 1871 1169 εὑ-

1089 1189 1264 1224 πραγούντων
1275 1189 1325 1225 τὴν
1339 1189 1490 1225 προκοπὴν,
1503 1189 1608 1216 ἀκούων
1622 1188 1640 1224 ἦ
1656 1187 1740 1223 ὁρῶν,
1759 1187 1869 1214 πάντοτε

1088 1235 1205 1262 ἀσθενεῖ.
1220 1235 1323 1271 Ὥσπερ
1339 1234 1393 1270 γὰρ
1407 1236 1424 1271 ἡ
1437 1235 1530 1270 ἀγάπη
1547 1235 1593 1262 καὶ
1606 1235 1669 1266 τοὺς
1690 1234 1808 1268 νεκροὺς
1829 1233 1869 1259 Θέ-

1087 1281 1128 1307 λει
1143 1280 1317 1316 ζωοποιῆσαι,
1335 1281 1457 1312 καὶτοὺς
1474 1281 1502 1307 ὲν
1518 1281 1653 1315 ἀποφάσει
1667 1279 1784 1306 Θανάτου
1804 1279 1870 1305 θὲὶει

1088 1326 1320 1354 ἀνακαλέσασθαι·
1338 1325 1424 1359 οὕτως
1444 1325 1475 1352 τὸ
1493 1327 1570 1361 μῖσος
1590 1326 1653 1358 τοὺς
1676 1325 1785 1358 ζῶντας
1805 1324 1870 1351 θέλει

1087 1372 1254 1404 ἀποκτεῖναι,
1268 1372 1315 1398 καὶ
1330 1371 1392 1403 τοὺς
1406 1371 1434 1397 ὲν
1447 1371 1528 1406 ὀλίγῳ
1541 1371 1755 1406 ἁμαρτήσαντας
1766 1370 1796 1396 οὗ
1806 1370 1872 1396 θέλει

1088 1417 1147 1452 ζῇν.
1170 1416 1207 1442 Τὸ
1224 1415 1278 1451 γὰρ
1301 1415 1408 1450 πνεῦμα
1431 1415 1478 1442 τοῦ
1501 1416 1595 1451 μίσους
1615 1416 1660 1442 διὰ
1680 1416 1731 1451 τῆς
1750 1416 1871 1451 bitt-gul,»-

1087 1461 1149 1496 χίας
1165 1463 1290 1497 συνεργεῖ
1303 1461 1342 1497 τῷ
1361 1462 1467 1497 Σατανᾷ
1486 1462 1514 1488 ἐν
1531 1462 1612 1488 πᾶσιν
1630 1463 1669 1494 είς
1692 1461 1808 1489 θάνατον
1823 1463 1872 1488 τῶν

1088 1507 1254 1543 ἀνθρώπων·
1279 1508 1310 1534 τὸ
1332 1508 1360 1534 δὲ
1384 1507 1492 1543 πνεῦμα
1512 1507 1561 1543 τῆς
1584 1508 1695 1542 ἀγάπης
1720 1508 1749 1533 ὲν
1775 1516 1873 1542 pug/.-

1088 1552 1171 1588 θυμίᾳ
1199 1553 1324 1589 συνεργεῖ
1351 1552 1390 1588 τῷ
1417 1553 1491 1589 νόμῳ
1513 1553 1559 1580 τοῦ
1583 1553 1650 1580 Θεοῦ
1675 1554 1716 1584 εἰς
1739 1554 1872 1589 σωτηρίαν

1087 1597 1135 1624 ἀνθ
1141 1597 1249 1633 ρώπων.

1120 1655 1157 1682 E'.
1178 1666 1187 1681 ι
1206 1657 1298 1683 Κακδν
1315 1657 1345 1684 τὺ
1362 1657 1455 1692 μῖσος,
1479 1657 1520 1683 ὅτι
1540 1657 1674 1692 ὲνδελεχεῖ
1697 1657 1821 1693 συνεχῶς

1084 1700 1185 1735 ψεύδει,
1203 1702 1297 1729 λαλοῦν
1313 1702 1384 1729 κατὰ
1395 1702 1445 1738 τῆς
1459 1702 1596 1737 ἀληθείας,
1611 1704 1659 1730 καί
1675 1703 1712 1730 τὰ
1725 1703 1814 1739 μικρὰ
1827 1712 1870 1738 με·

1084 1746 1154 1780 γάλα
1172 1748 1252 1779 ποιεῖ,
1267 1747 1298 1773 τὸ
1313 1747 1407 1778 σκότος
1423 1747 1480 1781 φῶς
1495 1747 1622 1782 προσέχει
1644 1747 1702 1782 (46)
1714 1767 1722 1779 ,
1744 1748 1776 1774 τὺ
1791 1747 1869 1782 γλυκὺ

1085 1791 1182 1827 πικρὸν
1194 1791 1278 1826 λέγει,
1294 1792 1340 1818 καὶ
1354 1793 1534 1826 συκοφαντίαν
1548 1792 1701 1819 ἐκδιδάσκει
1712 1813 1720 1824 ,
1738 1794 1787 1820 καὶ
1800 1793 1870 1820 πόλε-

1086 1846 1152 1872 μον,
1169 1837 1216 1863 καὶ
1233 1837 1325 1873 ὓϐριν,
1343 1838 1389 1864 καὶ
1410 1838 1500 1864 πᾶσαν
1521 1837 1678 1871 πλεονεξίαν
1700 1839 1814 1869 κακῶν,
1830 1840 1870 1865 καὶ

1086 1881 1125 1908 ίοῦ
1147 1882 1297 1908 διαδολικοῠ
1318 1883 1367 1918 τὴν
1392 1883 1503 1918 καρδίαν
1526 1883 1623 1919 πληροῖ
1644 1884 1712 1919 (47).
1738 1885 1832 1911 Ταῦτα
1843 1886 1870 1910 ἐκ

1086 1928 1182 1963 πείρας
1194 1928 1265 1962 λέγω
1281 1929 1346 1964 ὑμῖν
1360 1930 1434 1961 ὅπως
1450 1929 1582 1964 φεὺξησθε
1597 1929 1628 1956 τὸ
1645 1931 1725 1965 μῖσος
1745 1930 1814 1965 (48),
1829 1930 1870 1956 καὶ

1085 1973 1232 2008 κολληθῆτε
1247 1975 1280 2009 τῇ
1298 1974 1392 2010 ἀγάπῃ
1407 1973 1453 2000 τοῦ
1470 1974 1582 2009 Κυρίου.
1604 1975 1637 2000 Ἠ
1652 1975 1815 2011 δικαιοσύνη
1831 1977 1869 2002 ὲκ-

1085 2017 1175 2044 6άλλει
1189 2018 1220 2044 τὸ
1234 2020 1310 2053 μῖσος
1322 2038 1329 2050 ,
1346 2019 1538 2054 ὴταπείνωσις
1553 2020 1660 2055 ἀναιρεῖ
1679 2020 1712 2047 τὸ
1736 2022 1826 2055 μῖσος.
1845 2022 1868 2047 Ὀ

1085 2062 1139 2098 γὰρ
1159 2063 1261 2095 δίκαιος
1281 2064 1328 2090 καὶ
1346 2063 1472 2095 ταπεινὸς
1493 2064 1603 2090 αἰδεῖται
1627 2064 1741 2098 ποιῆσαι
1767 2065 1867 2095 ἄδικον,

1085 2109 1135 2140 οὐχ
1147 2109 1200 2135 ὑπὸ
1212 2109 1291 2136 ἄλλου
1308 2109 1585 2144 καταγινωσκόμενος,
1597 2108 1665 2135 ἀλλὰ
1679 2110 1735 2136 ὑπὸ
1746 2110 1798 2145 τῆς
1809 2110 1867 2140 ἰδίας

1086 2155 1215 2190 καρδίας,
1239 2156 1279 2182 ὅτι
1302 2155 1403 2191 Κύριος
1424 2154 1565 2181 ὲπισκέπει
1588 2154 1644 2189 (50)
1671 2154 1704 2181 τὸ
1722 2154 1866 2183 διαϐούλισν

1087 2201 1178 2228 αὑτοῦ.
1191 2202 1227 2228 Οὐ
1244 2201 1389 2228 καταλαλεῖ
1402 2201 1497 2237 ἀνδρὸς
1512 2200 1578 2236 (51),
1596 2199 1692 2234 ἐπειδὴ
1703 2201 1718 2226 ὁ
1732 2201 1814 2235 φάεος
1826 2200 1864 2227 τενᾶ

1092 2247 1218 2282 Ὑψίστου
1233 2247 1297 2282 νικᾷ
1308 2247 1338 2273 τὸ
1352 2248 1438 2282 μῖσος.
1459 2246 1626 2280 Φοόούμενος
1647 2245 1704 2281 γὰρ
1727 2247 1767 2282 μὴ
1789 2255 1864 2282 προε-

1087 2293 1196 2328 κρούσει
1212 2293 1315 2329 Κυρίῳ·
1330 2293 1359 2319 οὺ
1375 2292 1447 2319 θέλει
1462 2292 1492 2319 τὸ
1508 2291 1570 2319 καθ’
1583 2292 1643 2318 ὅλον
1660 2292 1731 2328 (52),
1749 2293 1809 2320 οὐδὲ
1820 2293 1864 2323 ἓως

1086 2339 1212 2372 ἐννοιῶν,
1239 2339 1363 2374 ἀδικῆσαι
1385 2338 1537 2374 ἄνθρωπον.
1561 2337 1654 2364 Ταῦτα
1675 2337 1734 2372 ἐγὼ
1759 2339 1863 2374 ἔσχατον

1121 2396 1177 2432 (42)
1196 2397 1321 2430 Πταίσῃ.
1337 2396 1420 2432 Πνὲσῃ.
1435 2395 1473 2423 Ῑυ.

1122 2431 1178 2466 (45)
1196 2432 1264 2466 Κατ’
1278 2431 1381 2462 αὑτοῦ,
1397 2431 1425 2466 ἐξ
1440 2438 1502 2464 πως
1516 2431 1681 2458 θανατώσει
1697 2432 1801 2458 αὐτόν.
1818 2432 1863 2457 A5-

1084 2465 1131 2502 τῷ,
1139 2466 1232 2502 γεῖπως
1250 2465 1400 2502 οανατῳθῇ.
1415 2465 1452 2502 In.

1120 2501 1176 2536 (44)
1200 2501 1233 2527 Td
1249 2501 1303 2535 γὰρ
1316 2500 1413 2536 μῖσος.
1440 2500 1468 2526 ’0
1481 2500 1533 2536 γὰρ
1547 2500 1652 2536 φθόνιζς.
1668 2500 1707 2528 lo.

1131 2536 1175 2571 45)
1197 2537 1289 2571 Φόνφη
1308 2535 1408 2569 Φθόνῳ,
1425 2535 1534 2570 invidia,
1552 2544 1604 2563 ms.
1618 2535 1696 2562 Trin.
1715 2535 1754 2571 In.

1131 2570 1176 2605 46)
1199 2570 1233 2597 Τὸ
1249 2570 1358 2605 σκότος
1372 2578 1435 2603 φως
1450 2571 1600 2604 προσέχει.
1619 2571 1735 2598 Desunt.
1747 2570 1785 2597 In.

1131 2605 1176 2641 47)
1194 2605 1249 2641 Καί
1276 2604 1379 2641 πᾶσαν
1396 2605 1581 2641 ..πλεονεξίαν
1603 2605 1721 2641 κακῶν,
1751 2605 1797 2631 καὶ
1822 2605 1862 2641 {ait

1083 2639 1254 2668 διαϐολιχοῦ
1267 2639 1324 2673 τὴν
1333 2639 1458 2673 καρδίαν
1474 2641 1591 2673 πληροῖ.
1609 2639 1715 2668 Omissa
1732 2642 1805 2668 sunt.
1828 2639 1859 2666 In.

1120 2675 1174 2711 (48)
1194 2674 1347 2708 Φεύξησθε
1359 2675 1390 2701 τὸ
1401 2674 1500 2708 μῖσος.
1525 2675 1659 2710 Ἐξώσητε
1674 2676 1705 2702 τὺ
1720 2677 1798 2711 μῖσος
1819 2674 1860 2701 τοῦ

1082 2710 1215 2737 διαϐόλου.
1231 2710 1270 2737 In.

1120 2745 1176 2780 (A9)
1198 2745 1328 2780 Protegit.
1343 2744 1542 2780 Inspicitjuxta
1555 2743 1605 2772 Ox.
1623 2745 1671 2773 Gr.
1685 2745 1724 2780 In.

1131 2779 1175 2809 50)
1201 2779 1381 2806 Ἐπισκέπει.
1406 2781 1563 2806 Ἐπισκοπεί
1576 2781 1688 2809 rectius.
1702 2779 1742 2809 ID.

1131 2814 1174 2848 51)
1201 2814 1331 2848 ’Δγ-δρός.
1350 2815 1436 2841 Ὁσίου
1452 2815 1512 2841 add.
1527 2814 1563 2841 In.

1120 2850 1175 2885 (52)
1196 2849 1265 2876 Καθ’
1275 2849 1356 2876 ὅλον.
1375 2849 1503 2876 Καθόλου.
1518 2849 1554 2876 In.

1119 2537 1129 2641 ἓ
