1913 3102
48 191 101 218 1117

46 250 115 282 ἔγνων
128 245 194 282 μετά
211 245 242 272 τὺ
263 245 429 281 μετανοῆσαί
451 253 484 281 με
503 245 625 281 περὶτοῦ
646 246 752 282 Ἰωσήφ.
779 246 810 272 Ἦ
827 251 848 279 Α

45 293 87 328 γὰρ
104 291 168 319 κατὰ
185 291 252 318 Θεὸν
275 290 377 326 ἀληθὴς
396 290 525 326 μετάνοια
544 291 651 326 ἀναιρεῖ
665 292 715 326 τήν
730 291 809 318 ἀπει-

46 338 105 364 θειαν
120 337 183 373 (55),
198 337 245 363 καὶ
256 336 400 371 φυγαδεύει
412 336 442 363 τὸ
454 336 557 368 σκότος,
571 337 618 363 καὶ
630 336 811 372 φωτίζειτοὺς

44 383 186 418 ὀφθαλμοὺς,
200 382 248 409 καὶ
267 382 367 416 γνῶσιν
381 382 494 417 παρέχει
507 383 541 417 τῇ
552 382 636 418 ψυχῇ,
657 382 703 409 καὶ
720 383 812 418 ὁδηγεῖ

44 429 66 455 τὺ
77 428 214 455 διαδούλιον
227 427 296 462 πρὸς
314 427 459 463 σωτηρίαν,
475 427 522 454 καὶ
535 427 553 455 ὃ.
568 429 618 454 οὐκ
637 428 737 463 ἔμαθεν
758 428 811 455 ἀπὺ

43 474 189 509 ἀνθρώπων,
203 471 258 500 οἶδε
280 473 324 500 διὰ
342 473 392 508 τῆς
418 473 570 508 μετανοίας.
597 474 734 509 Ἑπήγαγε
755 474 810 510 (54)

44 519 85 554 γάρ
99 519 166 554 μοιὸ
179 518 247 550 Θεὸς
266 518 342 545 νόσον
360 519 480 553 ἥπατος,
499 519 547 545 καὶ
569 520 593 545 εί
614 519 651 555 μή
669 519 747 554 εὐχαὶ
763 519 810 546 τοῦ

43 564 128 600 πατρός
140 573 189 600 μου
208 563 307 591 Ἰακὼὸ
316 583 324 596 ,
338 564 426 598 ὀλίγου
439 563 602 600 διεφώνησεν
617 565 671 601 (56)
685 566 732 592 ἀπ’
744 565 810 600 ἐμοῦ

42 610 66 636 τὺ
76 609 173 645 πνεῦμά
186 618 249 645 μου.
264 610 303 636 Δι’
314 608 351 636 ὦν
363 609 418 645 (5⁵1)
431 609 486 644 γὰρ
496 609 637 645 ἄνθρωπος
649 612 810 646 παρανομεῖ,

42 655 68 681 δι’
83 655 186 682 ἐκείνων
209 656 259 682 καὶ
281 655 434 687 κολάζεται.
464 654 539 681 Ἐπεὶ
562 653 608 682 οὖν
632 656 754 682 ἀνέκειτο
776 655 811 682 τὰ

42 700 118 734 ἠπατά
139 708 188 735 μου
204 699 338 736 ,ἀνηλεῶς
360 699 430 726 κατὰ
449 699 496 726 τοῦ
528 699 642 735 Ἰωσὴφ,
665 700 705 735 τῷ
727 701 811 735 ἥπατι

43 745 137 780 πάσχων
166 746 309 782 ἀνηλεῶς,
324 745 471 782 ἐκρινόμην
500 745 546 772 ἐπὶ
578 746 664 781 μῆνας
694 746 810 779 ἕνδεκα,

42 790 157 818 καθ’δσον
177 792 274 827 χρόνον
294 793 395 828 ὲνεῖχον
419 792 459 828 τῷ
477 792 575 827 Ἰωσὴφ
587 812 595 824 ,
615 792 668 824 ἕως
688 793 730 819 ἵνα
743 801 811 829 πρα-

41 835 68 871 θῇ
90 835 153 872 (58).

71 892 111 924 ς’.
124 900 133 916 ‹
148 892 202 918 Καὶ
224 891 283 924 νῦν,
295 893 377 920 τέκνα
388 902 448 929 μου,
464 894 624 930 ἀγαπήσατε
637 893 752 925 ἕκαστος
765 893 811 920 τὸν

40 936 138 970 ἀδελφὸν
157 937 251 970 αὑτοῦ,
271 939 317 964 καὶ
329 938 443 974 ἐξάρατε
456 940 487 966 τὸ
509 941 587 975 μῖσος
603 939 657 966 ἀπὸ
675 940 728 966 τῶν
743 948 809 975 καρ-

40 981 92 1007 διῶν
102 982 184 1017 ὑμῶν,
199 983 361 1017 ἀγαπῶντες
376 984 506 1021 ἀλλήλους
520 986 549 1011 ὲν
561 985 643 1021 ἔργῳ,
662 985 708 1012 καὶ
723 985 807 1021 λόγῳ,

40 1027 79 1052 καὶ
96 1027 195 1064 διανοίᾳ.
209 1028 311 1064 ψυχῆς.
332 1028 402 1063 Ἐγὼ
427 1029 481 1065 γὰρ
504 1030 575 1056 κατὰ
602 1030 746 1066 πρόσωπον
762 1029 809 1056 τοῦ

41 1072 128 1106 πατρὸς
141 1072 218 1108 ήμῶν
232 1074 357 1109 εἰρηνικά
372 1074 480 1100 ἐλάλουν
493 1074 532 1110 τῷ
554 1075 652 1111 Ἰωσήφ
674 1074 741 1110 (59),
764 1075 810 1101 καὶ

40 1117 175 1151 ἐξελθόντος
192 1127 254 1153 μου,
269 1118 299 1145 τὸ
321 1119 426 1154 πνεῦμα
448 1119 494 1146 τοῦ
511 1120 605 1155 μίσους
619 1120 740 1151 ὲσκότιζέ
759 1128 809 1155 μου

40 1162 76 1188 τὸν
85 1163 151 1194 νοῦν,
168 1164 214 1190 καὶ
238 1163 372 1200 ἐτάρασσὲ
388 1173 438 1200 μου
454 1164 504 1200 τὴν
522 1165 620 1200 ψυχήν,
636 1165 683 1192 τοῦ
708 1165 809 1192 ἀνελεῖν

41 1206 117 1232 αδλτόν.
135 1206 271 1241 Ἀγαπᾶτε
283 1207 337 1243 (60)
349 1206 394 1235 οὖν
409 1208 540 1244 ἀλλήλους
551 1209 604 1235 ἀπὸ
619 1209 745 1245 καρδίας·
763 1210 810 1236 καὶ

40 1252 80 1277 ἐὰν
89 1252 194 1289 ἀμάρτῃ
207 1254 248 1285 εἰς
264 1253 304 1285 σὲ,
316 1254 375 1280 εἰπὲ
388 1253 462 1289 αὐτῷ
471 1255 499 1281 ὲν
511 1255 616 1291 είρήνῃ,
628 1254 753 1290 ὲξορίσας
765 1254 810 1282 τὸν

42 1296 73 1322 ἰὸν
85 1297 127 1323 τοῦ
141 1298 244 1333 μίσους,
257 1299 303 1326 καὶ
319 1300 347 1326 ὲν
360 1299 432 1335 ψυχῇ
447 1308 493 1326 σου
512 1301 549 1336 μὴ
561 1300 701 1336 κρατήσῃς
716 1299 791 1326 δόλον
801 1308 808 1315 ·

41 1342 79 1367 καὶ
89 1342 130 1368 ἐὰν
147 1343 317 1379 ὁμολογήσας
333 1344 496 1381 μετανοήσῃ,
518 1343 586 1378 ἄφες
607 1344 695 1379 αὐτῷ·
711 1344 759 1371 ἐάν
780 1352 810 1370 τε

41 1387 155 1421 ἀρνεῖται,
173 1390 210 1424 μὴ
224 1389 369 1424 φιλονείκει
380 1389 463 1425 αὐτῷ,
484 1390 587 1426 μήποτε
601 1390 748 1425 ὀμόσαντος
761 1390 810 1416 αὐ-

42 1431 187 1465 τοῦ,δισσῶς
196 1434 368 1470 ἁμαρτήσῃς.
376 1434 421 1469 Μὴ
433 1434 537 1470 ἀκούσῃ
548 1435 575 1460 ὲν
587 1433 661 1470 μάχῃ
673 1434 810 1470 ἀλλότριος

43 1478 173 1513 μυστήριον
194 1479 284 1514 ὑμῶν·
308 1480 351 1506 ἶνα
369 1480 405 1515 μή
430 1481 547 1515 μισήσας
565 1488 594 1506 σε
620 1479 750 1515 ὲχθράνῃ,
765 1478 811 1505 καὶ

43 1523 147 1559 μεγάλην
160 1525 296 1560 ἁμαρτίαν
308 1525 456 1561 ἐργάσηται
468 1525 538 1552 κατά
549 1525 596 1552 σοῦ
605 1534 611 1538 ·
626 1526 667 1552 ὅτι
682 1525 810 1556 πολλάκις

41 1565 198 1615 ξόληφονῆσαι
216 1569 283 1603 (61),
298 1570 314 1605 ἢ
335 1570 543 1606 περιεργάσεταί
563 1578 593 1596 σε
615 1570 644 1597 ὲν
660 1569 747 1605 κακῷ,
764 1570 812 1596 λα-
825 1586 846 1615 c

42 1611 86 1638 ϐὼν
94 1613 144 1640 ἀπὸ
158 1614 205 1641 σοῦ
219 1615 266 1642 τὸν
282 1615 330 1642 ἰόν.
349 1616 412 1642 Ἐὰν
422 1614 468 1642 οὖν
483 1616 619 1651 ἀρνεῖται,
634 1616 681 1642 καὶ
701 1615 810 1650 αἰδεσθῇ

41 1657 211 1695 ἐλεγχόμενος,
239 1661 378 1696 ἡσυχασθῇ
405 1661 471 1697 (62),
493 1661 531 1697 μὴ
555 1661 654 1697 ὲξάξῃς
672 1661 762 1687 αὐτόν.
783 1661 811 1687 '0

41 1703 85 1738 γὰρ
105 1705 267 1742 ἀρνούμενος
289 1708 422 1742 μετανοεῖ,
437 1706 483 1733 τοῦ
500 1707 597 1742 μηκέτι
619 1706 811 1742 πλημμελῆσαι

41 1750 73 1781 εἰς
92 1751 132 1778 σέ·
155 1752 226 1780 ἀλλὰ
250 1754 297 1780 καὶ
313 1754 424 1789 τιμήσει
437 1762 477 1786 σε,
499 1754 545 1780 καὶ
558 1753 749 1789 φοϐηθήσεται,
765 1754 811 1780 καὶ

41 1796 187 1831 είρηνεύσει.
216 1799 278 1826 Ἐὰν
293 1799 321 1826 δὲ
335 1799 444 1835 ἀναιδής
471 1801 539 1832 ἐστι,
556 1799 604 1826 καὶ
624 1799 760 1826 ἐνίσταται
777 1801 810 1835 τῇ

41 1843 120 1879 κακίᾳ,
130 1845 175 1871 καὶ
187 1845 274 1878 οὕτως
287 1845 354 1880 ἄφες
368 1845 441 1882 αὐτῷ
455 1846 509 1873 ἀπὸ
524 1846 646 1882 καρδίας,
659 1847 706 1873 καὶ
719 1847 763 1878 δὸς
772 1847 811 1882 τῷ

41 1886 90 1922 Θεῷ
98 1889 144 1925 τήν
157 1891 308 1926 ἐκδίκησιν.

68 1935 100 1961 Ζ’-
116 1944 125 1960 I
150 1937 214 1964 Ἐάν
231 1946 272 1969 τις
283 1937 353 1973 ὑπὲρ
369 1938 441 1973 ὑμᾶς
454 1937 601 1971 εὐοδοῦται,
624 1938 660 1974 μὴ
671 1938 808 1965 λυπεῖσθε·

42 1977 97 2006 ἀλλὰ
109 1981 154 2007 καὶ
166 1981 281 2017 εὔχεσθε
295 1983 366 2019 ὑπὲρ
379 1983 471 2014 αὐτοῦ,
486 1983 529 2009 ἵνα
539 1983 649 2015 τελείως
660 1983 809 2011 εὐοδοῦται.

43 2024 111 2057 Ἴσως
123 2026 176 2063 γὰρ
200 2028 263 2063 ὑμῖν
278 2028 410 2064 συμφέρει
424 2029 522 2060 οὕτως·
537 2029 584 2056 καὶ
595 2029 641 2055 ὲὰν
655 2030 700 2056 ἐπὶ
720 2030 810 2056 πλεῖον

42 2068 150 2102 ὑψοῦται,
165 2072 203 2107 μή
222 2072 350 2107 φθονεῖτε,
367 2073 592 2108 μνημονεύοντες,
603 2075 643 2101 ὅτι
655 2075 729 2102 πᾶσα
743 2074 810 2110 σὰρξ

42 2113 212 2145 ἀποθανεῖται.
228 2119 322 2154 Κυρίῳ
341 2119 369 2146 δὲ
381 2119 464 2155 ὕμνον
477 2119 654 2156 προσφέρετε,
669 2120 708 2155 τῷ
723 2120 809 2155 παρέ-

41 2168 103 2195 χοντι
123 2163 156 2190 τὰ
180 2163 252 2191 καλὰ
277 2165 324 2192 καὶ
350 2165 522 2201 συμφέροντα
545 2165 628 2192 πᾶσιν
644 2165 807 2201 ἀνθρώποις.
826 2164 848 2191 Ι)

639 190 898 220 TESTAMENTUM
917 193 995 220 GAD.

1572 194 1640 222 1118

863 248 1011 276 secundum
1028 247 1111 274 Deum
1126 251 1168 275 est
1182 255 1244 274 vera
1260 248 1456 282 poenitentia".
1471 249 1569 276 occidit
1582 249 1642 277 ino-

862 294 1037 324 bedientiam.
1056 297 1082 320 et
1099 292 1177 327 fugat
1192 293 1326 325 tenebras,
1342 297 1369 319 et
1383 293 1518 321 illuminat
1536 294 1640 328 oculos,

860 344 888 366 et
913 338 1096 374 cognitionem
1125 337 1219 364 tribuit
1242 338 1350 370 animae,
1368 341 1394 364 et
1407 338 1480 365 ducit
1495 339 1640 366 consilium

861 385 895 413 ad
919 385 1050 416 salutem;
1075 387 1102 411 et
1122 391 1183 419 quae
1210 390 1263 411 non
1294 384 1388 411 didicit
1417 385 1451 412 ab
1476 384 1640 414 hominibus.

861 431 938 457 novit
964 438 1011 464 per
1030 429 1229 465 paenitentiam.
1245 428 1353 457 lnduxit
1379 431 1452 457 enim
1476 430 1542 457 mihi
1570 430 1641 457 Deus

861 476 1047 510 aegritudinem
1074 475 1178 510 hepatis
1189 484 1201 511 ς,
1221 479 1248 502 et
1265 475 1317 503 nisi
1341 477 1478 503 orationes
1492 476 1576 510 patris
1588 476 1641 502 mei

860 521 945 549 Jacob
959 521 1162 556 praevenissent,
1179 528 1274 554 parum
1296 520 1382 548 abfuit
1397 521 1462 556 quin
1474 521 1600 548 desiisset
1615 520 1642 547 in

862 575 905 595 me
919 567 975 602 (55)
988 567 1100 602 spiritus
1113 574 1202 594 meus.
1220 566 1272 594 Per
1284 574 1346 602 quae
1360 566 1432 593 enim
1445 566 1526 593 homo
1541 569 1642 600 peccat,

861 621 909 649 per
933 613 980 640 illa
1007 617 1034 640 et
1058 613 1210 648 punitur".
1225 612 1294 646 Quia
1319 613 1403 648 igitur
1419 612 1550 647 disposita
1565 615 1644 639 erant

862 659 959 694 bepata
974 665 1034 686 mea
1050 658 1303 685 immisericorditer
1330 658 1460 685 adversus
1485 657 1595 692 Ioseph.
1615 657 1643 684 in

861 705 958 739 hepate
981 704 1088 739 patiens
1111 703 1373 735 immisericorditer,
1388 703 1521 738 judicium
1546 703 1644 737 pertuli

860 757 909 785 per
936 757 1043 777 menses
1068 749 1204 781 undecim,
1231 749 1382 776 secundum
1406 754 1514 784 tempus
1538 749 1565 776 in
1587 755 1644 783 quo

861 794 1010 821 insidiabar
1024 793 1133 829 Josepb,
1150 801 1236 829 usque
1247 794 1312 821 dum
1327 793 1500 822 venderetur.

897 882 941 910 VI.
962 891 971 908 ι
985 882 1018 910 Et
1031 890 1114 914 nunc,
1126 883 1172 909 ﬁlii
1188 883 1250 914 mei,
1263 883 1367 918 diligite
1380 883 1573 919 unusquisque
1587 883 1643 910 fra—

861 931 929 956 trem
942 936 1033 960 suum,
1053 933 1080 956 et
1089 928 1193 956 auferte
1203 929 1296 956 odium
1312 937 1327 956 a
1336 930 1465 957 cordibus
1477 931 1585 962 vestris,
1600 931 1643 957 di-

860 975 973 1010 ligentes
994 978 1101 1002 vosmet
1116 975 1231 1002 invicem
1249 975 1275 1002 in
1293 982 1384 1010 opere,
1404 980 1432 1002 et
1454 983 1589 1009 sermone,
1615 980 1643 1003 et

860 1022 1022 1057 cogitatione
1033 1022 1141 1049 animae.
1158 1021 1214 1056 Ego
1225 1022 1296 1048 enim
1312 1029 1405 1048 coram
1419 1020 1488 1048 facie
1499 1022 1583 1056 patris
1596 1030 1643 1049 no-

861 1068 908 1096 stri
929 1068 1041 1103 paciﬁca
1068 1068 1201 1103 loquebar
1223 1068 1256 1095 ad
1277 1067 1396 1102 Ioseph;
1414 1071 1440 1094 et
1456 1071 1571 1094 exeunte
1588 1076 1641 1100 me,

861 1113 972 1149 spiritus
987 1113 1042 1141 odii
1056 1113 1415 1141 obtenebravitintellectum
1432 1120 1533 1144 meum.
1549 1117 1575 1139 et
1585 1117 1642 1139 tur-

861 1159 935 1186 bavit
949 1159 1068 1186 animam
1084 1166 1183 1191 meam,
1196 1158 1228 1185 ad
1249 1157 1428 1186 occidendum
1443 1165 1516 1184 eum.
1534 1157 1642 1192 Diligite

861 1205 945 1241 igitur
957 1209 1063 1233 vosmet
1082 1205 1199 1232 invicem
1210 1212 1243 1231 ex
1262 1204 1362 1236 corde;
1377 1207 1403 1230 et
1419 1204 1442 1230 si
1458 1208 1550 1238 peccet
1572 1203 1598 1230 in
1616 1208 1642 1231 te

861 1251 983 1288 (aliquis)
1007 1251 1052 1279 dic
1069 1251 1093 1278 ei
1108 1251 1134 1278 in
1156 1258 1224 1286 pace
1245 1250 1279 1282 ”,
1298 1249 1483 1278 exterminans
1506 1257 1642 1276 venenum

861 1297 927 1330 odii,
944 1301 971 1324 et
982 1297 1009 1324 in
1025 1297 1115 1324 anima
1129 1301 1173 1323 tua
1191 1303 1226 1323 ne
1240 1301 1334 1323 teneas
1351 1295 1463 1322 dolum:
1477 1299 1503 1321 et
1521 1295 1544 1322 si
1558 1295 1643 1321 conli-

861 1347 922 1371 tens
935 1343 1076 1378 paeniteat,
1093 1342 1199 1370 remitte
1211 1342 1252 1375 ei;
1269 1341 1325 1369 etsi
1341 1346 1431 1376 negat,
1448 1349 1482 1368 ne
1495 1340 1643 1368 contendas

861 1396 923 1416 cum
939 1395 983 1420 eo,
999 1396 1033 1416 ne
1048 1388 1156 1423 quando
1179 1388 1288 1422 jurante
1302 1395 1345 1421 eo,
1362 1387 1506 1422 dupliciter
1535 1394 1641 1422 pecces.

861 1432 901 1460 Ne
914 1433 1006 1460 audiat
1015 1433 1120 1460 alienus
1136 1433 1163 1460 in
1177 1433 1351 1460 contentione
1364 1438 1497 1460 secrelum
1511 1437 1642 1462 vestrum:

861 1486 896 1506 ne
913 1479 1007 1506 odiens
1023 1483 1049 1506 te
1064 1479 1230 1511 inimicetur,
1243 1483 1270 1506 et
1280 1486 1409 1513 magnum
1424 1482 1564 1513 peccatum
1580 1483 1644 1512 ope-

861 1527 937 1551 retur
950 1523 1081 1551 adversus
1096 1528 1137 1556 te;
1149 1523 1278 1558 quoniam
1292 1523 1431 1550 multoties
1442 1523 1505 1550 do1o
1517 1523 1644 1557 loquetur

863 1573 962 1601 tecum,
977 1569 1018 1595 vel
1037 1568 1254 1603 perscrutabitur
1267 1572 1293 1596 te
1306 1569 1333 1595 in
1347 1568 1429 1601 malo,
1441 1568 1578 1602 accipiens
1591 1575 1606 1594 a
1618 1572 1644 1596 te

861 1622 1007 1642 venenum.
1026 1614 1055 1642 Si
1071 1615 1154 1649 igitur
1166 1618 1256 1649 neget,
1271 1618 1297 1641 et
1311 1614 1455 1641 erubescat
1469 1614 1642 1648 redargutus,

861 1664 889 1688 et
900 1660 1033 1695 quiescat,
1049 1668 1082 1687 ne
1089 1659 1190 1687 educas
1204 1667 1277 1686 eum.
1287 1658 1393 1694 Negans
1408 1659 1480 1686 enim
1497 1659 1642 1693 resipiscit,

862 1711 892 1734 ut
907 1714 960 1734 non
975 1707 1092 1741 amplius
1102 1706 1243 1741 delinquat
1256 1706 1282 1732 in
1299 1709 1341 1738 te;
1355 1705 1401 1732 sed
1414 1710 1440 1732 et
1452 1705 1642 1736 honorabitte,

861 1758 889 1781 et
905 1753 1021 1785 timebit,
1035 1756 1062 1779 et
1074 1751 1203 1786 paciﬁcus
1227 1751 1287 1778 erit.
1313 1750 1342 1777 Si
1359 1758 1423 1777 vero
1444 1750 1643 1777 inverecundus

861 1803 913 1831 est.
927 1802 954 1825 et
966 1799 1049 1826 instat
1063 1797 1188 1830 malitiae;
1205 1801 1232 1824 et
1246 1797 1281 1823 ita
1298 1795 1405 1824 remitte
1426 1795 1451 1823 ei
1463 1803 1496 1823 ex
1510 1795 1603 1828 corde,
1615 1800 1643 1823 et

861 1848 895 1876 da
912 1848 967 1875 Deo
978 1846 1125 1874 vindictam
1136 1845 1168 1872 '°.

896 1936 954 1964 Vll.
966 1945 975 1962 ι
991 1935 1020 1963 Si
1036 1936 1098 1971 quis
1111 1935 1172 1970 plus
1181 1942 1262 1969 quam
1271 1941 1321 1962 vos
1333 1939 1518 1968 prosperalur,
1533 1940 1566 1959 ne
1576 1940 1641 1960 con-

860 1983 1006 2011 tristemini
1017 1991 1024 2014 ;
1036 1981 1082 2009 sed
1098 1984 1205 2008 etorate
1219 1987 1270 2015 pro
1284 1978 1514 2015 ipso,utperfecte
1528 1986 1640 2013 prospe-

860 2034 945 2056 retur.
962 2027 1042 2055 Forte
1055 2027 1126 2054 enim
1139 2026 1215 2054 vobis
1226 2025 1335 2060 expedit
1353 2026 1389 2051 ita
1404 2034 1410 2051 :
1427 2029 1454 2051 et
1468 2024 1491 2051 si
1506 2024 1567 2058 plus
1591 2031 1640 2050 ex-

861 2074 960 2101 altatus
969 2071 1060 2102 fuerit.
1073 2079 1107 2099 ne
1121 2070 1274 2102 invideatis,
1292 2069 1476 2101 recordantes,
1494 2068 1566 2103 quod
1580 2075 1639 2094 om-

860 2119 904 2146 nis
911 2125 976 2145 caro
986 2117 1126 2144 morietur.
1142 2115 1260 2143 Domino
1275 2118 1364 2142 autem
1384 2115 1513 2149 hymnum
1530 2113 1638 2146 oﬂ'erte,

862 2163 991 2192 tribuenti
1002 2163 1073 2190 bona
1082 2166 1109 2190 et
1116 2161 1193 2189 utilia
1205 2161 1336 2188 omnibus
1349 2159 1546 2187 hominibus".
1559 2158 1642 2186 Scru-

79 2250 99 2266 ¹⁷
113 2250 133 2278 ll
144 2251 210 2279 Cor.
224 2259 272 2285 vn,
287 2251 330 2280 10.
368 2253 391 2269 ³³
405 2251 469 2288 Sap.
483 2260 522 2287 ιι,
534 2253 578 2280 17.
616 2253 638 2269 ’⁸
653 2252 747 2280 Matth.
763 2259 808 2279 xvr

864 2251 980 2285 l5;Luc.
1006 2258 1073 2284 xvn,
1099 2250 1127 2277 5.
1168 2249 1191 2265 ³⁸
1207 2247 1409 2281 Romam”).
1451 2247 1472 2264 δι
1487 2247 1551 2275 lsai.
1571 2255 1591 2279 ι,
1613 2247 1640 2274 5.

80 2309 120 2343 55)
143 2309 312 2337 Ἀπείθειαν.
335 2310 471 2343 Ἀγνοιαν.
489 2310 571 2337 Gtt/t3.

143 2345 296 2380 'Enriira're.
328 2342 405 2380 71‘0qu
435 2345 648 2380 ἐπιστρέφοντας
685 2342 811 2380 δέχεσθαι

41 2377 300 2417 addit'eodex_0xon.
321 2379 387 2417 Quae
401 2380 485 2417 alium
506 2377 617 2414 prorsus
636 2377 748 2417 sensum
763 2377 806 2417 fa-

41 2413 115 2450 ciunt,
129 2415 208 2450 quasi
222 2416 278 2442 haec
293 2414 428 2450 verba_ad
440 2413 526 2450 Deum
537 2418 629 2442 essent
647 2413 788 2450 referenda
802 2421 809 2445 ;

41 2447 204 2484 sedpraz'l'ero
216 2449 359 2476 lectionem
372 2448 635 2484 Cantabrigiensem.
647 2447 686 2474 In.

70 2483 121 2518 (55)
140 2484 265 2511 Desiiuet
287 2484 313 2510 in
332 2492 381 2510 me.
403 2481 584 2510 Dissoniu'sset
602 2490 618 2508 a
637 2489 688 2508 me.
715 2481 811 2509 Graeca

43 2522 87 2543 vox
103 2520 232 2550 occurrit.
246 2518 330 2545 Exod.
341 2527 414 2549 xxrv,
424 2526 462 2550 ll;
478 2518 534 2545 Jos.
548 2525 626 2548 mu.
648 2518 690 2550 14,
703 2521 756 2544 etc.

43 2552 119 2614 0:353)
133 2555 256 2614 Ιξλιγου
264 2552 456 2587 διεφώνησεν.
474 2553 624 2588 Ἔφθασαν,
633 2552 694 2579 add.
709 2552 736 2579 in
748 2551 810 2579 cod.

62 2594 117 2614 1011.
134 2594 171 2615 ID.

71 2622 120 2658 (57)
139 2623 180 2649 Δι’
192 2622 244 2655 ὧν,
260 2632 288 2650 κ.
299 2632 324 2649 τ.
339 2623 364 2650 λ.
383 2621 459 2649 Hanc
481 2622 643 2650 sententiam
665 2621 810 2658 exscripsit

43 2661 125 2700 {luctor
136 2666 167 2685 ex
180 2658 248 2700 §a‘p;
260 2666 298 2690 ιι,
313 2658 358 2700 17,
371 2658 417 2685 ubi
434 2657 571 2700 ipsissirna
586 2664 654 2699 pene
669 2657 753 2700 verba
765 2663 812 2700 ρε-

43 2696 141 2727 currunt
155 2701 163 2720 :
179 2689 271 2720 Afri”
286 2701 330 2726 τις
338 2689 505 2727 ἁμαρτάνει,
521 2692 570 2719 διὰ
579 2689 689 2718 {mittar
700 2689 812 2720 κολάζε-

104 2726 182 2763 Vulg.
193 2737 201 2754 ι
213 2727 268 2754 Per
281 2736 340 2763 qua:
354 2726 413 2763 quis
429 2732 528 2762 pereat,
543 2735 589 2762 per
598 2726 652 2754 hac
664 2731 688 2753 et
705 2731 811 2760 torqua-

54 2767 87 2786 ur.

73 2795 122 2832 (58)
140 2797 210 2824 Καθ’
224 2797 303 2832 error
314 2797 425 2832 χρόνον
439 2796 556 2831 ἐνεῖχΟν·
570 2794 610 2829 τῷ
624 2795 739 2830 Ἰωσὴφ,
756 2794 811 2827 ἕως

44 2827 88 2866 Im,
100 2827 205 2866 σέραθῇ.
223 2827 340 2859 Desunt:
349 2831 434 2858 GRAB.

73 2865 121 2901 (59)
142 2867 282 2901 Εὶρηνικὰ
305 2867 436 2893 ἐλάλουν
453 2866 492 2899 τῷ
512 2865 625 2900 Ἰωσήφ.
643 2865 745 2901 Moses,
758 2865 810 2891 Ge-

45 2905 93 2927 nes.
106 2900 204 2934 uxvil,
219 2910 244 2928 ιν.
262 2902 284 2934 ι,
301 2902 333 2928 de
350 2901 477 2929 fratribus
491 2901 600 2936 Josephi
617 2901 651 2928 ail
671 2910 676 2927 :
691 2900 808 2927 Oderunt

861 2314 930 2333 eum.
948 2313 994 2333 nec
1009 2309 1129 2340 poteram
1148 2304 1291 2340 quidquam
1311 2304 1420 2340 paciﬁca
1431 2303 1466 2329 ad
1480 2311 1538 2329 eum
1557 2303 1639 2340 (aqui.

861 2341 962 2368 Auctor
971 2338 1035 2368 vero
1050 2339 1274 2367 T‘estamentorum
1286 2339 1342 2365 haec
1353 2339 1435 2365 verba
1449 2346 1501 2365 non
1518 2338 1642 2365 universe

862 2375 974 2410 intelligi
989 2376 1085 2407 voluit,
1102 2374 1148 2401 sed
1161 2374 1211 2410 Aad»
1225 2374 1361 2408 colloquia
1387 2373 1500 2410 fratrupl
1526 2373 1597 2410 inter
1612 2381 1641 2410 se

862 2406 1011 2442 restrinxit,
1030 2410 1146 2443 indeque
1156 2408 1259 2434 Gadum
1275 2406 1365 2435 coram
1381 2412 1455 2442 patre
1466 2406 1550 2443 Jacob
1565 2408 1640 2441 paci-

863 2445 922 2482 ﬁca_
929 2452 990 2482 cum
1005 2441 1123 2482 Joseph'o
1140 2443 1220 2469 verba
1229 2441 1475 2482 _inirsclt_isserdixit.
1490 2441 1527 2468 In.

898 2479 952 2514 (60)
979 2477 1126 2514 Ὰταπᾱτε,
1142 2486 1170 2514 κἶ
1188 2486 1213 2503 τ.
1229 2477 1253 2514 λ.
1266 2477 1372 2514 Omissa
1390 2478 1481 2504 omnia
1503 2483 1589 2511 usque
1607 2477 1640 2503 :nl

862 2511 1072 2547 περιἁπαοίμὸν
1084 2512 1142 2538 τῶν
1155 2511 1322 2547 ἀνθρώπων.
1335 2512 1374 2539 In.

898 2546 964 2586 (6|)_
972 2546 1185 2586 Δοῼῐοφοιτῆσιιι.
1205 2546 1358 2586 Lugendum
1368 2582 1372 2586 _
1382 2551 1447 2586 puto
1459 2546 1639 2586 δολοφονήσει,

862 2580 1054 2618 idque'Latine
1061 2581 1226 2618 reddendum
1242 2580 1303 2618 dolo
1318 2582 1416 2608 occidet
1436 2586 1469 2607 te.
1490 2580 1516 2618 Id
1534 2580 1640 2618 quippe

861 2616 997 2653 signiﬁcat
1010 2617 1124 2653 verbum
1135 2616 1295 2653 δολοφονεῖν,
1318 2624 1371 2642 non
1385 2620 1478 2653 autem
1494 2616 1581 2653 dolose
1598 2616 1640 2653 [o-

861 2650 918 2688 qu‘i.
932 2657 961 2680 nt
973 2652 1109 2680 Bobertus
1120 2650 1269 2688 transtulit,
1278 2651 1368 2685 legens
1383 2650 1454 2688 forte
1465 2650 1625 2688 δολοφωνεῖν
1631 2658 1638 2683 ;

861 2686 942 2720 quam
952 2692 1042 2715 tamen
1050 2694 1142 2714 vocem
1155 2687 1181 2712 in
1196 2686 1269 2712 nullo
1285 2690 1396 2712 auctore
1405 2686 1502 2720 legisse
1516 2686 1639 2712 memini.

885 2723 984 2755 ccetlit,
1002 2723 1074 2757 quod
1095 2721 1177 2749 caedes
1197 2728 1242 2754 per
1259 2720 1349 2757 dolum
1366 2721 1438 2757 facta
1458 2720 1641 2757 anu-cedenti-

860 2758 913 2785 bus
935 2755 1022 2792 magis
1044 2760 1185 2792 congruat,
1198 2755 1469 2792 rquanrcoiloquium
1495 2755 1615 2792 dolorum
1629 2762 1639 2781 :

861 2793 961 2828 quippe
977 2790 1092 2828 grandis
1099 2790 1204 2828 peccati
1218 2790 1323 2817 mentio
1338 2790 1409 2818 facta
1422 2795 1491 2824 erat,
1509 2790 1589 2826 quale
1597 2794 1640 2818 est

861 2825 954 2861 utique
968 2825 1154 2854 hbliiicitliuut.
1167 2825 1204 2861 In.

861 2897 869 2923 1
897 2859 951 2897 (62)
977 2860 1163 2896 Ἡσυχίισθῇ.
1189 2859 1238 2888 Hic
1264 2860 1438 2889 inserendum
1463 2860 1568 2889 videtur
1581 2860 1637 2889 καί.

873 2906 897 2923 υ.

873 2906 897 2924 υ.
