1913 3102
235 124 305 152 “05

745 124 979 154 TESTAMENTA
1008 123 1054 152 XII
1085 124 1394 154 PATRIARCHARUM.

1793 127 1860 155 ιιοι

233 182 309 211 stris.
327 181 362 210 Et
373 183 481 211 animas
493 187 651 211 sanctorum
664 184 788 219 captivas
802 185 929 213 liberabit
939 192 954 212 a
967 184 1017 212 Be-

1076 184 1160 212 Ἰούδα
1186 186 1233 212 καὶ
1260 185 1327 212 Λευτ
1350 185 1381 212 τδ
1408 185 1540 220 σωτήριον
1565 184 1686 220 Κυρίου·
1706 185 1755 211 καὶ
1782 185 1860 218 αὐτὸς

233 230 295 263 liar,
309 233 337 257 et
353 235 492 257 convertet
505 230 588 257 corda
602 230 741 258 incredula
763 231 798 258 ad
815 230 972 263 Dominum,
991 235 1017 257 et

232 275 309 302 dabit
320 275 513 303 invocantibus
525 283 588 303 eum
604 283 698 310 pacem
711 281 840 304 aeternam
851 296 859 309 ,
871 281 898 304 et
910 275 1017 311 requie-

232 324 310 348 scent
323 320 350 348 in
363 321 436 349 Eden
446 322 545 355 sancti,
557 325 585 349 et
599 322 627 348 in
642 329 711 349 nova
724 321 874 349 Jerusalem
886 321 1019 349 laetabun~

233 371 278 394 tur
286 367 364 402 justi,
382 375 444 402 quae
461 367 513 394 erit
529 367 556 394 in
571 366 795 402 gloriﬁcationem
818 366 866 394 Dei
886 374 971 401 usque
990 366 1017 393 in

233 412 375 440 saeculum.
396 411 429 439 Et
441 419 495 439 non
507 412 626 448 amplius
641 412 788 440 sustinebit
806 411 958 439 Jerusalem
970 411 1019 439 de-

233 457 406 491 solationem,
418 465 507 493 neque
521 458 643 493 captivus
654 458 769 485 ducetur
780 457 877 491 Israel;
889 457 1019 492 quoniam

233 502 366 531 Dominus
380 505 431 532 erit
453 504 480 531 in
506 505 596 532 medio
619 504 690 540 ejus,
709 512 770 532 cum
785 504 944 532 hominibus
955 511 1021 532 con-

231 553 368 583 versatus,
382 554 409 578 et
420 555 533 578 sanctus
556 549 637 578 Israel
660 558 777 585 regnans
800 557 883 586 super
899 550 974 585 ipsos
992 550 1019 577 in

232 593 388 622 humilitate
401 599 429 622 ct
443 599 604 630 paupertate
617 604 625 622 ε
640 599 667 623 et
680 595 728 630 qui
741 595 826 624 credit
841 595 870 622 in
886 603 961 630 eum,
975 603 1020 623 re-

233 640 326 675 gnabit
337 640 363 668 in
376 641 490 669 veritate
503 642 529 668 in
542 642 630 670 caelis.

1070 231 1178 267 ποιήσει
1194 231 1262 267 πρὸς
1279 231 1326 258 τὸν
1341 231 1441 266 Βελιὰρ
1455 231 1581 266 πόλεμον,
1597 231 1644 257 καὶ
1657 231 1708 267 τήν
1723 231 1861 266 ἐκδίκησιν

1069 276 1116 303 τοῦ
1134 277 1225 308 νίκους
1240 276 1320 303 δώσει
1335 276 1451 312 πέρασιν
1475 276 1561 312 ὑμῶν.
1583 277 1638 303 Kal
1650 277 1702 312 τήν
1719 277 1861 313 αἰχμαλωυ

1072 322 1132 350 σίαν
1145 323 1214 359 λάϐῃ
1228 323 1282 350 ἀπὸ
1293 323 1340 350 τοῦ
1353 323 1451 358 Βελιὰρ
1461 322 1550 358 ψυχὰς
1564 323 1661 357 ἁγίων,
1675 323 1723 350 καὶ
1735 323 1861 359 ἐπιστρέ-

1070 368 1115 402 ψει
1140 368 1254 404 καρδίας
1277 368 1399 400 ἀπειθεῖς
1417 367 1485 404 πρὸς
1508 368 1626 404 Κύρων,
1641 369 1689 395 καὶ
1702 368 1786 395 δώσει
1810 370 1862 401 τοῖς

1071 414 1297 449 ἐπικαλουμένοις
1316 414 1397 441 αὐτὸν
1412 414 1524 450 είρήνην
1536 413 1654 446 αἰώνιον,
1674 414 1724 441 καὶ
1742 415 1863 441 ἀναπαύ-

1072 468 1164 487 σονται
1174 461 1203 486 ὲν
1220 460 1299 495 Ἐδὲμ
1314 459 1397 494 ἅγιοι,
1412 459 1460 487 xal
1475 460 1522 486 ἐπὶ
1534 459 1584 494 τῆς
1604 459 1667 492 νέας
1686 460 1864 496 Ἰερουσαλήμ

1071 506 1304 542 εὐφρανθήσονται
1317 506 1426 538 δίκαιοι,
1437 506 1500 541 ἥτις
1515 505 1590 532 ἔσται
1605 506 1645 537 εἰς
1656 505 1783 541 δόξασμα
1799 505 1862 532 Θεοῦ

1070 550 1123 582 ἕως
1138 551 1186 577 τοῦ
1205 551 1312 584 αἰῶνος.
1332 552 1387 579 Καὶ
1404 552 1454 578 οὐκ
1475 551 1515 578 ἔτι
1535 551 1667 587 ὑπομένει
1686 551 1862 588 Ἰερουσαλὴμ

1070 597 1221 632 ἐρήμωσιν,
1235 597 1296 624 οὐδὲ
1310 597 1541 633 αίχμαλωτίσεται
1562 597 1680 633 Ἰσραήλ,
1702 598 1746 624 ὅτι
1765 597 1862 633 Κύριος

1070 642 1146 669 ἔσται
1163 644 1192 670 ὲν
1208 643 1283 679 μέσῳ
1298 644 1393 679 αὐτῆς,
1405 645 1461 676 τοῖς
1477 643 1631 679 ἀνθρώποις
1647 645 1861 679 συναναστρεφό-

233 695 314 723 μενος
327 686 393 723 (8⁵1)⁷
407 687 454 714 καὶ
471 687 547 722 ἆγιος
567 686 676 723 Ἰσραὴλ
691 685 839 721 βασιλεύων
856 687 901 714 ἐπ’
920 686 1018 718 αὐτοὺς
1035 687 1065 713 ἐν
1083 687 1247 714 ταπεινώσει
1269 688 1317 715 καὶ
1337 689 1365 714 ὲν
1392 689 1530 724 πτωχείᾳ·
1553 689 1600 715 καὶ
1614 689 1629 715 ὁ
1660 689 1801 716 πιστεύων
1823 690 1861 715 ἐπ’

232 734 306 770 αὐτῷ
320 733 473 770 βασιλεύσει
488 734 518 760 ὲν
532 733 646 769 ἀληθείᾳ
659 734 688 759 ὲν
701 734 757 764 τοῖς
769 732 901 768 οὐρανοῖς.

268 779 313 808 Vl.
332 789 342 806 ι
361 780 393 807 Et
409 787 483 807 nunc
500 779 592 807 timete
612 778 757 806 Dominum
768 799 776 812 ,
788 778 837 805 ﬁlii
857 778 926 810 mei,
939 782 966 806 et
979 782 1019 806 at-

1108 779 1153 812 ς’.
1169 787 1178 803 ι
1193 778 1249 804 Kal
1262 777 1309 804 νῦν
1320 777 1457 813 φοϐήθητε
1469 777 1514 804 τὸν
1527 777 1638 813 Κύριον,
1651 777 1737 804 τέκνα
1746 786 1808 813 μου,
1819 777 1862 804 ul

235 828 338 856 tendite
361 825 564 861 vobismetipsis
581 832 597 852 a
624 824 725 852 Satana
749 829 776 852 et
791 824 931 859 spiritibus
949 825 1018 859 ejus.

232 873 456 909 Appropinquate
471 876 561 900 autem
577 871 643 905 Deo,
657 876 684 898 et
694 870 790 906 angelo
801 870 942 898 excusanti
953 878 1019 903 vos;

232 919 361 955 quoniam
379 919 424 946 hic
437 922 481 946 est
502 917 636 945 mediator
653 915 701 944 Dei
717 921 743 943 et
758 915 899 943 hominum
911 936 919 949 ,
934 916 961 943 in
973 923 1021 950 pa—

232 974 291 994 cem
305 964 399 993 Israel.
416 964 518 992 Contra
535 971 649 999 regnum
666 962 771 990 inimici
788 962 889 996 stabit;
902 969 1021 997 quapro-

232 1018 292 1048 pter
307 1012 399 1040 studet
414 1011 543 1039 inimicus
569 1010 728 1038 subvertere
750 1016 845 1037 omnes
863 1009 1021 1036 invocantes

233 1058 390 1087 Dominum.
414 1057 495 1085 Novit
518 1056 602 1090 enim,
615 1055 689 1091 quod
710 1055 738 1082 in
750 1062 803 1090 qua
817 1055 862 1082 die
877 1054 1021 1082 crediderit

232 1103 326 1137 Israel,
337 1103 576 1133 consummabitur
597 1109 711 1137 regnum
733 1101 847 1128 inimici.
863 1100 922 1136 Ipse
940 1107 1020 1135 ange-

232 1152 275 1190 Iu_s
291 1151 365 1187 pacis
379 1149 538 1178 Iortilicabit
554 1148 647 1181 Israel,
664 1156 697 1175 ne
711 1147 814 1175 incidat
825 1147 852 1174 in
867 1148 947 1174 linem
961 1154 1020 1173 ma-

232 1198 333 1225 lorum.
350 1197 378 1224 In
394 1200 516 1231 tempore
531 1199 622 1222 autem
638 1194 789 1229 iniquitatis
808 1193 892 1221 Israel
913 1192 1018 1220 recedet

233 1244 268 1271 ab
282 1243 322 1271 eis
338 1242 481 1275 Dominus,
499 1241 626 1269 transibit
647 1244 709 1275 post
729 1240 873 1267 facientem
894 1239 1020 1267 volunta-

232 1293 288 1317 tem
309 1289 407 1324 ipsius,
432 1287 563 1322 quoniam
589 1286 658 1314 nulli
685 1285 843 1320 angelorum
866 1285 918 1312 erit
934 1288 964 1312 ut
984 1284 1019 1312 ei.

233 1333 338 1360 Nomen
351 1333 411 1368 ejus
423 1333 475 1361 erit
489 1333 516 1360 in
529 1332 605 1360 omni
626 1331 688 1359 loco
708 1330 790 1359 Israel
803 1335 831 1358 et
851 1331 878 1357 in
895 1331 1020 1366 gentibus

236 1379 370 1407 Salvator.
383 1379 552 1406 Conservate
573 1378 655 1413 igitur
677 1378 873 1413 vosmetipsos,
889 1377 937 1405 lilii
956 1378 1019 1410 mei,

235 1425 272 1452 ab
285 1425 359 1452 omni
372 1432 454 1459 opere
469 1423 635 1459 pernicioso,
648 1427 674 1451 et
687 1423 795 1458 abjicite
810 1423 878 1451 iram
898 1427 926 1451 et
939 1430 1021 1451 omne

236 1470 418 1503 mendacium,
430 1474 457 1497 et
467 1469 570 1506 diligite
584 1469 725 1498 veritatem
735 1474 762 1497 et
773 1469 1019 1505 longanimitatem,

234 1521 261 1544 et
273 1524 334 1552 qua:
344 1515 486 1544 audivistis
497 1524 513 1543 a
530 1521 606 1551 patre
618 1521 720 1548 vestro,
733 1515 835 1543 tradite
850 1519 878 1543 et
893 1523 941 1542 vos
957 1515 1020 1543 ﬁliis

235 1562 344 1594 vestris,
365 1565 395 1588 ut
419 1561 533 1596 recipiat
553 1567 602 1588 vos
625 1560 706 1588 Pater
722 1561 842 1596 gentium
858 1569 864 1586 :
879 1560 930 1588 erit
946 1560 1019 1588 enim

235 1615 318 1635 verax
330 1611 358 1634 et
371 1607 546 1642 longanimis,
565 1611 726 1635 mansuetus
744 1611 772 1634 et
792 1606 917 1638 humilis,
932 1610 960 1634 et
972 1607 1021 1634 do-

234 1658 300 1679 cens
315 1658 362 1686 per
380 1658 461 1686 opera
482 1650 567 1686 legem
591 1650 646 1678 Dei.
660 1649 795 1678 Discedite
810 1658 875 1686 ergo
895 1651 929 1678 ab
946 1651 1021 1678 omni

235 1697 379 1732 injustitia,
395 1702 420 1725 et
433 1697 569 1725 adhaerete
579 1695 692 1732 iustitiae
710 1696 776 1732 legis
791 1695 909 1724 Domini.
928 1695 959 1724 Et
976 1703 1019 1724 se-

235 1743 316 1778 pelite
328 1751 370 1770 me
385 1750 468 1781 prope
481 1747 570 1778 patres
585 1750 670 1770 meos.
689 1751 700 1769 ο

1072 824 1219 860 προσέχετε
1231 824 1341 855 ἑαυτοῖς
1355 823 1409 850 ἀπὸ
1427 823 1474 850 τοῦ
1487 824 1604 855 Σατανᾶ,
1617 824 1666 850 καὶ
1677 823 1734 850 τῶν
1746 824 1860 859 πνευμά-

1070 878 1124 897 των
1135 869 1229 896 αὐτοῦ.
1248 869 1385 904 Ὲγγίζετε
1403 869 1433 895 δὲ
1443 869 1484 904 τῷ
1494 869 1564 905 Θεῷ,
1576 870 1624 896 καὶ
1645 869 1686 905 τῷ
1705 870 1814 905 ἀγγέλῳ
1825 869 1860 904 τῷ

1070 915 1280 951 παραιτουμένῳ
1292 915 1374 950 ὑμᾶς·
1390 915 1431 941 ὅτι
1448 912 1525 946 οὗτός
1536 916 1594 941 ὲστι
1608 915 1725 950 μεσίτης
1737 915 1806 941 Θεοῦ
1817 915 1860 941 καὶ

1071 958 1232 995 ἀνθρώπων,
1246 960 1292 985 ἐπὶ
1303 959 1353 994 τῆς
1373 959 1485 995 εἰρήνης
1503 959 1619 995 Ἰσραήλ.
1642 960 1797 987 Κατέναντι
1813 960 1859 995 τῆς

1072 1004 1212 1040 βασιλείας
1224 1004 1272 1032 τοῦ
1284 1003 1383 1040 ἐχθροῦ
1396 1005 1532 1041 στήσεται·
1546 1005 1590 1032 διὰ
1600 1005 1682 1032 τοῦτο
1694 1006 1836 1037 σπουδάζει
1847 1007 1860 1032 ὁ

1070 1050 1168 1086 ἐχθρὸς
1177 1050 1366 1083 ὑποσκελίζειν
1381 1051 1484 1082 πάντας
1498 1051 1561 1083 τοὺς
1574 1051 1808 1087 ἐπικαλουμένους
1817 1052 1859 1078 τὺν

1071 1096 1182 1131 Κύριον.
1194 1093 1254 1122 οἶδε
1262 1095 1325 1132 γὰρ,
1336 1095 1377 1122 ὅτι
1390 1096 1420 1121 ὲν
1428 1095 1521 1131 ἡμέρᾳ
1529 1096 1584 1132 (88)
1592 1096 1735 1123 πιστεύσει
1741 1096 1762 1122 Ί
1766 1096 1858 1132 opai-,1,

1072 1141 1312 1178 συντελεσθήσεται
1324 1142 1341 1177 ή
1354 1141 1478 1177 βασιλεία
1495 1141 1542 1168 τοῦ
1556 1141 1664 1177 ἐχθροῦ.
1680 1142 1768 1174 Αὐτὸς
1786 1143 1801 1168 ὁ
1812 1143 1857 1176 ἂγ-

1070 1187 1148 1222 γελος
1160 1187 1210 1223 τῆς
1221 1187 1332 1223 εἰρήνης
1344 1186 1479 1223 ὲνισχύσει
1490 1186 1535 1214 τὸν
1551 1187 1668 1223 Ἰσραὴλ,
1681 1188 1720 1223 μὴ
1732 1187 1858 1223 ἐμπεσεῖν

1070 1233 1151 1260 αὑτὸν
1163 1233 1204 1265 είς
1221 1232 1297 1264 τέλος
1317 1231 1420 1259 κακῶν.
1442 1231 1538 1258 Ἔσται
1557 1231 1585 1259 δὲ
1598 1233 1627 1259 ὲν
1645 1232 1736 1268 καιρῷ
1747 1233 1857 1268 ἀνομίας

1070 1279 1117 1307 τοῦ
1137 1279 1245 1316 Ἰσραὴλ
1261 1279 1448 1314 ἀφιστάμενος
1468 1280 1515 1306 ἀπ’
1533 1278 1622 1306 αὐτῶν
1641 1279 1762 1316 Κύριος,
1784 1289 1858 1315 μετε-

1070 1326 1196 1353 λεύσεται
1209 1325 1320 1352 ὁπισθεν
1335 1324 1465 1352 ποιοῦντα
1477 1326 1508 1352 τὸ
1527 1325 1633 1362 θέλημα
1653 1326 1749 1358 αὐτοῦ,
1762 1326 1805 1353 ὅτι
1816 1327 1858 1353 οὐ·

1070 1372 1126 1399 δενὶ
1148 1371 1203 1399 τῶν
1224 1371 1348 1406 ἀγγέλων
1368 1370 1444 1397 ἔσται
1466 1371 1504 1403 ὼς
1524 1371 1609 1407 αὐτῷ.
1624 1372 1661 1398 Τὸ
1681 1372 1767 1408 ὄνομα
1779 1373 1858 1399 αὑτοῦ

1071 1417 1147 1445 lota:
1159 1418 1189 1444 ὲν
1201 1419 1280 1444 παντὶ
1293 1417 1367 1454 τόπῳ
1381 1417 1500 1454 Ἰσραήλ,
1512 1418 1560 1444 καὶ
1574 1419 1603 1444 ὲν
1615 1419 1672 1450 τοῖς
1693 1418 1794 1450 ἔθνεσι,
1807 1419 1858 1444 Συ-

1069 1465 1132 1500 τήρ.
1147 1463 1332 1499 Διατηρήσατε
1345 1461 1392 1490 οὖν
1405 1463 1528 1495 ἑαυτοὺς,
1545 1463 1629 1490 τέκνα
1642 1472 1703 1499 μου,
1717 1463 1772 1490 ἀπὸ
1791 1471 1857 1490 παν-

1069 1509 1115 1542 τὸς
1137 1509 1218 1546 ἔργου
1240 1509 1370 1546 πονηροῦ,
1385 1511 1432 1536 καὶ
1453 1510 1622 1546 ἀπορρίψατε
1642 1510 1688 1537 τὸν
1710 1510 1796 1546 θυμὸν
1813 1511 1859 1538 καὶ

1070 1557 1126 1584 πᾶν
1136 1556 1245 1592 ψεῦδος,
1268 1557 1315 1583 καὶ
1336 1557 1496 1593 ἀγαπήσατε
1519 1557 1568 1593 τὴν
1591 1557 1721 1592 ἀλήθειαν
1742 1557 1790 1584 καὶ
1811 1558 1859 1592 τὴν

1073 1602 1273 1639 μακροθυμίαν,
1283 1603 1331 1629 καὶ
1338 1602 1356 1629 ἃ
1366 1603 1501 1638 ἠκούσατε
1513 1602 1588 1638 παρὰ
1598 1603 1645 1629 τοῦ
1659 1603 1763 1638 πατρὸς
1773 1603 1858 1639 ὑμῶν,

1072 1647 1203 1683 μετάδοτε
1225 1648 1273 1674 καὶ
1295 1647 1375 1683 ὑμεῖς
1397 1649 1454 1680 τοῖς
1470 1648 1576 1679 τέκνοις
1589 1647 1678 1683 ὑμῶν,
1690 1648 1734 1675 ἵνα
1753 1648 1859 1684 δέξηται

1071 1695 1144 1730 ὑμᾶς
1154 1695 1168 1721 ό
1180 1694 1274 1729 Πατὴρ
1284 1693 1338 1720 τῶν
1357 1694 1450 1721 ὲθνῶν·
1469 1694 1544 1721 ἔσται
1564 1693 1618 1730 γὰρ
1631 1694 1735 1730 ἀληθὴς
1748 1695 1795 1721 καὶ
1809 1703 1858 1730 μα-

1071 1741 1218 1777 κρόθυμος,
1239 1740 1325 1776 πρᾶος
1346 1740 1393 1767 καὶ
1410 1740 1546 1772 ταπεινὸς,
1565 1740 1613 1766 καὶ
1635 1740 1802 1767 ἐκδιδάσκων
1818 1741 1859 1766 διὰ

233 1791 289 1818 τῶν
310 1790 398 1826 ἔργων
418 1790 499 1825 νόμον
519 1788 596 1816 Θεοῦ.
627 1788 775 1824 Ἀπόστητε
796 1785 843 1814 οὖν
865 1787 919 1815 ἀπὸ
944 1787 1033 1822 πάσης
1063 1786 1189 1818 ἀδικίας,
1213 1785 1260 1812 καὶ
1291 1784 1437 1820 κολλήθητε
1459 1785 1492 1820 τῇ
1522 1784 1680 1822 δικαιοσύνῃ
1703 1785 1752 1812 τοῦ
1779 1785 1859 1821 νόμου

233 1838 282 1866 τοῦ
293 1837 407 1874 Κυρίου.
421 1837 475 1864 Kal
491 1835 595 1872 θάψατέ
615 1844 648 1871 με
661 1834 716 1872 (89)
730 1835 812 1870 ὲγγὺς
831 1834 886 1861 τῶν
901 1834 1025 1869 πατέρων
1047 1842 1107 1870 μου.
1126 1842 1135 1858 ι

270 1893 326 1921 VII.
342 1894 374 1921 Et
389 1901 453 1921 cum
474 1894 533 1921 haec
553 1893 678 1926 dixisset,
700 1892 840 1920 osculatus
862 1896 904 1919 est
918 1899 980 1924 eos,
994 1895 1022 1918 et

1108 1891 1144 1917 Z'.
1158 1890 1213 1916 Kal
1234 1889 1322 1916 ταῦτα
1344 1888 1446 1920 εἰπὼν,
1471 1889 1650 1924 κατεφίλησεν
1671 1888 1790 1921 αὐτοὺς,
1815 1891 1857 1915 καὶ

236 1940 366 1968 dormivit
380 1947 507 1968 somnum
533 1945 705 1976 perpetuum.
723 1939 756 1966 Et
773 1938 937 1974 sepelierunt
957 1945 1019 1966 eum

1074 1933 1194 1961 ὕπνωσεν
1207 1934 1288 1961 ὕπνον
1302 1934 1418 1961 αἰώνιον.
1433 1933 1487 1959 Kal
1506 1933 1607 1969 ἔθαψαν
1620 1933 1701 1960 αὐτὸν
1714 1935 1739 1960 οἱ
1751 1934 1805 1960 υἱοὶ
1814 1934 1856 1960 αὑ-

237 1988 284 2015 ﬁlii
297 1987 374 2022 ejus;
390 1991 418 2015 et
437 1991 499 2023 post
513 1987 571 2015 hate
588 1987 757 2015 reduxerunt
770 1993 832 2014 ossa
853 1985 913 2020 ejus
937 1991 1019 2020 prope

1074 1981 1127 2007 τοῦ·
1142 1981 1189 2007 καὶ
1203 1979 1271 2016 μετὰ
1283 1979 1368 2006 ταῦτα
1382 1979 1534 2014 ἀνήνεγκαν
1552 1978 1587 2005 τὰ
1606 1978 1674 2006 ὀστᾶ
1691 1979 1777 2006 αὑτοῦ
1799 1980 1855 2006 σύν-

236 2033 384 2065 Abraham,
396 2033 471 2061 Isaac
482 2037 509 2061 et
522 2032 616 2061 Iacob.
628 2032 863 2066 Quemadmodum
879 2039 944 2059 vero
957 2039 1019 2066 pro-

1074 2034 1154 2061 εγγυς
1181 2025 1321 2062 Ἀϐραὰμ,
1339 2026 1387 2053 καὶ
1406 2025 1513 2057 Ἰσαὰκ,
1534 2026 1580 2051 καὶ
1598 2024 1704 2051 Ίακώὸ.
1726 2025 1802 2061 Πλὴν
1823 2025 1855 2055 ὼς

236 2078 356 2114 phetavit
371 2079 410 2106 eis
422 2079 490 2113 Dan,
505 2079 577 2114 quod
592 2079 678 2115 legem
697 2077 744 2106 Dei
757 2078 798 2106 sui
813 2077 960 2113 neglecturi
973 2085 1018 2104 es-

1074 2073 1275 2108 ὲπροφήτευσεν
1286 2072 1378 2104 αὐτοῖς
1390 2071 1454 2103 Δὰν,
1466 2072 1507 2098 ὅτι
1519 2071 1699 2098 ἐπιλάθωνται
1711 2072 1794 2107 νόμον
1807 2072 1854 2107 (90)

237 2130 308 2159 sent,
321 2130 348 2152 et
368 2126 514 2153 abalienati
530 2125 620 2154 forent
639 2133 654 2153 a
671 2129 742 2152 terra
764 2124 929 2152 hzereditatis
946 2124 1019 2158 ipso-

1074 2117 1139 2144 Θεοῦ
1153 2117 1253 2150 αὐτῶν,
1272 2119 1319 2145 καὶ
1341 2117 1598 2154 ἀλλστριωθήσονται
1616 2117 1669 2152 γῆς
1688 2118 1793 2153 κλήρου
1811 2118 1852 2145 αὑ-

237 2179 309 2204 rum,
325 2175 353 2199 et
366 2179 381 2199 a
395 2179 494 2207 genere
515 2171 597 2200 Israel
610 2192 617 2206 ,
636 2176 665 2200 et
690 2173 776 2207 patria
790 2171 927 2206 ipsorum;
943 2171 979 2197 ita
993 2175 1019 2198 et

1074 2165 1136 2197 τῶν,
1149 2165 1197 2192 καὶ
1207 2165 1301 2200 γένους
1319 2164 1437 2200 Ἰσραὴλ,
1451 2165 1498 2191 καὶ
1520 2165 1638 2200 πατριᾶς
1658 2163 1761 2196 αὐτῶν,
1775 2164 1852 2194 οὕτως

237 2216 338 2245 factum
353 2222 404 2246 est.

1074 2211 1117 2238 καὶ
1129 2211 1239 2246 γέγονεν
1251 2210 1314 2247 (91).

1332 2267 1528 2294 ΚΕΦΑΛΑΙΟΝ
1548 2267 1589 2294 ιιι.

1088 2311 1216 2346 Διαθήκη
1231 2310 1410 2346 Νεφθαλείμ,
1424 2311 1490 2345 περὶ
1503 2310 1636 2346 φυσικῆς
1645 2311 1835 2346 ἀγαθότητος.

1104 2357 1144 2382 Αι.
1153 2356 1330 2391 Ἀντίγραφον
1341 2355 1473 2391 διαθήκης
1484 2355 1652 2390 Νεφθαλεὶμ,
1666 2352 1705 2382 ὧν
1719 2356 1820 2382 διέθετο
1826 2356 1850 2381 ὲν

531 2262 645 2291 CAPUT
666 2263 734 2291 VIII.

274 2308 471 2344 Testamentum
486 2309 668 2345 Nepluhalim,
679 2310 713 2337 de
725 2309 844 2337 naturali
859 2309 984 2336 bonitate.

273 2354 296 2383 I.
309 2354 516 2390 Transcriptum
542 2356 696 2384 testamenti
718 2355 893 2391 Nephthalim
915 2354 949 2382 de
965 2354 1019 2387 his,

236 2409 298 2438 quae
312 2402 448 2438 disposuit
459 2403 487 2430 in
503 2408 624 2438 tempore
644 2403 707 2431 linis
727 2403 781 2434 sui,
802 2402 829 2429 in
842 2409 914 2429 anno
927 2405 1020 2429 cente-

237 2449 308 2476 simo
322 2449 461 2477 tricesimo
478 2449 541 2477 vitae
558 2457 624 2477 suae.
640 2448 871 2476 Convenientibus
884 2447 947 2475 Iiliis
962 2447 1021 2475 suis

236 2494 265 2522 in
280 2494 397 2529 septimo
420 2501 524 2529 mense,
545 2500 642 2530 quarta
666 2495 710 2523 die
733 2494 846 2527 mensis,
871 2494 930 2528 ipso
952 2501 1020 2521 sano

236 2541 393 2570 exsistente.
407 2539 471 2568 fecit
483 2548 588 2568 comam
600 2541 667 2576 ipsis
679 2545 706 2568 et
728 2544 819 2576 potum
834 2539 1018 2575 magniﬁcum.

272 2606 330 2644 (8'1)
348 2608 412 2641 Τοῖς
434 2608 598 2644 ᾀνθρὼπρις
619 2606 1018 2644 συναναστρεφόμενοι-,διε

237 2641 341 2670 Baruch
351 2664 358 2675 ,
376 2651 416 2675 ιιι,
428 2643 473 2670 58.
489 2641 567 2670 Μετὰ
585 2643 664 2670 τοῦτο
683 2644 730 2670 ἐπὶ
752 2643 804 2678 γῆς
816 2641 913 2678 ὤφθη,
927 2643 974 2668 καὶ
989 2643 1018 2678 έν

236 2679 291 2710 τοῖς
311 2677 464 2714 ἀνθρώποις
485 2679 689 2714 συνανεστράφη
707 2687 713 2704 :
732 2677 811 2713 Vulg.
835 2677 900 2705 Post
921 2678 976 2704 licet:
991 2677 1019 2703 in

238 2713 315 2740 terris
338 2714 406 2740 visus
429 2718 486 2746 est,
502 2719 526 2741 et
549 2722 608 2740 cum
618 2713 770 2740 hominibus
788 2718 955 2740 conversatus
969 2717 1016 2739 est.

237 2746 297 2779 Quo
312 2756 378 2775 sane
395 2749 493 2775 horum
519 2748 743 2776 Testamentorum
765 2752 903 2776 auctorem
926 2754 1017 2782 respe-

239 2783 311 2810 xisse
325 2783 391 2809 nihil
404 2783 508 2810 dubito.

274 2816 330 2851 (88)
354 2818 405 2844 Ἐν
419 2818 522 2852 ἡμέρᾳ.
536 2818 611 2846 Adde
666 2818 754 2853 GMB._

1070 2401 1157 2437 καιρῷ
1179 2401 1270 2434 τέλους
1289 2400 1388 2433 αὐτοῦ,
1411 2402 1441 2428 ὲν
1466 2401 1520 2428 ἔτει
1539 2401 1576 2437 ρλ’
1597 2400 1670 2436 ζωῆς
1690 2401 1776 2428 αὑτοῦ
1793 2401 1848 2436 (92).

1070 2447 1251 2474 Συνελθόντων
1269 2447 1323 2474 τῶν
1347 2446 1411 2474 υίῶν
1432 2446 1515 2473 αὐτοῦ
1536 2447 1564 2473 ἐν
1584 2446 1691 2482 ἑϐδόμῳ
1717 2447 1794 2482 μηνὶ,
1813 2453 1849 2471 τε-

1069 2494 1155 2530 τάρτῃ
1168 2493 1225 2529 (95)
1237 2493 1284 2520 τοῦ
1307 2492 1407 2529 μηνὸς,
1429 2493 1595 2528 ὑγιαίνοντος
1618 2492 1721 2525 αὐτοῦ,
1746 2493 1847 2528 εποίησε

1069 2539 1176 2565 δεῖπνον
1188 2539 1279 2570 αὐτοῖς
1302 2538 1350 2565 καὶ
1371 2537 1494 2566 κώθωνα.
1518 2538 1574 2564 Kal
1587 2537 1656 2573 μετὰ
1677 2537 1728 2564 τοῦ
1747 2538 1847 2570 ἐξυπνι-

1104 2606 1159 2642 (89)
1167 2642 1172 2647 _
1180 2606 1236 2647 Καὶ
1250 2605 1424 2647 θάψατέέιε.
1440 2606 1501 2647 Καὶ.
1512 2606 1588 2647 ᾖσται
1599 2606 1747 2647 ’το-γένος.
1754 2615 1804 2641 μου
1813 2606 1847 2636 είς

1071 2642 1206 2704 σωτηρίαν
1222 2641 1274 2673 ἕως
1288 2641 1335 2668 τοῦ
1349 2641 1457 2673 αἰῶνος,
1469 2642 1543 2669 addit
1556 2641 1617 2669 cod.
1631 2641 1724 2669 Oxon.
1739 2641 1777 2668 In.

1104 2677 1131 2704 I9
1153 2679 1159 2704 )
1176 2678 1274 2704 Νόιιον
1290 2677 1375 2703 deest.
1389 2675 1429 2703 Io.

1115 2677 1149 2704 90
1176 2678 1274 2711 Νόμον
1290 2677 1375 2703 deest.
1389 2677 1429 2703 Io.

1089 2677 1160 2752 ~im;
1176 2712 1273 2752 Oili/(uc
1285 2711 1334 2754 una)
1347 2711 1478 2754 γέγονεν.
1493 2711 1548 2738 Kal
1565 2711 1615 2754 ξοῦ
1634 2711 1791 2747 σπέρματος
1805 2710 1847 2737 αὖ·

1068 2746 1258 2786 τῶνληοιῐιίεῴε
1269 2746 1361 2786 obtuli
1369 2747 1415 2786 καὶ
1429 2746 1547 2786 γέγονεν.
1559 2747 1603 2786 _Ip.

1104 2781 1160 2851 (92)
1175 2780 1258 2815 Ζωῆς
1269 2781 1372 2808 αὑτοῦ.
1395 2780 1517 2816 Δευτέρῳ
1533 2781 1596 2810 add.
1613 2782 1641 2809 in
1656 2789 1710 2809 ms.
1725 2781 1798 2809 Trin.
1809 2780 1844 2808 In.

1115 2817 1149 2845 95
1176 2816 1310 2851 Τετάρτῃ.
1326 2817 1391 2852 Μιᾷ.
1408 2816 1446 2844 In.
