1913 3102
65 194 132 229 nos

605 195 866 226 TES'I‘AMENTUM
884 196 1115 226 NEPHTHALIM.

1606 202 1673 230 “06

67 252 151 288 σθῆναι
162 250 245 278 αὑτὸν
260 251 290 278 τὸ
303 250 384 287 πρωῒ,
398 249 473 279 εἶπεν
492 252 592 285 αὐτοῖς,
605 253 645 280 ὅτι
655 262 661 269 ·
679 264 687 279 ι
714 254 838 291 Ἀποθνή-

897 255 931 282 Ει
944 260 1089 291 postquam
1101 255 1234 284 excitatus
1250 262 1292 285 est
1311 265 1326 284 a
1341 265 1437 286 somno
1452 267 1542 291 mane.
1557 260 1626 289 dixit
1642 263 1675 289 il—

66 305 124 324 σκω·
140 306 149 322 ι
163 297 210 323 καὶ
220 297 273 323 οὐκ
284 297 423 324 ἐπίστευον
435 297 518 332 αὐτῷ.
533 298 588 324 Kal
599 298 717 333 εὐλογῶν
729 299 840 336 Κύριον,

66 343 251 378 ὲκραταίωσεν,
266 343 306 369 ὅτι
327 343 396 378 μετὰ
414 343 445 370 τὸ
462 343 568 371 δεῖπνον
579 344 610 371 τὸ
624 345 686 380 χθὲς
699 345 842 373 ἀποθανεί-

65 398 112 416 ται,
125 388 245 424 Ἤρξατο
259 387 304 415 οὖν
317 389 405 423 λέγειν
418 390 475 421 τοῖς
488 390 555 422 υίοῖς
567 390 661 417 αὑτοῦ·
679 400 688 416 ι
711 391 840 418 Ἀκούσα-

65 442 97 464 τε,
109 434 188 460 τέκνα
202 441 267 469 μου,
279 434 332 460 υίοὶ
343 433 502 469 Νεφθαλεὶμ
512 454 519 465 ,
532 434 665 461 ἀκούσατε
680 435 776 469 λόγους
787 444 841 462 πα·-

63 479 118 513 τρὺς
129 478 214 514 ὑμῶν.
235 478 307 513 Ἐγὼ
319 479 467 515 ἐγεννήθην
480 479 534 506 ἀπὸ
546 479 650 512 Βάλλας
659 489 666 496 ·
693 481 739 506 καὶ
754 480 794 507 ὅτι
813 480 842 507 ὲν

63 522 205 559 πανουργίᾳ
217 523 345 559 εποίησεν
358 524 375 559 ή
394 524 503 560 Ῥαχὴλ,
524 525 570 551 καὶ
589 524 689 552 ἔδωκεν
708 525 767 552 ἀνθ’
780 526 843 552 ἑαυ-

63 567 106 602 τῆς
116 567 162 603 τὴν
176 568 282 595 Βάλλαν
292 568 330 604 τῷ
338 569 444 602 Ἰακὼϐ,
458 571 504 596 καὶ
517 569 564 596 ἐπὶ
573 569 627 596 τῶν
641 569 736 606 μηρῶν
743 569 842 606 Ῥαχὴλ

63 613 131 639 ἔτεκέ
152 623 196 649 με·
218 614 263 641 διὰ
283 614 363 641 τοῦτο
382 614 498 650 ἐκλήθην
521 615 680 651 Νεφθαλείμ
701 615 767 653 (94).
787 617 841 644 Kal

63 659 179 695 ἠγάπησε
196 668 230 696 με
250 660 360 696 Ῥαχὴλ,
373 661 414 687 ὅτι
427 662 472 688 επὶ
486 661 540 688 τῶν
560 661 655 697 μηρῶν
666 661 749 697 αὐτῆς
768 663 842 697 ὲγεν-

64 705 147 739 νήθην·
161 706 208 732 καὶ
221 705 287 732 εἴδει
299 706 401 732 ἁπαλδν
414 706 477 733 ὄντα
497 706 635 741 κατεφίλει
650 716 683 743 με
696 727 703 740 ,
715 707 838 743 λέγουσα·

65 758 74 774 ο
90 750 182 786 Ἰδοιμι
199 750 315 786 ἀδελφόν
334 760 380 778 σου
398 752 429 777 ἐκ
446 752 496 786 τῆς
509 752 612 784 κοιλίας
625 762 674 788 μου
688 754 757 781 κατὰ
771 755 810 782 σέ.
829 765 838 780 ι

66 795 137 822 Ὅθεν
150 796 197 823 καὶ
207 797 299 832 ὅμοιός
321 806 365 832 μοι
381 795 417 833 ἧν
438 798 466 823 ὲν
489 799 570 825 πᾶσιν
589 799 696 835 Ἰωσὴφ,
710 800 779 826 κατὰ
793 800 841 833 τὰς

62 842 136 877 εὐχὰς
149 843 203 878 (95)
222 843 333 879 Ῥαχὴλ.
352 844 384 870 Ἡ
396 844 424 870 δὲ
439 845 531 880 μήτηρ
543 845 593 880 μού
612 847 669 872 ἐστι
681 846 779 878 Βάλλα,
793 847 840 873 θυ-

62 887 141 923 γάτηρ
165 888 292 915 Ῥουθέου
314 888 385 924 (96),
406 889 522 924 ἀδελφοῦ
541 890 676 926 Δεϐόρῤας
698 891 769 927 (97),
791 891 840 927 τῆς

60 933 150 968 τροφοῦ
167 934 328 966 Ῥεϐέκκας·
342 935 402 970 ἥτις
425 936 454 962 ἐν
478 937 526 971 μιᾷ
547 937 638 972 ἡμέρᾳ
659 937 765 973 ἐτέχθη,
778 937 806 963 ὲν
857 933 877 959 Β

61 979 102 1004 καὶ
127 978 240 1014 Ῥαχήλ.
272 980 301 1006 '0
327 980 355 1006 δὲ
385 980 506 1012 Ῥουθέος
529 980 584 1016 (98)
609 983 641 1008 ὲκ
669 982 716 1008 τοῦ
747 982 840 1017 γένους

66 1023 191 1060 Ἀϐραὰμ,
202 1025 346 1058 Χαλδαῖος,
357 1026 495 1062 θεοσεϐὴς,
504 1027 645 1062 ἐλεύθερος
658 1028 704 1055 καὶ
714 1027 838 1064 εὐγενής.

60 1070 108 1096 Καὶ
118 1071 343 1105 αἰχμαλωτισθεὶς
356 1071 495 1108 ἠγοράσθη
505 1072 558 1099 ὑπὸ
567 1073 667 1100 Δάϐαν·
681 1073 727 1100 καὶ
741 1074 840 1101 ἔδωκεν

60 1113 126 1149 αὐτῷ
137 1115 219 1141 Δίνᾶν
233 1115 283 1150 τὴν
307 1115 452 1151 παιδίσκην
471 1117 553 1143 αὐτοῦ
575 1118 615 1149 εἰς
633 1120 758 1152 γυναῖκα·
777 1119 839 1154 ἥτις

59 1159 127 1186 ἔτεκε
148 1160 299 1196 θυγατέρα,
322 1162 369 1188 καὶ
393 1162 522 1189 ἐκάλεσεν
542 1163 626 1199 αὐτὴν
650 1164 770 1199 Ζελφὰν,
793 1166 836 1192 ἐπ’

59 1205 161 1240 ὀνόματι
184 1207 238 1242 τῆς
259 1206 365 1243 κώμης,
387 1208 417 1235 ἐν
479 1210 676 1246 ῂχμαλωτεύθη
697 1210 762 1247 (99).
783 1213 838 1239 Kal

61 1250 115 1286 ἑξῆς
132 1252 208 1279 ἔτεκε
236 1253 287 1289 τὴν
308 1253 429 1286 Βάλλαν,
443 1255 540 1289 λέγων·
565 1256 765 1290 Καινόσπουδός
786 1267 835 1293 μου

60 1298 74 1331 ἡ
104 1298 235 1334 θυγάτηρ.
268 1299 356 1332 Εὐθὺς
374 1300 427 1336 γὰρ
457 1301 584 1337 τεχθεῖσα
612 1302 724 1330 ἔσπευδε
756 1304 836 1341 Θηλά-

60 1343 110 1374 (ειν
121 1343 203 1380 (100).

94 1410 128 1438 B'.
144 1421 153 1437 ι
171 1412 228 1440 Καὶ
240 1412 334 1449 ἐπειδὴ
354 1413 454 1448 κοῦφος
467 1415 540 1451 ήμην
559 1417 615 1448 τοῖς
628 1417 718 1450 ποσὶν,
729 1417 767 1449 ὡς
779 1418 839 1445 ἔλα·
853 1404 874 1432 c

61 1465 113 1489 φος,
126 1457 201 1491 ἔταξε
221 1467 254 1493 με
267 1460 282 1486 6
296 1461 387 1496 πατήρ
401 1469 451 1496 μου
459 1461 556 1488 Ἰακὼϐ
568 1463 609 1494 εἰς
622 1463 712 1489 πᾶσαν
723 1463 838 1491 ἀποστο-

61 1502 102 1537 λὴν
113 1504 158 1530 καὶ
170 1505 207 1540 (1)
221 1505 360 1539 ἀγγελίανσ
375 1507 422 1534 καί
435 1515 477 1541 γε,
490 1507 527 1539 ὡς
539 1507 637 1542 ἐλαφόν
651 1517 684 1543 με
696 1509 837 1546 εὐλόγησε.

61 1546 149 1581 Καθὼς
160 1549 216 1586 γὰρ
226 1551 240 1577 6
251 1552 389 1587 κεραμεὺς
405 1551 458 1580 οἶδε
471 1553 502 1580 τὸ
519 1553 625 1586 σκεῦος,
645 1554 725 1581 πόσον
744 1556 837 1591 χωρεῖ,

62 1594 178 1631 καὶπρὸς
195 1597 278 1624 αὺτῦν
298 1598 374 1634 φέρει
387 1599 433 1625 τὸν
445 1599 538 1634 πηλόν·
551 1599 637 1631 οὕτως
648 1601 695 1628 καὶ
711 1602 726 1628 6
737 1601 838 1637 Κύριος

62 1639 121 1674 πρὸς
142 1641 274 1676 ὁμοίωσιν
296 1642 343 1669 τοῦ
367 1642 521 1679 πνεύματος
544 1646 616 1672 ποιεῖ
634 1645 665 1672 τὸ
684 1645 772 1681 σῶμα,
792 1646 839 1673 καὶ

63 1684 121 1718 πρὸς
132 1686 181 1721 τὴν
189 1686 304 1722 δύναμιν
312 1688 358 1715 τοῦ
369 1687 492 1724 σώματος
499 1689 529 1716 τὸ
539 1690 646 1725 πνεῦμα
652 1690 783 1726 ἐντίθησι,
791 1691 839 1718 καὶ

62 1729 104 1756 οὐκ
122 1731 177 1758 ἔστι
197 1732 290 1759 λοιπὺν
309 1732 346 1769 (2)
360 1733 388 1760 ἓν
408 1735 440 1760 ὲκ
452 1734 499 1760 τοῦ
511 1735 569 1767 ἑνὸς
581 1735 673 1771 τρίτον
683 1735 774 1770 τριχός
788 1734 836 1771 (5)·

63 1775 164 1811 σταθμῷ
175 1777 232 1813 γὰρ
243 1778 289 1804 καὶ
302 1778 393 1814 μέτρῳ
405 1780 452 1806 καὶ
465 1779 556 1806 κανόνι
568 1781 643 1807 πᾶσα
653 1780 742 1812 κτίσις
761 1781 838 1816 Ὑψί-

64 1827 127 1846 στου.
149 1822 205 1849 Καὶ
229 1823 352 1859 καθάπερ
371 1824 441 1852 οἶδεν
458 1825 472 1852 ό
492 1827 629 1861 κεραμεὺς
648 1826 706 1859 ἐνὸς
723 1827 837 1854 ἑκάστου

61 1864 104 1900 τὴν
120 1867 226 1902 χρῆσιν,
245 1867 283 1900 ὡς
305 1869 399 1896 ίκανοϊ·
422 1870 507 1902 οὕτως
529 1872 575 1897 καὶ
591 1871 605 1898 ὀ
624 1871 724 1908 Κύριος
737 1869 789 1898 οἶδε
808 1871 838 1898 τὸ

64 1910 148 1947 σῶμα,
163 1914 218 1946 ἓως
229 1915 299 1947 τίνος
312 1915 447 1951 διαρκέσει
460 1917 488 1943 ὲν
502 1917 604 1952 ἀγαθῷ,
616 1917 663 1944 καὶ
675 1917 740 1944 πότε
755 1917 838 1954 ἄρχε-

61 1960 138 1986 τιιέν
150 1960 237 1996 κακῷ.
251 1961 309 1988 Ὅτι
330 1962 380 1988 οὐκ
396 1961 453 1989 ἐστι
475 1963 529 1989 πᾶν
550 1963 678 1998 πλάσμα,
699 1964 747 1990 καὶ
765 1965 839 1991 πᾶσα

63 2002 157 2038 ἔννοια,
176 2006 211 2041 ἢν
231 2006 280 2033 οὐκ
303 2006 373 2040 ἔγνω
393 2007 510 2042 Κύριος·
523 2008 610 2035 πάντα
626 2009 680 2044 γὰρ
698 2009 838 2045 ἄνθρωπον

63 2048 143 2078 ἔκτισε
162 2052 224 2079 κατ’
243 2052 333 2080 εἰκόνα
356 2054 462 2081 ἑαυτοῦ.
481 2055 523 2086 Ὠς
540 2055 556 2090 ἡ
578 2055 653 2090 ἰσχὺς
664 2055 838 2087 αὑτοῢ,οὖτω

63 2096 103 2122 καὶ
117 2097 146 2124 τδ
157 2097 238 2134 ἔργον
250 2099 343 2126 αὑτοῦ·
366 2100 412 2127 καὶ¹
433 2101 471 2132 ὡς
488 2101 503 2127 ὁ
520 2101 582 2133 νοῦς
599 2102 697 2134 αὐτοῦ,
709 2101 781 2129 οὕτω
791 2101 837 2128 καὶ

62 2141 89 2167 τὸ
98 2141 173 2178 ἔργον
185 2144 278 2171 αὑτοῦ·
294 2145 340 2172 καὶ
350 2145 388 2177 ὡς
399 2146 416 2181 ἡ
430 2147 588 2182 προαίρεσις
599 2147 692 2180 αὐτοῦ,
710 2147 781 2174 οὕτω
792 2148 838 2174 καὶ

63 2186 77 2221 ὴ
97 2189 191 2224 πρᾶξις
214 2190 307 2217 αὐτοῦ·
329 2191 367 2224 ὡς
387 2193 403 2227 ἡ
426 2193 523 2228 καρδία
542 2193 635 2226 αὐτοῦ,
655 2193 725 2220 οὕτω
742 2194 788 2220 καὶ
807 2194 837 2220 τὸ

64 2233 141 2269 στόμα
152 2236 246 2263 αὐτοῦ’
259 2237 318 2269 ὡςὸ
330 2238 465 2274 ὀφθαλμὸς
477 2238 570 2271 αὐτοῦ,
583 2239 653 2266 οὕτω
666 2240 712 2266 καὶ
728 2241 742 2267 6
755 2240 836 2271 ὕπνος

63 2278 146 2306 αὐτοῦ’
158 2281 197 2313 ὡς
212 2282 229 2316 ἡ
239 2281 311 2318 ψυχὴ
332 2282 425 2314 αὑτοῦ,
438 2282 508 2310 οὕτω
529 2284 576 2310 καὶ
595 2285 609 2311 6
621 2284 697 2319 λόγος
714 2284 806 2315 αὑτοῦ,
820 2284 836 2319 ἦ
853 2274 875 2302 D

63 2323 89 2350 ὲν
98 2325 168 2362 νόμῳ
179 2327 293 2363 Κυρίου,
306 2328 322 2363 ἢ
335 2329 364 2355 ὲν
375 2329 448 2365 νόμῳ
467 2330 575 2367 Βελιάρ.
595 2330 650 2357 Kal
669 2330 707 2362 ὡς
724 2330 838 2366 κεχώρι-

64 2377 118 2396 σται
129 2371 265 2407 ἀνάμεσον
274 2373 360 2407 φωτὸς
370 2374 416 2401 καὶ
430 2375 550 2407 σκότους,
558 2376 678 2411 ὁράσεως
687 2375 732 2402 καὶ
743 2376 835 2411 ἀκοῆς·

62 2412 127 2441 οὕτω
145 2416 309 2452 κεχώρισται
328 2419 464 2455 ἀνάμεσον
482 2420 577 2456 ἀνδρὸς
597 2421 643 2447 καὶ
661 2421 772 2457 ἀνδρὸς,
791 2422 838 2448 καὶ

64 2458 189 2496 ἀνάμεσον
201 2464 328 2497 γυναικὸς
335 2466 382 2492 καὶ
388 2466 524 2500 γυναικός·
537 2466 582 2493 καὶ
594 2467 644 2493 οὐκ
657 2466 730 2494 ἔστιν
741 2469 835 2500 εἰπεῖν,

87 2539 109 2555 ’⁸
123 2540 186 2577 Sap.
205 2550 244 2576 ιι,
262 2542 307 2570 21.
345 2543 367 2559 ¹⁵
381 2543 445 2578 Sap.
458 2552 502 2577 xv,
517 2545 542 2571 7.
581 2546 602 2561 ”
615 2545 696 2574 Hebr.
718 2555 755 2580 tv,
770 2547 815 2574 15.

95 2619 318 2657 (9§)_‘Egg.21j0nr
329 2623 510 2657 Νεφθαλείμ.
522 2623 688 2651 Peculiarem
705 2630 837 2653 rationem

65 2655 177 2693 nominis
195 2655 378 2691 Nephthalim'
392 2655 512 2693 assignat
526 2664 621 2686 auctor
635 2665 737 2692 noster,
749 2661 838 2688 diver—

65 2695 117 2729 sam
130 2690 164 2729 ab
179 2699 211 2729 ea
223 2690 283 2729 quae
293 2700 308 2719 a
320 2693 424 2729 Moyse,
433 2690 531 2721 Cenes.
547 2702 612 2727 xxx,
627 2694 653 2726 8,
669 2690 838 2728 traditur,.ac

65 2725 169 2761 proinde
183 2725 256 2754 haud
268 2725 482 2761 approbandam.
499 2725 654 2756 Genuin'um
667 2734 756 2756 autem
773 2725 837 2758 sen-

66 2764 121 2799 slum
145 2760 227 2796 hujus
249 2760 379 2796 nominis,
400 2767 427 2790 et
445 2764 592 2799 verborum
615 2764 717 2799 Moysis
739 2765 772 2792 de
794 2773 837 2798 eo,

67 2791 167 2857 ξὲἓιιηὲ
181 2791 418 2826 commentatores
443 2797 470 2825 in
499 2799 612 2827 citatum
634 2791 837 2835 locumICenc:

110 2837 132 2855 S.
171 2839 230 2857 ΕΔΒ.

67 2833 132 2855 seos.
147 2833 230 2858 UEAB.

108 2864 149 2934 95)
164 2866 273 2901 Εὺχάς.
289 2867 428 2902 Εὑλογίας.
445 2869 482 2896 In.

108 2899 139 2927 96
166 2900 313 2930 Ῥυυθέου,
337 2903 482 2931 Ῥουθαίου.

107 2899 149 2933 96)
166 2899 313 2930 Ῥύὺθέου,
337 2899 483 2931 Ῥὀυθαίου.
496 2904 523 2933 In

894 301 928 328 lis
944 310 950 328 :
969 311 978 327 ι
996 300 1116 328 Morior:
1131 311 1141 328 ›
1159 305 1186 329 et
1204 309 1259 329 non
1277 303 1450 332 crediderunt
1468 305 1502 333 ei.
1516 305 1549 334 Et
1564 307 1674 334 benedi—

895 354 960 375 cens
975 347 1104 381 Domino,
1130 348 1312 383 conﬁrmavit,
1334 351 1408 385 quod
1432 356 1494 386 post
1517 352 1672 381 hesternam

893 400 1000 420 coenam
1014 398 1178 421 moreretur.
1191 393 1305 430 lncoepit
1319 395 1400 430 igitur
1410 396 1499 425 dicere
1514 398 1575 427 liliis
1592 399 1650 427 suis
1664 407 1674 428 :

896 437 1019 470 «Audite,
1036 439 1083 466 ﬁlii
1095 439 1159 472 mei,
1171 439 1219 466 ﬁlii
1235 439 1418 475 Nephthalim,
1433 442 1523 470 audite
1534 451 1672 472 sermones

891 484 979 519 patris
994 486 1087 513 vestri.
1103 495 1112 511 ι
1128 485 1183 521 Ego
1197 490 1278 514 natus
1290 494 1349 515 sum
1363 495 1379 514 a
1395 487 1470 516 Balla
1483 496 1490 515 :
1504 494 1532 517 et
1545 491 1673 524 quoniam

893 533 982 556 astute
996 529 1060 557 fecit
1079 529 1190 563 Rachel,
1205 536 1235 558 et
1246 531 1320 559 dedit
1337 540 1386 567 pro
1405 533 1494 568 seipsa
1511 534 1614 563 Ballam
1629 535 1676 565 Ja-

893 577 954 610 cob,
971 581 998 604 et
1014 584 1096 611 super
1119 576 1222 604 femora
1239 577 1340 605 Rachel
1362 575 1466 614 peperit
1489 588 1549 614 me;
1565 587 1674 617 propter

892 622 944 650 hoc
956 628 1069 650 vocatus
1080 630 1141 650 sum
1153 621 1336 658 Ncpbthalim.
1353 624 1386 652 Et
1397 626 1490 654 dilexit
1505 634 1547 654 me
1561 626 1671 660 Rachel,

891 669 1022 703 quoniam
1046 676 1129 703 super
1155 668 1259 697 femora
1284 677 1332 698 sua
1350 676 1431 700 natus
1452 677 1570 706 sum;et
1584 675 1674 709 specie

891 719 1014 741 tenerum
1036 714 1210 742 exsistentem
1238 716 1360 743 osculata
1389 723 1431 745 est
1455 726 1517 751 me,
1545 719 1639 748 dicens
1664 730 1671 747 :

895 769 904 786 ι
922 759 1032 788 Videam
1049 760 1160 788 fratrem
1183 766 1259 789 tuum
1275 770 1308 790 ex
1328 767 1422 790 ventre
1443 772 1504 792 meo
1522 766 1671 793 secundum

892 811 927 834 te.
940 808 955 832 1
971 806 1046 835 Unde
1061 812 1087 835 et
1106 808 1203 836 similis
1218 809 1270 836 mei
1285 814 1344 837 erat
1366 810 1394 837 in
1419 811 1546 839 omnibus
1559 811 1670 846 Ioseph,

891 847 1041 880 secundum
1055 853 1198 889 petitiones
1213 854 1323 882 Rachel.
1344 855 1428 884 Mater
1446 862 1535 884 autem
1556 865 1614 885 mea
1631 863 1673 886 est

891 899 976 934 Balla,
991 900 1047 927 ﬁlia
1063 900 1177 934 Ruthaﬁ,
1191 900 1283 929 fratris
1299 901 1421 935 Deborae,
1440 903 1554 931 nutricis
1569 903 1674 934 Rebec-

893 954 948 979 cae;
966 954 1026 981 quae
1041 946 1115 974 Balla
1137 947 1164 974 in
1181 955 1234 974 una
1249 947 1293 975 die
1314 952 1376 976 nata
1393 953 1445 982 est,
1462 949 1488 976 in
1504 957 1557 984 qua
1574 954 1601 978 et
1615 949 1672 977 Ra-

892 992 961 1020 chel.
976 992 1105 1020 Butbaaus
1117 1000 1182 1021 vero
1195 1001 1228 1021 ex
1240 1001 1337 1029 genere
1356 995 1494 1022 Abraham
1511 1001 1578 1030 erat,
1590 996 1672 1027 Chal-

890 1037 975 1071 daeus,
988 1038 1072 1066 Deum
1084 1046 1228 1072 venerans,
1245 1039 1311 1067 liber
1322 1044 1349 1067 et
1359 1040 1467 1068 nobilis.
1483 1040 1587 1069 Etcum
1598 1046 1672 1070 esset

890 1082 1023 1118 captivus,
1036 1087 1142 1118 emptus
1158 1088 1198 1111 est
1212 1091 1227 1111 a
1237 1083 1344 1119 Laban;
1360 1089 1384 1113 et
1398 1086 1471 1113 dedit
1485 1087 1510 1113 ei
1524 1086 1609 1114 Enam
1620 1095 1671 1116 an-

891 1129 979 1156 cillam
995 1137 1072 1156 suam
1087 1129 1113 1155 in
1134 1137 1262 1164 uxorem;
1277 1138 1337 1165 qua“:
1356 1131 1459 1166 peperit
1474 1131 1572 1164 ﬁliam.
1583 1138 1611 1160 et
1623 1141 1672 1162 vo-

889 1175 960 1200 cavit
974 1181 1033 1200 eam
1049 1173 1189 1209 Zelpham,
1204 1176 1364 1210 cognomine
1377 1176 1479 1203 castelli
1500 1177 1526 1204 in
1550 1185 1604 1212 quo
1625 1185 1671 1205 ca-

891 1219 980 1254 ptivus
992 1223 1060 1246 erat.
1076 1218 1176 1247 Deinde
1191 1221 1295 1255 peperit
1307 1220 1420 1253 Ballam,
1437 1221 1529 1249 dicens
1542 1230 1548 1247 :
1560 1221 1670 1250 Noviter

891 1262 1022 1292 festinans
1037 1264 1092 1292 ﬁlia
1107 1273 1177 1293 mea.
1193 1265 1343 1293 Confestim
1362 1267 1434 1293 enim
1456 1272 1517 1294 nata
1534 1266 1671 1295 festinavit

890 1308 932 1336 lac
946 1317 1052 1344 sugere.

926 1421 958 1448 ll.
975 1431 985 1447 ι
1004 1421 1037 1449 Et
1050 1422 1114 1457 quia
1131 1422 1244 1457 pedibus
1261 1422 1328 1449 levis
1338 1429 1424 1454 eram,
1435 1427 1466 1450 ut
1476 1430 1583 1457 cervus,
1597 1423 1671 1450 ordi-

890 1467 964 1494 navit
976 1475 1020 1494 me
1030 1472 1107 1502 pater
1121 1475 1200 1495 meus
1211 1466 1295 1495 Jacob
1310 1468 1336 1494 iu
1351 1475 1459 1496 omnem
1472 1468 1631 1496 missionem
1643 1472 1671 1496 et

889 1513 1122 1540 annuutiationem
1134 1521 1142 1545 ;
1158 1517 1185 1539 et
1198 1517 1228 1540 ut
1241 1521 1322 1541 cervo
1332 1513 1398 1540 mihi
1410 1513 1556 1541 benedixit.
1570 1513 1671 1547 Quem-

888 1558 1032 1586 admodum
1045 1559 1117 1586 enim
1128 1559 1228 1592 ﬁgulus
1239 1559 1314 1586 novit
1325 1567 1383 1593 vas,
1401 1564 1533 1595 quantum
1548 1560 1630 1595 capit,
1644 1565 1671 1588 et

889 1603 922 1630 ad
936 1603 1024 1637 ipsum
1039 1603 1092 1631 fert
1111 1603 1216 1637 lutum;
1237 1603 1275 1631 ita
1293 1607 1321 1631 et
1337 1603 1470 1632 Dominus
1490 1604 1525 1633 ad
1542 1605 1670 1633 similitu-

888 1649 978 1676 dinem
991 1649 1102 1683 spiritus
1113 1649 1179 1678 facit
1189 1657 1301 1685 corpus,
1314 1654 1341 1677 et
1358 1650 1392 1677 ad
1407 1651 1554 1685 potentiam
1573 1659 1671 1686 corpo-

889 1697 926 1725 ris
941 1696 1066 1731 spiritum
1083 1696 1208 1732 imponit,
1220 1701 1247 1724 et
1262 1705 1316 1724 non
1332 1701 1374 1725 est
1389 1697 1446 1732 jam
1463 1705 1516 1725 una
1537 1698 1615 1726 tertia
1636 1705 1669 1725 ex

889 1750 943 1770 uno
955 1742 1068 1778 capillo;
1087 1741 1207 1777 pondere
1225 1742 1298 1770 enim
1310 1746 1337 1770 et
1350 1750 1477 1771 mensura
1488 1747 1516 1772 et
1529 1745 1622 1779 regula
1636 1744 1669 1778 “,

889 1787 978 1814 omnis
995 1791 1120 1814 creatura
1134 1786 1267 1815 Altissimi
1285 1788 1444 1824 (consistit).
1463 1788 1497 1816 Et
1510 1789 1582 1816 sicut
1595 1789 1671 1817 novit

889 1833 986 1868 ﬁgulus
1004 1832 1220 1869 uniuscujusque
1234 1841 1325 1868 usum,
1336 1834 1438 1870 quibus
1452 1834 1534 1862 rebus
1548 1834 1670 1862 sufﬁcere

888 1883 970 1913 queat
985 1878 1024 1913 ¹⁸;
1042 1878 1079 1906 ita
1094 1883 1122 1907 et
1141 1879 1273 1907 Dominus
1297 1880 1372 1907 novit
1395 1887 1511 1915 corpus,
1527 1887 1670 1915 usquequo

889 1924 1003 1952 sutliciat
1013 1924 1041 1951 in
1057 1924 1144 1957 bono,
1160 1929 1187 1951 et
1204 1925 1314 1959 quando
1333 1925 1428 1959 incipit
1447 1926 1475 1952 in
1495 1925 1578 1954 malo.
1594 1925 1670 1959 Quo-

888 1971 961 1998 niam
976 1978 1030 1998 non
1043 1975 1085 1998 est
1097 1971 1151 1998 ulla
1166 1974 1362 2005 creatura,,nec
1372 1971 1426 1998 ulla
1437 1971 1576 2006 cogitatio,
1587 1978 1669 2006 quam

890 2024 943 2044 non
958 2017 1084 2052 cognovit
1107 2016 1240 2044 Dominus
1256 2016 1292 2049 “;
1306 2023 1414 2044 omnem
1438 2016 1510 2044 enim
1531 2016 1670 2043 hominem

889 2062 991 2089 creavit
1011 2062 1044 2089 ad
1067 2062 1211 2097 imaginem
1233 2069 1322 2089 suam.
1345 2061 1422 2089 Sicut
1445 2061 1577 2089 fortitudo
1598 2061 1670 2096 ejus,

890 2107 927 2134 ita
949 2111 976 2135 et
992 2115 1062 2142 opus
1084 2108 1158 2141 ejus;
1180 2113 1207 2135 et
1226 2108 1296 2136 sicut
1317 2116 1394 2135 mens
1408 2108 1479 2142 ejus,
1500 2107 1537 2135 ita
1561 2112 1588 2135 et
1602 2115 1671 2142 opus

890 2153 965 2188 ejus;
990 2158 1016 2181 et
1038 2154 1109 2181 sicut
1130 2154 1283 2189 praelectio
1302 2155 1377 2189 ejus,
1392 2154 1429 2181 ita
1451 2158 1478 2181 et
1498 2159 1575 2181 actus
1595 2154 1670 2188 ejus;

891 2200 963 2227 sicut
974 2207 1021 2227 cor
1035 2200 1104 2234 ejus,
1118 2200 1155 2227 ita
1170 2204 1198 2227 et
1216 2208 1246 2228 os
1257 2200 1335 2235 ejus;
1356 2200 1427 2228 sicut
1441 2199 1537 2227 oculus
1552 2199 1622 2234 ejus,
1635 2199 1671 2226 ita

888 2250 915 2272 et
931 2253 1044 2273 somnus
1057 2246 1131 2280 ejus;
1146 2246 1216 2273 sicut
1230 2246 1320 2274 anima
1333 2246 1402 2281 ejus,
1415 2247 1451 2273 ita
1461 2249 1488 2273 et
1500 2252 1590 2273 sermo
1601 2245 1671 2279 ejus,

892 2291 933 2318 vel
949 2291 976 2318 in
991 2291 1049 2327 lege
1063 2291 1182 2324 Domini,
1198 2292 1240 2319 vel
1256 2292 1284 2318 in
1302 2292 1361 2326 lege
1376 2291 1473 2318 Beliar.
1493 2289 1527 2317 Et
1545 2290 1617 2317 sicut
1631 2288 1673 2316 di-

892 2337 981 2365 visum
995 2342 1036 2365 est
1052 2337 1242 2365 intermedium
1260 2336 1329 2365 lu'cis
1351 2342 1377 2365 et
1393 2337 1583 2368 tenebrarum,
1595 2334 1672 2362 visus

892 2387 917 2410 et
932 2383 1041 2411 auditus
1060 2393 1066 2410 :
1083 2384 1119 2410 ita
1143 2383 1260 2411 divisum
1290 2387 1332 2411 est
1360 2382 1552 2410 intermedium
1575 2380 1627 2407 viri
1645 2384 1672 2407 et

892 2430 954 2460 viri,
973 2435 999 2457 ct
1022 2430 1213 2457 intermedium
1231 2428 1353 2456 mulieris
1370 2434 1397 2456 et
1418 2427 1554 2459 mulieris;
1570 2431 1598 2453 et
1616 2433 1670 2452 non

892 2479 933 2502 est
951 2475 1107 2506 dicendum,
1120 2474 1193 2510 quod
1217 2474 1269 2501 ulla
1287 2474 1314 2501 in
1337 2481 1368 2500 re
1382 2472 1460 2500 faciei
1478 2472 1519 2499 vel
1539 2471 1670 2499 similium

924 2626 978 2660 (97)
993 2627 1144 2660 Δεϐιξρῥας.
1158 2624 1301 2660 Δεϐϐὁρας.
1316 2623 1354 2652 In.

934 2660 978 2694 98)
998 2662 1142 2694 Ῥουθέος.
1166 2661 1310 2692 Ῥουοαῐος.
1324 2660 1361 2687 ID.

934 2694 1244 2736 ξειιιγπμαλωτςτρθηι.
1258 2695 1474 2736 ᾙκμειλυπίσθη-
1491 2694 1546 2736 ῐυι
1596 2728 1600 2736 ,

936 2731 996 2766 100)
1014 2730 1126 2765 Ἀέτωνι
1152 2730 1378 2766 Καινόσέτουδός
1397 2739 1458 2766 μου
1486 2730 1669 2766 ἠνθυτάτηρ.

889 2763 1052 2800 Εὑθὺςίτὰρ
1061 2763 1202 2799 ῖτεχθεῖσα
1215 2765 1344 2793 ἔσπευδε
1362 2763 1497 2799 θηλάζειν
1508 2765 1614 2792 desunt.
1631 2763 1669 2790 In.

938 2801 961 2834 l)
980 2800 1170 2834 Ἀποστολὴν
1180 2801 1228 2828 καί
1244 2801 1356 2829 omissa.
1369 2800 1407 2828 lo.

938 2801 948 2827 l
980 2801 1170 2834 Ἀποστολὴν
1180 2801 1228 2828 καί
1244 2801 1314 2828 omis

933 2837 951 2863 ‘2
975 2836 1095 2863 Λοιπόν.
1117 2836 1262 2863 Ἐλλεῖπον.
1277 2835 1315 2863 ID.

923 2801 962 2906 (si
979 2872 1079 2906 Τρίζον
1094 2871 1201 2905 τριχός.
1213 2870 1310 2899 Omnia

889 2906 1006 2941 ὁμοίων.
1026 2905 1062 2933 In.

923 2661 933 2766 ἓ

979 2872 1079 2906 Τρίζον
1094 2871 1201 2905 τριχός.
1213 2870 1310 2899 Omnia
1319 2871 1420 2900 omissa
1435 2877 1519 2906 usque
1533 2869 1566 2897 ad
1577 2867 1595 2903 ἣ
1613 2869 1671 2897 τῶν
