1913 3102
65 186 127 216 1109

609 189 864 220 TESTAMENTUM
877 191 1106 221 NEPHTHALIM.

1595 199 1664 228 mo

94 246 127 272 A’.
147 254 156 270 ι
166 244 260 272 ταῦτα
270 245 350 280 λέγω,
361 246 441 273 τέχνα
454 254 514 281 μου,
528 246 567 272 ὅτι
579 247 696 281 ἀνέγνων
703 249 733 274 ὲν
744 248 835 285 Γραφῇ

925 249 970 276 IV.
992 259 1001 275 ι
1014 249 1077 278 Haec
1086 250 1158 284 dico,
1171 250 1218 278 filii
1231 252 1299 285 mei,
1317 253 1446 288 quoniam
1466 254 1518 290 legi
1540 256 1567 283 in
1589 255 1664 285 Scri-

63 292 121 326 ἁγίᾳ
131 291 185 327 (19)
210 290 306 327 Ἑνὼχ,
323 291 364 318 ὅτι
380 292 426 319 καί
434 300 466 326 γε
483 292 561 327 ὑμεῖς
577 292 763 328 ἀποστήσεσθε
781 293 835 320 ἀπὸ

64 335 166 371 Κυρίου,
175 337 353 372 πορευόμενοι
364 336 434 363 κατὰ
443 337 532 363 πᾶσαν
542 337 672 373 πονηρίαν
685 337 779 370 ὲθνῶν,
789 338 835 364 καὶ

63 382 179 417 ποιήσετε
196 381 269 408 κατὰ
279 383 368 409 πᾶσαν
379 382 494 418 ἀνομίαν
507 382 640 418 Σοδόμων.
665 383 720 409 Kal
741 382 835 416 ἐπάξει

63 428 120 463 ὑμῖν
137 428 240 463 Κύριος
257 428 454 464 αἰχμαλωσίαν,
474 429 519 455 καὶ
541 428 695 455 δουλεύσετε
708 429 766 455 ἐκεῖ
779 429 836 460 τοῖς

62 473 157 508 ἐχθροῖς
174 473 264 508 ὑμῶν,
278 473 324 500 καὶ
330 474 403 511 πάσῃ
415 473 533 501 κακώσει
544 475 590 501 κα)¹
601 474 687 509 θλίψει
701 475 835 509 συγκαλυ-

62 519 188 554 φθήσεσθε
206 519 273 555 (20),
286 521 338 552 ἕως
349 520 382 547 ἂν
390 519 516 556 ἀναλώσῃ
527 520 628 556 Κύριος
638 521 739 553 πάντας
752 521 834 556 ὑμᾶς.

62 567 110 592 Καὶ
136 565 206 601 μετὰ
226 566 259 593 τὸ
284 566 446 602 ὀλιγωοῆναι
463 567 535 602 ὑμᾶς
552 567 599 593 καὶ
625 566 834 602 σμιχρυνθῆναι,

61 611 236 647 ἐπιστρέφετε
247 612 294 638 κα).
306 611 490 646 ἐπιγνώσεσθε
500 611 602 648 Κύριον
614 611 659 638 τὸν
669 612 737 639 Θεὸν
748 612 832 648 ὑμῶν·

62 657 103 684 καὶ
117 657 276 692 ἐπιστρέψει
290 657 362 692 ὑμᾶς
370 658 410 689 εἰς
426 657 475 693 τὴν
485 657 537 691 γῆν
548 657 563 683 ὑ
568 657 636 692 μῶν,
648 657 719 683 κατὰ
728 657 758 683 τὸ
768 657 834 684 πολὺ

61 702 134 730 αὺτοῦ
146 703 230 735 ἔλεος.
244 703 299 729 Καὶ
313 703 399 736 ἔσται,
413 703 451 730 ὅτ’
468 703 501 730 ἂν
511 702 621 739 ἥξουσιν
632 704 660 730 ὲν
672 705 706 739 γῇ
721 703 835 739 πατρῴῃ

61 748 150 781 αὐτῶν,
164 749 248 776 πάλιν
265 747 444 775 ἐπιλάθωνται
457 748 571 784 Κυρίου,
596 748 644 775 καὶ
660 748 833 784 ἀσεϐήσουσι,

61 795 101 821 καὶ
110 794 251 830 διασπερεῖ
271 794 369 825 αὐτοὺς
389 793 491 830 Κύριος
513 794 559 820 ἐπὶ
577 793 721 829 προσώπου
746 793 835 829 πάσης

60 840 103 875 τῆς
115 840 174 876 γῆς,
189 840 254 876 ἄχρι
265 840 312 866 τοῦ
328 839 413 866 ἐλθεῖν
425 839 455 866 τὸ
467 839 618 873 σπλάγχνον
642 838 743 874 Κυρίου
753 859 760 870 ,
788 838 835 865 ἄν-

61 886 160 921 θρωπος
171 885 258 912 ποιῶν
267 886 449 921 δικαιοσύνην,
466 886 513 912 καὶ
525 885 608 912 ποιῶν
628 884 701 916 ἔλεος
713 884 753 916 εἰς
770 884 836 911 πάν-

60 943 102 966 τας
113 934 174 966 τοὺς
187 934 306 970 μακρὰν,
319 934 366 960 καὶ
377 934 440 965 τοὺς
456 933 539 967 ἐγγύς
552 931 617 968 (21).
851 925 872 952 Β

91 1025 126 1051 E'.
148 1035 158 1051 ‹
178 1025 224 1051 Ἐν
235 1024 289 1061 γὰρ
300 1024 355 1051 ἔτει
368 1025 576 1060 τεσσαρακοστῷ
599 1025 672 1060 ζωῆς
690 1033 755 1060 μου,
768 1022 836 1050 εἶδον

60 1073 85 1098 ὲν
94 1072 182 1107 ὖρεσιν
194 1071 251 1107 (22)
263 1072 350 1098 ἐλαίου
360 1071 415 1107 (25)
424 1071 495 1098 κατὰ
502 1070 633 1102 ἀνατολὰς
651 1070 835 1106 Ἰερουσαλὴμ,

60 1116 96 1142 ὅτι
110 1117 123 1142 6
134 1115 210 1151 ἥλιος
226 1116 273 1142 καὶ
283 1117 300 1151 ἡ
317 1116 414 1152 σελήνη
424 1116 554 1151 ἓστηκαν.
568 1116 624 1154 _Kal
641 1116 695 1142 ἰδοὺ
715 1114 808 1141 Ἰσαὰκ
823 1115 837 1140 6

61 1161 143 1197 πατὴρ
158 1162 205 1188 τοῦ
223 1162 326 1198 πατρός
344 1171 394 1197 μου
404 1162 477 1196 λέγει
494 1163 577 1197 ἡμῖν’
594 1171 603 1187 ι
615 1160 837 1197 Προσδραμόντες

60 1205 206 1240 κρατήσατε
216 1205 330 1237 ἕκαστος
343 1205 414 1232 κατὰ
423 1205 536 1240 δύναμιν
547 1213 553 1219 ”
568 1205 615 1232 καὶ
631 1203 678 1230 τοῦ
690 1203 837 1233 πιάσαντος

60 1251 127 1277 ἔσται
144 1252 158 1277 6
168 1251 243 1286 ἥλιος
255 1252 302 1278 καὶ
317 1253 333 1287 ὴ
350 1251 459 1287 σελήνη.
473 1261 483 1277 ι
497 1252 552 1278 Καὶ
571 1250 671 1281 πάντες
688 1248 754 1284 ὁμοῦ
775 1248 838 1274 επε-

59 1296 190 1332 ὓράμομεν
199 1306 206 1312 ·
225 1298 273 1324 καὶ
283 1298 298 1323 6
308 1297 373 1323 Aeu‘t
385 1298 519 1335 ἐκράτησε
528 1296 573 1323 τὸν
584 1296 668 1332 ἥλιον,
683 1295 729 1322 καὶ
740 1295 754 1321 6
773 1293 837 1320 Ἰού-

59 1341 101 1374 δας
114 1342 218 1376 φθάσας
230 1343 328 1369 ὲπίασε
339 1342 389 1378 τὴν
402 1342 514 1378 σελήνην
524 1350 531 1357 ·
549 1341 595 1368 καὶ
615 1339 761 1375 ὑψώθησαν
785 1339 837 1375 ἀμ-

60 1387 158 1422 φότεροι
171 1388 221 1414 σὺν
228 1387 330 1419 αὐτοῖς.
342 1387 397 1413 Kal
408 1387 482 1418 θντος
493 1384 541 1412 τοῦ
549 1385 613 1412 Λευῒ
625 1385 662 1416 ὡς
678 1384 764 1419 ήλίου,
776 1391 838 1409 νεα-

61 1433 112 1466 νίας
123 1442 164 1465 τις
180 1433 333 1460 ἐπιδίδωσιν
344 1432 417 1468 αὐτῷ
433 1432 495 1468 βάῖα
505 1431 631 1467 φοινίκων
646 1430 694 1462 ιὸι,
707 1429 754 1456 καὶ
773 1428 837 1456 Ἰού-

60 1479 102 1510 δας
111 1477 143 1514 ἦν
152 1478 290 1514 λαμπρὸς,
301 1479 339 1510 ὡς
355 1480 371 1514 ἠ
399 1478 507 1514 σελήνη,
533 1479 580 1505 καὶ
597 1478 649 1505 ὑπὸ
670 1479 732 1510 τοὺς
754 1478 837 1509 πόδας

60 1526 135 1552 αὑτοῦ
145 1524 215 1562 ἦσαν
228 1525 260 1552 ιὸ⁹
278 1525 396 1556 ἀκτῖνες.
407 1524 463 1550 Kal
475 1524 695 1560 προσδραμόντες
714 1524 837 1560 ἀλλήλοις

60 1573 73 1598 6
83 1571 143 1598 Λευῒ
155 1572 202 1598 καὶ
221 1567 236 1598 6
251 1571 361 1603 Ἰούδας,
378 1571 541 1606 ἐκράτησαν
557 1569 678 1601 ἑαυτούς.
702 1570 757 1596 Kal
781 1569 835 1596 ἰδοὺ

60 1617 150 1653 ταῦρος
167 1619 214 1644 ἐπὶ
224 1618 274 1653 τῆς
285 1599 428 1652 γῆςξῖἔχων
445 1599 492 1643 δύιο
516 1615 621 1650 κέρατα
643 1599 746 1651 μεγάλα
757 1635 764 1647 ,
789 1615 835 1642 καὶ
850 1599 871 1629 c

61 1663 190 1698 πτέρυγας
203 1662 284 1690 ἀετοῦ
298 1663 343 1689 ἐπὶ
355 1662 401 1689 τοῦ
423 1661 507 1689 νώτου
527 1660 625 1688 αὐτοῦ·
646 1661 693 1687 καὶ
714 1660 835 1693 θέλοντες

61 1710 135 1737 αὑτὸν
146 1711 262 1742 πιάσαι,
282 1711 332 1737 οὐκ
348 1709 528 1746 ἠδυνήθημεν.
555 1708 662 1740 Φθάσας
685 1708 713 1734 δὲ
739 1707 835 1742 Ἰωσὴφ

61 1756 147 1784 ἔλαϐεν
159 1757 251 1789 αὐτὸν,
264 1757 310 1784 καὶ
324 1755 451 1791 συνῆλθεν
462 1755 536 1790 αὺτῷ
548 1755 588 1786 είς
602 1754 677 1789 ὕψος.
695 1754 750 1781 Καὶ
768 1751 836 1780 εἶδον

62 1800 112 1837 (ὅτι
128 1804 201 1839 ήμην
227 1802 320 1838 παρὼν
339 1802 413 1837 ἐκεῖ)
431 1801 478 1828 κα).
501 1801 553 1828 ἰδοὺ
565 1800 659 1836 Γραφὴ
680 1799 746 1833 ἁγία
759 1798 835 1834 ὥφθη

61 1847 272 1883 ήμῖν,λέγουσα·
285 1857 294 1873 ι
313 1847 465 1882 Ἀσσύριοι,
484 1846 589 1881 Μῆδοι,
610 1845 732 1881 Πέρσαι,
763 1844 837 1871 Ἐλυ-

63 1895 130 1927 μαίοι
147 1894 213 1930 (24),
231 1894 372 1930 Γελαχαῖοι
389 1893 455 1929 (25),
469 1892 606 1924 Χαλδαῖοι,
619 1892 716 1927 Σύροι,
737 1891 836 1927 κληρο-

63 1941 218 1975 νομήσουσιν
229 1939 400 1975 αἰχμαλωσίᾳ
411 1939 445 1965 τὰ
456 1938 488 1965 ιδ’
499 1938 623 1974 σκῆπτρα
634 1937 680 1964 τοῦ
701 1937 816 1972 Ἰσραήλ.
824 1946 834 1962 ›

94 1999 137 2031 ς’.
155 2007 164 2023 ι
176 1998 233 2024 Kal
244 1997 325 2024 πάλιν
338 1995 407 2032 μετὰ
420 1995 507 2031 μῆνας
519 1994 589 2021 ἑπτὰ
599 1991 667 2021 εἶδον
678 1994 722 2020 τὸν
732 1993 838 2029 πατέρα

63 2043 133 2078 ήμῶν
149 2043 247 2070 Ὶακὼσ
258 2063 265 2075 ,
283 2042 415 2078 ἑστηκότα
435 2042 464 2067 ἐν
479 2042 513 2076 τῇ
526 2041 646 2077 θαλάσσῃ
664 2040 753 2074 Ίαμνὲ
769 2040 835 2076 (26)’

63 2088 104 2114 καὶ
115 2089 192 2124 ἡμεῖς
204 2089 229 2114 οἰ
241 2087 293 2114 υἱοὶ
307 2086 387 2113 αὐτοῦ
401 2085 449 2112 σὺν
460 2084 543 2121 αὐτῷ.
555 2086 610 2111 Καὶ
623 2085 675 2111 ἰδοὺ
688 2084 778 2111 πλοῖον
789 2085 838 2121 ἧρ-

62 2142 118 2168 χετο
129 2132 274 2169 ἀρμενίζον
285 2152 293 2164 ,
313 2131 410 2167 μεστὸν
426 2131 554 2167 ταρίχων,
572 2130 649 2162 ἐκτὸς
665 2130 770 2158 ναυτῶν
792 2132 838 2158 καὶ
871 2163 873 2165 ι

63 2179 230 2215 κυὸερνήτουο
242 2177 429 2212 ἐπεγέγραπτο
439 2176 478 2208 δὲ,
490 2175 524 2202 τὸ
540 2173 647 2202 πλοῖον
667 2175 774 2203 Ἰακὼϐ.
783 2176 839 2203 Kal

61 2223 127 2258 λέγει
143 2225 209 2260 ἡμῖν
220 2225 234 2250 ὁ
247 2223 336 2258 πατὴρ
347 2222 441 2258 ἡμῶν
457 2231 466 2247 ι
484 2221 626 2256 Ἐμῦῶμεν
639 2222 679 2253 είς
696 2220 727 2247 τὸ
747 2221 837 2247 πλοῖον

885 299 963 329 ptura
977 300 1071 323 sancta
1088 296 1191 329 Enoch,
1206 297 1279 332 quod
1297 303 1324 325 et
1342 306 1390 326 vos
1415 300 1546 328 recedetis
1569 309 1584 329 a
1600 301 1656 330 Do-

885 341 970 375 mino,
983 342 1154 370 ambulantes
1167 343 1316 370 secundum
1331 351 1438 372 omnem
1453 343 1584 374 malitiam
1598 355 1664 382 gen-

886 386 964 419 tium,
978 391 1005 413 et
1021 386 1126 415 facietis
1141 388 1291 416 secundum
1307 397 1414 417 omnem
1430 390 1600 425 iniquitatem
1613 392 1664 420 So.

884 432 1040 459 domorum.
1056 433 1088 460 Et
1100 433 1210 461 inducet
1224 434 1300 462 vobis
1318 434 1450 464 Dominus
1468 437 1663 472 captivitatem,

884 482 912 505 et
925 479 1049 506 servietis
1060 479 1114 507 illic
1126 479 1245 508 inimicis
1259 481 1367 515 vestris,
1387 486 1414 509 et
1438 484 1514 511 omni
1535 492 1615 519 pmna
1638 489 1664 512 et

886 523 1060 551 tribulatione
1074 525 1351 560 comprehendcmini,
1366 534 1509 562 usquequo
1520 533 1665 556 consumat

884 568 1018 597 Dominus
1035 577 1130 598 omnes
1158 579 1217 598 vos.
1242 570 1277 599 Et
1305 575 1449 607 postquam
1470 573 1550 608 pauci
1575 573 1664 601 effecti

884 614 991 643 fueritis
1004 620 1031 643 et
1041 617 1179 651 minorati,
1194 618 1368 646 revertemini
1382 623 1410 646 et
1427 620 1599 654 cognoscetis
1609 619 1664 647 Do-

885 661 989 688 minum
1002 661 1087 689 Deum
1103 667 1240 696 vestrum;
1257 668 1285 691 et
1296 669 1435 692 convertet
1449 672 1498 692 vos
1521 665 1548 692 in
1564 670 1663 693 terram

885 712 1015 742 vestram,
1035 708 1185 736 secundum
1200 709 1313 737 multam
1328 710 1545 738 misericordiam
1573 719 1662 739 suam.

885 754 918 781 Et
938 754 1000 787 erit,
1025 762 1088 782 curn
1109 755 1233 782 venerint
1253 755 1281 783 in
1291 760 1394 783 terram
1409 761 1517 791 patrum
1538 764 1663 790 suorum,

885 808 981 828 rursus
994 801 1188 828 obliviscentur
1201 801 1319 834 Domini,
1334 806 1362 829 et
1376 803 1458 837 impie
1469 808 1568 838 agent,
1583 808 1610 831 et
1623 803 1665 830 di-

885 852 993 883 sperget
1003 855 1051 875 eos
1064 847 1197 875 Dominus
1208 855 1291 883 super
1305 849 1401 876 faciem
1418 849 1553 877 universae
1574 854 1664 881 terrae,

886 901 1028 929 usquequo
1038 893 1141 921 venerit
1152 894 1335 922 misericordia
1344 894 1461 928 Domini,
1468 895 1550 922 homo
1563 895 1666 923 iaciens

884 939 1018 974 justitiam
1030 942 1057 966 et
1069 938 1172 966 faciens
1186 939 1403 967 misericordiam
1423 939 1451 966 in
1480 947 1575 968 omnes
1586 961 1593 973 ,
1618 940 1664 975 qui

885 987 964 1021 longe
978 990 1052 1019 sunt,
1068 991 1095 1012 et
1106 985 1154 1020 qui
1167 993 1251 1021 prope
1275 990 1339 1013 sunt
1353 986 1386 1013 “.

921 1030 954 1058 V.
977 1040 987 1057 ι
999 1031 1029 1058 In
1045 1038 1117 1058 anno
1129 1031 1201 1058 enim
1215 1031 1426 1067 quadragesimo
1436 1032 1499 1059 vitae
1513 1039 1591 1066 mere,
1610 1032 1666 1060 vidi

886 1079 914 1107 in
925 1078 1065 1106 montibus
1080 1078 1133 1106 olei
1144 1086 1241 1106 versus
1251 1078 1384 1106 orientem
1405 1077 1568 1111 Jerusalem,
1590 1079 1666 1113 quod

886 1125 927 1152 sol
937 1128 965 1152 et
977 1124 1042 1152 luna
1058 1129 1194 1153 steterunt
1209 1125 1243 1152 ".
1257 1125 1291 1152 Et
1305 1133 1368 1154 ecce
1391 1126 1468 1154 Isaac
1489 1131 1566 1161 pater
1580 1126 1666 1161 patris

886 1170 940 1197 mei
954 1169 1019 1197 dicit
1031 1169 1126 1197 nobis:
1149 1179 1158 1195 ι
1171 1170 1352 1198 Accurrentes
1370 1174 1460 1198 tenete
1476 1171 1667 1206 unusquisque

886 1215 1036 1243 secundum
1047 1216 1174 1244 virtutem
1199 1224 1295 1250 suam;
1313 1220 1341 1243 et
1361 1216 1588 1251 apprehendentis
1614 1216 1667 1243 erit

887 1261 928 1288 sol
944 1265 970 1288 et
983 1261 1059 1289 luna.
1080 1271 1090 1287 ι
1108 1261 1141 1288 Et
1165 1269 1260 1289 omnes
1287 1262 1369 1289 simul
1398 1262 1623 1294 accurrebamus;
1639 1265 1668 1289 et

886 1305 950 1333 Levi
969 1307 1055 1334 tenuit
1068 1307 1166 1340 solem,
1191 1311 1219 1335 et
1231 1307 1315 1335 Judas
1330 1308 1499 1342 praeveniens
1516 1308 1668 1343 apprehen-

887 1352 926 1380 dit
941 1353 1089 1386 lunam;et
1099 1353 1210 1380 exaltati
1224 1357 1288 1381 sunt
1299 1353 1379 1381 ambo
1399 1361 1461 1381 cum
1480 1353 1530 1380 eis.
1552 1352 1586 1380 Et
1604 1360 1667 1380 cum

886 1403 959 1427 esset
974 1399 1039 1426 Levi
1050 1399 1121 1427 sicut
1135 1400 1302 1435 sol,juvenis
1313 1399 1426 1435 quidam
1448 1399 1560 1426 tradidit
1574 1398 1599 1426 ei
1621 1406 1667 1425 ra-

887 1452 947 1472 mos
959 1445 1111 1479 palmarum
1128 1445 1288 1473 duodecim:
1307 1450 1334 1473 et
1345 1444 1430 1472 Iudas
1446 1449 1504 1472 erat
1523 1444 1667 1479 splendens

887 1496 917 1519 ut
930 1491 1005 1524 luna,
1021 1496 1048 1519 et
1063 1491 1114 1519 sub
1126 1492 1242 1527 pedibus
1252 1491 1311 1526 ejus
1326 1495 1405 1519 erant
1417 1491 1451 1518 12
1472 1490 1551 1518 radii.
1571 1490 1605 1518 Et
1620 1498 1667 1518 ac-

887 1542 1028 1565 currentes
1041 1537 1075 1564 ad
1087 1545 1118 1565 se
1130 1537 1246 1565 invicem
1258 1536 1344 1565 Judas
1371 1540 1399 1565 et
1424 1536 1499 1570 Levi,
1524 1540 1668 1564 tenuerunt

887 1584 1002 1619 seipsos.
1018 1582 1051 1611 Et
1069 1590 1132 1610 ecce
1154 1587 1250 1610 taurus
1275 1582 1302 1610 in
1316 1586 1399 1615 terra,
1415 1582 1520 1610 habens
1538 1582 1593 1610 duo
1606 1590 1669 1610 cor-

889 1638 943 1657 nua
958 1637 1068 1665 magna,
1086 1634 1112 1657 et
1121 1629 1178 1657 alas
1191 1629 1288 1664 aquilae
1304 1629 1331 1656 in
1347 1628 1430 1656 dorso
1439 1628 1518 1664 ejus;
1533 1633 1560 1656 et
1573 1628 1668 1656 volen-

888 1679 928 1703 tes
943 1674 1145 1710 apprehendere
1163 1681 1237 1706 eum,
1249 1681 1304 1700 non
1320 1673 1471 1708 potuimus.
1496 1673 1669 1701 Praeveniens

887 1725 978 1749 autem
991 1720 1090 1754 JOseph
1106 1719 1178 1754 cepit
1193 1727 1267 1753 eum,
1278 1723 1305 1747 et
1328 1719 1451 1747 ascendit
1472 1727 1534 1748 cum
1558 1719 1618 1755 ipso
1639 1720 1667 1747 in

888 1765 1036 1793 excelsum.
1048 1764 1082 1792 Et
1091 1763 1147 1791 vidi
1163 1763 1304 1798 (quoniam
1323 1763 1434 1791 aderam
1457 1763 1578 1798 illic),fet
1604 1771 1670 1792 ecce

889 1811 1028 1846 Scriptura
1040 1814 1133 1838 sancta
1149 1809 1276 1844 apparuit
1291 1809 1382 1842 nobis,
1406 1809 1515 1837 dicens:
1533 1810 1666 1846 (Assyrii,

887 1857 1069 1891 Medi,Persaa,
1079 1855 1200 1891 Elymmi,
1210 1855 1355 1889 Gelachaai,
1362 1855 1491 1889 Chaldaei,
1499 1855 1571 1892 Syri,
1579 1856 1666 1884 hatre-

888 1904 998 1932 ditatem
1008 1902 1168 1930 obtinebunt
1185 1902 1212 1928 in
1224 1901 1378 1936 captivitate
1388 1901 1423 1928 12
1433 1906 1538 1936 sceptra
1549 1901 1641 1929 lsrael.
1655 1911 1664 1928 ι

930 1992 973 2019 νι.
989 1990 1037 2018 «Et
1051 1998 1148 2018 rursus
1171 1993 1232 2025 post
1246 1997 1354 2017 menses
1376 1995 1477 2025 septem
1494 1990 1549 2018 vidi
1561 1995 1666 2026 patrem

889 2043 1013 2066 nostrum
1031 2035 1124 2067 Jacob,
1141 2039 1256 2063 stantem
1269 2035 1295 2062 in
1310 2035 1379 2062 mari
1391 2033 1487 2062 Jamne
1499 2044 1507 2069 ;
1519 2040 1546 2064 et
1560 2036 1666 2064 nosfilii

888 2083 948 2118 ejus
962 2089 1023 2110 cum
1032 2088 1074 2108 eo.
1089 2079 1125 2107 Et
1141 2087 1203 2108 ecce
1222 2080 1299 2108 navis
1314 2081 1389 2108 venit
1405 2080 1561 2115 velificans,
1587 2082 1667 2116 plena

889 2128 971 2157 siccis
979 2126 1118 2158 carnibus,
1137 2125 1196 2152 sine
1206 2125 1298 2152 nautis
1309 2129 1336 2152 et
1350 2125 1547 2160 gubernatore:
1569 2126 1668 2154 inscri-

888 2175 1004 2202 bebatur
1016 2177 1117 2203 autem,
1137 2170 1221 2198 Navis
1245 2170 1340 2198 Iacob.
1357 2170 1390 2198 Et
1411 2170 1478 2199 dixit
1497 2172 1577 2199 nobis
1590 2176 1669 2207 pater

889 2224 997 2247 noster:
1017 2227 1026 2244 ι
1040 2216 1227 2245 Ascendamus
1239 2216 1268 2243 in
1281 2223 1377 2243 navem
1394 2220 1526 2244 nostram.
1540 2226 1550 2243 ι
1565 2216 1602 2245 Ut
1617 2225 1668 2245 au-

62 2270 142 2304 ἡμῶν.
158 2280 168 2296 ›
191 2271 235 2301 Ὧς
251 2270 279 2295 δὲ
292 2268 461 2303 εἰσήλθομεν,
473 2266 576 2302 γίνεται
588 2265 694 2301 χειμὼν
713 2266 835 2302 σφοδρὸς,

890 2271 942 2294 tem
957 2264 1129 2296 intravimus,
1142 2262 1213 2290 facta
1237 2266 1280 2290 est
1294 2267 1440 2298 tempestas
1456 2264 1604 2292 vehemens
1615 2283 1623 2297 ,
1642 2268 1669 2291 et

62 2316 105 2342 καὶ
116 2316 214 2351 λαῖλαψ
230 2315 329 2351 ἀνέμου
345 2313 461 2350 μεγάλου
473 2332 483 2345 ,
499 2312 546 2339 καὶ
571 2313 722 2347 ὲφεπτᾶται
745 2311 801 2348 (27)
823 2314 837 2339 6

93 2374 114 2390 ²³
125 2373 225 2410 Ephes.
247 2382 277 2405 ιι,
293 2374 338 2401 l7.
387 2372 409 2388 “
420 2371 523 2399 Habac.
539 2379 582 2404 ιιι,
599 2371 644 2399 ll.

95 2430 163 2466 (19L
174 2430 260 2464 Ἁγίᾳ.
278 2430 336 2458 Vox
350 2431 415 2466 ἁγίᾳ
433 2439 487 2458 non
511 2431 610 2465 legitur
633 2430 661 2457 in
685 2438 737 2458 ms.
763 2431 837 2458 Can-

65 2465 472 2536 ωῗέθξῖἓέῗγίκαλυφθήσεσθε.
492 2501 663 2536 Ἀναστραφή
668 2501 755 2536 σεσθε.
770 2502 810 2528 In.

83 2534 151 2574 _(il)
170 2534 226 2562 Kal
239 2535 324 2562 ἔσται
337 2555 342 2561 .
355 2556 360 2562 .
372 2556 396 2563 ..
412 2537 460 2563 καὶ
471 2534 774 2571 τοὺςξὲγῗύςιίοιηὶεειι
782 2543 840 2563 om-

63 2570 225 2642 n|1§glfusr
233 2605 345 2642 ὄρεσινἶ
448 2607 476 2632 ὲν
489 2605 594 2642 ὀνείρῳ,
608 2606 658 2632 ὅτι.
678 2608 715 2632 In.

97 2641 152 2669 (25)
179 2641 306 2667 Ἐλαίου.
331 2641 452 2667 Ἐλαιῶν.
466 2642 504 2668 In.
547 2641 551 2642 7
646 2650 649 2651 '

108 2676 152 2710 24)
178 2675 325 2710 Ἑλυμαῖοι
346 2676 429 2704 deest.
444 2677 483 2703 lo.

108 2711 152 2744 25)
172 2710 339 2744 Γελαχαῖοι.
354 2711 489 2738 Χελκαῖοι.
504 2712 542 2738 ll).

99 2712 141 2744 (25
172 2712 339 2744 Γελαχαῖοι.
354 2712 489 2738 Χελκαῖοι.
504 2712 542 2738 ll).

99 2712 152 2781 (26)
178 2745 280 2781 Ὶᾳμνέ.
301 2746 426 2781 Ἰαμνίας.
440 2746 676 2774 ln.——Richardus
690 2745 839 2781 Simonius,

67 2779 108 2810 qui
123 2781 179 2808 haec
196 2779 361 2808 Testamenta
373 2781 487 2809 contulit
501 2789 564 2808 cum
589 2788 641 2808 ms.
667 2780 840 2808 bibliotheca

59 2814 159 2850 ltegiaz,
176 2820 293 2843 testatur
306 2815 433 2843 Biblioth.
458 2816 518 2843 crit.
534 2820 600 2843 tum.
625 2815 648 2842 ll
661 2835 668 2848 ,
686 2823 747 2850 pag.
775 2815 838 2850 2ζν1,

68 2849 189 2887 codicem
210 2850 338 2887 exhibere
359 2851 443 2887 evicti
467 2851 589 2887 θαλάσσῃ
610 2849 768 2887 Ἰαμνείας..
787 2849 839 2887 _Sed

69 2886 281 2925 prgstatﬁnquit.
291 2886 497 2925 ΙρεετεςΙ-ᾀμμας
508 2897 514 2912 :
525 2885 646 2925 sicenim
655 2885 836 2925 procul-dubio

70 2917 282 2955 legitcniscopus
294 2917 502 2955 Lincolnieiisis,
530 2921 610 2955 cujus
634 2917 724 2948 vérsio
750 2920 788 2947 ita
807 2927 837 2948 se

890 2311 971 2340 turbo
983 2310 1056 2338 venti
1070 2309 1179 2345 magni;
1191 2312 1219 2336 et
1233 2308 1323 2336 avolat
1338 2314 1414 2344 pater
1439 2315 1532 2338 noster
1544 2317 1561 2338 a
1578 2310 1668 2343 nobis,

887 2430 982 2458 habet:
1000 2427 1034 2455 In
1044 2428 1113 2454 muri
1123 2427 1247 2455 Jammaa.
1264 2427 1333 2455 Hinc
1347 2426 1458 2460 coniicit
1481 2427 1523 2454 vir
1542 2435 1661 2462 κριτικω

885 2473 975 2497 τατος,
992 2464 1052 2490 ha-c
1068 2462 1233 2490 Testamenta
1245 2463 1343 2497 scripta
1358 2462 1475 2496 primum
1490 2461 1577 2489 fuisse
1588 2461 1671 2489 Chal—

887 2500 978 2527 daice:
1001 2506 1055 2525 vox
1085 2498 1158 2524 enim
1175 2497 1282 2524 Jamma
1312 2496 1458 2524 Chaldaica
1480 2501 1532 2527 est,
1545 2497 1672 2527 idemque

889 2504 978 2531 daice;
1001 2506 1055 2525 vox
1085 2505 1158 2524 enim
1175 2504 1282 2524 Jamma
1312 2504 1458 2524 unatuatca
1480 2504 1532 2529 est,
1545 2504 1671 2530 memque

889 2539 969 2571 sonat
984 2533 1056 2571 quod
1074 2532 1311 2571 θαλάσση-(ἴψαο,
1326 2537 1353 2559 et
1365 2531 1558 2571 mareLatine.
1572 2532 1617 2563 At.
1627 2531 1671 2558 in-

891 2570 979 2603 quies,
993 2568 1021 2603 si?
1036 2568 1092 2594 haec
1107 2568 1144 2594 ita
1156 2567 1324 2599 se’habeant.
1335 2567 1501 2603 cautoléyg);
1510 2567 1562 2603 erit
1576 2571 1672 2603 auctor

892 2601 994 2631 noster.
1015 2602 1127 2638 Utiquid
1141 2602 1213 2629 enim
1231 2602 1407 2638 scripseritr‘ev
1417 2604 1450 2638 τῇ
1463 2602 1584 2638 θαλάσσῃ
1599 2601 1671 2636 Ἰάμ-

893 2648 957 2681 μας,
969 2646 1030 2665 cum
1045 2637 1152 2681 lamna;
1164 2638 1234 2664 idem
1244 2637 1324 2681 sitae
1334 2637 1473 2681 Balaam]?
1484 2637 1584 2681 Quidni
1595 2643 1670 2681 vero.

892 2672 1004 2714 inquam
1020 2680 1080 2713 ego,
1114 2672 1229 2734 Ἰάμμας
1256 2673 1283 2699 in
1300 2676 1374 2699 textu
1404 2672 1544 2714 scripserit
1560 2675 1670 2712 auctor;

893 2709 1019 2742 aliusque
1035 2708 1162 2742 deinceps
1195 2715 1246 2734 anc
1258 2715 1352 2735 vocem
1367 2713 1501 2735 exoticam
1523 2707 1672 2741 explicatu-

895 2752 952 2776 rus,
967 2742 1086 2783 θαλάσση
1100 2742 1216 2783 margini
1233 2742 1379 2783 adleverits
1393 2743 1467 2778 quod
1484 2747 1577 2783 postea
1600 2742 1672 2782 glos—

889 2786 964 2805 sema
990 2776 1138 2804 intextum
1164 2776 1326 2812 irrepserrit?
1356 2776 1493 2806 Hactenus
1521 2776 1671 2805 Simonius.

889 2813 997 2840 Videsis
1021 2812 1186 2839 Bochartum
1211 2811 1239 2839 in
1257 2811 1405 2847 Geograph.
1421 2821 1491 2840 επεν.
1508 2813 1555 2840 lib.
1573 2820 1593 2846 ι,
1610 2818 1671 2845 cap.

888 2847 1085 2886 ὅῦηιζξεεμϐὅιι
1111 2855 1169 2886 seq.

926 2879 1193 2917 (ΞἾΓἘφεπτᾶτὶιι.
1212 2882 1283 2918 Lege
1296 2882 1462 2917 ἀφίπταται,
1488 2882 1535 2911 sed
1556 2883 1585 2910 in
1611 2879 1672 2908 cod.

891 2918 979 2946 Oxon.
997 2922 1038 2946 est
1054 2917 1210 2951 ἀφίσταται.
1226 2917 1311 2946 (ιω.
