1913 3102
251 178 317 208 HH
741 179 968 209 TESTAMENTA
987 179 1033 207 ΧΠ
1051 178 1358 208 PATRIARCHARUM.
1804 177 1866 206 1112

251 246 346 269 tenens
361 233 556 276 gubernacula.
570 238 603 266 Et
616 246 668 266 nos
687 243 847 274 tempestate
864 239 986 274 quassati
1004 237 1028 265 in

1083 236 1176 273 πατὴρ
1191 237 1238 271 ἀφ’
1256 237 1344 273 ἡμῶν,
1357 237 1372 263 6
1385 236 1492 271 κρατῶν
1502 236 1565 268 τοὺς
1580 235 1710 271 αὖχένας.
1722 234 1780 262 Καὶ
1793 235 1866 271 ἡμεῖς

250 287 363 322 pelagus
374 285 543 319 ferebamur;
557 290 583 313 et
592 285 701 320 impleta
713 289 755 313 est
770 285 847 313 navis
862 285 952 320 aquis,
965 292 1028 320 pro-

1081 281 1271 317 χειμαζόμενοι
1286 281 1332 308 ἐπὶ
1343 281 1374 308 τὸ
1395 281 1511 316 πέλαγος
1529 280 1699 316 ἐφερόμεθα”
1718 280 1769 306 καὶ
1786 280 1852 315 ἐπλη
1877 284 1882 306 t

249 333 327 361 cellis
339 332 460 368 undique
467 337 606 367 quassata,
618 333 655 359 ita
666 336 696 359 ut
706 331 822 359 contrita
833 337 913 360 esset.
928 332 1028 367 Joseph

1081 327 1153 364 ρώθη
1168 328 1199 354 τδ
1210 327 1301 354 πλοῖον
1313 327 1427 360 ὑδάτων,
1439 327 1597 363 τρικυμίαις
1606 327 1865 362 περιρῤησσόμενον,

251 382 342 405 autem
359 377 387 405 in
402 377 499 413 cymba
513 377 598 412 fugit;
618 377 766 405 dividimur
786 382 877 404 autem
894 382 920 405 et
935 385 985 405 nos
1000 378 1027 405 in

1081 373 1149 400 ὥστε
1165 374 1213 401 καὶ
1230 373 1420 409 συντρίϐεσθαι
1434 373 1508 400 αὐτό.
1521 373 1576 399 Καὶ
1592 372 1691 408 Ἰωσὴφ
1703 373 1750 399 ἐπὶ
1757 373 1865 400 ἀκατίου

250 423 352 451 tabulis
362 423 466 451 decem.
485 422 549 450 Levi
563 427 652 450 autem
665 428 691 451 et
708 423 793 451 Judas
803 428 882 451 erant
905 423 1027 452 insimul.

1081 419 1174 454 φεύγει
1184 428 1190 434 ·
1204 418 1378 455 χωριζόμεθα
1393 418 1421 445 δὲ
1434 419 1481 445 καὶ
1495 419 1576 454 ἡμεῖς
1595 419 1641 445 ὲπὶ
1659 418 1775 445 σανίδων
1792 419 1864 445 δέκα.

252 468 440 504 Dispergimur
449 468 534 504 igitur
551 475 658 502 omnes,
675 476 762 504 usque
772 469 800 496 in
811 469 954 498 terminos.
965 469 1028 497 Levi

1081 466 1143 494 Λευῖ
1155 466 1184 493 δὲ
1197 467 1244 493 καὶ
1268 465 1367 497 Ἰούδας
1383 463 1453 501 ἦσαν
1464 465 1514 492 ὲπὶ
1529 464 1560 492 τὸ
1577 465 1654 492 αὐτό.
1676 465 1866 500 Διεσπάρημεν

1078 510 1124 540 οὖν
1138 512 1249 544 πάντες,
1266 511 1319 543 ἕως
1334 511 1375 543 εἰς
1387 510 1423 538 τὰ
1434 510 1551 546 πέρατα.
1576 511 1606 538 '0
1620 511 1649 537 δὲ
1659 510 1729 537 Λευῒ
1740 512 1867 547 περιεαλ-

1078 558 1109 585 λό
1112 567 1192 594 μενος
1203 558 1313 589 σάκκον,
1322 557 1387 592 περὶ
1399 556 1506 583 πάντων
1513 556 1591 592 ὴμιῖιν
1601 556 1690 582 ἐδέετο
1697 556 1746 583 τοῦ
1754 558 1864 593 Κυρίου.

1085 603 1129 635 Ὡς
1141 602 1169 629 δὲ
1181 602 1318 629 ἐπαύσατο
1332 602 1348 628 6
1358 600 1510 637 χειμὼν,τδ
1522 601 1625 636 σκάφος
1637 601 1757 636 ἔφθασεν
1767 602 1864 638 ext-5p

1083 648 1145 683 γῆν,
1160 648 1198 680 ὡς
1211 649 1240 675 ἐν
1257 648 1363 684 εἰρήνῃ.
1380 648 1436 674 Καὶ
1453 647 1507 674 ἰδοὺ
1524 644 1606 683 ἦλθεν
1623 646 1724 674 ἰακὼὸ
1738 648 1754 674 6
1777 649 1865 684 πατὴρ

1080 694 1168 730 ἡμῶν,
1186 695 1233 721 καὶ
1249 693 1420 730 ὁμοθυμαδὸν
1436 693 1638 729 ἠγαλλιώμεθα.

250 518 342 543 autem
355 515 467 542 indutus
481 522 571 547 sacco,
594 522 644 549 pro
657 515 786 543 omnibus
800 515 879 543 nobis
897 515 1029 550 depreca-

250 563 330 590 batur
345 561 503 590 Dominum.
519 560 554 588 Ut
564 565 655 589 autem
670 561 773 596 quievit
785 566 944 597 tempestas,
969 570 1029 590 sca-

250 607 305 642 pha
317 606 407 640 attigit
422 611 534 639 terram,
551 607 625 634 velut
640 607 667 634 in
681 614 758 642 pace.
775 606 808 634 Et
819 614 883 636 ecce
896 607 970 636 venit
979 615 1029 644 pa-

251 657 292 680 ter
307 657 402 681 noster
414 651 511 686 Iacob,
527 657 555 680 et
566 652 733 680 unanimiter
748 652 958 681 exsultavimns.

287 751 342 780 VH.
356 761 366 778 ι
379 751 442 780 Haec
456 752 511 780 duo
522 752 627 780 somnia
640 753 762 781 dicebam
776 753 845 788 patri
860 761 937 787 meo;
949 758 976 782 et
988 755 1028 782 di-

1115 749 1151 776 Z’.
1168 758 1177 774 ι
1191 749 1230 776 Τὰ
1242 749 1287 776 δύο
1300 749 1411 776 ὲνύπνια
1423 747 1499 776 εἷπον
1515 750 1554 785 τῷ
1567 751 1653 786 πατρί
1666 759 1718 786 μου
1727 760 1734 766 ’
1750 751 1800 778 καὶ
1808 750 1865 780 εἶπέ

251 797 291 825 xit
311 798 379 825 mihi
392 805 399 824 :
421 807 430 823 ι
445 797 557 833 Oportet
571 802 628 826 haec
641 798 746 833 impleri
761 799 910 827 secundum
924 804 1028 835 tempus

1082 802 1141 829 μοι·
1163 804 1172 820 ι
1185 795 1230 820 Δεῖ
1254 794 1324 822 αὐτὰ
1340 795 1515 831 πληρωθῆναι
1532 795 1604 822 κατὰ
1628 797 1744 832 καιροὺς
1764 797 1863 830 αὐτῶν,

251 843 392 877 ipsorum,
429 851 492 871 cum
513 844 597 872 multa
622 845 705 872 Israel
727 845 898 873 sustinuerit.
918 855 928 871 ι
954 845 1028 874 Tunc

1081 839 1165 866 πολλὰ
1174 840 1220 867 τοῦ
1234 840 1339 877 Ἰσραὴλ
1347 841 1549 876 ὑπομείναντος.
1563 851 1572 867 ι
1584 841 1651 868 Τότε
1663 841 1736 876 λέγει
1750 843 1764 870 6
1777 844 1865 879 πατήρ

251 888 319 916 dixit
332 894 409 923 pater
424 896 518 917 meus:
546 888 665 921 «Credo,
681 889 812 924 quoniam
827 889 894 917 vivit
913 889 1028 925 Joseph:

1082 893 1149 920 μουο
1166 894 1176 910 ι
1190 885 1322 917 Πιστεύω,
1337 885 1421 921 ὅτιζῇ
1450 885 1564 921 Ἰωσήφ·
1589 887 1645 923 ὁρῶ
1665 887 1721 922 γὰρ
1741 887 1863 919 arduas,

250 933 330 961 video
340 933 412 960 enim
424 941 540 968 semper,
552 933 626 968 quod
638 932 770 960 Dominus
781 937 958 960 connumerat
968 940 1028 960 cum

1081 929 1123 956 ὄντι
1135 930 1149 955 ὁ
1160 929 1261 965 Κύριος
1273 930 1491 966 συγκαταριθμεῖ
1502 930 1588 958 αὐτὸν.
1604 930 1662 966 μεθ’
1677 931 1767 966 ὑμῶν.
1782 941 1791 958 ι
1813 934 1865 967 Καὶ

250 979 404 1007 vobiscum.
420 988 430 1005 ›
452 978 486 1006 Ει
510 978 578 1007 llens
592 978 676 1007 dixit:
693 987 703 1005 ι
717 977 913 1014 Vivis,Joseph
930 979 967 1007 ﬁli
981 979 1028 1012 mi,

1081 974 1180 1001 κλαίων
1194 974 1279 1009 ἔλεγε·
1295 984 1305 1000 ι
1317 975 1481 1011 Ζῇς,τὲκνον
1495 984 1545 1011 μου
1563 975 1673 1011 Ἰωσὴφ,
1682 976 1730 1003 καὶ
1736 977 1768 1002 οὐ
1779 976 1865 1011 βλέπω

249 1028 277 1051 et
289 1031 343 1051 non
357 1028 384 1051 te
397 1024 491 1059 video,
507 1028 534 1052 et
545 1029 575 1052 ιιι
591 1032 646 1052 non
666 1024 744 1052 vides
766 1024 860 1058 Iacob,
872 1025 921 1061 qui
938 1026 1028 1061 genuit

1081 1028 1123 1052 σε,
1143 1020 1190 1047 καὶ
1199 1020 1249 1056 οὐχ
1267 1022 1333 1057 ὁρᾷς
1357 1020 1454 1048 Ἰακὼϐ
1470 1021 1516 1048 τδν
1533 1021 1705 1057 γεννήσαντα
1727 1030 1769 1048 σε.
1784 1031 1794 1048 ›
1813 1023 1865 1049 Καὶ

250 1074 287 1097 te.
299 1079 309 1095 ι
324 1069 398 1097 Fecit
409 1074 499 1098 autem
511 1075 538 1098 et
560 1078 611 1098 nos
623 1070 769 1106 lacrymari
786 1071 813 1098 in
838 1071 880 1099 his
897 1072 1028 1099 sermoni-

1081 1067 1191 1104 ἐποίησε
1211 1068 1258 1095 καὶ
1277 1069 1350 1104 ἡμᾶς
1369 1068 1502 1104 δακρῦσαι
1519 1069 1548 1094 ὲν
1559 1069 1616 1101 τοῖς
1636 1068 1728 1103 λόγοις
1753 1069 1863 1100 τούτοις.

248 1115 312 1143 bus.
325 1115 358 1143 Et
371 1116 539 1145 accendebar
551 1116 579 1144 in
591 1116 752 1150 visceribus,
760 1121 790 1144 ut
800 1117 888 1152 palam
902 1117 1028 1151 facerem,

1081 1112 1136 1140 Καὶ
1156 1112 1288 1149 ὲκαιόμην
1300 1114 1356 1144 τοῖς
1368 1113 1530 1148 σπλάγχνοις
1537 1112 1697 1147 ἀναγγεῖλαι
1708 1113 1751 1140 δτι
1764 1113 1864 1149 πέπραμ

251 1161 325 1196 quod
333 1161 460 1190 venditus
475 1168 566 1196 esset;
584 1163 631 1191 sed
645 1163 724 1191 timui
736 1164 835 1192 fratres
853 1171 939 1192 meos.

285 1215 354 1244 Vlll.
371 1225 380 1243 ι
402 1216 482 1250 Ecce,
499 1218 546 1245 lilii
559 1218 623 1251 mei,
638 1219 744 1247 ostendi
758 1219 835 1248 vobis
850 1224 972 1256 tempora
985 1228 1032 1250 ex-

250 1266 347 1296 trema,
361 1263 490 1298 quoniam
506 1265 597 1292 omnia
613 1265 677 1292 tient
690 1265 718 1292 in
735 1265 825 1294 Israel.
843 1266 877 1294 Et
903 1275 952 1295 vos
981 1267 1032 1303 igi-

251 1310 295 1334 tur
306 1308 432 1336 mandate
443 1309 505 1336 ﬁliis
519 1310 664 1343 vestris,ut
680 1311 810 1340 uniantur
827 1311 890 1340 Levi
904 1316 930 1340 et
944 1312 1029 1341 Iudae.

249 1351 301 1380 Per
315 1351 413 1380 Judam
436 1353 508 1380 enim
532 1355 637 1382 orietur
664 1356 739 1384 salus
766 1355 858 1390 Israel,
876 1363 903 1385 et
922 1358 950 1385 in
973 1358 1032 1393 ipso

250 1398 425 1426 benedicetur
440 1398 534 1426 Iacob.
551 1399 604 1427 Per
628 1406 765 1436 sceptrum
787 1402 859 1430 enim
875 1403 934 1438 ejus
949 1411 1030 1439 appa-

249 1443 321 1470 rebit
347 1442 430 1476 Deus,
449 1444 574 1472 habitans
598 1445 668 1473 inter
694 1446 818 1475 homines
845 1447 872 1475 in
895 1452 978 1482 terra,
1003 1454 1031 1477 ut

250 1487 335 1514 salvet
355 1495 440 1522 genus
460 1487 556 1522 Israel;
572 1494 598 1517 et
613 1491 788 1526 congregabit
798 1492 888 1527 justos
913 1501 947 1521 ex
966 1502 1031 1529 gen-

251 1532 334 1560 tibus.
352 1532 380 1560 Si
408 1535 557 1568 operemini
578 1535 692 1569 bonum,
708 1536 756 1564 ﬁlii
779 1538 843 1572 mei,
869 1538 1030 1567 benedicent

249 1577 328 1605 vobis
350 1582 377 1606 et
401 1578 525 1607 homines
541 1585 569 1607 et
586 1581 689 1616 angeli;
707 1586 733 1610 et
744 1582 816 1611 Deus
835 1570 1029 1619 gloriﬁcabitur
1042 1570 1065 1601 ε

249 1630 299 1658 per
315 1630 364 1651 vos
381 1624 408 1651 in
424 1625 560 1660 gentibus,
580 1631 606 1654 et
626 1627 750 1656 diabolus
769 1628 854 1665 fugiet
869 1637 885 1657 a
901 1630 988 1664 vobis,
1003 1635 1031 1659 et

250 1669 345 1697 bestiae
359 1670 494 1698 timebunt
508 1679 568 1705 vos,
580 1678 607 1700 et
618 1673 706 1708 angeli
718 1675 867 1709 suscipient
883 1683 941 1704 vos.
956 1675 1031 1704 Sicut

249 1715 321 1742 enim
347 1715 371 1743 si
394 1718 457 1752 quis
475 1717 560 1745 ﬁlium
575 1720 678 1747 nutriat
694 1720 773 1754 bene,
785 1726 916 1756 perpetuo
936 1727 1030 1757 gratus

248 1765 276 1789 et
303 1769 407 1790 memor
432 1768 475 1791 est
491 1773 498 1791 :
514 1764 550 1792 ita
565 1769 592 1793 et
613 1766 640 1793 in
662 1766 735 1794 bono
750 1774 832 1802 opere
847 1769 975 1796 memoria
989 1773 1030 1796 est

248 1809 319 1844 apud
334 1808 418 1837 Deum
430 1809 512 1838 bona.
524 1810 575 1844 Qui
588 1819 653 1839 vero
667 1820 722 1839 non
739 1812 834 1840 fecerit
847 1813 1030 1849 bonum,huic

247 1853 413 1882 maledicunt
427 1859 454 1882 et
474 1856 561 1891 angeli
580 1861 606 1884 et
620 1857 754 1891 homines,
768 1863 795 1886 et
810 1858 880 1887 Deus
892 1865 1030 1888 contume-

248 1899 284 1926 lia
297 1899 431 1928 amcietur
442 1908 488 1936 per
500 1902 588 1936 ipsum
606 1903 633 1930 in
649 1903 785 1938 gentibus,
799 1910 827 1932 et
840 1904 964 1934 diabolus
977 1906 1030 1934 sibi

250 1944 368 1972 vindicat
391 1945 464 1973 hunc
490 1951 619 1982 tanquam
647 1949 785 1984 proprium
813 1957 872 1983 vas,
891 1955 918 1978 et
939 1953 1029 1980 omnis

247 1989 334 2017 bestia
358 1990 542 2019 dominabitur
566 1994 602 2024 ei,
617 1998 644 2021 et
670 1993 803 2024 Dominus
829 1997 892 2024 odio
920 1997 1029 2025 habebit

247 2042 321 2063 curn.
346 2035 452 2064 Etenim
479 2039 605 2066 mandata
625 2039 692 2075 legis
707 2041 822 2077 duplicia
838 2047 913 2077 sunt,
924 2048 950 2072 et
966 2051 1028 2072 cum

248 2084 306 2107 arte
330 2080 485 2116 implentur.
506 2092 515 2109 ι
539 2083 657 2119 Tempus
675 2086 747 2113 enim
770 2092 811 2114 cst
828 2089 943 2115 coeundi
965 2097 1029 2117 cum

247 2132 333 2153 uxore
351 2134 400 2154 sua
412 2128 445 2161 ",
461 2133 488 2156 et
503 2133 609 2164 tempus
621 2132 772 2160 abstinendi
788 2134 822 2161 ab
836 2142 866 2161 ea
881 2135 914 2162 ad
928 2136 1029 2164 oratio-

247 2178 310 2198 nem
328 2173 446 2201 suam".
465 2174 496 2202 Et
511 2174 565 2202 duo
585 2176 710 2205 mandata
724 2183 798 2212 sunt,
814 2186 884 2214 qua,
897 2181 950 2209 nisi
963 2181 1029 2210 ﬁant

248 2214 275 2242 in
289 2216 385 2245 ordine
399 2224 458 2251 suo,
471 2225 610 2254 peccatum
626 2222 760 2251 tribuunt.
775 2223 815 2252 Ita
829 2230 870 2254 est
884 2230 911 2254 et
924 2228 951 2254 in
966 2228 1026 2255 reli-
1040 2236 1064 2265 ι)

246 2262 310 2296 quis
333 2263 480 2292 mandatis.
495 2265 658 2294 Efficiamini
684 2275 749 2304 ergo
772 2271 909 2305 sapientes
928 2272 956 2300 in
970 2273 1026 2301 Deo

245 2313 273 2336 et
285 2309 442 2344 prudentes,
456 2310 572 2339 scientes
584 2312 708 2341 ordinem
718 2315 909 2344 mandatorum
918 2318 988 2352 eius,
1000 2323 1026 2347 et

245 2353 319 2390 leges
333 2355 422 2383 omnis
437 2356 487 2389 rei,
501 2361 531 2383 ut
546 2356 676 2386 Dominus
691 2360 784 2395 diligat
797 2369 855 2390 vos.
873 2372 884 2388 ι

280 2490 325 2517 IX.
343 2491 374 2518 Et
400 2500 461 2519 cum
482 2492 567 2520 multa
584 2494 648 2521 talia
665 2495 820 2524 mandasset
833 2497 885 2530 eis,
900 2504 1026 2532 precatus

245 2540 296 2569 est,
317 2541 347 2564 ut
363 2538 528 2566 transferant
541 2546 604 2567 ossa
614 2539 674 2575 ejus
688 2541 714 2568 in
730 2539 883 2576 Hebron,et
896 2544 1026 2578 sepeliant

245 2590 305 2609 eum
326 2590 388 2610 cum
405 2584 528 2618 patribus
542 2585 612 2620 ejus.
627 2585 660 2613 Et
673 2587 818 2616 comedens
840 2593 868 2615 et
882 2589 977 2617 bibens
997 2590 1025 2618 in

244 2627 394 2663 hilaritate‘_
404 2630 515 2664 animas,
528 2631 628 2658 velavit
640 2631 737 2660 faciem
754 2641 843 2666 suam,
861 2638 888 2662 et
902 2640 1025 2664 mortuus

244 2695 267 2710 "
283 2694 372 2724 Eccle.
389 2704 430 2729 Ill,
442 2697 470 2725 5.
508 2697 532 2714 '°
545 2698 555 2725 l
567 2698 630 2726 Cor.
646 2708 694 2733 vn,
707 2701 735 2727 5.

279 2791 335 2826 (28)
353 2794 500 2821 Ποιοῦντα
516 2796 558 2822 τό.
578 2797 668 2824 Ὄντα.
683 2798 756 2826 GnAB

355 2828 453 2887 Αῗὲιτὸν
476 2830 515 2862 ὡς
538 2831 614 2858 ίὸιον
639 2834 756 2866 σκεῦος.
785 2836 882 2871 Αὺτῷ.
906 2837 943 2870 ὡς
967 2839 1023 2873 ἰδίῳ

264 2868 345 2887 κευιι.
363 2868 400 2889 ID.

1080 1167 1125 1186 ται
1137 1167 1144 1173 ·
1163 1157 1221 1184 ἀλλ’
1233 1157 1387 1194 ἐφοϐούμην
1399 1158 1462 1190 τοὺς
1473 1158 1603 1193 ἀδελφούς
1616 1167 1678 1194 μου.

1113 1213 1154 1240 H’.
1169 1222 1178 1239 (
1190 1213 1266 1245 Ἰδοὺ,
1282 1212 1363 1239 τέκνα
1374 1221 1435 1248 μου,
1451 1211 1576 1245 ὑπέδειξα
1588 1213 1652 1249 ὑμῖν
1664 1214 1781 1249 καιροὺς
1790 1214 1861 1249 ἐσχέ-

1080 1267 1158 1290 τους,
1180 1258 1220 1285 ὅτι
1239 1258 1326 1285 πάντα
1346 1259 1489 1294 γενήσεται
1514 1258 1543 1285 ἐν
1566 1258 1685 1294 Ἰσραήλ.
1710 1259 1768 1285 Καὶ
1792 1259 1862 1294 ὑμεῖς

1079 1301 1126 1331 οὗν
1140 1303 1292 1331 ἐντείλασθε
1313 1305 1369 1335 τοῖς
1388 1304 1493 1336 τέκνοις
1513 1303 1607 1339 ὑμῶν,
1629 1304 1674 1330 ἴνα
1695 1304 1810 1332 ἑνῶνται
1829 1305 1862 1340 τῷ

1079 1347 1145 1375 Λευῖ
1166 1349 1212 1375 καὶ
1236 1348 1274 1384 τῷ
1302 1348 1395 1384 Ἰούδᾳ.
1414 1349 1463 1375 Διὰ
1484 1348 1538 1385 γὰρ
1560 1348 1608 1376 τοῦ
1635 1350 1722 1376 ’ἰούδα
1747 1351 1862 1377 ἀνατελεί

1081 1395 1201 1432 σωτηρία
1211 1395 1250 1431 τῷ
1267 1395 1384 1431 Ἰσραὴλ,
1399 1395 1445 1421 καὶ
1458 1395 1486 1422 ὲν
1500 1395 1573 1431 αὑτῷ
1586 1395 1804 1432 εὐλογηθήσεται
1821 1398 1863 1424 'la-

1080 1441 1146 1468 κώὸ.
1164 1441 1213 1468 Διὰ
1227 1441 1281 1478 γὰρ
1298 1441 1345 1467 τοῦ
1361 1441 1498 1477 σκήπτρου
1515 1441 1597 1468 αὗτοῦ
1613 1441 1767 1478 ὀφθήσεται
1786 1443 1861 1475 Θεὸς,

1080 1489 1213 1516 κατοικῶν
1227 1489 1255 1515 ὲν
1269 1487 1420 1524 ἀνθρώποις
1433 1488 1480 1514 ἐπὶ
1493 1489 1542 1524 τῆς
1556 1489 1618 1524 γῆς,
1634 1488 1722 1516 σῶσαι
1739 1490 1772 1516 τὸ
1793 1491 1863 1525 γένος

1086 1534 1211 1570 Ἰσραήλ·
1238 1534 1286 1561 καὶ
1309 1533 1464 1565 ἐπισυνάξει
1488 1533 1609 1566 δικαίους
1632 1534 1666 1561 ὲκ
1691 1535 1748 1563 τῶν
1773 1535 1861 1562 ἐθνῶν.

1085 1578 1147 1606 Ἐὰν
1162 1578 1313 1614 ὲργάζησθε
1336 1578 1367 1605 τὸ
1387 1578 1484 1611 καλὸν,
1498 1577 1579 1606 τέκνα
1595 1587 1658 1615 μου,
1675 1580 1864 1617 εὐλογήσουαν

1081 1624 1151 1659 ὑμᾶς
1172 1623 1218 1650 καὶ
1239 1624 1264 1649 οἱ
1284 1622 1420 1658 ἄνθρωποι
1431 1643 1439 1655 ,
1461 1623 1509 1650 καὶ
1523 1623 1548 1650 οἱ
1566 1624 1695 1658 ἄγγελοι·
1712 1627 1761 1652 καὶ
1775 1627 1790 1652 6
1804 1626 1862 1657 Θεὸς

1080 1669 1274 1705 δοξασθήσεται
1291 1670 1319 1696 ὲν
1333 1671 1390 1702 τοῖς
1406 1669 1493 1696 ἔθνεσι
1508 1670 1542 1696 δι’
1556 1670 1643 1706 ὑμῶν,
1659 1672 1709 1698 καὶ
1722 1672 1737 1698 6
1748 1673 1862 1705 διάϐολος

1080 1715 1204 1751 φεύξεται
1229 1715 1274 1750 ἀφ’
1298 1715 1391 1751 ὑμῶν,
1419 1715 1467 1741 καὶ
1492 1715 1527 1742 τὰ
1554 1715 1635 1752 θηρία
1666 1718 1863 1754 φοϐηθήσονται

1080 1761 1167 1796 ὑμᾶς,
1189 1760 1241 1793 καὶ,
1256 1760 1279 1787 oi
1298 1760 1405 1795 ἄγγελοι
1428 1761 1582 1794 ἀνθέξονται
1601 1762 1691 1798 ὑμῶν.
1715 1764 1763 1796 Ὧς
1777 1765 1810 1791 ἄν
1827 1773 1863 1796 τις

1079 1806 1171 1833 τέκνον
1191 1806 1311 1843 ἐκθρέψῃ
1325 1806 1415 1838 καλῶς
1426 1827 1433 1839 ,
1450 1807 1543 1842 μνείαν
1564 1807 1621 1843 ἔχει
1638 1808 1765 1844 ἀγαθήν·
1784 1809 1863 1841 οὕτως

1079 1853 1126 1879 καὶ
1139 1853 1184 1879 ἐπὶ
1196 1852 1244 1879 τοῦ
1267 1851 1349 1879 καλοῦ
1371 1852 1450 1888 ἔργου
1466 1854 1560 1890 μνήμη
1582 1853 1658 1890 παρὰ
1677 1854 1750 1882 Θεοῦ
1768 1856 1862 1891 ἀγαθή.

1079 1898 1130 1924 Τὸν
1145 1897 1174 1924 δὲ
1192 1898 1229 1934 μὴ
1244 1897 1371 1924 ποιοῦντα
1384 1897 1415 1924 τὸ
1427 1898 1483 1935 (28)
1498 1899 1589 1931 καλὸν,
1603 1900 1810 1936 καταράσονται
1821 1901 1863 1927 καὶ

1078 1945 1102 1970 οἱ
1112 1943 1237 1978 ἄγγελοι,
1249 1943 1296 1970 καὶ
1308 1944 1332 1970 οἰ
1352 1943 1489 1979 ἄνθρωποι
1499 1965 1507 1977 ,
1528 1945 1576 1972 καὶ
1587 1946 1601 1972 6
1615 1945 1683 1978 Θεὸς
1700 1946 1827 1982 ἀδοξήσει
1838 1949 1862 1973 ἐν

1077 1990 1133 2021 τοῖς
1145 1989 1231 2016 ἔθνεσι
1241 1989 1274 2016 δι’
1286 1989 1367 2016 αὑτοῦ
1377 2010 1384 2022 ,
1398 1990 1445 2016 καί
1457 1991 1472 2017 6
1484 1990 1604 2024 διάϐολος
1616 1991 1771 2019 οἰκειοῦται
1788 1993 1863 2019 αἰπὺν

1078 2034 1116 2067 ὡς
1130 2034 1194 2062 ίδιον
1214 2034 1309 2067 σκεῦος
1330 2035 1385 2071 (29)
1395 2054 1402 2067 ,
1417 2036 1464 2062 καὶ
1477 2036 1531 2062 πᾶν
1545 2036 1639 2072 θηρῦον
1654 2037 1862 2073 κατακυριεύπι

1078 2079 1171 2112 αὐτοῦ,
1185 2081 1231 2106 καλ¹
1245 2081 1259 2107 6
1269 2080 1371 2116 Κύριος
1385 2081 1494 2116 μισήσει
1508 2081 1598 2108 αὐτόν.
1613 2082 1669 2108 Καὶ
1682 2081 1741 2118 γὰρ
1753 2083 1782 2109 αἱ
1795 2083 1861 2109 ἐντο-

1079 2124 1123 2151 λαὶ
1135 2125 1181 2151 τοῦ
1194 2125 1276 2161 νόμου
1289 2126 1381 2152 διπλαῖ
1393 2126 1456 2158 εισι,
1472 2127 1518 2153 καὶ
1537 2127 1606 2162 μετὰ
1617 2127 1718 2164 τέχνης
1733 2128 1860 2164 πληροῦν-

1078 2179 1132 2198 ται.
1148 2170 1249 2206 Καιρὸς
1264 2169 1318 2206 γὰρ
1332 2171 1472 2204 συνουσίας
1485 2172 1614 2206 γυναικὸς
1626 2172 1711 2200 αὑτοῦ
1729 2174 1787 2209 (30)
1797 2194 1804 2206 ,
1821 2174 1859 2200 καὶ

1078 2215 1172 2252 καιρὸς
1195 2215 1354 2251 ἐγκρατείας
1378 2216 1417 2247 εἰς
1443 2216 1596 2252 προσευχὴν
1621 2216 1715 2243 αὑτοῦ.
1742 2216 1798 2244 Καὶ
1820 2217 1858 2243 δύο

1077 2262 1181 2290 ὲντολαί
1203 2264 1271 2289 εἰσι·
1295 2263 1343 2289 καὶ
1364 2263 1389 2289 εί
1414 2263 1452 2298 μὴ
1474 2263 1603 2297 γένωνται
1619 2264 1649 2290 ὲν
1665 2263 1744 2297 τάξει
1760 2264 1856 2295 αὐτῶν.

1077 2309 1214 2345 ἁμαρτίαν
1236 2309 1394 2344 παρέχουσι.
1418 2308 1512 2340 οὕτως
1533 2309 1592 2335 ἐστὶ
1608 2309 1656 2336 καὶ
1671 2310 1721 2336 ἐπὶ
1737 2310 1793 2336 τῶν
1811 2310 1857 2336 λοι-

1077 2355 1135 2381 πῶν
1159 2354 1273 2381 ἐντολῶν
1298 2354 1364 2389 (51).
1389 2354 1498 2380 Γίνεσθε
1522 2351 1568 2381 οὖν
1586 2355 1663 2389 σοφοὶ
1687 2356 1716 2381 ὲν
1740 2355 1799 2391 Θεῷ
1816 2356 1857 2381 καὶ

1077 2401 1212 2436 φρόνιμοι,
1230 2399 1329 2431 είδὸτες
1345 2399 1421 2432 τάξιν
1436 2399 1549 2427 ἐντολῶν
1564 2400 1647 2427 αὑτοῦ
1658 2421 1666 2433 ,
1683 2401 1733 2428 καὶ
1749 2401 1856 2437 θεσμοὺς

1077 2445 1178 2478 παντὸς
1195 2445 1366 2481 πράγματος,
1384 2445 1457 2477 ὅπως
1469 2446 1600 2481 ἀγαπήσῃ
1610 2445 1684 2481 ὑμᾶς
1697 2447 1712 2473 6
1724 2447 1832 2483 Κύριος.
1846 2456 1853 2471 ι

1110 2492 1149 2519 6'.
1167 2493 1221 2519 Καὶ
1238 2491 1322 2519 πολλὰ
1333 2492 1444 2519 τοιαῦτα
1454 2492 1639 2528 ἐντειλάμενος
1655 2494 1761 2526 αὐτοῖς,
1779 2503 1854 2530 mps-

1076 2538 1190 2565 κέιλεσεν
1200 2558 1207 2571 ,
1239 2538 1282 2565 ἴνα
1301 2538 1503 2574 μετακομίσωσι
1519 2538 1553 2565 τὰ
1573 2539 1640 2566 ὀστᾶ
1655 2540 1741 2567 αὑτοῦ
1758 2542 1796 2572 εἰς
1810 2541 1854 2566 Χε-

1077 2583 1159 2618 ϐρὼν,
1177 2583 1224 2610 καὶ
1241 2583 1361 2618 θάψωσιν
1374 2583 1453 2610 αὐτὸν
1471 2583 1539 2618 μετὰ
1554 2584 1607 2610 τῶν
1624 2585 1756 2621 πατέρων
1770 2585 1852 2612 αὐτοῦ.

1076 2629 1131 2655 Καὶ
1143 2628 1237 2663 φαγὼν
1249 2629 1296 2656 καὶ
1308 2629 1379 2656 πιὼν
1391 2630 1420 2656 ὲν
1433 2629 1568 2665 ἱλαρότητι
1580 2629 1681 2665 ψυχῆς,
1697 2630 1852 2665 συνεκάλυψε

1111 2804 1285 2845 (ΞΨέίίτοῧ
1301 2803 1500 2845 ίὲθθῆίλυε..
1543 2838 1553 2843 -
1602 2841 1612 2845 -
1675 2838 1687 2844 -
1737 2840 1743 2845 .
1806 2838 1830 2845 ,-

1075 2874 1092 2901 d
1111 2839 1168 2873 (51}
1188 2838 1286 2898 Olﬁzwc
1304 2839 1369 2866 ἐστὶ
1394 2839 1441 2866 καὶ
1455 2839 1503 2865 ἐπὶ
1520 2838 1578 2866 τῶν
1594 2838 1712 2867 λοιπῶν
1730 2838 1848 2866 ἐντολῶν

1093 2879 1181 2902 esunt.
1214 2879 1239 2898 D-
