1913 3102
55 175 111 204 HIS

650 173 907 204 TESTAMENTUM
925 177 1002 205 ΟΜ).

1582 181 1650 209 1114

52 231 77 258 τὸ
92 231 227 267 πρόσωπον
247 229 347 263 αὑτοῦ,
365 231 412 258 καὶ
431 230 558 258 ἀπέθανε.
580 232 634 258 Καὶ
653 232 782 268 ἐποίησαν
797 233 816 258 oi

874 239 924 262 est.
945 234 979 262 Et
1005 234 1126 262 fecerunt
1147 234 1195 263 ﬁlii
1214 235 1274 270 ejus
1288 236 1436 264 secundum
1459 237 1560 269 omnia,
1573 246 1650 273 qure-

53 277 95 303 υίοὶ
106 276 180 304 αὑτοῦ
193 276 264 305 κατά
275 276 374 308 πάντα,
387 277 438 303 ὃσα
448 276 598 304 ἐνετείλατο
609 277 699 309 αὐτοῖς
711 277 818 312 Νεφθα-

52 324 104 359 λεὶμ
116 325 130 351 ὁ
139 323 234 359 πατὴρ
242 323 342 350 αὐτῶν.

298 380 495 407 ΚΕΦΑΛΔΙΟΝ
513 380 551 408 8'.

205 429 335 463 Διαθήκη
350 428 424 462 Γὰδ,
441 428 507 462 περὶ
521 429 641 463 μίσους.

77 474 111 500 Δ’.
123 473 297 510 Ἀντίγραφον
308 474 441 511 διαθήκης
453 474 515 506 Γὰδ,
529 474 547 501 ἃ.
558 473 672 510 ὲλάλησε
683 475 739 505 τοῖς
752 474 818 505 υἱοῖς

50 520 118 548 αὑτοῦ
127 540 134 552 ,
157 522 185 547 ὲν
197 521 253 548 ἔτει
270 524 325 557 ρκε¹
336 521 387 557 τῆς
397 521 469 558 ζωῆς
480 520 572 548 αὑτοῦ.
595 531 605 547 ι
618 521 749 556 Ἔΰδομος
763 521 818 556 (55)

50 567 94 598 υίὸς
105 567 234 603 ἐγενόμην
247 568 286 603 τῷ
304 567 410 600 Ἰακὼϐ,
429 567 476 595 καὶ
491 568 566 604 ἥμην
577 567 697 603 ἀνδρεῖος
708 567 754 594 ἐπὶ
765 567 819 594 τῶν

49 613 173 647 ποιμνίων.
199 613 271 648 Ἐγὼ
287 613 434 649 ἐφύλαττον
447 613 476 640 ὲν
487 613 566 640 νυκτὶ
578 613 611 640 τὺ
622 613 757 648 ποίμνιον,
773 614 820 640 καὶ

49 658 100 685 ὅταν
110 658 204 694 ἤρχετο
213 659 228 686 ὁ
240 658 331 692 λύκος,
351 659 368 695 ἢ
387 659 471 692 λέων,
489 659 507 695 ἢ
528 659 659 695 πάρδαλις
670 679 678 691 ,
691 659 707 693 ἦ
721 659 819 694 ἄρκτος

48 705 94 740 (56)
104 705 145 732 ἐπὶ
157 705 205 741 τὴν
220 707 337 742 ποίμνην
347 726 354 739 ,
367 706 531 734 κατεδίωκον
543 706 625 733 αὑτὸν
635 726 642 738 ,
655 706 702 732 καὶ
715 705 819 737 πιάςων

47 750 83 777 τὸν
92 751 151 778 πόδα
164 751 246 778 αὐτοῦ
260 753 293 787 τῇ
306 752 378 788 χειρί
393 761 453 788 μου,
467 752 514 779 κα)⁴
534 752 658 788 γυρεύων
676 751 802 778 ὲσκότουν
811 769 818 781 ,

47 797 84 823 καὶ
95 795 236 828 ἀκοντίζων
246 797 326 824 αὑτὸν
338 798 384 824 ἐπὶ
395 797 442 824 δύο
453 797 586 829 σταδίους,
597 796 682 829 οὕτως
692 796 817 832 ἀνῄρουν.

51 838 74 866 '0
87 838 128 867 οὖν
148 841 246 877 Ἰωσὴφ
263 841 404 878 ἐποίμαινε
422 842 482 878 μεθ’
498 842 576 878 ἡμῶν
591 843 629 874 ὡς
651 841 762 877 ἡμερῶν
786 841 817 872 λ’,

875 287 986 315 cunque
1000 281 1136 308 mandavit
1151 281 1190 309 eis
1205 280 1374 317 Nephthalim
1389 288 1464 318 paler
1477 291 1580 312 eorum.

1172 385 1286 413 CAPUT
1301 385 1333 412 IX
1339 405 1347 413 .

1055 429 1246 458 Testamentum
1265 431 1332 465 Gud,
1347 432 1378 459 de
1389 433 1460 460 odio.

902 473 924 502 l.
944 473 1144 510 Transcriptum
1157 477 1309 504 testamenti
1324 477 1392 511 Gad,
1402 485 1568 513 quaecunque
1578 479 1655 507 locu-

870 523 914 547 tus
926 524 968 547 est
983 520 1047 548 ﬁliis
1065 521 1123 548 suis
1139 522 1166 548 in
1179 529 1250 550 anno
1261 522 1412 550 centesimo
1424 523 1554 550 vicesimo
1569 525 1652 559 septi—

869 573 914 592 mo
926 566 982 601 (52)
1004 567 1067 594 vita:
1089 575 1155 601 suae,
1166 568 1262 596 dicens
1281 579 1287 595 :
1307 578 1316 594 ι
1335 568 1471 604 Septimus
1485 569 1557 597 ﬁlius
1570 575 1651 603 natus

870 619 932 639 sum
953 611 1047 646 Jacob,
1063 617 1091 640 et
1101 621 1175 641 eram
1188 614 1299 642 fortisin
1312 615 1512 651 gregibus.Ego
1519 616 1649 644 custodivi

869 657 896 684 in
912 663 990 685 nocte
1000 666 1123 693 gregem;
1135 664 1162 686 et
1173 661 1282 695 quando
1294 661 1367 688 venit
1381 661 1470 696 lupus,
1486 662 1527 689 vel
1543 661 1593 694 leo,
1609 663 1651 690 vel

874 704 986 737 pardus,
994 705 1034 732 vel
1047 713 1128 733 ursus
1138 714 1344 741 supergregem,
1352 708 1534 741 persequebar
1544 713 1653 741 eum,et

869 749 1073 783 apprehendens
1085 751 1177 785 pedem
1189 751 1249 786 ejus
1261 759 1341 778 manu
1355 759 1414 779 mea
1421 757 1447 779 et
1455 753 1480 780 in
1488 761 1582 788 gyrum
1591 753 1651 780 vol-

873 801 938 822 vens
952 795 1175 830 obtcnebrabam,
1186 802 1210 824 et
1225 797 1370 832 projiciens
1396 806 1457 825 eum
1478 799 1533 826 duo
1554 799 1650 832 stadia,

868 838 906 866 ila
918 839 1123 869 interﬁciebam.
1136 841 1236 877 Joseph
1250 843 1331 878 igitur
1347 844 1472 877 pascebat
1484 852 1590 879 gregem
1602 852 1651 871 no-

47 885 84 911 καὶ
91 887 216 922 τρυφερὸς
232 887 280 920 ὣν,
291 888 459 924 ὲμαλακίσθη
473 889 528 915 ἀπὸ
538 888 584 916 τοῦ
595 888 733 924 καύματος
743 887 799 924 (55)
809 896 816 902 ·

871 883 975 911 hiscum
988 886 1094 914 circiter
1110 887 1168 914 dies
1181 887 1305 922 triginta;
1322 892 1349 915 et
1359 896 1420 915 curn
1430 893 1504 916 tener
1515 890 1650 922 esset,in-

46 932 84 958 ml.
108 932 273 969 ὑπέστρεψεν
293 934 333 965 εἰς
349 933 462 970 Χεϐρὼν
490 934 558 970 πρὸς
579 933 624 961 τὸν
643 933 748 969 πατέρα
768 933 817 959 αὑ-

45 977 97 1004 τοῦ·
112 979 156 1006 καὶ
173 979 312 1006 ἀνέκλινεν
333 979 414 1006 αὑτὸν
439 979 552 1015 πλησίον
567 979 666 1011 αὐτοῦ,
686 979 726 1006 ﬁt
750 979 818 1014 ἠγά-

46 1031 76 1049 πα
90 1024 174 1051 αὐτόν.
192 1025 249 1051 Kal.
263 1023 339 1052 εἶπεν
359 1025 456 1061 Ἰωσὴφ
471 1025 509 1060 τῷ
525 1026 610 1061 πατρὶ
623 1025 702 1061 ἡμῶν
713 1045 720 1056 ,
737 1025 777 1052 ὃτι
793 1025 817 1051 οἱ

45 1069 87 1096 υἱοὶ
98 1070 196 1105 Ζελφᾶς
209 1071 257 1098 καὶ
272 1070 375 1102 Βαλλᾶς
389 1071 482 1098 θύουσι
497 1071 532 1098 τὰ
553 1071 622 1098 καλὰ
632 1091 639 1103 ,
667 1072 714 1098 καὶ
735 1079 816 1098 κατε-

46 1114 148 1142 σθίουσιν
161 1116 232 1143 αὐτά
246 1125 289 1150 γε,
306 1116 382 1152 παρὰ
393 1116 504 1152 γνώμην
526 1116 612 1144 ’ἰούδα
624 1117 672 1144 κα)⁸
688 1117 815 1152 ¹Ρου6ήμ.

46 1159 95 1187 Εῗδε
111 1161 163 1198 γὰρ
178 1162 218 1189 ὅτι
239 1161 324 1198 ἀμνδν
345 1162 475 1199 ἐξελόμην
493 1163 527 1190 ὲκ
548 1162 595 1190 τοῦ
618 1162 749 1198 στόματος
768 1162 818 1198 τῆς

45 1207 141 1242 ἄρκτου,
157 1208 287 1243 κάκείνην
304 1207 471 1240 ὲθανάτωσα,
489 1209 535 1236 καὶ
549 1208 594 1235 τὸν
612 1207 696 1243 ἀμνὸν
716 1207 798 1234 ἔθυσα
809 1230 816 1242 ,

47 1254 114 1290 (περὶ
126 1252 154 1282 οὗ
168 1254 325 1291 ἐλυπούμην
336 1275 343 1286 ,
359 1255 399 1282 ὅτι
414 1256 462 1282 οὐκ
479 1254 593 1290 ἠδύνατο
608 1254 735 1290 ζῇν),καὶ
751 1254 817 1289 ἐφά-

45 1307 116 1335 γομεν
127 1301 204 1328 αὐτόν
215 1310 222 1316 ·
237 1301 285 1328 καὶ
296 1299 355 1328 εἷπε
367 1301 406 1336 τῷ
417 1300 501 1337 πατρὶ
514 1300 591 1336 ἡμῶν
603 1299 670 1336 (56).
691 1300 747 1327 Καὶ
758 1301 818 1326 ἑνε-

46 1346 127 1374 κότουν
151 1347 188 1383 τῷ
214 1347 314 1384 Ἰωσὴφ
341 1347 404 1383 περ)⁵
430 1346 477 1374 τοῦ
513 1346 592 1380 λόγου
628 1345 722 1372 τούτου
736 1365 743 1378 ,
765 1345 817 1378 ἕως

45 1391 135 1426 ἡμέρας
158 1393 330 1429 διαπράσεως
360 1392 443 1419 αὐτοῦ
472 1393 511 1424 είς
534 1391 679 1426 Αἴγυπτον.
709 1392 764 1418 Kal.
786 1391 817 1418 τὸ

46 1437 137 1472 πνεῦμα
151 1438 197 1465 τοῦ
211 1439 305 1474 μίσους
318 1437 352 1474 ἦν
363 1439 391 1465 ὲν
409 1438 470 1474 ὲμοί
480 1446 487 1453 ο
505 1437 552 1464 καὶ
564 1437 614 1464 οὐκ
627 1436 722 1472 ἢθελον
734 1457 741 1469 ,
754 1436 816 1464 οὔτε

45 1482 71 1509 δι’
83 1483 228 1520 ὀφθαλμῶν,
247 1484 308 1511 οὗτε
328 1485 362 1511 δι’
382 1484 467 1519 ἀκοῆς
483 1485 545 1511 ἰδεῖν
561 1483 607 1510 τὸν
632 1484 740 1519 Ἰωσήφ.
759 1484 815 1511 Καὶ

47 1528 104 1555 κατά
118 1530 259 1566 πρόσωπον
274 1530 352 1566 ἡμῶν
368 1529 481 1566 ἤλεγξεν
494 1529 566 1565 ἡμᾶς
576 1548 583 1562 ,
596 1529 636 1556 ὅτι
648 1530 712 1557 ἄνευ
731 1529 815 1556 Ἰούδα

47 1573 153 1610 ἐσθίομεν
165 1575 198 1602 τὰ
210 1575 354 1611 θρέμματα
365 1583 372 1590 ·
389 1575 436 1602 val
449 1574 548 1606 πάντα,
560 1574 610 1601 ὅσα
624 1574 699 1609 ἔλεγε
712 1575 750 1610 τῷ
761 1584 813 1602 πα-
827 1571 849 1601 C

47 1620 91 1655 τρὶ,
103 1621 224 1648 ἐπείθετο
235 1621 319 1657 αὐτῷ.

74 1665 105 1692 B'.
124 1676 132 1692 ι
152 1667 290 1702 Ὀμολογῶ
303 1666 350 1693 νῦν
362 1666 410 1702 τὴν
422 1665 560 1702 ἁμαρτίαν
575 1674 636 1702 μου,
653 1666 737 1693 τέκνα
747 1685 754 1697 ,
773 1666 813 1693 ὅτι

48 1710 186 1746 πλειστάκις
198 1713 292 1750 ἤθελον
304 1713 408 1739 ἀνελεῖν
421 1712 502 1739 αὑτὸν
512 1732 519 1744 ,
536 1713 577 1739 im
588 1712 640 1744 ἕως
651 1713 740 1748 ψυχῆς
752 1713 814 1747 ἐμί-

48 1765 98 1784 σουν
113 1759 203 1791 αὑτὸν,
224 1759 272 1786 καὶ
291 1759 360 1790 ὅλως
378 1759 429 1785 οὐκ
445 1756 480 1794 ἦν
498 1759 526 1785 ὲν
546 1759 607 1794 ἐμοὶ
618 1759 709 1794 ἥπατα
724 1758 814 1790 ἐλέους

48 1802 80 1834 εὶς
96 1804 169 1831 αὐτόν
191 1805 258 1841 (57),
274 1804 327 1831 Καί
346 1813 377 1839 γε
397 1803 440 1830 διὰ
461 1803 495 1830 τὰ
514 1804 627 1831 ἐνύπνια
641 1804 813 1840 προσεθέμην

48 1849 122 1882 μῖσος,
132 1851 176 1877 καὶ
186 1850 283 1887 ἤθελον
300 1850 380 1877 αὐτὸν
393 1849 511 1882 ὲκλεῖξαι
530 1850 563 1876 ὲκ
579 1850 630 1885 γῆς
648 1848 755 1882 ζώντων
764 1870 771 1882 ,
785 1849 815 1876 ὃν

47 1895 131 1929 τρόπον
141 1897 255 1932 ὲκλείχει
266 1897 280 1923 ό
295 1897 392 1932 μόσχος
402 1895 437 1923 τὰ
448 1895 541 1931 χλωρά
553 1895 607 1922 ἀπὺ
618 1895 667 1930 τῆς
678 1895 730 1930 γῆς
745 1895 812 1931 ('58).

48 1939 85 1966 Διὸ
94 1941 144 1975 ἐγὼ
155 1942 200 1969 καὶ
219 1941 317 1973 Ἰούδας
331 1941 386 1977 (59)
405 1941 585 1977 πεπράχαμεν
598 1940 678 1967 αὑτὸν
690 1942 746 1972 τοῖς
766 1941 815 1968 Ἱσ-

49 1985 175 2020 μαηλῐταις
196 1987 220 2014 λ’
243 1987 361 2022 χρυσίων
378 1985 433 2022 (40)
446 1994 453 2001 ·
477 1986 524 2013 καὶ
548 1985 583 2012 τὰ
606 1985 671 2012 δέκα
695 1986 816 2022 ἀποκρύ-

46 2028 147 2064 ψαντες,
169 2033 203 2060 τὰ
227 2036 250 2059 κ’
273 2032 412 2068 ἐδείξαμεν
435 2033 491 2063 τοῖς
515 2031 637 2066 ἀδελφοῖς
653 2031 741 2067 ἡμῶν.
760 2033 815 2060 Καὶ

47 2074 118 2109 οὕτως
132 2079 163 2114 τῇ
179 2078 320 2113 πλεονεξίᾳ
336 2077 560 2114 ὲττληροφορὴοην
585 2077 634 2112 τῆς
650 2077 815 2113 ἀναιρέσεως

48 2121 127 2150 αὐτοῦ.
147 2125 201 2152 Kal.
217 2125 231 2150 ὁ
247 2124 312 2156 Θεὸς
328 2123 382 2150 τῶν
399 2122 524 2158 πατέρων
536 2131 586 2158 μου
595 2122 728 2158 ἐρρύσατο
736 2123 815 2150 αὑτὸν

48 2167 92 2194 τῶν
101 2170 194 2206 χειρῶν
207 2179 268 2206 μου,
279 2170 323 2196 ἵνα
334 2169 372 2205 μὴ
381 2169 485 2205 ποιήσω
501 2168 586 2204 ἀνόμη
592 2177 630 2204 μα
646 2169 674 2195 ὲν
696 2169 813 2205 Ἰσραήλ.

869 929 991 958 ﬁrmatus
1005 935 1047 958 est
1059 932 1093 959 ab
1112 937 1194 966 a-rslu;
1215 937 1241 960 et
1256 940 1380 960 reversus
1395 938 1436 961 est
1451 934 1478 960 in
1497 933 1603 962 Hebrou
1616 935 1649 961 ad

869 980 972 1010 patrem
1001 984 1079 1004 suum
1103 986 1110 1005 :
1133 978 1160 1004 et
1184 978 1325 1005 reclinavit
1351 986 1413 1006 eum
1434 979 1512 1014 juxta
1530 987 1569 1011 se,
1581 987 1650 1014 quo—

868 1021 941 1048 niam
959 1022 1088 1058 diligebat
1108 1031 1182 1051 eum.
1196 1024 1229 1051 Et
1253 1025 1321 1052 dixit
1340 1024 1440 1060 Joscph
1458 1025 1528 1060 patri
1542 1030 1648 1059 nostro,

868 1068 942 1102 quod
965 1068 1012 1095 ﬁlii
1031 1068 1138 1104 Zelphaa
1163 1074 1190 1097 et
1207 1069 1278 1097 Bake
1293 1075 1413 1098 mactant
1433 1071 1514 1105 bona,
1528 1075 1555 1098 et
1568 1071 1650 1099 devo-

867 1118 929 1141 rant
946 1114 1015 1149 ipsa,
1025 1115 1119 1142 insciis
1132 1114 1202 1143 Juda
1218 1120 1244 1143 et
1260 1115 1482 1144 Ruben.Sciebat
1494 1117 1565 1144 enim
1575 1117 1648 1151 quod

867 1166 968 1195 agnum
989 1162 1118 1189 eruebam
1141 1170 1174 1189 ex
1188 1169 1235 1189 ore
1250 1170 1330 1194 ursae,
1346 1167 1373 1189 et
1389 1162 1462 1189 illam
1475 1162 1608 1195 interfeci,
1623 1169 1650 1190 et

868 1213 967 1241 agnum
984 1207 1110 1240 mactavi,
1121 1207 1164 1242 (de
1178 1215 1233 1242 quo
1248 1208 1443 1241 contristabar,
1453 1208 1582 1243 quoniam
1594 1215 1648 1235 non

866 1252 954 1286 potuit
968 1252 1069 1286 vivere)
1082 1257 1109 1279 et
1123 1253 1332 1280 comedebamus
1343 1253 1430 1288 ipsum
1446 1263 1452 1280 :
1466 1258 1493 1281 et
1503 1253 1571 1280 dixit
1579 1253 1649 1288 patri

867 1301 974 1325 nostro.
991 1297 1024 1326 Et
1048 1298 1162 1325 moleste
1185 1297 1302 1325 ferebam
1325 1298 1396 1325 istud
1411 1299 1523 1325 verbum
1537 1297 1648 1332 Joscph,

867 1352 954 1379 usque
976 1344 1002 1372 in
1026 1344 1098 1372 diem
1124 1345 1290 1372 venditionis
1312 1343 1371 1379 ejus
1391 1345 1418 1371 in
1444 1344 1602 1380 Egyptum.
1616 1343 1650 1370 Et

867 1390 977 1426 spiritus
997 1391 1051 1418 odii
1063 1395 1120 1417 erat
1133 1390 1159 1417 in
1175 1398 1234 1423 me;
1249 1395 1276 1417 et
1291 1390 1367 1417 uolui
1383 1390 1485 1425 Joseph
1497 1394 1544 1416 aut
1556 1389 1650 1417 audire

867 1441 915 1464 aut
939 1436 1040 1464 videre.
1056 1436 1089 1463 Et
1119 1444 1210 1464 coram
1231 1436 1299 1464 facie
1320 1441 1416 1463 nostra
1432 1436 1570 1471 redarguit
1587 1442 1647 1468 nos,

866 1484 994 1518 quoniam
1013 1484 1072 1510 sine
1089 1482 1158 1510 Juda
1183 1483 1352 1510 comedimus
1370 1490 1487 1517 pecora:
1500 1487 1527 1510 et
1546 1482 1648 1510 omnia.

866 1536 1034 1564 quaecunque
1048 1528 1116 1556 dixit
1134 1529 1213 1564 patri,
1225 1529 1361 1563 persuasit
1371 1528 1407 1556 ei.

899 1665 933 1692 ll.
952 1674 961 1690 ι
979 1664 1118 1692 Conﬁteor
1135 1672 1209 1692 nunc
1223 1669 1362 1700 peccatum
1381 1671 1483 1696 meum,
1501 1663 1560 1697 ﬁlii,
1575 1666 1648 1699 quod

865 1717 936 1745 saepe
956 1709 1026 1736 volui
1042 1708 1166 1736 occidere
1179 1717 1253 1742 eum,
1268 1709 1397 1743 quoniam
1421 1717 1509 1744 usque
1533 1709 1568 1736 ad
1587 1711 1648 1736 ani-

864 1763 937 1782 mam
955 1755 1017 1782 odio
1038 1754 1118 1781 habui
1133 1762 1208 1787 eum,
1224 1759 1251 1782 et
1267 1753 1378 1782 omnino
1392 1762 1447 1781 non
1467 1759 1544 1781 erant
1558 1754 1586 1781 in
1606 1763 1649 1782 mc

863 1802 969 1829 viscera
994 1801 1194 1828 misericordiae
1209 1808 1273 1835 erga
1288 1800 1387 1835 ipsum.
1402 1799 1434 1827 Et
1454 1805 1562 1835 propter
1577 1808 1650 1827 som-

865 1849 909 1875 uia
925 1847 1009 1882 ipsius
1024 1847 1134 1882 concepi
1148 1847 1251 1879 odium,
1264 1851 1289 1874 el
1306 1846 1378 1873 volui
1406 1847 1495 1882 ipsum
1512 1846 1649 1881 delingere

864 1902 879 1922 e
899 1898 971 1921 terra
994 1893 1154 1927 viventium,
1169 1890 1399 1927 quemadmodum
1418 1892 1532 1927 delingit
1545 1891 1647 1919 vitulus

864 1941 964 1968 herbas
978 1948 991 1967 a
1008 1945 1091 1968 terra.
1107 1939 1222 1974 Propter
1237 1939 1309 1973 quod
1323 1947 1372 1974 ego
1386 1943 1413 1966 et
1431 1938 1514 1966 Judas
1524 1938 1647 1966 vendidi-

864 1996 926 2016 mus
939 1995 1001 2015 eum
1018 1985 1160 2013 lsmaelitis
1181 1985 1291 2019 triginta
1306 1985 1414 2018 aureis;
1433 1990 1460 2012 et
1483 1986 1574 2013 decem
1589 1985 1648 2013 abs-

864 2033 1020 2066 condentes,
1043 2031 1137 2067 viginti
1161 2031 1329 2058 ostendimus
1345 2030 1474 2058 fratribus
1492 2031 1604 2058 nostris.
1616 2030 1650 2058 Et

865 2080 902 2107 ita
924 2078 1038 2106 avaritia
1060 2077 1222 2105 animumin
1242 2077 1343 2104 caedem
1356 2077 1416 2111 ejus
1430 2076 1646 2104 obﬁrmaveram.

866 2125 937 2153 Deus
952 2130 1041 2152 autem
1058 2129 1164 2159 patrum
1180 2131 1301 2152 meorum
1318 2123 1418 2158 eripuit
1434 2131 1498 2150 eum
1513 2123 1545 2150 de
1561 2123 1649 2150 mani—

865 2171 917 2198 bus
930 2170 1009 2202 meis,
1026 2174 1056 2197 ut
1070 2177 1123 2197 non
1140 2169 1259 2197 facerem
1279 2168 1451 2204 iniquilatem
1469 2169 1496 2196 in
1513 2168 1606 2196 lsrael.

78 2246 130 2284 (ξε)
145 2247 270 2284 vicesimo
279 2248 399 2284 septimo.
412 2246 457 2274 Sic
467 2250 555 2284 exstat
564 2246 590 2273 in
601 2251 716 2282 utroque
724 2249 818 2277 codice
833 2252 855 2280 D
869 2253 944 2284 gnat.
969 2248 1046 2276 Unde
1066 2249 1148 2275 variae
1170 2247 1369 2284 Rabbinorump
1384 2247 1557 2284 conjecturae.
1577 2247 1650 2274 Con-

51 2279 142 2319 L_atino.
155 2283 208 2311 Sed
222 2279 337 2318 uterque
355 2282 557 2319 Graecushabet
574 2285 641 2317 pxe',
658 2279 779 2319 adeoque
790 2285 818 2312 in

49 2315 164 2346 alterutro
184 2323 227 2346 est
246 2315 353 2346 viti-um.
379 2316 488 2344 Dillicile
511 2315 600 2344 autem
615 2321 654 2344 est
672 2315 771 2350 dicere,
791 2320 817 2347 in

48 2357 94 2383 quo
105 2361 111 2384 ;
126 2360 156 2380 ac
168 2361 264 2388 parum
271 2351 440 2380 rel'ert.—lla
448 2351 564 2379 Grabius
574 2353 642 2387 apud
653 2352 817 2382 Fabricium.

78 2385 129 2422 (55)
149 2388 302 2422 Ἕϐδομος.
320 2388 447 2418 Ἔννατος
465 2387 547 2422 habet
559 2387 643 2415 codex
658 2387 758 2422 Oxon.,
771 2390 818 2418 sed

221 2397 302 2422 ομος.
332 2397 447 2418 ιννατος
465 2397 547 2422 navet
559 2397 643 2415 (30an
658 2397 758 2422 uxon.,
771 2398 800 2418 se

78 2397 129 2422 (οὗ)
162 2397 302 2423 δοσομος.
332 2397 447 2418 ιννατος
465 2397 561 2414 ιιιιυειι

50 2421 119 2453 male,
135 2428 163 2450 ut
175 2432 209 2451 ex
222 2423 378 2451 Genes.xxx
391 2426 507 2450 constat.
522 2421 561 2449 In.

88 2456 128 2492 ξι)
145 2459 182 2486 Ἦ
196 2458 351 2492 πάρδαλις,
369 2457 388 2491 ἢ
403 2457 520 2491 ἄρκτος.
534 2457 644 2485 Desunt.
656 2457 694 2486 In.

89 2491 142 2530 ζῶ)
154 2491 355 2530 Ὲμαέακίᾳθη
372 2492 498 2530 ἀπὸ-τοῦ
510 2493 668 2530 καύματος.
688 2495 820 2530 Ἐκαυμα-

50 2524 244 2558 τίσθηύπδτοῦ
261 2524 399 2558 καύσωνος
411 2547 418 2558 ,
437 2527 517 2554 habet
536 2524 698 2557 0x0uieusis
721 2524 816 2557 codex.

50 2535 100 2551 mu
132 2535 182 2556 οπο
197 2537 244 2555 του
261 2536 399 2558 καύσωνος
411 2547 418 2558 ,
437 2535 517 2554 nauet
536 2535 698 2557 Uxoureusrs
721 2535 816 2557 codex.

50 2558 92 2586 Cui
102 2535 164 2598 licet
179 2563 270 2598 quoad
288 2563 406 2598 priorem
421 2563 714 2598 vocernprwfercndus
727 2565 819 2592 videa-

51 2597 88 2621 tur
101 2596 339 2634 Cantabrigiensis,
352 2598 381 2634 in
396 2605 451 2633 quo
462 2601 508 2634 est
522 2597 691 2634 ὲμαλακέσοη
706 2609 712 2626 :
728 2600 817 2634 quoad

51 2634 213 2662 posteriorem
229 2633 325 2661 tamen
350 2633 408 2668 ipse
431 2633 497 2659 mihi
522 2634 609 2668 magis
629 2633 725 2668 placet.
736 2633 819 2661 Καύ-

53 2672 100 2705 συξξζ
117 2669 213 2704 quippe
234 2669 366 2705 signiﬁcat
386 2667 528 2705 formalem
546 2667 697 2705 morbum,
721 2669 817 2697 febrim

53 2701 142 2763 iﬁlliclet
154 2701 302 2737 ardentem,
319 2704 348 2730 in
363 2711 447 2738 quam
461 2702 596 2738 Josepbus
611 2703 740 2732 incidisse
753 2705 819 2732 dici-

78 2743 97 2762 r.
122 2746 146 2763 n.

63 2741 97 2762 ιη’.
112 2741 146 2765 ΙΙ).

81 2770 132 2812 (βξ)
150 2774 223 2802 Εϊπε
239 2773 279 2812 τῷ
295 2773 381 2812 πατρὶ
399 2773 491 2812 dudm
509 2773 632 2812 Qeclarat
659 2779 755 2812 auctor
774 2774 818 2803 his

53 2806 147 2841 verbis,
170 2817 222 2844 qua
249 2810 283 2837 de
305 2817 334 2836 re
352 2806 489 2843 10sephus
512 2808 609 2836 fratres
627 2810 697 2843 apud
714 2813 817 2844 patrem

55 2844 222 2879 accusaverim
239 2852 383 2872 accusasse
399 2844 470 2870 enim
484 2852 611 2878 expresse
626 2846 662 2871 ait
677 2845 816 2879 Scriptura

54 2872 138 2905 Genes.
152 2888 254 2913 xxxvu,
268 2880 303 2913 2;
320 2880 366 2908 scd
380 2879 468 2912 capita
481 2872 663 2908 accusationis
678 2888 730 2907 non
739 2872 816 2908 ’(1εεὶ-

871 2282 971 2311 {rarius
994 2288 1036 2311 est
1058 2288 1153 2311 nostro
1169 2283 1273 2310 auctori
1294 2282 1328 2310 Β.
1354 2282 1483 2316 Salomo,
1506 2283 1568 2309 dum
1595 2290 1648 2309 non

870 2320 940 2346 ﬁlios
952 2318 1023 2346 Baiae
1035 2324 1061 2346 et
1074 2319 1192 2354 Zelphze,
1205 2319 1252 2346 sed
1265 2317 1335 2350 Leaa,
1348 2325 1361 2344 a
1374 2318 1492 2352 Josepho
1508 2323 1651 2354 accusatos

870 2355 957 2389 ﬁngit,
972 2353 1169 2387 ctquidern’ob
1183 2353 1341 2380 devoratum
1363 2354 1514 2389 membrum
1536 2353 1569 2389 die
1589 2353 1650 2380 viro

870 2387 1024 2418 animante:
1036 2390 1107 2423 quod
1119 2392 1179 2416 erat
1189 2393 1283 2416 contra
1295 2389 1379 2422 legem
1401 2388 1447 2415 Dei
1459 2387 1522 2415 Nom
1541 2388 1649 2418 datam,

871 2424 939 2452 Gen.
955 2433 992 2456 rx,
1012 2424 1039 2451 4.
1049 2424 1101 2451 Sed
1113 2424 1176 2451 nolo
1186 2423 1261 2450 hisce
1271 2423 1382 2450 incertis
1393 2423 1545 2450 immorari.
1564 2423 1648 2449 (iam.

907 2469 963 2504 (57)
983 2470 1038 2496 Καὶ
1061 2470 1137 2502 ὅλως
1159 2470 1215 2495 οὺκ
1237 2468 1276 2502 ἦν
1296 2468 1330 2494 ἐν
1352 2468 1415 2502 ἐμοὶ
1432 2468 1532 2502 ἥπατα
1549 2467 1650 2501 ἐλέους

869 2507 912 2538 εὶς
926 2505 1028 2532 αὐτόν.
1048 2505 1158 2532 Desunt.
1174 2505 1212 2530 In.

905 2552 962 2584 (58)
983 2553 1038 2578 Ὃν
1053 2551 1163 2585 τρόπον·
1182 2551 1310 2584 ἐκλείχει
1333 2551 1349 2577 ό
1367 2550 1485 2584 μόσχος
1499 2549 1536 2576 τὰ
1552 2550 1653 2583 χλωρὰ

868 2586 927 2614 ἀπὸ
943 2586 997 2621 τῆς
1013 2586 1077 2621 γῆς.
1094 2585 1200 2613 Omissa
1213 2590 1284 2612 sunt.
1296 2586 1333 2611 In.
1345 2599 1377 2604 —
1387 2585 1489 2621 Alludit
1503 2585 1540 2621 ad
1548 2589 1652 2621 textum

869 2622 949 2649 Num.
960 2619 1028 2653 xm",
1038 2622 1065 2648 4:
1075 2621 1131 2647 Νῦν
1142 2620 1277 2656 ἐκλείξειή
1286 2619 1431 2656 συναγωγὴ
1441 2619 1508 2656 αὕτη
1519 2619 1653 2656 (Ἰσραὴλ)

869 2657 974 2689 πάντας
990 2658 1053 2688 τοὺς
1069 2657 1160 2691 κύκλῳ
1176 2655 1268 2691 ἡμῶν,
1291 2656 1358 2683 ὡσεὶ
1376 2655 1495 2688 ὲκλείξαι
1515 2655 1529 2680 ὁ
1553 2655 1655 2690 μόσχος

869 2692 903 2719 τὰ
913 2692 1004 2728 χλωρὰ
1021 2693 1053 2719 ἐκ
1068 2692 1115 2718 τοῦ
1126 2691 1227 2718 πεδίου.
1262 2691 1364 2720 anctt.

904 2739 960 2774 (59)
985 2738 1108 2771 Ἰούδας.
1121 2738 1232 2773 Συμεών
1245 2746 1386 2773 perperam
1398 2738 1479 2766 habet
1489 2737 1551 2765 cod.
1563 2736 1650 2764 Oxon.

869 2775 960 2845 Quid.)
978 2810 1125 2845 Χρυσίωνς,
1142 2808 1241 2836 Aureae
1266 2809 1330 2837 dicit
1354 2814 1448 2845 auctor
1470 2816 1504 2836 ex
1527 2807 1653 2845 versione

869 2843 961 2874 Grmca
976 2843 1029 2871 τῶν
1043 2847 1079 2871 0’.
1102 2844 1223 2878 Triginta
1236 2849 1427 2872 numeratrum
1439 2843 1534 2870 Latino
1544 2843 1652 2877 vulgato

871 2883 1036 2915 interprete,
1056 2880 1133 2914 juxta
1156 2881 1289 2913 quasdam
1314 2880 1464 2912 editiones;
1487 2879 1515 2905 iu
1536 2882 1651 2911 utroque
