1913 3102
258 169 327 198 1115

751 169 980 197 TESTAMENTA
999 170 1045 198 XII
1062 167 1369 200 PATRIARCHARUM.

1811 163 1874 191 1116

292 226 335 254 lll.
351 236 360 253 1
386 226 419 254 Ει
433 234 506 255 nunc
522 227 624 262 audite,
638 228 685 255 lilii
701 229 766 261 mei,
781 235 921 258 sermones
940 229 1037 257 verita«

1126 229 1163 256 I".
1184 239 1193 255 ι
1214 229 1269 256 Καὶ
1284 227 1332 254 νῦν
1345 225 1476 253 ἀκούσατε
1487 245 1494 257 ,
1514 223 1596 251 τέκνα
1614 231 1665 259 μου
1675 242 1683 254 ,
1701 221 1798 255 λόγους
1813 222 1874 257 άλη-

256 274 339 304 tis.ut
354 274 459 302 faciatis
471 275 650 310 justitiam,et
663 284 772 304 omnem
787 277 872 312 legem
888 276 1036 309 Allissimi;

255 324 283 347 et
305 328 339 347 ne
359 321 457 348 erretis
480 322 577 356 spiritu
600 322 665 355 odii,
688 323 818 357 quoniam
847 323 935 349 malus
951 327 994 349 est
1009 322 1038 348 in

256 365 384 393 omnibus
405 366 508 393 actibus
530 366 681 394 hominum.
699 367 784 395 Omne
797 368 979 402 quodcunque
997 366 1037 394 fe-

257 411 324 438 cerit
340 411 456 444 (homo),
472 412 518 445 qui
537 412 594 439 odit
607 413 794 446 abominatur;
811 413 835 440 si
852 412 932 440 faciat
952 413 1037 448 legem

257 456 377 488 Domini,
404 465 458 484 non
481 458 573 485 laudat
595 466 672 490 eum;
690 459 713 485 si
739 459 831 486 timeat
842 458 996 491 Dominum,
1011 462 1039 485 et

256 502 322 529 velit
344 502 429 537 justa,
443 503 516 530 hunc
532 511 584 530 non
611 503 712 538 diligit;
733 503 873 531 veritatem
892 503 1036 538 vituperat,

256 547 382 582 dirigenti
399 556 528 582 prospere
547 557 590 576 res
605 556 668 576 suas
683 549 794 582 invidet,
815 549 1036 577 obtrectationem

257 594 441 628 amplectitur,
459 595 642 629 arrogantiam
672 599 760 627 amat;
788 595 916 629 quoniam
945 594 1038 622 odium

257 639 401 666 excaecavit
428 639 546 666 animam
570 640 629 674 ejus
640 660 647 672 ,
663 639 734 667 sicut
752 643 780 666 et
793 647 843 674 ego
858 639 1038 674 respiciebam

257 685 284 712 in
298 683 410 718 Joseph.

294 728 338 756 IV.
359 739 368 754 1
387 729 485 756 Cavete
508 729 599 765 igitur,
616 729 664 756 lilii
687 729 750 762 mei,
767 730 802 757 ab
816 729 890 763 odio,
909 730 1038 764 quoniam

257 774 284 801 in
311 775 399 809 ipsum
424 774 567 803 Dominum
596 775 766 810 iniquitatem
793 775 868 803 facit.
889 775 948 803 Non
965 776 1037 803 enim

257 819 315 847 vult
339 820 432 847 audire
454 820 535 847 verba
559 820 747 847 mandatorum
771 820 830 856 ejus
848 821 881 848 de
895 821 1039 848 dilectione

258 866 386 901 proximi,
398 866 462 893 etin
475 865 559 893 Deum
579 871 682 900 peccat.
701 865 729 893 Si
742 867 814 894 enim
826 866 967 901 delinquat
983 866 1038 893 fra-

258 916 310 944 ter,
324 911 415 938 statim
435 911 492 938 vult
507 913 668 938 annuntiare
690 911 828 945 omnibus,
845 916 872 939 et
887 911 995 939 festinat
1009 916 1039 940 ut
1054 905 1075 934 Β

255 956 393 991 judicetur
418 964 468 991 pro
485 956 535 983 hoc
550 957 659 990 delicto,
674 961 701 984 et
723 957 834 992 punitus
855 958 995 985 moriatur.
1010 957 1039 985 Si

257 1007 348 1031 autent
366 1001 448 1029 fuerit
471 1010 576 1036 servus,
593 1007 703 1029 accusat
719 1009 781 1030 eum
802 1003 873 1038 apud
896 1003 1038 1030 domintum

257 1048 327 1083 ejus,
343 1052 370 1075 et
402 1049 429 1075 in
454 1047 528 1074 omni
553 1047 727 1074 tribulatione
753 1047 908 1082 aggreditur
929 1055 1003 1081 eum,
1016 1049 1039 1075 si

257 1101 312 1128 quo
330 1094 412 1121 modo
436 1093 580 1121 interficiat
603 1101 676 1121 eum.
701 1092 799 1120 Odium
820 1094 892 1120 enim
913 1098 1040 1128 operatur

255 1149 318 1169 cum
330 1140 485 1172 homicidio,
498 1145 524 1168 et
533 1140 681 1168 secundum
692 1141 760 1168 bene
772 1141 942 1175 operantium
955 1140 1041 1174 profe-

257 1190 342 1219 ctum,
353 1186 467 1214 audiens
485 1190 530 1213 aut
544 1186 638 1213 videns
650 1194 756 1221 semper
767 1187 925 1221 languescit.
938 1186 1039 1219 Quem-

257 1232 402 1260 admodum
421 1232 492 1259 enim
508 1232 616 1259 dilectio
628 1232 709 1259 etiam
737 1236 859 1259 mortuos
883 1232 958 1266 cupit
978 1233 1040 1259 vitae

259 1278 413 1309 restituere,
438 1281 465 1304 et
489 1277 550 1304 illos
572 1277 618 1312 qui
646 1281 710 1305 sunt
731 1277 759 1304 in
780 1278 912 1304 sententia
932 1279 1038 1311 mortis,

257 1325 315 1352 vult
339 1332 354 1351 a
377 1328 464 1351 morte
488 1331 615 1350 revocare
642 1332 648 1350 :
672 1324 709 1350 ita
723 1323 812 1350 odium
837 1324 958 1351 viventes
983 1324 1040 1351 vult

257 1370 393 1402 occidere,
409 1373 436 1396 et
451 1377 498 1397 eos
520 1369 565 1404 qui
586 1369 726 1404 paululum
750 1369 879 1404 quiddam
906 1378 1038 1404 peccave—

258 1415 322 1446 rint,
338 1415 462 1449 indignos
484 1414 536 1441 vita
560 1414 673 1448 judicat.
689 1415 807 1449 Spiritus
829 1415 902 1442 enim
917 1416 973 1443 odii
993 1423 1040 1451 per

258 1460 509 1496 pusillanimitatem
528 1465 691 1494 cooperatur
705 1461 812 1488 Satanae
824 1461 852 1488 in
868 1462 995 1490 omnibus
1010 1461 1038 1489 in

258 1511 374 1533 mortem
399 1506 562 1533 hominum:
594 1507 707 1542 spiritus
733 1511 823 1534 autem
846 1507 997 1536 dilectionis
1010 1508 1037 1535 in

257 1552 460 1586 longanimitate
475 1557 634 1587 cooperatur
647 1553 698 1588 legi
718 1552 763 1580 Dei
778 1553 805 1580 iu
821 1554 934 1581 salutem
947 1555 1037 1583 homi-

257 1606 334 1624 num.

293 1642 325 1670 ν.
343 1652 352 1669 1
372 1642 470 1670 Malum
485 1647 527 1671 est
549 1643 653 1678 odium,
668 1645 797 1679 quoniam
813 1651 953 1680 permanet
972 1654 1037 1674 con-

257 1688 331 1715 tinue
351 1695 413 1715 cum
435 1687 587 1721 mendacio,
606 1689 720 1724 loquens
736 1690 867 1718 adversus
882 1691 1035 1725 veritatem,

256 1739 285 1762 et
299 1742 380 1768 parva
395 1741 492 1769 magna
507 1733 581 1767 facit,
594 1736 714 1763 tenebris
729 1735 816 1764 lucem
831 1737 1037 1770 adhibet,dulce

257 1788 380 1808 amarum
404 1780 479 1813 dicit,
495 1783 522 1808 et
542 1780 708 1808 calumniam
728 1781 833 1814 edocet,
847 1787 873 1809 et
884 1782 995 1816 bellum,
1011 1788 1038 1811 et

259 1826 403 1861 injuriam,
430 1829 458 1854 et
480 1833 588 1854 omnem
615 1827 807 1855 abundantiam
836 1828 986 1862 malorum,
1011 1834 1038 1857 et

256 1880 361 1900 veneno
372 1872 505 1900 diabolico
520 1880 567 1901 cor
582 1873 685 1907 implet.
699 1872 761 1900 Haec
773 1874 886 1902 edoctus
897 1874 1038 1909 experien-

257 1919 294 1946 tia
319 1919 381 1946 dico
404 1918 493 1952 vobis,
508 1923 536 1946 ut
559 1918 668 1953 fugiatis
694 1919 799 1951 odium,
823 1923 850 1947 et
878 1920 1038 1948 adhaerentis

257 1965 394 1993 dilectioni
419 1964 537 1992 Domini.
561 1964 670 1992 Justitia
693 1965 768 2000 ejicit
783 1965 1038 1999 odium,humilitas

256 2011 356 2039 occidit
383 2011 488 2039 odium.
518 2010 612 2038 Justus
627 2011 699 2038 enim
721 2017 747 2038 et
763 2011 874 2039 humilis
903 2012 1039 2040 erubescit

259 2057 348 2085 facere
361 2057 473 2092 injuste,
486 2065 538 2084 non
560 2057 594 2084 ab
609 2057 663 2084 alio
675 2057 865 2091 reprehensus,
879 2058 925 2085 sed
942 2065 958 2085 a
973 2066 1032 2093 pro-

258 2103 317 2138 prio
331 2103 423 2135 corde,
443 2103 574 2137 quoniam
595 2102 725 2130 Dominus
748 2104 863 2138 protegit
878 2104 934 2139 (49)
947 2105 1039 2132 consi-

258 2149 324 2176 lium
338 2149 408 2183 ejus.
421 2148 479 2176 Non
502 2149 633 2176 obtrectat
644 2149 712 2182 viro,
728 2149 791 2183 quia
808 2149 888 2177 timor
904 2150 1038 2178 Altissimi

257 2194 342 2222 vincit
356 2195 457 2222 odium.
469 2194 578 2222 Timens
589 2195 661 2222 enim
679 2202 730 2222 non
743 2195 855 2222 oﬂcndit
876 2195 1036 2229 Dominum;

1051 1576 1072 1605 C

259 2285 348 2313 facere
375 2286 507 2313 adversus
531 2286 679 2313 hominem.
704 2285 766 2313 Haec
792 2293 841 2321 ego
869 2286 965 2314 ultimo
991 2295 1039 2314 co-

258 2332 348 2367 gnovi,
375 2337 551 2367 posteaquam
576 2332 690 2367 pcenitui
713 2333 745 2360 de
762 2331 870 2368 Ioseph.
883 2332 948 2366 Quae.
965 2334 1036 2361 enim

257 2395 345 2417 autem
367 2389 481 2417 discedit
498 2390 531 2416 ah
547 2388 658 2416 Hebraeo
677 2393 750 2424 textu
764 2410 771 2422 ,
787 2389 832 2424 qui
849 2389 928 2416 habet
945 2391 1037 2424 viginti

257 2430 402 2460 argenteos,
417 2424 484 2452 Gen.
497 2432 601 2460 xaxvu,
617 2424 661 2460 2g.
674 2423 757 2460 Gaia.
768 2425 887 2458 -—Apud
907 2424 1038 2460 Hierony—

257 2458 331 2487 mum
346 2464 436 2487 tamen
458 2460 485 2486 in
509 2459 609 2491 Quaest.
627 2458 750 2486 Hebraic.
765 2463 830 2486 tom.
843 2460 879 2492 ll,
890 2467 916 2493 p.
926 2460 989 2493 540,
1003 2458 1037 2489 Ᾰ,

257 2495 321 2522 edit.
337 2494 436 2527 Paris.,
449 2495 538 2522 versio
552 2495 663 2528 antiqua
678 2502 731 2528 prae
750 2501 779 2521 se
801 2493 921 2526 ferebat,
945 2496 1038 2529 viginti

256 2530 354 2556 aureis.
373 2529 485 2565 Vulgata
500 2533 590 2557 autem
607 2537 675 2565 nova
696 2529 788 2564 viginti
808 2530 948 2565 argenteis,
969 2530 1038 2558 Hinc

257 2565 372 2598 ipsemet
388 2563 568 2600 Hiet'onyinns
582 2565 609 2591 in
626 2563 722 2591 Matth.
740 2572 802 2600 xxvi
814 2584 821 2600 ,
833 2569 898 2590 tom.
912 2564 960 2597 IV,
974 2573 1035 2600 pag.

258 2599 353 2632 126,F
381 2599 533 2633 :«Joseph,
546 2600 599 2631 ait,
622 2607 674 2625 non
697 2605 726 2625 ut
748 2599 823 2626 multi
845 2604 938 2633 putant
957 2599 1036 2634 juxta

258 2634 329 2661 LXX
357 2634 517 2669 lnterpretcs
530 2654 537 2666 ,
561 2634 654 2669 viginti
678 2634 768 2660 aureis
779 2634 902 2661 venditus
916 2639 973 2667 est;
989 2634 1036 2662 sed

255 2669 333 2704 juxta
346 2669 506 2696 Ilebraicam
523 2670 672 2704 veritatem,
685 2669 777 2704 viginti
793 2669 954 2704 argenteis.»
977 2669 1036 2702 Qua

257 2703 291 2730 de
308 2712 336 2732 re
349 2704 509 2732 Ambrosius
525 2704 570 2730 lib.
592 2704 629 2730 De
645 2703 758 2736 Joseplt,
778 2711 836 2737 cap.
850 2703 877 2734 5,
891 2711 950 2737 pag.
964 2704 1034 2731 488:

261 2748 270 2764 ι
287 2738 349 2766 Ideo
361 2759 369 2771 ,
390 2740 498 2773 inquit,
519 2739 581 2766 alibi
601 2738 714 2774 viginti,
732 2738 794 2774 alibi
810 2738 901 2772 viginti
917 2743 944 2765 et
956 2740 1036 2774 quin-

258 2781 312 2806 que
333 2773 434 2808 aureis,
458 2774 521 2801 alibi
545 2773 653 2808 triginta
679 2773 831 2800 invenimus
855 2773 1029 2807 emptumJo-

259 2809 336 2842 soph.
353 2822 387 2827 —
399 2807 437 2834 Ita
453 2809 496 2835 hic
517 2807 626 2843 quoque
640 2808 800 2834 divvrsitas:
818 2808 858 2835 vel
873 2808 977 2842 viginti,
995 2809 1035 2836 vol

261 2843 370 2878 triginta
385 2849 529 2878 aureorum
543 2849 583 2871 vel
601 2847 801 2878 argenteorum,
814 2847 866 2878 eic.
883 2854 893 2868 ι

297 2877 352 2907 ul)
362 2877 425 2903 "On
432 2877 558 2911 τὸμῐσοι·
572 2897 588 2904 ..
597 2878 632 2904 ἐν
641 2877 679 2910 τῷ
695 2877 812 2912 Ἰωσήφ.
823 2877 939 2905 Omissa.
949 2878 1032 2906 Guan.

1079 1003 1165 1035 -σθεὶς
1181 1003 1313 1040 ἀποθάνῃ.
1334 1002 1395 1030 Ἐάν
1413 1002 1441 1028 δὲ
1455 1001 1547 1033 δοῦλος
1567 999 1604 1037 ᾗ,

1089 275 1175 307 Θείας,
1185 275 1234 301 τοῦ
1245 275 1330 300 ποιεῖν
1341 271 1521 307 δικαιοσύνην,
1537 270 1585 296 καὶ
1594 269 1686 296 πάντα
1697 268 1782 303 νόμον
1803 268 1874 302 Ὑψί-

1089 331 1151 349 στου
1163 331 1170 337 ·
1199 321 1246 348 καὶ
1271 320 1308 356 μὴ
1332 317 1467 345 πλανᾶσθε
1483 317 1521 352 τῷ
1542 316 1678 352 πνεύματι
1696 314 1745 341 τοῦ
1764 315 1872 350 μίσους,

1088 370 1129 397 ὅτι
1147 367 1230 395 κακόν
1245 367 1302 393 ἐστι
1319 365 1365 392 ἐπὶ
1381 365 1481 395 πάσαις
1497 362 1627 397 πράξεσιν
1643 359 1807 396 ἀνθρώπων.
1818 360 1874 386 Πᾶν

1088 415 1102 441 ὃ
1119 414 1165 441 ἐὰν
1185 413 1264 448 ποιῇ,
1282 413 1296 439 ὸ
1321 411 1407 446 μισῶν
1427 409 1615 445 βδελύσσεται·
1637 407 1685 434 ἐὰν
1708 408 1772 442 ποιῇ
1795 406 1873 441 νόμον

1088 459 1190 496 Κυρίου
1202 479 1210 492 ,
1233 459 1283 485 οὐκ
1306 457 1411 483 ἐπαινεῖ
1423 455 1516 482 τοῦτον
1527 464 1534 470 ·
1552 455 1598 481 ἐὰν
1620 453 1738 488 φοϐῆται
1755 452 1873 488 Κύριον,

1088 506 1135 532 καὶ
1157 504 1222 540 θέλῃ
1241 504 1348 534 δίκαια,
1373 502 1466 528 τοῦτον
1490 501 1540 527 οὐκ
1556 500 1666 535 ἀγαπᾷ·
1683 499 1735 534 τὴν
1750 498 1875 534 ἀλήθειαν

1088 551 1185 586 ψέγει,
1208 549 1247 584 τῷ
1271 547 1445 584 κατορθοῦντι
1470 546 1580 580 φθονεῖ,
1605 543 1772 572 καταλαλιὼο
1790 544 1876 570 ἀσπά-

1089 597 1174 628 ζεται,
1192 593 1379 629 ὑπερηφανίαν
1400 592 1510 626 ἀγαπᾷ⁶
1536 591 1577 617 ὃτι
1593 591 1623 617 τὺ
1642 591 1720 625 μῖσος
1736 589 1874 623 ἐτύφλωεε

1088 641 1137 676 τὴν
1152 640 1240 675 ψυχὴν
1257 638 1338 666 αὑτοῦ
1351 658 1358 670 ,
1376 636 1467 669 καθὼς
1483 635 1560 670 κάγὼ
1577 635 1690 663 ἔϐλεπον
1707 636 1736 662 ἐν
1756 634 1797 670 τῷ
1819 635 1874 660 Ίω-

1090 686 1143 721 σήφ
1167 685 1234 720 (Μ).

1124 733 1160 758 Δ’.
1179 741 1188 757 1
1206 729 1359 763 Φυλάξασθε
1374 726 1431 761 οὖν,
1445 728 1528 755 τέκνα
1543 737 1604 763 μου,
1623 727 1676 754 ἀπὸ
1692 726 1739 753 τοῦ
1760 726 1874 761 μίσους,

1088 777 1130 803 ὅτι
1145 777 1188 803 ἐπ’
1202 776 1282 803 αὐτὸν
1299 775 1343 802 τὸν
1356 775 1457 810 Κύριον
1474 774 1587 810 ἀνομίαν
1603 774 1684 799 ποιεῖ.
1703 773 1740 799 Οὐ
1759 772 1816 808 γὰρ
1835 772 1876 798 θέ-

1088 823 1129 850 λει
1145 822 1254 850 ἀκούειν
1271 822 1356 856 λόγων
1370 820 1483 848 ὲντολῶν
1503 820 1584 847 αὑτοῦ
1609 820 1673 854 περὶ
1695 819 1809 853 ἀγάπης
1831 818 1875 844 τοῦ

1090 868 1219 903 πλησίον,
1246 868 1293 895 καὶ
1315 868 1354 899 είς
1377 867 1426 894 τὸν
1450 865 1515 892 Θεὸν
1541 865 1704 901 ἁμαρτάνει.
1734 864 1799 891 Ἐὰν
1823 864 1876 898 γὰρ

1090 915 1190 951 πταίσῃ
1205 914 1260 950 (42)
1275 914 1289 940 ὁ
1304 913 1416 948 ἀδελφὸς
1431 910 1617 944 αὐτοῦ,ἐὺθὺς
1632 911 1704 937 θέλει
1717 910 1875 944 ἀναγγεῖλαι

1091 960 1168 991 πᾶσι,
1181 960 1227 985 καὶ
1241 958 1360 989 σπεύδει,
1375 958 1421 984 ἵνα
1436 957 1517 993 κριθῇ
1535 956 1599 992 περὶ
1614 955 1708 986 αὑτοῦ,
1737 955 1876 981 131107.1-

1626 1000 1778 1036 συμὸάλλει
1798 1000 1876 1027 αὑτὸν

1091 1050 1159 1085 πρὸς
1176 1050 1223 1076 τὸν
1236 1050 1330 1085 κύριον
1343 1049 1435 1081 αὐτοῦ,
1452 1049 1499 1076 καὶ
1511 1050 1540 1075 ὲν
1554 1049 1628 1084 πάσῃ
1639 1048 1729 1082 θλίψει
1743 1048 1878 1083 ἐπιχειρεί

1090 1096 1150 1122 κατ’
1166 1095 1248 1122 αὐτοῦ
1261 1115 1268 1127 ,
1282 1095 1309 1121 ετ
1325 1104 1382 1127 πως
1403 1095 1551 1122 θανατώσει
1572 1094 1653 1121 αὑτὸν
1675 1094 1744 1129 (45).
1767 1094 1805 1121 To
1826 1095 1876 1128 γὰρ

1092 1143 1168 1177 μῖσος
1183 1141 1238 1177 (14)
1255 1143 1380 1178 συνεργεῖ
1392 1141 1430 1177 τῷ
1446 1142 1519 1176 φόνῳ
1535 1141 1602 1176 (45),
1617 1141 1665 1167 καὶ
1680 1140 1754 1166 κατά
1769 1140 1825 1166 τῶν
1840 1141 1877 1167 εὖ·

1091 1187 1266 1223 πραγούντων
1277 1188 1327 1224 τὴν
1341 1187 1491 1223 προκοπὴν,
1505 1187 1610 1214 ἀκούων
1624 1186 1642 1221 ἧ
1658 1185 1744 1221 ὁρῶν,
1763 1186 1874 1212 πάντοτε

1090 1233 1206 1260 ἀσθενεῖ.
1222 1234 1325 1269 Ὥσπερ
1341 1232 1395 1269 γὰρ
1409 1234 1425 1269 ἠ
1439 1233 1532 1268 ἀγάπη
1548 1233 1595 1260 καὶ
1608 1233 1671 1264 τοὺς
1692 1232 1813 1266 νεκροὺς
1834 1231 1875 1258 θέ-

1089 1279 1129 1306 λει
1145 1279 1319 1314 ζωοποιῆσαι,
1337 1280 1383 1306 καὶ
1396 1280 1458 1311 τοὺς
1475 1279 1504 1305 ἐν
1520 1279 1655 1313 ἀποφάσει
1668 1278 1789 1304 θανάτου
1809 1277 1875 1303 θέλει

1089 1324 1322 1352 ἀνακαλέσασθαιο
1340 1323 1426 1357 οὕτως
1446 1323 1477 1350 τὸ
1494 1325 1572 1359 μῖσος
1592 1324 1655 1356 τοὺς
1678 1323 1790 1356 ζῶντας
1809 1322 1875 1349 θέλει

1089 1371 1256 1402 ἀποκτεῖναι,
1270 1370 1317 1396 καὶ
1332 1369 1394 1401 τοὺς
1408 1370 1436 1395 ὲν
1449 1369 1530 1404 ὀλίγῳ
1543 1369 1759 1404 ἁμαρτήσαντας
1771 1368 1801 1394 οὐ
1811 1368 1874 1394 θῦει

1089 1415 1148 1450 ζῇν.
1172 1414 1209 1440 To
1226 1414 1279 1450 γὰρ
1303 1413 1410 1448 πνεῦμα
1433 1413 1479 1440 τοῦ
1503 1414 1597 1449 μίσους
1617 1413 1662 1440 διὰ
1682 1414 1735 1449 τῆς
1754 1414 1873 1449 ὀλιγαέιυο

1089 1459 1151 1495 χίας
1167 1461 1291 1496 συνεργεῖ
1305 1459 1344 1495 τῷ
1363 1460 1469 1495 Σατανᾷ
1487 1461 1516 1486 ὲν
1532 1460 1614 1486 πᾶσιν
1631 1461 1672 1491 είς
1694 1460 1811 1486 θάνατον
1825 1460 1874 1486 τῶν

1090 1506 1256 1542 ἀνθρώπων
1281 1506 1312 1532 τὺ
1334 1506 1362 1532 δὲ
1386 1505 1494 1541 πνεῦμα
1513 1506 1563 1540 τῆς
1585 1506 1697 1541 ἀγάπης
1723 1506 1753 1532 ὲν
1779 1514 1876 1541 μακρο-

1090 1551 1173 1587 θυμίᾳ
1201 1552 1325 1587 συνεργεῖ
1353 1550 1392 1586 τῷ
1419 1551 1493 1587 νόμῳ
1515 1551 1562 1578 τοῦ
1585 1550 1653 1577 Θεοῦ
1677 1552 1719 1583 εἰς
1743 1553 1875 1587 σωτηρίαν

1089 1595 1251 1631 ἀνθρώπων.

1122 1654 1159 1680 E'.
1180 1663 1188 1679 ι
1208 1655 1301 1682 Κακδν
1316 1655 1347 1682 τὸ
1364 1656 1457 1690 μῖσος,
1481 1655 1522 1682 ὅτι
1543 1655 1677 1690 ὲνδελεχεῖ
1699 1656 1825 1691 συνεχῶς
1841 1656 1875 1691 τῷ

1086 1699 1187 1733 ψεύδει,
1205 1700 1300 1727 λαλοῦν
1315 1700 1386 1727 κατά
1396 1701 1447 1736 τῆς
1461 1700 1598 1735 ἀληθείας,
1613 1702 1661 1728 καὶ
1677 1702 1714 1728 τὰ
1728 1702 1817 1737 μικρὰ
1831 1711 1874 1736 με»

1087 1744 1156 1778 γάλα
1174 1746 1254 1777 ποιεῖ,
1269 1745 1300 1772 τὸ
1315 1745 1409 1777 σκότος
1425 1745 1482 1779 φῶς
1497 1746 1624 1781 προσέχει
1647 1745 1704 1781 (46)
1717 1766 1725 1778 ,
1747 1746 1779 1773 τὸ
1793 1746 1874 1780 γλυιώ

1087 1789 1184 1824 πικρὸν
1197 1790 1280 1824 λέγει,
1296 1790 1343 1817 καὶ
1356 1791 1536 1825 συκοφαντίαν
1550 1790 1702 1818 ἐκδιδάσκει
1714 1811 1722 1823 ,
1741 1792 1789 1818 καὶ
1802 1791 1874 1818 n61:-

1089 1844 1154 1871 μον,
1172 1835 1218 1862 κα).
1234 1835 1327 1871 ὓϐριν,
1345 1836 1391 1862 καὶ
1413 1837 1503 1862 πᾶσαν
1523 1836 1680 1869 πλεονεξίαν
1702 1837 1816 1869 κακῶν,
1833 1838 1873 1863 καὶ

1088 1879 1128 1906 [οὗ
1149 1880 1300 1907 διαὸολικοῦ
1320 1881 1369 1916 τὴν
1394 1881 1506 1917 καρδίαν
1528 1881 1626 1917 πληροῖ
1646 1882 1713 1917 (47).
1740 1883 1834 1909 Ταῦτα
1845 1883 1873 1908 ἐκ

1088 1926 1184 1962 πείρας
1196 1926 1267 1961 λέγω
1283 1928 1348 1962 ὑμῖν
1362 1928 1436 1959 ὅπως
1452 1927 1584 1962 φεύξησθε
1600 1927 1630 1954 τὸ
1647 1929 1727 1963 μῖσος
1747 1928 1815 1963 (48),
1831 1928 1872 1955 ut

1088 1971 1234 2007 ωλληθῆτε
1249 1973 1282 2008 τῇ
1300 1972 1394 2008 ἀγάπῃ
1409 1972 1456 1998 τοῦ
1473 1973 1584 2008 Κυρίου.
1607 1973 1639 1999 Ἡ
1653 1973 1816 2009 δικαιοσύνη
1831 1975 1871 2000 ὲκ-

1087 2016 1178 2043 ὃάλλει
1191 2017 1221 2043 τὺ
1236 2018 1312 2052 μῖσος
1324 2037 1332 2050 ,
1348 2018 1364 2053 ὴ
1377 2017 1540 2049 ταπείνωσις
1556 2018 1661 2053 ἀναιρεῖ
1681 2018 1713 2046 τὸ
1737 2021 1827 2054 μῖσος.
1847 2020 1870 2045 '0

1087 2061 1142 2097 γάρ
1161 2062 1263 2093 δίκαιος
1284 2063 1331 2088 καὶ
1348 2061 1474 2094 ταπεινὸς
1495 2062 1606 2089 αἰδεῖται
1629 2062 1742 2097 ποιῆσαι
1768 2063 1869 2094 ἄδικον,

1088 2107 1138 2139 οὺχ
1150 2107 1202 2134 ὑπὸ
1214 2107 1293 2134 ἀλλου
1310 2107 1589 2142 καταγινωσκόμενος,
1599 2106 1667 2134 ἀλλά
1681 2108 1737 2133 ὑπὸ
1747 2108 1798 2143 τῆς
1810 2108 1869 2138 tota;

1089 2153 1218 2189 καρδίας,
1241 2154 1281 2181 ὃτι
1306 2153 1405 2189 Κύριος
1426 2153 1567 2180 ὲπισκέπει
1591 2153 1646 2188 (50)
1673 2153 1705 2179 τὸ
1724 2153 1868 2181 διαῦούλισν

1089 2199 1181 2226 αὑτοῦ.
1193 2200 1230 2226 Οὐ
1246 2199 1391 2227 καταλαλεῖ
1405 2199 1500 2235 ἀνδρὸς
1514 2198 1581 2234 (51),
1599 2198 1693 2233 ἐπειδὴ
1705 2199 1719 2224 ὁ
1734 2199 1815 2234 φάεος
1826 2199 1866 2225 τοῦ

192 2258 202 2262 -
258 2247 312 2267 non
339 2240 397 2268 vult
423 2240 545 2273 omnino,
562 2248 596 2268 ne
621 2240 784 2275 cogitatione
804 2240 924 2275 quidem,
937 2241 1036 2276 injusla

1095 2245 1221 2280 Ὑψίστου
1236 2246 1299 2281 νικᾷ
1310 2245 1340 2272 τὸ
1354 2246 1440 2280 μῖσος.
1462 2244 1628 2279 Φοὸούμενος
1649 2243 1706 2280 γὰρ
1728 2245 1768 2280 μὴ
1790 2253 1866 2280 προσ-

1089 2291 1198 2327 κρούσει
1215 2292 1318 2327 Κυρίῳο
1332 2291 1362 2317 οὺ
1378 2290 1450 2317 θέλει
1465 2290 1495 2317 τὸ
1511 2289 1572 2318 καθ’
1586 2290 1645 2316 ὅλον
1662 2290 1732 2326 (52),
1750 2291 1810 2317 οὐδὲ
1821 2291 1865 2322 ἓως

1088 2337 1214 2370 ἐννοιῶν,
1241 2337 1366 2372 ἀδικῆσαι
1388 2336 1540 2372 ἄνθρωπον.
1564 2335 1656 2362 Ταῦτα
1677 2336 1736 2370 ἐγὼ
1760 2336 1865 2371 ἔσχατον

1124 2395 1179 2431 (12)
1199 2396 1324 2429 Πταίσῃ.
1339 2394 1427 2431 [lit-Sen:
1438 2393 1476 2422 In.

1124 2430 1180 2464 (45)
1198 2431 1267 2457 Κατ’
1281 2429 1383 2460 αὑτοῦ,
1399 2429 1427 2464 ἐξ
1443 2436 1504 2462 πως
1519 2429 1683 2456 θανατώσει
1699 2430 1802 2457 αὐτόν.
1818 2430 1864 2455 Αὐ-

1086 2465 1134 2500 τῷ,
1151 2465 1234 2496 εῖπως
1252 2464 1402 2500 θανατῳθῇ.
1417 2463 1455 2500 11).

1122 2500 1179 2535 (44)
1202 2499 1236 2526 Td
1251 2499 1305 2534 γὰρ
1318 2498 1416 2535 μῖσός.
1443 2498 1471 2525 '0
1483 2498 1536 2534 γὰρ
1550 2499 1655 2535 φθόνοέ.
1670 2498 1709 2526 lo.

1133 2535 1178 2570 45)
1199 2533 1291 2570 didm.
1305 2534 1410 2570 nemo,
1427 2533 1544 2570 invidie,
1555 2542 1606 2561 uls.
1620 2533 1698 2570 'i‘rin.
1717 2533 1756 2570 In.

1134 2568 1178 2603 46)
1202 2569 1236 2596 Τὸ
1251 2569 1360 2603 σκότος
1374 2576 1437 2602 sane
1452 2569 1602 2602 προσέχει.
1622 2569 1737 2597 Desunt.
1749 2568 1787 2595 lo.

1133 2604 1178 2639 47)
1198 2604 1252 2630 Καὶ
1279 2602 1382 2639 πᾶσαν
1399 2603 1584 2639 πλεονεξίαν
1606 2603 1724 2639 κακῶν,
1752 2603 1799 2630 καὶ
1823 2602 1863 2639 ipf)

1086 2637 1257 2666 διὰϐοζλικοῦ
1270 2638 1326 2671 τὴν
1336 2637 1461 2671 καρδίαν
1477 2638 1594 2671 πληροῖ.
1611 2637 1718 2665 Omissa
1734 2640 1807 2665 sunt.
1829 2637 1861 2664 In.

1085 2709 1099 2735 δ
1197 2673 1349 2734 φεῗιεησθε
1362 2672 1392 2699 τὸ
1403 2672 1503 2706 μῖσος.
1528 2672 1661 2708 Ἐξώσητε
1677 2674 1707 2699 τὺ
1722 2675 1799 2709 μῖσος
1820 2672 1862 2699 τοῦ

1101 2717 1129 2735 ια
1177 2717 1217 2735 ου.
1246 2717 1272 2735 1).

1101 2717 1217 2735 ιαοοΛου.
1235 2717 1272 2735 ID.

1135 2744 1179 2776 49)
1201 2743 1330 2778 Protegit.
1345 2741 1544 2777 Inspicitjuxta
1558 2741 1607 2770 0x.
1625 2743 1673 2771 Gr.
1688 2742 1727 2778 11).

1134 2778 1177 2807 50)
1204 2777 1384 2804 Ἐπιάκέπει.
1408 2778 1566 2804 Ἐπισκοπεί
1578 2779 1690 2806 rectius.
1704 2777 1744 2807 ID.

1133 2812 1177 2846 51)
1204 2813 1333 2846 Ἀνδρός.
1353 2813 1439 2839 Ὁσίου
1454 2813 1515 2839 add.
1530 2812 1565 2839 lo.

1123 2848 1178 2884 (52)
1199 2847 1359 2875 Καθ’ὅλοικ
1378 2847 1506 2874 Καθόλου.
1521 2847 1557 2874 lo.

1122 2536 1132 2639 ἓ
