1913 3102
44 177 101 204 ΗΠ

649 180 908 212 TESTAMENTUM
927 184 1005 212 ΕΑΒ.

1581 189 1648 217 HIS

43 237 115 268 ἔγνων
129 233 197 269 μετὰ
215 233 248 260 τὸ
270 234 438 269 μετανοῆσαί
460 243 493 269 με
512 235 634 270 περὶτοῦ
655 236 761 272 Ἰωσήφ.
788 237 812 263 Ἐ

872 240 1021 268 secundum
1037 239 1121 266 Deum
1135 245 1177 267 est
1191 248 1253 268 vera
1269 242 1466 275 poenitentia",
1480 243 1578 271 occidit
1591 245 1651 272 ino-

42 280 86 315 γὰρ
104 279 170 306 κατὰ
188 279 258 306 Θεὸν
282 279 386 315 ἀληθὴς
405 279 534 315 μετάνοια
553 281 661 317 ἀναιρεῖ
674 282 724 317 τὴν
739 283 818 308 ἀπεί-

42 325 104 351 θειαν
120 324 186 360 (55),
201 325 250 352 καὶ
262 325 409 359 φυγαδεὺει
421 325 451 352 τὺ
463 326 566 358 σκότος,
580 327 626 353 καὶ
639 327 749 362 φωτίζει
757 329 820 360 τοὺς

40 370 189 405 ἐσθαλμοὺς,
203 370 253 397 καὶ
273 371 375 405 γνῶσιν
390 371 502 406 παρέχει
516 373 549 407 τῇ
561 372 645 408 ψυχῇ,
666 373 712 400 καὶ
729 374 820 408 ὁδηγεῖ

40 416 63 442 τὸ
75 416 218 442 διαδούλιον
231 416 305 450 πρὸς
322 416 467 452 σωτηρίαν,
483 417 530 443 καὶ
543 417 561 444 ἃ
577 419 626 445 οὐκ
645 418 745 454 ἔμαθεν
766 419 819 446 ἀπὸ

40 461 192 496 ἀνθρώπων,
206 459 263 488 οἶδε
287 461 332 488 διὰ
350 461 401 497 τῆς
426 462 578 497 μετανοίας.
605 464 742 500 Ἐπήγαγε
763 465 818 501 (54)

41 506 83 542 γάρ
98 507 167 541 μοιό
181 506 252 538 Θεὸς
272 507 350 534 νόσον
368 507 488 543 ἥπατος,
507 509 555 535 καὶ
577 509 600 535 ει
622 509 659 545 μὴ
676 510 755 545 εὐχαὶ
771 510 818 537 τοῦ

39 552 128 587 πατρός
140 561 191 587 μου
211 552 314 579 Ἰαχὼὸ
324 572 331 584 ,
345 553 434 588 ὀλίγου
446 553 610 589 διεφώνησεν
624 555 678 591 (56)
693 556 740 582 ἀπ’
752 556 818 591 ἐμοῦ

38 597 62 623 τὺ
73 597 175 632 πνεῦμά
188 606 253 633 μου.
269 599 310 624 Δι’
321 596 358 625 ὧν
371 598 426 634 (57)
439 598 493 634 γὰρ
503 599 644 635 ἄνθρωπος
656 603 817 637 παρανομεῖ,

38 642 65 668 δι’
81 643 189 670 ἐκείνων
212 645 264 670 καὶ
288 643 441 675 κολάζεται.
471 644 546 670 Ἐπεὶ
569 643 615 672 οὖν
639 646 761 672 ἀνέκειτο
783 646 819 673 τὰ

38 687 117 720 ἦπατά
139 696 190 722 μου
207 688 344 724 ,ἀνηλεῶς
367 688 437 716 κατὰ
456 688 503 715 τοῦ
536 689 649 725 Ἰωσήφ,
673 690 712 726 τῷ
734 691 818 726 ἥπατι

39 733 138 767 πάσχων
167 733 315 770 ἀνηλεῶς,
330 734 478 771 ἐκρινόμην
507 735 553 762 ἐπὶ
585 736 671 771 μῆνας
700 737 817 769 ἕνδεκα,

39 777 88 804 καθ’
98 779 157 806 ὅσον
178 779 280 815 χρόνον
301 781 402 817 ἐνεῖχον
426 781 465 817 τῷ
484 781 582 817 Ἰωσὴφ
594 802 601 814 ,
622 782 674 814 ἓως
695 783 737 810 ἵνα
749 792 818 820 πρα-

38 822 65 858 ea
89 822 153 859 (58).

69 880 109 912 ς’.
123 888 133 904 ‹
148 879 204 907 Καὶ
228 880 289 913 νῦν,
300 881 383 908 τέκνα
394 891 454 918 μου,
470 884 630 920 ἀγαπήσατε
643 883 757 916 ἕκαστος
771 884 817 911 τὸν

37 923 138 958 ἀδελφὺν
158 926 256 958 αὑτοῦ,
276 927 323 953 καὶ
335 927 449 963 ἐξάρατε
462 929 492 955 τὸ
514 931 593 965 μῖσος
609 930 663 956 ἀπὸ
680 930 734 956 τῶν
749 939 815 966 καρ-

36 968 90 994 διῶν
100 969 185 1004 ὑμῶν,
202 971 367 1006 ἀγαπῶντες
382 973 512 1010 ἀλλήλους
526 975 554 1001 ἐν
566 975 648 1012 ἔργῳ,
667 976 714 1002 καὶ
728 976 813 1012 λόγῳ,

37 1015 76 1040 καὶ
95 1014 197 1051 διανοίᾳ.
211 1016 316 1052 ψυχῆς.
337 1017 408 1052 Ἐγὼ
432 1019 486 1055 γὰρ
510 1019 580 1047 κατὰ
608 1021 751 1056 πρόσωπον
768 1021 814 1047 τοῦ

37 1059 128 1094 πατρὸς
141 1060 222 1095 ἡμῶν
236 1063 362 1097 εἰρηνικὰ
376 1063 486 1090 ἐλάλουν
498 1064 537 1100 τῷ
559 1065 657 1101 Ἰωσὴφ
679 1065 746 1100 (59),
769 1066 815 1092 καὶ

38 1104 176 1138 ἐξελθόντος
194 1115 258 1141 μου,
274 1107 303 1133 τὸ
326 1108 431 1144 πνεῦμα
453 1109 499 1136 τοῦ
516 1110 610 1145 μίσους
624 1111 745 1142 ὲσκότιζέ
764 1119 814 1146 μου

37 1149 74 1174 τὸν
84 1149 152 1182 νοῦν,
169 1151 217 1178 καὶ
242 1152 377 1188 ἐτάρασσε
393 1163 442 1189 μου
459 1154 508 1190 τὴν
527 1155 625 1190 ψυχὴν,
641 1155 688 1182 τοῦ
713 1156 814 1183 ἀνελεῖν

38 1193 117 1219 αθλτόν.
135 1194 276 1228 Ἀγαπᾶτε
287 1196 342 1232 (60)
353 1195 399 1224 οὖν
414 1198 544 1234 ἀλλήλους
555 1200 608 1226 ἀπὸ
623 1199 750 1236 καρδίας·
768 1201 815 1227 καὶ

38 1239 78 1264 ἐὰν
88 1240 196 1277 ἁμάρτῃ
209 1242 252 1273 είς
268 1242 308 1274 σέ,
320 1243 380 1269 εἰπὲ
393 1243 466 1278 αὐτῷ
475 1244 504 1271 ἐν
515 1245 620 1281 εἰρήνῃ,
632 1244 757 1280 ἐξορίσας
769 1246 814 1273 τὸν

39 1283 71 1309 ἱὸν
83 1284 127 1311 τοῦ
141 1286 248 1320 μίσους,
261 1288 307 1314 καὶ
323 1289 351 1314 ἐν
364 1288 435 1324 ψυχῇ
451 1297 497 1316 σου
516 1291 553 1326 μὴ
565 1291 705 1326 κρατήσῃς
720 1291 796 1317 δόλον
805 1299 812 1306 ·

39 1329 77 1354 καὶ
87 1329 130 1355 ἐὰν
148 1331 321 1368 ὁμολογήσας
336 1333 500 1370 μετανοήσῃ,
522 1334 589 1368 ἀφες
611 1334 698 1370 αὐτῷ·
715 1335 763 1362 ἐάν
784 1343 814 1361 τε

38 1373 155 1408 ἀρνεῖται,
174 1378 212 1412 μὴ
227 1377 373 1412 φιλονείκει
384 1379 467 1414 αὐτῷ,
488 1380 590 1415 μήποτε
604 1380 752 1416 ὀμόσαντος
765 1381 813 1407 αὺ-

39 1418 86 1451 τοῦ,
94 1419 189 1453 δισσῶς
198 1422 424 1459 ἀμαρτήσῃς.Μὴ
437 1424 540 1460 ἀκούσῃ
551 1424 579 1450 ἐν
591 1424 665 1461 μάχῃ
676 1424 813 1461 ἀλλότριος

41 1465 174 1500 μυστήριον
195 1467 287 1502 ὑμῶν·
311 1468 354 1494 ῖνα
372 1469 408 1504 μὴ
434 1470 550 1504 μισήσας
568 1477 598 1496 σε
624 1469 753 1506 ἐχθράνῃ,
768 1469 814 1496 καὶ

41 1510 147 1546 μεγάλην
161 1512 299 1548 ἁμαρτίαν
311 1514 459 1550 ἐργάσηται
471 1515 541 1542 κατὰ
552 1515 599 1542 σοῦ
608 1524 615 1529 ”
629 1516 670 1542 ὅτι
685 1516 813 1547 πολλάκις

39 1551 199 1606 {oleum-716a:
218 1558 286 1592 (61),
300 1558 317 1594 ἢ
338 1559 546 1595 περιεργάσεται
566 1568 596 1586 σε
619 1560 647 1587 ἐν
663 1560 750 1596 κακῷ,
767 1560 814 1586 λα-
827 1577 848 1606 C

41 1598 85 1625 ὗὼν
94 1600 144 1627 ἀπὺ
159 1603 207 1629 σοῦ
221 1603 268 1630 τὸν
284 1604 332 1630 ἰόν.
352 1605 414 1632 Ἐὰν
425 1603 470 1632 οὖν
486 1605 622 1641 ἀρνεῖται,
637 1606 684 1632 καὶ
704 1606 812 1642 αἰδεσθῇ

40 1643 212 1682 ἐλεγχόμενος,
241 1649 381 1686 ἡσυχασθῇ
407 1650 473 1686 (δε),
496 1651 534 1687 μὴ
557 1651 656 1687 ὲξάξῃς
674 1651 764 1678 αὐτόν.
786 1652 814 1678 '0

41 1689 86 1724 γὰρ
106 1692 269 1729 ἀρνούμενος
291 1697 424 1731 μετανοεῖ,
438 1695 485 1723 τοῦ
502 1696 600 1732 μηκέτι
621 1697 813 1732 πλημμελῆσαι

40 1736 72 1767 εἷς
93 1738 133 1764 σέ·
157 1741 227 1768 ἀλλὰ
251 1743 298 1769 καὶ
314 1743 425 1778 τιμήσει
439 1751 479 1776 σε,
500 1744 547 1770 καὶ
560 1743 750 1779 φοῦηθήσεται,
767 1745 813 1771 καὶ

41 1782 188 1818 εἱρηνεύσει.
216 1787 279 1814 Ἐὰν
295 1788 323 1815 δέ
337 1789 445 1824 ἀναιδής
472 1790 540 1822 ἐστι,
558 1790 606 1816 καὶ
626 1790 762 1817 ἐνίσταται
779 1792 812 1826 τῇ

41 1830 121 1873 κακίᾳ,
131 1833 177 1858 καὶ
187 1833 275 1866 οὕτως
288 1834 355 1869 ἄφες
369 1835 442 1871 αὑτῷ
457 1835 511 1862 ἀπὸ
525 1836 648 1872 καρδίας,
661 1837 708 1864 καὶ
721 1837 765 1869 δὸς
773 1838 812 1873 τῷ

41 1872 90 1908 Θεῷ
99 1876 145 1912 τὴν
158 1879 310 1915 ἐκδίκησιν.

68 1921 100 1948 Ζ¹.
117 1931 126 1947 ι
152 1924 214 1952 Ἐάν
232 1934 274 1957 τις
284 1926 354 1962 ὑπὲρ
370 1927 442 1962 ὑμᾶς
455 1927 602 1960 εὐοδοῦται,
625 1929 662 1965 μὴ
673 1929 809 1956 λυπεῖσθε·

41 1962 98 1991 ἀλλὰ
109 1968 155 1994 καὶ
167 1969 281 2006 εὔχεσθε
296 1972 366 2008 ὺπέρ
379 1973 471 2004 αὑτοῦ,
486 1973 530 1999 ἵνα
540 1962 810 2006 τελείώςεὺοδοῦται.

43 2009 112 2044 Ἴσως
124 2013 176 2050 γὰρ
199 2017 264 2051 ὑμῖν
279 2018 411 2053 συμφέρει
424 2018 523 2050 οὕτως·
538 2019 584 2046 καὶ
595 2019 642 2046 ἐὰν
655 2020 701 2046 ἐπὶ
721 2021 811 2047 πλεῖον

42 2053 152 2101 (fw-ﬁat,
166 2061 203 2096 μὴ
222 2061 350 2095 φθονεῖτε,
367 2063 592 2098 μνημονεύοντες,
603 2065 643 2091 ὅτι
655 2066 730 2092 πᾶσα
743 2065 810 2101 σὰρξ

42 2099 212 2134 ἀποθανεῖται.
227 2108 322 2144 Κυρίῳ
341 2109 369 2135 δέ
381 2108 463 2145 ὕμνον
476 2110 654 2146 προσφέρετε,
669 2110 708 2146 τῷ
724 2099 809 2146 παρέ-

41 2154 104 2180 Χονῑι
123 2150 156 2178 τὰ
179 2152 251 2180 καλὰ
277 2154 324 2181 καὶ
350 2155 521 2191 συμφέροντα
544 2156 627 2183 πᾶσιν
644 2156 807 2192 ἀνθρώποις.
825 2156 848 2183 Ι)

870 285 1046 316 bedientiam.
1065 289 1092 312 et
1109 284 1186 319 fugat
1201 286 1336 319 tenebras,
1351 290 1378 313 et
1392 286 1526 315 illuminat
1545 289 1648 323 oculos,

869 335 896 357 et
923 330 1105 365 cognitionem
1134 330 1228 357 tribuit
1251 331 1358 363 animae,
1376 336 1403 358 et
1416 332 1489 360 ducit
1504 334 1649 361 consilium

870 376 903 404 ad
927 377 1058 408 salutem;
1083 380 1111 404 et
1132 384 1191 411 qua:
1219 383 1272 403 non
1302 377 1397 405 didicit
1425 379 1459 405 ab
1484 379 1648 409 hominibus,

869 423 945 449 novit
972 430 1019 456 per
1039 422 1237 457 paenitentiam.
1253 422 1361 450 lnduxit
1387 425 1461 451 enim
1484 425 1550 452 mihi
1579 424 1650 452 Deus

869 468 1055 502 aegritudinem
1082 468 1209 505 hepatis;
1229 473 1256 495 et
1273 469 1325 496 nisi
1350 471 1486 497 orationes
1500 471 1584 505 patris
1596 471 1650 498 mei

868 512 952 540 Jacob
966 514 1169 548 praevenissent,
1187 521 1282 547 parum
1304 514 1390 542 abfuit
1405 515 1470 550 quin
1481 515 1608 542 desiisset
1623 515 1650 542 in

869 567 912 586 me
926 559 982 594 (55)
995 559 1108 594 spiritus
1121 566 1210 587 meus.
1227 559 1280 587 Per
1292 568 1354 595 quae
1368 560 1439 588 enim
1452 561 1534 588 homo
1548 565 1649 594 peccat,

868 613 917 640 per
940 605 987 632 illa
1014 609 1042 632 et
1064 606 1217 640 punitur“.
1233 606 1302 639 Quia
1326 606 1410 642 igitur
1427 606 1558 641 disposita
1572 610 1651 634 erant

869 650 966 685 hepata
981 657 1041 677 mea
1057 650 1310 678 immisericorditer
1337 652 1467 680 adversus
1493 651 1603 686 Joseph,
1622 652 1650 679 in

868 696 964 730 hepate
987 696 1095 731 patiens
1119 696 1380 729 immisericorditer,
1395 697 1528 732 judicium
1553 698 1650 732 pertuli

867 749 916 776 per
943 749 1050 769 menses
1075 741 1211 774 undecim,
1238 742 1389 769 secundum
1413 748 1521 778 tempus
1546 743 1572 770 in
1594 750 1650 778 quo

867 785 1017 813 insidiabar
1030 785 1140 821 Joseph,
1157 794 1243 822 usque
1254 787 1318 814 dum
1333 787 1506 816 venderetur.

903 873 947 902 Vl.
968 883 978 900 ‹
991 874 1024 902 Et
1037 882 1120 906 nunc,
1133 875 1179 902 lilii
1194 876 1257 908 mei,
1270 876 1373 912 diligite
1386 877 1580 913 unusquisque
1594 878 1650 905 fra-

867 923 935 948 trem
948 928 1039 952 suum,
1059 926 1086 948 et
1095 920 1199 949 auferte
1209 922 1301 949 odium
1317 930 1332 949 a
1342 923 1470 951 cordibus
1483 925 1591 957 vestris,
1606 925 1649 952 di-

866 966 979 1002 ligentes
999 971 1107 995 vosmet
1122 968 1237 995 invicem
1255 969 1281 995 iu
1298 976 1390 1004 opere,
1410 974 1437 996 et
1459 977 1595 1003 sermone,
1621 975 1649 998 et

865 1013 1028 1048 cogitatione
1039 1014 1147 1042 animae.
1164 1014 1220 1049 Ego
1230 1015 1302 1042 enim
1318 1022 1410 1042 coram
1424 1014 1494 1042 facie
1505 1017 1589 1050 patris
1601 1024 1649 1044 no-

866 1059 914 1088 stri
934 1060 1046 1095 paciﬁca
1073 1061 1206 1096 loquebar
1228 1061 1261 1088 ad
1282 1060 1380 1096 Joseph
1395 1070 1401 1094 ;
1419 1065 1445 1088 et
1461 1066 1576 1089 exeunte
1593 1070 1646 1095 me,

866 1105 977 1140 spiritus
993 1106 1047 1133 odii
1061 1106 1420 1134 obtenebravitintelleetum
1436 1114 1538 1138 meum.
1554 1112 1581 1134 et
1590 1111 1647 1134 tur-

866 1150 940 1178 bavit
954 1151 1073 1178 animam
1088 1158 1188 1183 meam,
1201 1151 1234 1178 ad
1254 1151 1433 1179 occidendum
1448 1159 1521 1178 eum.
1539 1151 1647 1187 Diligite

866 1197 950 1232 igitur
961 1201 1067 1225 vosmet
1087 1197 1203 1225 invicem
1215 1205 1248 1224 ex
1267 1197 1366 1230 corde;
1381 1201 1408 1224 et
1424 1198 1446 1225 si
1462 1202 1555 1232 peccet
1576 1198 1604 1225 in
1621 1203 1647 1226 te

866 1243 987 1279 (aliquis)
1012 1244 1056 1271 dic
1073 1244 1098 1271 ei
1112 1244 1139 1271 in
1161 1251 1228 1278 pace
1250 1244 1284 1276 ",
1302 1243 1488 1271 exterminans
1510 1251 1645 1271 venenum

865 1289 932 1322 odii,
948 1294 975 1316 et
986 1289 1013 1316 in
1029 1289 1119 1316 anima
1134 1294 1177 1316 tua
1196 1297 1229 1316 ne
1244 1294 1337 1316 teneas
1355 1289 1467 1316 dolum:
1481 1293 1507 1316 et
1525 1289 1548 1316 si
1562 1290 1647 1316 conli-

865 1339 926 1362 tens
939 1335 1080 1370 paeniteat,
1097 1335 1203 1363 remitte
1215 1335 1256 1368 ei;
1273 1336 1329 1362 etsi
1344 1340 1435 1370 negat,
1452 1343 1486 1362 ne
1499 1335 1647 1362 contendas

865 1387 927 1407 cum
943 1388 986 1413 eo,
1002 1389 1037 1408 ne
1052 1381 1160 1416 quando
1182 1381 1291 1415 jurante
1306 1389 1348 1414 eo,
1365 1381 1509 1416 dupliciter
1539 1389 1645 1416 pecces.

864 1424 904 1452 Ne
917 1425 1009 1452 audiat
1018 1426 1124 1453 alienus
1140 1426 1166 1453 in
1181 1427 1354 1453 contentione
1367 1432 1501 1454 secretum
1513 1431 1645 1458 vestrum;

864 1478 899 1498 ne
916 1471 1011 1498 odiens
1027 1475 1052 1498 te
1067 1471 1233 1505 inimicetur,
1247 1476 1273 1499 et
1283 1479 1412 1507 magnum
1428 1477 1567 1507 peccatum
1583 1477 1647 1506 ope-

864 1519 940 1542 retur
953 1515 1084 1543 adversus
1099 1520 1139 1549 te;
1152 1517 1280 1551 quoniam
1295 1517 1435 1544 multoties
1445 1517 1508 1544 dolo
1519 1518 1647 1552 loquetur

866 1565 965 1592 tecum,
980 1561 1021 1588 vel
1041 1561 1257 1595 perscrutabitur
1270 1565 1295 1589 te
1309 1562 1336 1588 in
1350 1562 1431 1595 malo,
1443 1563 1581 1597 accipiens
1593 1570 1609 1590 a
1621 1567 1647 1591 te

864 1614 1010 1634 venenum.
1029 1606 1058 1634 Si
1074 1607 1156 1642 igitur
1169 1612 1259 1642 neget,
1273 1612 1300 1634 et
1313 1608 1457 1635 erubescat
1472 1609 1644 1643 redargutus,

863 1656 891 1679 et
902 1652 1035 1687 quiescat,
1051 1660 1084 1680 ne
1092 1652 1193 1680 educas
1206 1660 1279 1680 eum.
1289 1652 1396 1688 Negatis
1410 1653 1481 1680 enim
1499 1654 1644 1688 resipiscit,

864 1702 894 1725 ut
909 1706 962 1725 non
977 1699 1094 1733 amplius
1104 1699 1245 1734 delinquat
1258 1699 1284 1726 in
1301 1703 1343 1731 te;
1357 1699 1403 1726 sed
1416 1705 1442 1726 et
1454 1699 1644 1731 ltonorabitte,

863 1749 890 1772 et
907 1744 1023 1776 timebit,
1037 1748 1065 1772 et
1076 1744 1205 1779 paciﬁcus
1229 1745 1289 1772 erit.
1315 1744 1344 1771 Si
1361 1752 1424 1771 vero
1445 1745 1645 1772 inverecundus

862 1794 915 1823 est,
928 1794 955 1817 et
968 1791 1051 1818 instat
1065 1790 1189 1823 malitiae;
1207 1794 1234 1818 et
1248 1790 1282 1816 ita
1300 1790 1407 1817 remitte
1428 1790 1453 1817 ei
1465 1797 1497 1817 ex
1511 1790 1604 1824 corde,
1617 1795 1644 1818 et

862 1840 897 1867 da
913 1839 968 1867 Deo
979 1838 1126 1866 vindictam
1137 1838 1169 1865 ³⁸.

897 1927 955 1956 Vll.
967 1938 977 1954 ι
992 1927 1021 1955 Si
1037 1928 1099 1963 quis
1112 1928 1172 1962 plus
1183 1935 1263 1962 quam
1273 1934 1322 1955 vos
1334 1933 1519 1962 prosperatur,
1534 1935 1567 1954 ne
1577 1935 1642 1954 con-

861 1974 1007 2002 tristemini
1018 1983 1025 2006 ;
1037 1974 1083 2001 sed
1099 1978 1125 2001 et
1132 1977 1206 2001 orate
1219 1980 1270 2008 pro
1284 1973 1514 2008 ipso,utperl'ecte
1529 1981 1641 2008 prospe-

861 2025 945 2047 retur.
963 2019 1043 2046 Forte
1055 2019 1126 2046 enim
1139 2019 1216 2047 vobis
1226 2018 1336 2053 expedit
1353 2019 1390 2045 ita
1405 2028 1411 2045 :
1428 2023 1455 2046 et
1469 2019 1491 2046 si
1507 2018 1568 2053 plus
1592 2026 1641 2045 ex-

861 2065 960 2092 altatus
970 2063 1060 2094 fuerit.
1074 2071 1107 2091 ne
1122 2063 1275 2095 invideatis,
1292 2063 1477 2095 recordantes,
1495 2063 1567 2098 quod
1580 2070 1640 2089 om-

861 2110 976 2138 niscaro
987 2109 1127 2136 morietur.
1143 2108 1260 2135 Domino
1275 2111 1365 2135 autem
1384 2109 1514 2144 hymnum
1531 2107 1638 2140 offerte,

862 2155 991 2184 tribuenti
1002 2155 1073 2182 bona
1082 2158 1109 2182 et
1116 2154 1193 2182 utilia
1205 2154 1337 2181 omnibus
1349 2153 1506 2181 hominibus
1514 2154 1546 2180 ".
1559 2153 1641 2180 Scru-

80 2236 100 2252 ¹⁷
113 2236 134 2265 ll
145 2239 209 2268 Cor.
223 2248 271 2274 vtt,
287 2240 329 2269 lo.
367 2242 390 2259 "
404 2241 468 2278 Sap.
483 2250 521 2277 xl,
533 2243 577 2271 l7.
615 2244 638 2260 ¹⁰
652 2243 747 2271 Matth.
763 2251 812 2270 xvr

871 2243 980 2277 5;Luc.
1006 2250 1072 2276 xvn,
1098 2242 1126 2270 5.
1168 2242 1191 2258 ³⁰
1206 2241 1288 2270 Rom.
1299 2242 1409 2275 xtt,l9.
1451 2242 1472 2258 ³ι
1487 2242 1550 2269 lsai.
1570 2250 1590 2274 ι,
1612 2243 1640 2269 5.

70 2292 121 2365 (55)
143 2296 311 2325 Ἀπείθειαν.
334 2299 470 2333 ’Δγνοιαν.
488 2299 570 2328 ϐῐιΑΒ.

80 2329 111 2365 ξι
144 2332 295 2365 Ἐπήταγε.
335 2334 404 2365 Τοὺς
434 2335 570 2365 ἐπιστρέφι

144 2332 295 2370 Ἐπήταγε.
325 2329 404 2370 ,Τοὺς
434 2335 647 2370 ἐπιστρέφοντας
684 2334 809 2370 δέχεσθαι

43 2362 299 2408 ξέςίξξόοᾱεχςρχὸιι.
320 2362 484 2408 Quae-alium
504 2362 616 2404 prorsus
635 2362 747 2408 sensu'in
762 2369 805 2408 la-

42 2403 116 2437 θιψιῐ,
129 2403 207 2436 quasi
221 2404 277 2430 hazc
292 2405 375 2430 verba
393 2404 426 2430 ad
439 2403 522 2432 Deum
536 2409 628 2432 essent
646 2404 786 2432 referenda
800 2413 807 2437 ;

43 2433 204 2473 δεῇ-μέζονι)
215 2438 358 2465 lectionem
370 2437 634 2473 Cantabrigiensem.
646 2438 684 2466 In.

71 2467 122 2503 (55)
140 2471 264 2499 Desiisset
285 2473 312 2498 in
331 2481 379 2499 me.
402 2467 582 2500 Dissonuisset
601 2480 617 2499 a
636 2480 686 2499 me.
713 2472 809 2500 Graeca

44 2506 231 2540 Voggccurrit,
244 2507 329 2534 Exod.
339 2516 412 2539 xxtv,
423 2516 441 2534 ll
454 2516 461 2539 ;
476 2507 532 2535 Jos.
547 2515 624 2539 xxut,
647 2508 688 2540 Η,
702 2513 754 2535 etc.

44 2537 120 2599 0
134 2537 254 2601 [Eun-ev
262 2537 459 2576 διεφώνησενζ
473 2537 692 2577 Ἔφθασαν,ιιι1ι1ζ
707 2543 734 2570 in
746 2543 808 2570 cod.

64 2578 118 2599 xon.
134 2578 168 2603 In.

73 2606 121 2644 (57)
139 2611 178 2638 Δι’
190 2610 243 2643 ὧν,
258 2621 286 2638 κ.
297 2620 322 2638 τ.
337 2611 362 2639 λ.
381 2611 457 2639 Hanc
479 2612 640 2639 sententiam
663 2612 808 2646 exscripsit

45 2645 126 2681 εξιιειοι·
136 2653 165 2672 ex
178 2646 242 2681 Sap.
258 2655 296 2678 xt,
311 2647 356 2679 l7,
369 2647 415 2674 ubi
432 2647 569 2681 ipsissima
583 2655 651 2681 perte
667 2647 747 2674 verba
756 2645 809 2673 70c-

45 2680 160 2716 flll'rltttlr:
176 2680 268 2716 At'p'w
283 2690 328 2714 τις
336 2680 502 2716 ἁμαρτάνει,
519 2681 567 2708 διὰ
577 2680 687 2708 τούτων
697 2681 810 2711 κολάζε-

105 2712 179 2751 Vulg.
191 2725 199 2743 ι
210 2715 265 2742 Per
279 2712 338 2752 quia
351 2712 410 2751 quis
426 2721 526 2751 peccat,
541 2725 586 2751 per
596 2716 650 2744 lucc
661 2721 686 2743 et
702 2721 808 2751 torque-

71 2753 88 2770 r.

74 2780 122 2817 (58)
139 2786 208 2812 Καθ’
225 2785 300 2812 ὅσον
312 2786 422 2819 χρόνον
436 2785 553 2820 ὲνεῖχον
567 2784 607 2818 τῷ
621 2785 736 2820 Ἰωσὴφ,
753 2785 808 2818 ἕως

45 2810 202 2854 "(indocili
220 2810 430 2848 uegonicus.

75 2849 125 2886 (59)
140 2849 279 2889 Εὶρηνικὰ
301 2855 433 2882 ἐλάλουν
449 2855 489 2888 τῷ
509 2855 622 2890 Ἰωσήφ.
640 2855 742 2887 Moses,
755 2855 808 2882 Ge-

47 2887 93 2911 ncs.
106 2887 241 2922 xxxvii,“
258 2891 280 2923 ι,
296 2891 330 2917 de
347 2887 477 2917 fratribus
488 2887 598 2926 Joseplii
613 2891 648 2917 ait
668 2900 672 2917 :
688 2890 805 2917 Oderunt

861 2306 930 2325 eum.
947 2306 993 2325 nec
1008 2302 1128 2332 poterant
1147 2297 1290 2332 quidquam
1310 2297 1419 2332 paciﬁca
1431 2297 1465 2323 ad
1479 2305 1537 2323 eum
1557 2298 1638 2332 loqui.

859 2333 961 2360 Auctor
971 2340 1034 2360 vero
1050 2332 1274 2359 Testamentorum
1285 2332 1341 2359 haec
1353 2333 1434 2359 verba
1448 2340 1500 2358 non
1517 2333 1640 2360 universo

861 2367 973 2402 intelligi
987 2368 1084 2399 voluit,
1100 2367 1147 2394 sed
1161 2367 1209 2402 fadr
1225 2367 1360 2401 colloquia
1386 2367 1500 2402 l'ratruAm
1526 2367 1596 2402 inter
1611 2376 1640 2394 se

861 2400 1010 2434 restrinxit,
1029 2402 1144 2436 indeque
1155 2401 1258 2428 Gadum
1274 2400 1364 2428 coram
1381 2406 1454 2436 patre
1465 2400 1548 2428 Jacob
1564 2403 1638 2436 paci-

861 2437 988 2475 ﬁca‘e‘um
1004 2437 1121 2475 Josepho
1139 2436 1219 2462 verba
1227 2436 1379 2475 miscuisse
1395 2436 1474 2475 dixit.
1488 2436 1525 2462 In.

895 2471 950 2506 (60)
977 2470 1124 2506 Ὰγαπᾶτε,
1140 2479 1167 2497 κ.
1186 2479 1211 2496 τ.
1227 2470 1251 2506 λ.
1264 2470 1371 2506 Omissa
1389 2472 1479 2498 omnia
1502 2478 1588 2506 usque
1606 2472 1638 2498 ad

859 2505 1070 2540 περισπασμύν·
1082 2505 1140 2532 τῶν
1153 2505 1321 2540 ἀνθρώπων.
1334 2505 1372 2533 Ιι).

896 2540 1183 2581 (ϐίλΔιξλοφοιῄσαι.
1203 2540 1356 2581 [εειιιιᾱιιιιι
1366 2576 1370 2581 .
1381 2545 1445 2581 puto
1457 2540 1637 2581 δολοφονήσει,

859 2574 944 2610 idque
952 2574 1047 2603 Latine
1060 2575 1224 2611 reddendum
1240 2574 1301 2601 dolo
1316 2576 1414 2602 occidet
1434 2581 1467 2602 te.
1488 2575 1514 2602 ld
1538 2574 1638 2611 quippe

859 2609 994 2645 signiﬁcat
1008 2610 1121 2637 verbum
1132 2609 1293 2644 δολοφονεῖν,
1315 2618 1369 2637 non
1387 2614 1476 2637 autem
1491 2609 1637 2637 dolose’l'o-

859 2645 915 2680 ηυξ,
929 2650 958 2672 ιιι
970 2645 1106 2672 Robertus
1118 2645 1266 2677 transtulit,
1276 2645 1366 2679 legens
1380 2645 1448 2672 forte
1463 2645 1635 2679 δολοφωνείν;

859 2688 940 2714 quam
949 2685 1039 2707 tamen
1048 2687 1140 2707 vocem
1152 2680 1179 2706 in
1194 2680 1267 2706 nullo
1282 2684 1394 2707 auctore
1403 2680 1499 2714 legisse
1513 2681 1636 2707 memini.

882 2715 981 2747 ccedit,
999 2715 1071 2749 quod
1092 2714 1174 2742 ccede:
1194 2722 1240 2748 per
1257 2714 1345 2741 dolum
1364 2716 1436 2750 facta
1456 2715 1638 2742 antecedenti-

857 2750 910 2776 bus
932 2750 1018 2785 magis
1040 2750 1466 2785 congruat,rquamrcolluquium
1492 2750 1636 2776 dolosam:

858 2785 958 2820 quippe
974 2784 1085 2820 grandis
1097 2784 1201 2820 peccati
1215 2784 1320 2811 mentio
1335 2784 1406 2812 facta
1419 2790 1488 2819 erat,
1506 2785 1586 2820 quale
1594 2789 1636 2813 est

858 2817 950 2852 utique
965 2817 1150 2846 lfomicidium.
1163 2817 1200 2844 ID.

857 2889 866 2915 Ι
893 2854 947 2888 (62)
974 2853 1159 2888 Ἡσυχασθῇ.
1186 2852 1233 2881 Hic
1260 2854 1435 2884 inserendum
1459 2855 1565 2884 videtur
1578 2855 1633 2884 καί.

869 2897 894 2915 υ.

869 2897 894 2916 υ.
