1913 3102
259 159 328 189 III9

755 160 988 190 TESTAMENTA
1010 159 1056 187 XII
1081 157 1387 187 PATRIABCHARUM.

1832 155 1894 183 ΗΞ)

259 224 316 246 tare
328 219 430 254 judicia
444 219 561 253 Domini,
574 224 601 247 et
616 219 652 247 ita
669 219 788 247 dimittet
801 219 869 256 (64),
881 224 908 246 et
922 219 1038 254 quiescel

1105 215 1246 248 Ἐξέτασον
1254 216 1374 252 κρίματα
1384 214 1478 250 Κυρίῳ
1489 213 1553 249 (65),
1568 213 1615 240 καὶ
1629 213 1720 245 οὕτως
1736 214 1894 248 καταλήψει

256 265 405 292 consilium
422 269 510 292 tuum.
538 266 567 293 Si
592 273 658 293 vero
671 270 698 293 et
712 274 745 294 ex
762 266 842 293 malis
857 265 921 301 quis
944 265 1038 292 ditatul

1101 262 1149 300 καὶ
1168 261 1299 297 ἡσυχάζει
1315 260 1372 296 (65)
1387 260 1417 286 τὺ
1430 259 1580 286 διαὸούλιόν
1598 268 1658 286 σου.
1680 260 1788 286 Ἐὰνδὲ
1806 261 1856 287 καὶ
1866 261 1893 286 ὲκ

259 309 351 343 fuerit,
363 310 435 338 sicut
449 310 521 338 Esau
531 310 615 338 frater
625 312 711 346 patris
731 312 796 346 mei,
812 311 898 339 nolite
906 311 1044 344 aemulari;

258 356 405 383 terminum
414 357 487 384 enim
499 356 607 384 Domini
622 358 791 392 suscipietis.
806 357 856 384 Vel
870 358 943 385 enim
957 356 1047 384 aufert

259 401 316 428 haec
333 402 360 428 in
375 401 464 434 malis,
482 401 524 429 vel
538 402 734 436 penitentibus
747 402 871 435 dimittit,
890 402 931 430 vel
944 403 1045 437 impa-

258 447 354 474 nitenti
378 452 467 475 servat
491 448 518 475 in
530 453 661 476 aeternum
685 448 742 483 (66)
766 449 947 484 punitionem.
976 448 1045 475 Nam

257 501 372 528 pauper,
386 498 413 521 et
430 494 533 522 invidia
547 502 644 522 carens
658 495 727 530 (67),
746 495 774 522 in
788 495 916 522 omnibus
930 494 1046 522 Domino

258 540 359 574 gratias
377 547 470 575 agens,
486 540 545 575 ipse
559 541 630 576 apud
652 549 748 569 omnes
772 541 886 574 ditatur,
914 541 1044 575 quoniam

257 593 312 612 non
327 586 409 613 habet
424 587 606 621 perniciosam
626 587 854 622 depratdationem
882 587 939 623 (68)
955 587 1045 614 homi-

257 639 334 658 num.
348 631 459 659 Aul‘erte
472 632 556 667 igitur
572 633 666 660 odium
682 633 717 660 ab
732 633 879 660 animabus
891 633 1004 666 vestris,
1019 636 1046 659 et

256 676 361 711 diligite
378 683 485 704 vosmet
496 677 611 705 invicem
629 678 655 704 in
669 678 835 705 rectitudine
851 678 954 706 cordis.

292 721 360 750 VIII.
378 731 387 748 ι
407 722 494 750 Dicite
517 727 608 751 autem
625 728 651 751 et
666 732 715 751 vos
732 724 791 751 haec
806 723 870 751 ﬁliis
886 724 996 757 vestris,
1015 728 1045 751 ut

257 767 392 801 honorent
406 768 502 796 .Iudam
519 774 547 797 et
565 769 648 799 Levi:
676 771 808 805 quoniam
825 778 859 798 cx
883 770 923 803 eis
940 771 1045 798 orietur

256 813 334 840 vobis
349 813 491 847 Dominus,
508 815 633 842 Salvator
644 814 747 842 Israeli.
756 814 879 851 Cognovi
890 816 962 843 enim
971 816 1045 851 quod

257 859 283 886 in
299 860 353 887 line
372 859 500 887 recedent
521 860 569 887 lilii
586 861 668 888 vestri
686 862 721 888 ab
732 862 784 895 eis,
800 866 827 889 et
844 862 873 889 in
888 862 963 890 omni
979 870 1043 897 per-

256 905 338 938 nicie,
353 909 381 932 et
404 905 585 941 malignitate,
600 911 626 934 et
647 908 827 943 corruptione
842 912 925 936 erunt
948 916 1043 936 coram

256 949 383 978 Domino.
394 960 404 976 ›
420 951 453 978 Et
467 952 607 986 paululum
619 953 778 988 quiescens,
788 961 886 982 rursus
897 954 968 981 dixit
978 954 1020 982 eis
1035 963 1042 981 :

258 1004 267 1020 Ι
280 995 340 1023 Filii
350 996 414 1030 mei,
425 997 532 1025 obedite
541 999 611 1033 patri
626 1003 727 1030 vestro,
743 1003 770 1025 ct
782 1000 894 1034 sepelite
904 1008 948 1028 me
961 1008 1044 1036 prope

255 1045 346 1074 patres
359 1050 446 1070 meos.
473 1052 483 1069 ι
507 1043 540 1070 Ει
552 1044 662 1071 elevans
676 1044 760 1078 pedes
772 1052 849 1078 suos,
864 1045 996 1073 dormivit
1015 1047 1043 1074 in

255 1095 330 1123 pace.
342 1089 375 1116 Et
383 1093 445 1125 post
457 1090 578 1125 quinque
585 1098 674 1118 annos
690 1091 858 1119 reduxerunt
871 1100 945 1127 eum,
956 1097 984 1121 et
996 1101 1043 1128 po-

254 1139 371 1162 suerunt
385 1142 448 1162 eum
461 1135 488 1162 in
499 1133 610 1163 Hebron
624 1143 687 1162 cum
699 1130 824 1170 patribus
839 1137 936 1172 ipsius.

565 1269 679 1298 CAPUT
698 1270 730 1298 Χ.

275 1327 471 1354 Testamentum
488 1328 565 1360 Aser,
580 1328 613 1369 de
626 1328 728 1368 duqbus
749 1328 866 1363 [aciebus
879 1329 991 1357 malitia:
1000 1334 1025 1356 et

587 1368 704 1390 mrtuus.

291 1407 312 1434 I.
334 1406 541 1442 Transcriptum
563 1409 718 1436 testamenti
739 1408 824 1441 Aser,
841 1417 903 1443 qua:
930 1409 1040 1438 locutus

254 1456 297 1480 est
310 1452 373 1478 Iiliis
389 1451 448 1478 suis
474 1452 624 1479 centesimo
651 1451 782 1479 vicesimo
806 1460 879 1479 anno
901 1452 959 1487 (ῗὲ)
979 1453 1041 1480 vita:

253 1505 322 1526 suae.
333 1497 430 1525 Adhuc
443 1505 528 1525 sanus
535 1498 681 1531 exsistens,
691 1498 760 1526 dixit
771 1498 812 1526 eis
828 1506 834 1525 :
853 1497 977 1537 (Audite,
991 1499 1039 1526 lilii

254 1545 332 1576 Aser,
350 1549 454 1578 patrem
470 1548 604 1576 vestrum,
619 1548 647 1571 et
660 1552 741 1572 omne
757 1550 862 1571 rectum
878 1552 970 1572 coram
983 1545 1038 1573 Deo

253 1590 396 1618 ostendam
411 1590 499 1618 vobis.
514 1589 587 1618 Duas
605 1591 664 1618 vias
681 1591 755 1619 dedit
768 1591 903 1619 Dominus
914 1591 977 1619 Iiliis
988 1592 1039 1619 ho-

253 1635 370 1667 minum,
385 1635 440 1662 duo
453 1635 578 1669 consilia,
594 1640 622 1663 et
631 1636 701 1664 duos
711 1641 801 1670 actus,
814 1641 841 1664 et
862 1637 918 1664 duo
930 1638 1000 1671 loca,
1012 1641 1040 1665 et

252 1681 322 1708 duos
335 1682 411 1708 lines.
431 1680 549 1716 Ideoque
564 1682 657 1709 omnia
678 1682 733 1710 duo
754 1688 829 1715 sunt,
843 1691 927 1710 unum
942 1689 1039 1711 contra

255 1726 490 1760 unum.Viaaduze,
502 1726 567 1754 boni
575 1732 602 1754 et
609 1728 690 1761 mali;
701 1728 728 1755 in
738 1728 840 1764 quibus
848 1733 913 1756 sunt
920 1729 976 1756 duo
985 1737 1052 1757 con-

253 1773 315 1800 silia
327 1773 354 1800 in
367 1774 523 1808 pectoribus
532 1775 644 1807 nostris,
656 1774 836 1809 dijudicantia
847 1782 904 1803 eas.
918 1773 947 1802 Si
957 1775 1039 1809 igitur

251 1819 342 1846 anima
353 1819 418 1847 velit
428 1820 454 1846 in
468 1820 551 1853 bono,
565 1820 610 1856 [ad
618 1820 719 1848 bonum
730 1820 840 1848 ducitur
848 1820 942 1856 bomo]
958 1820 1037 1856 (73'),

251 1865 343 1893 omnis
359 1870 436 1894 actus
450 1866 535 1900 ipsius
544 1873 587 1893 est
600 1866 738 1901 iniustitia
749 1875 757 1898 ;
769 1871 795 1893 et
809 1867 832 1894 si
845 1871 949 1901 peccet,
965 1867 1038 1893 illico

251 1911 397 1946 resipiscit.
405 1911 483 1939 Iusta
490 1912 562 1938 enim
573 1911 739 1947 cogitans,et
750 1911 882 1946 abjicicns
895 1911 1037 1944 malitiam,

250 1958 341 1985 statim
355 1958 453 1986 evertit
464 1959 577 1992 malum,
593 1958 750 1986 eteradicat
760 1962 912 1992 peccatum.
930 1957 959 1985 Si
971 1965 1037 1985 vero

250 2003 285 2030 ad
303 2003 406 2030 malum
422 2003 539 2030 declinat
556 2003 713 2036 consilium,
729 2003 819 2030 omnis
836 2007 914 2030 actus
928 2003 989 2038 ejus
997 2007 1038 2031 est

250 2048 279 2075 in
297 2048 414 2082 malitia,
430 2053 458 2076 et
475 2049 608 2084 repellens
623 2050 727 2078 bonum
746 2050 862 2078 assumit
875 2050 997 2082 malum;
1011 2054 1038 2077 et

250 2094 416 2123 constitutus
433 2095 484 2123 sub
496 2095 618 2122 dominio
633 2095 732 2129 Beliar,
745 2096 797 2123 etsi
813 2096 914 2124 bonum
927 2095 1038 2131 aliquod

251 2145 390 2175 operetur,
406 2142 432 2168 in
445 2143 576 2170 malitiam
592 2143 645 2170 hoc
660 2143 804 2171 convertit.
819 2143 886 2170 Cum
900 2144 973 2171 enim
995 2143 1038 2170 in-

250 2188 354 2220 ceperit
375 2188 454 2222 quasi
463 2188 566 2215 bonum
583 2188 697 2221 faciens,
711 2189 792 2215 linem
808 2189 925 2217 actionis
937 2190 997 2224 ejus
1009 2190 1035 2217 in

1059 890 1080 918 Β

1098 307 1192 334 κακῶν
1208 315 1252 338 τις
1267 306 1407 342 πλουτίσῃ,
1422 305 1459 337 ὡς
1481 304 1566 331 Ἦσαῦ
1587 306 1601 331 ὁ
1614 305 1810 341 πατράδελφᾶς
1829 314 1892 341 μου,

1098 354 1135 389 μὴ
1157 352 1315 388 ζηλὼσητε·
1337 352 1399 388 ὅρον
1414 351 1468 387 γὰρ
1482 351 1584 387 Κυρίου
1604 351 1765 385 ἐκδέξασθε.
1783 352 1820 378 Ἦ
1842 351 1893 387 γὰρ

1096 399 1261 435 ἀφαιρεῖται
1275 397 1346 425 αὐτὰ
1359 399 1388 425 ὲν
1402 399 1506 430 κακοῖς,
1523 397 1540 432 ἢ
1550 397 1726 433 μετανοοῦσιν
1739 397 1892 433 ἀφίησινηῆ

1096 447 1278 482 ἀμετανοήτῳ
1287 448 1365 482 τηρεῖ
1378 447 1417 477 εἰς
1431 446 1516 472 αἰῶνα
1527 445 1576 480 τὴν
1592 444 1715 471 κόλασιν.
1733 444 1764 470 'U
1780 443 1838 479 γὰρ
1849 444 1893 469 πέ-

1096 502 1154 529 νης,
1171 494 1219 519 καὶ
1230 491 1356 527 ἄφθονος,
1369 491 1416 518 ἐπὶ
1424 492 1490 518 πᾶσι
1502 491 1596 526 Κυρίῳ
1611 489 1795 525 εὐχαριστῶν,
1811 489 1892 520 αὐτὸς

1096 537 1173 574 παρὰ
1188 538 1255 564 πᾶσι
1271 537 1389 569 πλουτεῖ,
1403 537 1444 563 ὅτι
1459 537 1509 562 οὐκ
1528 535 1642 571 ἔχειτὸν
1667 534 1792 569 πονηρὸν
1819 543 1894 569 περι-

1097 583 1222 619 σπασμὸν
1236 583 1291 610 τῶν
1310 581 1470 618 ἀνθρώπων.
1489 581 1618 617 Ἐξάρατε
1631 578 1677 607 οὖν
1690 580 1722 606 τὸ
1741 582 1826 615 μῖσος
1842 579 1893 606 ἀπὸ

1095 631 1150 657 τῶν
1167 629 1260 665 ψυχῶν
1272 629 1360 665 ὑμῶν,
1377 629 1425 655 καὶ
1440 629 1600 664 ἀγαπήσατε
1621 626 1757 662 ἀλλήλους
1773 627 1803 652 ὲν
1815 626 1891 652 εὐθύ-

1095 685 1156 712 τητι
1172 675 1295 711 καρδίας.

1131 722 1172 748 Η’.
1182 731 1191 747 ι
1207 721 1308 748 Εἴπατε
1323 721 1351 748 δὲ
1365 720 1412 747 καὶ
1426 720 1505 756 ὑμεῖς
1515 719 1601 746 ταῦτα
1610 719 1665 750 τοῖς
1678 718 1792 749 τέκνοις
1805 717 1890 752 ὑμῶν,

1095 768 1168 800 ὅπως
1186 769 1336 803 τιμήσωσιν
1355 767 1455 793 Ἰούδαν
1465 767 1513 793 καὶ
1526 766 1605 793 Λευῖ·
1617 766 1659 792 ὅτι
1670 765 1701 797 ἐξ
1714 763 1812 791 αὐτῶν
1831 764 1890 790 ἀνςκ

1094 814 1166 840 τελεῖ
1182 813 1245 848 ὑμῖν
1265 812 1376 848 Κύριος,
1402 812 1494 848 σωτὴρ
1505 811 1543 847 τῷ
1567 810 1685 846 Ἰσραήλ.
1710 810 1827 844 Ἐγνων
1842 807 1891 843 γὰρ

1095 859 1135 885 ὅτι
1154 859 1200 885 ἐπὶ
1213 858 1285 885 τέλει
1303 858 1358 894 (69)
1381 858 1579 894 ἀποστήσονται
1599 856 1633 883 τὰ
1646 857 1731 883 τέκνα
1749 855 1831 890 ὑμῶν
1848 855 1890 880 ἀπ’

1094 905 1184 931 αὐτῶν
1198 905 1264 940 (70),
1281 905 1328 931 καὶ
1343 905 1373 931 ὲν
1386 904 1461 940 πάσῃ
1478 903 1605 939 πονηρίᾳ,
1623 903 1672 929 καὶ
1693 901 1836 933 κακώσει,
1848 902 1890 926 καὶ.

1094 951 1227 986 διαφθορᾷ
1242 951 1347 978 ἔσονται
1363 950 1476 977 ἐνώπιον
1490 949 1603 984 Κυρίου.
1621 958 1630 974 ι
1644 949 1701 976 Καὶ
1713 948 1814 982 ὀλίγον
1830 949 1890 982 ἡπ-

1093 997 1189 1031 χάσας,
1205 997 1286 1024 πάλιν
1298 995 1374 1023 εἶπεν
1385 997 1489 1028 αὐτοῖς·
1506 1005 1515 1021 ‹
1533 995 1622 1022 Τέκνα
1634 1003 1696 1030 μου,
1713 992 1887 1020 traiecti-12::

1092 1043 1139 1069 τοῦ
1153 1043 1254 1078 πατρὸς
1267 1043 1354 1078 ὑμῶν,
1369 1043 1415 1069 καὶ
1428 1042 1532 1077 θάψατὲ
1548 1050 1581 1077 με
1596 1041 1733 1075 σύνεγγυς
1744 1040 1805 1067 τῶν
1816 1039 1890 1065 πατέ-

1095 1098 1148 1125 ρων
1162 1098 1222 1124 μου.
1240 1099 1248 1114 ι
1270 1089 1326 1116 Καὶ
1342 1089 1441 1124 ἐξάρας
1461 1089 1523 1120 τοὺς
1540 1088 1624 1119 πόδας
1641 1086 1740 1118 αὑτοῦ,
1756 1086 1888 1121 ἐκοιμήθη

1092 1137 1121 1162 ὲν
1136 1136 1241 1171 εἰρήνῃ.
1258 1136 1314 1162 Καὶ
1327 1135 1395 1171 μετὰ
1410 1135 1489 1161 πέντε
1511 1134 1558 1170 ἐτη
1577 1134 1717 1168 ἀνήγαγον
1733 1132 1832 1163 αὑτὸν,
1845 1132 1888 1158 καὶ

1092 1183 1193 1218 ἔθηκαν
1210 1182 1290 1209 αὑτὸν
1314 1183 1354 1214 εἰς
1377 1181 1492 1217 Χεϐρὼν
1517 1180 1586 1216 μετὰ
1607 1179 1661 1206 τῶν
1688 1179 1824 1215 πατέρων
1846 1179 1887 1204 αὑ-

1091 1228 1138 1255 τοῦ
1153 1229 1217 1264 (7|).

1365 1273 1561 1300 ΚΕΦΛΛΑΙΟΝ
1576 1273 1607 1299 Ι’.

1107 1329 1235 1364 Διαθήκη
1255 1329 1353 1363 Ἀσὴρ,
1370 1327 1688 1398 περὲξύαπροσώπων
1700 1327 1816 1359 κακίας
1826 1326 1871 1352 καὶ

1454 1373 1542 1397 ,ετης.

1454 1373 1542 1397 ὶετης.

1126 1414 1165 1438 A'.
1184 1411 1362 1447 Ἀντίγραφον
1383 1409 1514 1446 διαθήκης
1535 1409 1629 1445 Ἀσὴρ,
1649 1407 1668 1435 ἃ.
1684 1407 1808 1443 ἑλάλησε
1834 1408 1886 1438 τοῖς

1091 1457 1158 1488 υἱοῖς
1174 1456 1255 1483 αὐτοῦ
1269 1457 1298 1482 ὲν
1312 1458 1375 1492 ρκς¹
1387 1454 1442 1481 ἔτει
1455 1454 1505 1489 τῆς
1520 1453 1594 1489 ζωῆς
1609 1453 1704 1480 αὑτοῦ.
1720 1453 1790 1479 Ἔτι
1806 1452 1883 1486 ὕγιαίν

1091 1511 1152 1534 νων,
1171 1500 1231 1528 εἶπε
1245 1501 1313 1537 πρὸς
1330 1499 1442 1531 αὐτούς·
1461 1508 1471 1525 ι
1495 1497 1652 1530 Ἀκούσατε,
1672 1497 1766 1524 τέκνα
1795 1497 1883 1531 ’Δσὴρς

1089 1547 1136 1574 τοῦ
1152 1547 1254 1582 πατρὸς
1270 1546 1357 1581 ὑμῶν,
1372 1546 1419 1573 καὶ
1430 1546 1484 1572 πᾶν
1495 1545 1525 1571 τὸ
1537 1543 1615 1575 εὺθὲς
1626 1542 1748 1570 ἐνώπιον
1763 1542 1812 1569 τοῦ
1823 1542 1884 1568 Θεοῦ

1090 1593 1222 1626 ὑποδείξω
1241 1593 1314 1628 ὑμῖν.
1340 1592 1391 1619 Δύο
1410 1592 1487 1623 ὁδοὺς
1508 1591 1606 1617 ἔδωκεν
1621 1591 1636 1616 ὀ
1661 1589 1733 1622 Θεὸς
1746 1590 1807 1622 τοῖς
1822 1589 1885 1620 υἷάς

1089 1639 1143 1666 τῶν
1157 1638 1317 1674 ἀνθρώπων,
1333 1637 1379 1665 δύο
1397 1636 1547 1668 διαῦούλια,
1567 1635 1615 1663 καὶ
1629 1635 1678 1662 δύο
1699 1635 1831 1672 πράξεις,
1843 1635 1884 1661 καὶ

1089 1685 1136 1712 δύο
1153 1684 1262 1716 τόπους,
1277 1684 1324 1711 καὶ
1336 1683 1381 1710 δύο
1393 1683 1468 1719 τέλη.
1483 1683 1532 1710 Διὰ
1545 1683 1624 1709 τοῦτο
1639 1682 1734 1709 πάντα
1747 1682 1798 1709 δύο
1809 1683 1884 1710 εἰσὶν.

1089 1731 1118 1757 ἓν
1132 1730 1274 1757 κατέναντι
1286 1729 1333 1756 τοῦ
1346 1729 1405 1761 ἑνός
1424 1729 1490 1764 (75).
1511 1729 1582 1756 Ὀδοὶ
1594 1728 1652 1761 δύο,
1669 1728 1760 1755 καλοῦ
1776 1729 1824 1754 καὶ
1838 1737 1884 1754 κα-

1089 1777 1137 1803 κοῦ
1147 1785 1153 1791 ·
1170 1778 1198 1803 ὲν
1213 1773 1253 1809 οἷς
1265 1777 1318 1802 εἰσι
1331 1775 1366 1802 τὰ
1383 1775 1429 1802 δύο
1444 1775 1582 1802 διαὸούλια
1595 1775 1624 1801 ὲν
1645 1774 1774 1810 στέρνοις
1797 1774 1882 1809 ἡμῶν.

1087 1820 1258 1855 διακρίνοντα
1271 1819 1365 1852 αὑτάς.
1387 1819 1449 1846 Ἐὰν
1461 1817 1508 1846 οὖν
1522 1820 1539 1855 ἠ
1552 1818 1626 1854 ψυχὴ
1644 1819 1712 1855 θέλῃ
1738 1819 1769 1844 ἐν
1795 1818 1882 1853 καλῷ,

1088 1865 1163 1892 πᾶσα
1175 1865 1273 1901 πρᾶξις
1287 1865 1371 1900 αὐτῆς
1381 1865 1453 1891 ἐστιν
1465 1865 1493 1891 ὲν
1508 1864 1678 1899 δικαιοσύνῃ,
1692 1863 1748 1890 κᾶν

1088 1911 1169 1943 εὐθὺς
1192 1912 1325 1946 μετανοεῖ.
1340 1910 1437 1937 Δίκαια
1454 1909 1508 1946 γὰρ
1522 1909 1713 1945 λογιζόμενος,
1731 1909 1782 1936 καὶ
1799 1910 1880 1944 ἁπορ

1090 1957 1193 1993 ῥίπτων
1210 1957 1258 1992 τὴν
1274 1956 1417 1993 πονηρίαν,
1428 1956 1574 1991 ἀνατρέπει
1585 1955 1666 1987 εὐθὺς
1675 1956 1706 1982 τὸ
1722 1956 1823 1985 κακὸν,
1838 1955 1880 1981 καὶ

1088 2002 1192 2038 ἐκριζοῖ
1206 2004 1255 2039 τὴν
1273 2003 1420 2038 ἁμαρτίαν.
1439 2002 1502 2029 Ἐὰν
1524 2002 1551 2029 δὲ
1565 2003 1593 2028 ἐν
1610 2001 1725 2037 πονηρῷ
1750 2002 1838 2028 κλίνει
1853 2002 1879 2026 τὸ

1089 2048 1249 2081 διαϐούλιον,
1262 2050 1338 2075 πᾶσα
1350 2048 1449 2084 πρᾶξις
1461 2048 1547 2083 αὐτῆς
1558 2048 1632 2074 ἐστιν
1647 2048 1677 2073 ὲν
1692 2048 1826 2083 πονηρίᾳ,
1837 2047 1877 2072 1:!

1089 2096 1280 2132 ἀπωθούμενος
1295 2095 1325 2122 τδ
1339 2095 1439 2130 ἀγαθὸν
1455 2094 1658 2131 προσλαμϐάνει
1674 2094 1706 2120 τὸ
1718 2094 1817 2125 κακὸν,
1835 2094 1876 2120 καῖ

1089 2142 1243 2179 κυριευθεὶς
1255 2142 1307 2168 ὑπὸ
1319 2142 1366 2168 τοῦ
1383 2142 1491 2176 Βελιὰρ,
1507 2141 1559 2168 κᾶν
1574 2140 1677 2174 ἀγαθόν
1691 2149 1719 2166 τι
1732 2140 1835 2176 πράξῃ,
1849 2140 1874 2165 ἐν

1089 2191 1206 2225 πονηρία
1227 2189 1292 2216 αὐτὸ
1309 2188 1498 2224 μεταστρέφει.
1522 2189 1586 2215 Ὅτε
1598 2187 1653 2223 γὰρ
1668 2187 1818 2231 ἐνᾴρξηται
1840 2188 1874 2218 ὡς

251 2232 353 2259 malum
365 2239 434 2267 opus
444 2233 578 2267 perducit.
594 2233 662 2266 Quia
672 2236 818 2263 thesaurus
824 2235 923 2263 diaboli
932 2243 1036 2263 veneno

1098 2236 1189 2270 ὶγαθὸν
1203 2235 1296 2267 ποιῶν,
1310 2234 1341 2260 τὺ
1356 2234 1432 2265 τέλος
1445 2235 1494 2270 τῆς
1505 2233 1630 2269 πράξεως
1639 2233 1724 2260 αὑτοῦ
1742 2235 1783 2266 εἰς
1796 2232 1872 2260 κακὸν

250 2277 396 2312 perniciosi
412 2278 524 2313 spiritus
535 2279 664 2314 impletus
680 2285 732 2308 est.

285 2366 318 2394 II.
334 2376 343 2393 ι
363 2367 433 2396 Dicit
446 2368 529 2402 igitur
542 2369 632 2396 anima
647 2369 744 2403 ipsius,
759 2370 863 2397 bonum
880 2377 961 2405 supra
978 2378 1034 2397 ma-

249 2413 306 2441 lum
318 2422 389 2446 esse.
399 2419 426 2442 et
442 2415 524 2442 ﬁnem
538 2416 575 2443 rei
592 2416 618 2443 in
635 2417 765 2444 malitiam
780 2417 864 2445 ducit.
879 2417 927 2445 Est
940 2417 1034 2449 Immo,

359 2483 467 2520 Ιςορίῳ.
482 2483 563 2520 Forte
578 2485 691 2520 Κυρίουι
703 2484 787 2513 ΟιιΑιι.

295 2517 340 2548 64)
359 2518 491 2546 Dimittat.
505 2518 574 2547 Add.
592 2517 629 2547 te.
643 2519 680 2548 ID.

366 2553 528 2591 Ἱέσυχιὶζει.
547 2555 628 2591 Forte
639 2556 780 2591 ἡσυχάσει.
797 2555 835 2582 In.

294 2587 339 2620 66)
358 2587 501 2616 Eterhum
517 2587 655 2617 smculum'
667 2587 769 2618 habent
784 2592 892 2618 codices
906 2599 973 2620 mss.
991 2592 1029 2620 In.

284 2622 340 2660 (67)
363 2623 395 2650 Et
410 2625 510 2660 invidia
525 2633 627 2652 carens.
649 2625 682 2652 Et
698 2626 745 2660 qui
760 2631 802 2653 est
819 2626 962 2653 abundans
986 2628 1030 2654 62.

247 2657 328 2692 Atqui
345 2666 397 2685 vox
413 2659 528 2693 ἄφθονος
542 2660 623 2687 liabet
638 2657 748 2695 quidém
760 2661 831 2688 hanc
854 2661 1032 2695 signiﬁcatio~

248 2700 326 2732 pem;
345 2700 532 2732 vernilitamen
549 2696 659 2732 propria
690 2696 749 2730 ejus
778 2696 854 2723 notio
876 2696 920 2732 bic
945 2698 1032 2732 magis

249 2727 339 2765 locum
354 2729 445 2762 habet,
470 2727 558 2764 caque
580 2727 717 2758 reddenda
736 2731 828 2765 potius
839 2731 945 2758 videtur
959 2727 1032 2759 Ini-i-

249 2763 295 2822 d}:
306 2771 409 2822 claram,
423 2763 668 2798 qualischaracter
683 2763 797 2800 pauperi
817 2766 919 2801 optime
933 2775 1031 2795 convc-

249 2804 273 2822 ΙΙΙ
289 2817 296 2822 .
323 2805 349 2822 D.

246 2801 296 2823 mt.
313 2801 349 2825 lo.

284 2832 341 2872 (ὃὸ)
364 2833 601 2872 Deprajdationem.
631 2837 852 2872 Dislractioncm,
878 2837 966 2871 qualis
996 2846 1028 2865 ex

249 2867 435 2895 mendicorum
450 2869 655 2903 importunitate
667 2871 764 2898 oritur.
780 2871 816 2898 In.

1088 2282 1175 2307 ποιεῖν
1189 2280 1328 2306 ἀνελαύνει
1343 2279 1408 2315 (74).
1419 2279 1536 2315 ιἙπειδὴ
1546 2280 1561 2305 ὁ
1576 2279 1716 2314 θησαυρὸς
1730 2279 1777 2305 τοῦ
1788 2277 1872 2305 διαϐό-

1088 2327 1135 2353 λου
1150 2326 1205 2362 (75)
1230 2326 1269 2352 ίοῦ
1281 2325 1399 2361 πονηροῦ
1417 2325 1594 2360 πεπλήρωται
1607 2325 1778 2360 πνεύματος,

1121 2374 1157 2398 B'.
1168 2382 1177 2398 ε
1198 2372 1291 2398 Ἔστιν
1300 2369 1347 2398 οὖν
1357 2371 1430 2407 ψυχὴ
1440 2371 1565 2405 λέγουσα,
1578 2371 1657 2405 φησι,
1668 2371 1701 2397 τὸ
1710 2371 1795 2398 καλὸν
1807 2370 1871 2405 ὑπὲρ

1084 2417 1131 2444 τοῦ
1153 2417 1248 2450 κακοῦ,
1265 2418 1310 2444 καὶ
1323 2417 1353 2443 τὸ
1367 2417 1443 2448 τέλος
1461 2416 1508 2444 τοῦ
1526 2418 1692 2453 πράγματος
1712 2419 1755 2449 εἰς
1777 2417 1870 2444 κακίαν

1120 2487 1174 2522 (69)
1198 2486 1288 2522 Τέλεμ
1302 2485 1405 2522 Τούτου
1418 2486 1500 2522 habet
1517 2485 1606 2513 Oxon.
1621 2485 1661 2513 In.

1132 2522 1175 2549 70)
1194 2521 1307 2549 Αὐτῶν.
1321 2521 1417 2548 Αὑτοῦ.
1431 2521 1470 2549 ID.

1132 2522 1165 2548 70
1194 2522 1307 2549 Αὐτῶν.
1321 2522 1417 2548 Αὑτοῦ.
1431 2522 1470 2549 ID.

1118 2522 1127 2590 ί
1130 2523 1175 2593 71)
1193 2556 1274 2593 Meto
1288 2555 1347 2593 τῷν
1356 2556 1489 2593 πατέρων
1499 2557 1602 2585 αὐτοῦ.
1609 2557 1666 2583 Kal
1677 2557 1781 2592 ἔθαψαν
1791 2555 1866 2583 αὐτὸν

1083 2593 1150 2623 ἐκεῖ,
1165 2591 1276 2619 omissis
1289 2591 1402 2619 ultimis.
1422 2592 1460 2619 In.

1118 2627 1174 2662 (72)
1195 2627 1280 2653 Anno.
1294 2627 1425 2654 Addenda
1439 2635 1491 2654 vox
1509 2632 1594 2660 sexto,
1609 2628 1632 2655 si
1647 2627 1775 2655 Graecum
1789 2626 1861 2654 codi-

1082 2670 1141 2689 cem
1155 2666 1211 2689 tam
1224 2662 1312 2698 Oxon.
1335 2670 1417 2698 quam
1430 2662 1544 2698 Cantab.
1563 2663 1643 2698 sequi
1658 2663 1775 2690 velimus
1785 2668 1862 2698 ;_quz

1083 2702 1173 2724 tamen
1188 2698 1264 2724 deest
1278 2696 1304 2723 in
1319 2705 1371 2724 ms.
1387 2696 1778 2731 Graec.,ColI.,Trin.,Cantab.
1792 2696 1827 2723 In.

1117 2732 1172 2767 (75)
1196 2733 1247 2758 Ἓν
1262 2731 1418 2759 κατέναντι
1433 2732 1485 2759 τοῦ
1497 2732 1573 2765 ἑνός.
1590 2732 1706 2760 Desunt.
1723 2732 1759 2759 In.

1117 2766 1308 2802 (75‘)Uncinis
1321 2767 1423 2794 inclusa
1439 2768 1576 2794 desuntin
1592 2767 1699 2795 Graeco.
1716 2767 1764 2794 En.
1778 2766 1858 2793 Pan.

1116 2802 1173 2843 (μ)
1191 2803 1291 2843 ιςακὸν
1306 2802 1401 2829 ποιεῖν
1422 2802 1591 2830 ἀνελαύνει.
1614 2803 1663 2834 Εἰς
1689 2802 1860 2837 κακοποὲησιν

1082 2837 1197 2864 ἐλαύνει.
1213 2837 1251 2864 In.

1117 2872 1172 2908 (75)
1196 2873 1249 2899 Τοῦ
1263 2872 1411 2900 διαϐάλοι).
1426 2872 1592 2899 Διαῆουλίου.
1611 2871 1650 2901 In.
