1913 3102
33 121 88 148 1121

622 115 882 144 TESTAMENTUM
900 115 1001 142 ASER.

1585 119 1657 147 “22

32 180 96 213 ᾶγει.
112 177 205 204 Ἔστιν
220 176 367 213 ἄνθρωπος
382 175 437 212 (76)
450 196 457 208 ,
470 176 543 207 ὅστις
561 175 609 202 οὐκ
623 175 750 211 οἰκτείρει
760 175 805 201 λειη

867 172 914 207 qui
927 179 981 199 non
995 171 1139 199 miseretur
1153 171 1335 200 ministrantis
1343 172 1367 199 ei
1381 173 1408 199 in
1426 173 1544 208 malum;
1560 178 1588 201 et
1602 174 1657 204 hoc

30 222 185 261 τουργοῧντα
195 223 276 258 αὐτῷ
288 224 317 250 ὲν
330 223 408 259 κακῷ
417 231 424 238 ·
438 222 484 249 καί
495 230 527 256 γε
540 221 619 248 τοῦτο
630 221 811 256 διπρόσωπον,

30 270 89 297 ἀλλὰ
97 269 126 296 τδ
142 269 204 295 ὅλον
223 268 344 304 πονηρόν
355 269 424 295 ἐστι.
441 267 498 295 Καὶ
511 267 584 294 ἐστιν
596 267 738 303 ἅνθρωπος
749 267 814 301 ἁγα-

31 315 80 341 πῶν
89 314 132 340 τὸν
147 311 371 350 πονηρευᾶμενον
381 334 388 345 ,
402 312 532 344 ὡσαύτως
546 313 620 339 ἐστὶν
634 313 663 338 ὲν
677 321 744 348 πονη
750 312 794 347 ρία
803 320 809 326 ·

30 362 63 388 ὁτι
78 361 121 388 καὶ
143 359 293 387 ἀποθανεῖν
315 360 433 396 αἱρεῖται
450 360 478 386 ὲν
497 359 574 394 κακῷ
598 359 631 385 δι’
641 358 732 385 αὐτόν.
757 358 813 384 Καὶ

30 407 82 442 περὶ
93 406 190 432 τούτου
202 406 332 442 φανερὸν,
344 406 385 432 ὅτι
394 405 567 442 διπρόσωπόν
579 405 636 431 ἐστι
644 413 650 419 ·
665 405 696 431 τὸ
706 404 735 431 δὲ
745 405 810 436 πᾶν,

30 451 91 487 κακὴ
111 450 221 487 πρᾶξις.
251 451 306 478 Καί
331 459 363 485 γε
379 450 472 486 ἀγάπη
496 448 574 481 οὖσα,
601 450 719 485 πονηρία
741 449 810 481 ἐστὶ,

30 505 233 532 συγκροπτουσα
251 497 281 524 τὺ
295 497 394 524 κακόν·
409 497 503 533 ὥσπερ
525 496 585 523 ὲστὶ
596 496 635 531 τῷ
647 495 759 531 ὀνόματι
773 495 812 527 ὡς

30 542 101 578 καλῷ,
116 542 146 569 τὺ
160 542 190 569 δὲ
203 543 282 575 τέλος
297 543 347 578 τῆς
368 542 494 578 πράξεως
510 542 620 578 ἔρχεται
647 543 687 574 είς
714 541 808 569 κακόν.

31 590 113 621 Ἄλλος
137 589 266 622 κλὲτιτει,
291 590 390 624 ἀδικεῖ,
418 589 550 626 ἁρπάζει,
577 590 746 622 πλεονεκτεῖ,
763 590 810 616 καὶ

29 638 86 663 ἐλεεῖ
95 637 155 669 τοὺς
169 637 309 672 πτωχούς·
323 637 495 673 διπρόσωπον
510 637 559 671 μὲν
571 636 716 667 καὶτοῦτο,
733 636 764 663 τὸ
780 636 809 664 δὲ

27 683 76 709 ὅλον
87 683 202 719 πονηρόν
214 684 298 710 ἐστιν.
315 683 343 710 ⁸0
355 683 522 710 πλεονεκτῶν
531 682 576 709 τὸν
603 682 716 718 πλησίον
738 691 810 718 παρ-

28 729 115 764 οργίζει
132 729 178 756 τὸν
202 729 283 761 Θεὸν,
311 730 358 756 καὶ
384 729 430 756 τὸν
453 729 586 764 ’Ὕψιστον
603 728 809 764 ἐπιορκεῐ,και

28 775 65 802 τὸν
76 776 180 811 πτωχὸν
197 775 271 802 ἐλεεῖ
280 784 286 791 ·
298 776 344 802 τὸν
357 775 464 802 ὲντολέα
476 775 523 801 τοῦ
535 775 618 810 νόμου
630 774 734 810 Κυρίου
751 773 810 800 ἀθε-

28 825 61 850 τεῖ
71 822 113 849 καὶ
128 822 289 858 παροξύνει,
301 822 399 849 καὶτὸν
413 821 517 857 πένητα
531 820 666 848 ἀναπαύει
680 820 746 856 (77)·
758 820 808 856 τὴν

27 867 103 903 ψυχὴν
124 867 226 899 σπιλοϊ,
253 868 300 895 καὶ
313 867 356 901 ,τὸ
392 867 471 902 σῶμα
498 866 671 903 λαμπρύνει·
690 866 809 898 πολλοὺς

29 914 129 949 ἀναιρεῖ,
153 914 201 940 καὶ
226 913 334 948 ὀλίγους
358 913 442 940 ἐλεεῖ·
468 913 516 939 καὶ
535 912 616 939 τοῦτο
633 912 808 949 διπρόσωπον

27 960 83 986 ἐπι.
98 960 194 992 ’Δλλος
210 960 352 996 μοιχεύει,
368 959 494 995 πορνεύει
507 979 514 992 ,
529 960 577 986 καὶ
597 959 731 994 ἀπέχεται
749 959 807 985 £6:—

28 1006 134 1041 σμάτωψ
147 1007 196 1033 καὶ
216 1006 356 1042 νηστεύων
366 1006 508 1033 κακοποιεῖ
519 1026 526 1038 ,
539 1006 587 1033 καὶ
597 1007 631 1041 τῇ
645 1005 788 1041 δυναστεία
798 1026 806 1038 ,

28 1054 58 1088 τῷ
68 1053 169 1090 πλούτῳ
182 1054 252 1090 (78),
265 1054 379 1086 πολλοὺς
391 1053 556 1090 παρασύρει,
564 1054 611 1080 καὶ
623 1054 655 1080 ὲκ
666 1053 715 1089 τῆς
728 1053 808 1089 ὑπερ-

28 1099 95 1133 όγκου
123 1100 225 1132 κακίας
249 1101 320 1127 ποιεῖ
350 1099 468 1132 ἐντολάς.
495 1100 550 1127 Καὶ
574 1098 654 1126 τοῦτο
675 1099 808 1135 διπρόσω-

29 1144 68 1171 τυὸν
77 1146 143 1178 ἐστι,
155 1146 187 1172 τὸ
200 1145 229 1172 δὲ
242 1145 303 1173 ὅλον
315 1146 399 1172 κακόν
411 1146 478 1172 ἐστι.
499 1146 530 1172 Οί
541 1146 656 1172 τοιοῦτοι
668 1146 736 1172 ὅσιοί
750 1145 806 1181 (79)

32 1191 75 1216 εἱσι
86 1191 235 1224 δασύποδες
245 1191 312 1227 (80),
319 1192 360 1218 ὄτι
368 1191 397 1225 ἐξ
407 1191 534 1227 ἡμισείας
546 1192 599 1219 είσὶ
606 1191 730 1227 καθαροὶ,
743 1191 808 1218 τὸδὲ

29 1237 115 1272 ἀληθὲς
129 1238 281 1275 ἀκάθαρτοι
294 1239 357 1264 εἱσι.
375 1238 430 1265 Καὶ
442 1237 496 1273 γὰρ
508 1237 574 1270 Θεὸς
599 1238 627 1264 ὲν
640 1239 700 1269 ταῖς
726 1236 808 1269 πλαξὶ

28 1281 72 1308 τῶν
83 1283 202 1319 οὐρανῶν
223 1281 301 1310 εἶπεν
312 1282 408 1315 οὕτως.

57 1329 90 1355 Γ’.
109 1338 118 1355 ι
139 1329 235 1365 Ὑμεῖς
248 1327 305 1362 οὖν,
322 1329 406 1356 τέκνα
420 1338 469 1365 μου
479 1349 487 1362 ,
507 1329 544 1365 μὴ
560 1328 667 1363 γίνεσθε
684 1329 744 1355 κατ’
755 1328 806 1355 αὑ-

28 1374 80 1406 τοὺς
91 1374 275 1411 διπρόσωποι,
293 1374 461 1410 ἀγαθότητος
485 1375 531 1401 καὶ
556 1375 672 1406 κακίας·
694 1374 762 1401 ἀλλὰ
773 1375 807 1410 τῇ

30 1419 160 1457 ἀγαθάτητι
178 1421 250 1459 μόνῃ
262 1421 421 1457 κολλήθητε,
435 1421 475 1447 ὅτι
486 1421 500 1447 ὁ
511 1420 577 1452 Θεὸς
588 1420 757 1447 ἀναπαύεται
767 1421 807 1452 είς

30 1464 110 1500 αὐτὴν,
124 1466 169 1492 καὶ
188 1467 213 1492 οἱ
226 1465 365 1501 ἂνθρωποι
380 1464 507 1493 ποθοῦσιν
528 1466 628 1501 αὐτήν·
647 1465 697 1501 τὴν
709 1465 737 1492 δὲ
756 1474 806 1492 κα-

864 218 1002 253 duplicem
1017 217 1114 245 faciem
1128 217 1220 251 habet,
1238 217 1285 244 sed
1301 222 1388 244 totum
1402 218 1589 253 perniciosum
1600 225 1653 248 est.

865 263 898 291 Et
922 268 967 291 est
984 264 1068 291 homo
1082 264 1198 299 diligens
1211 264 1414 299 malignantem,
1434 265 1558 293 similiter
1568 271 1610 294 est
1626 267 1654 295 in

864 309 984 343 malitia;
1004 309 1135 345 quoniam
1151 313 1177 336 et
1191 309 1261 336 mori
1272 309 1410 336 desiderat
1421 310 1447 336 in
1460 311 1531 338 malo
1543 316 1655 346 propter

864 356 966 391 ipsum.
983 355 1018 383 Et
1031 355 1065 383 de
1075 356 1129 383 hoc
1144 355 1334 389 manifestum,
1347 356 1422 391 quod
1435 356 1554 391 duplicis
1573 357 1654 386 faciei

863 405 921 434 est;
934 405 1021 429 totum
1030 408 1105 434 vero,
1113 401 1202 428 malus
1213 405 1290 428 actus
1301 405 1353 429 est.
1368 402 1402 429 Et
1414 409 1492 429 amor
1507 401 1652 436 exsistens.

864 448 969 475 malitia
984 451 1037 481 est,
1057 447 1232 475 abscondens
1255 447 1373 481 malum;
1401 448 1474 475 sicut
1487 453 1529 476 est
1543 449 1654 478 nomine

862 493 943 529 quasi
957 493 1043 526 bono,
1060 493 1124 522 tinis
1136 500 1203 521 vero
1225 499 1303 522 actus
1317 494 1392 521 venit
1404 494 1431 521 in
1445 495 1558 522 malum.
1575 495 1654 524 Alius

863 540 981 574 furatur,
996 540 1098 575 injuste
1109 540 1176 575 agit,
1190 539 1379 574 rapit,avarus
1395 540 1514 574 exsistit,
1529 545 1556 568 et
1569 541 1655 568 mise-

862 589 938 612 retur
952 592 1123 620 pauperum;
1140 585 1278 620 duplicem
1293 584 1403 620 quidem
1419 584 1518 613 faciem
1534 586 1617 614 habet
1626 590 1653 614 et

863 631 925 664 hoc,
936 634 1024 658 totum
1036 637 1101 658 vero
1111 630 1301 665 perniciosum
1312 634 1364 658 est.
1373 629 1425 663 Qui
1436 630 1580 659 defraudat
1588 640 1652 667 pro-

863 676 917 703 xim
922 684 978 709 um,
993 676 1026 703 ad
1037 675 1209 703 iracundiam
1223 681 1354 711 provocat
1360 676 1456 710 Deum,
1463 681 1490 705 et
1496 685 1543 712 per
1549 678 1655 706 Altissi-

862 730 938 750 mum
948 722 1020 750 falso
1035 722 1152 757 deierat,
1165 726 1193 750 et
1217 722 1346 758 pauperis
1368 723 1533 756 miseretur;
1550 732 1653 759 praece-

861 773 967 804 ptorem
987 769 1040 804 legi
1060 768 1171 797 Domini
1195 769 1302 803 spernit
1323 774 1351 798 et
1372 770 1528 803 exacerbat,
1544 775 1572 798 et
1584 778 1653 806 pau-

861 823 952 850 perem
964 815 1139 850 requiescere
1154 814 1235 848 facit;
1252 815 1373 842 animam
1389 816 1528 850 inquinat,
1548 821 1576 844 et
1590 825 1652 845 cor-

859 869 912 896 pus
930 861 1104 896 splendidum
1120 862 1226 895 reddit;
1252 862 1357 889 multos
1374 862 1485 896 occidit,
1503 868 1531 890 et
1548 870 1652 897 pauco-

859 914 920 934 rum
933 908 1098 940 miseretur;
1120 911 1148 935 et
1170 907 1223 935 hoc
1237 907 1349 942 quidem
1365 907 1483 942 duplicis
1498 907 1581 936 faciei
1594 913 1649 936 est.

857 953 936 981 Alius
952 953 1132 985 adulteratur.
1148 958 1176 980 et
1187 952 1350 986 fornicatur,
1361 957 1389 980 et
1402 953 1520 981 abstinet
1533 961 1548 981 a
1559 953 1647 987 cibis;

857 1002 885 1025 et
893 998 1024 1033 jejunans
1035 997 1184 1032 malefacit,
1199 1002 1226 1025 et
1241 997 1363 1033 potentia
1378 1002 1406 1025 et
1428 997 1533 1026 divitiis
1547 999 1649 1026 multos

858 1044 959 1072 misere
973 1049 1064 1078 vexat,
1083 1049 1111 1072 et
1123 1052 1156 1072 ex
1172 1043 1278 1071 tumida
1295 1044 1400 1070 malitia
1417 1043 1483 1071 facit
1507 1045 1646 1073 mandata.

859 1091 892 1118 Et
911 1090 964 1118 hoc
978 1091 1096 1126 duplicis
1115 1091 1194 1119 faciei
1212 1095 1265 1123 cst,
1273 1095 1359 1118 totum
1371 1094 1463 1118 autem
1478 1091 1579 1118 malum
1594 1097 1644 1120 est.

858 1136 940 1165 Tales
955 1141 986 1164 ut
1006 1145 1069 1166 sues
1084 1142 1149 1165 sunt
1164 1142 1191 1165 et
1214 1137 1330 1172 lepores,
1352 1137 1417 1172 quia
1439 1145 1474 1164 ex
1503 1138 1647 1166 medietate

858 1189 923 1211 sunt
936 1183 1042 1217 mundi,
1058 1191 1154 1211 revera
1169 1187 1259 1212 autem
1284 1187 1350 1212 sunt
1366 1184 1511 1212 immundi.
1538 1184 1646 1212 Etenim

858 1229 931 1257 Deus
943 1229 971 1257 in
988 1229 1090 1257 tabulis
1106 1229 1240 1258 caelorum
1254 1229 1324 1258 dixit
1342 1229 1392 1257 ita.

893 1329 938 1357 lll.
961 1339 971 1356 ι
990 1330 1046 1358 Vos
1058 1330 1152 1366 igitur,
1176 1330 1225 1358 ﬁlii
1238 1329 1303 1363 mei,
1323 1338 1357 1358 ne
1369 1329 1527 1358 efficiamini
1544 1338 1645 1358 secun—

857 1375 923 1403 dum
940 1376 1014 1410 ipsos
1030 1375 1167 1410 duplicem
1182 1375 1316 1403 habentes
1339 1375 1437 1403 faciem
1449 1396 1457 1408 ,
1476 1375 1606 1403 bonitatis
1619 1381 1647 1402 et

858 1420 983 1453 malitiae;
1000 1420 1047 1448 sed
1066 1420 1183 1448 bonitati
1199 1419 1252 1448 soli
1266 1419 1414 1454 adhaerete,
1430 1420 1560 1455 quoniam
1575 1419 1647 1448 Deus

858 1466 1007 1500 requiescit
1019 1466 1047 1493 in
1062 1466 1133 1501 ipsa,
1143 1470 1170 1493 et
1181 1466 1307 1494 homines
1322 1466 1480 1493 desiderant
1493 1473 1552 1493 eam
1565 1474 1572 1498 ;
1587 1473 1645 1492 ma-

32 1510 82 1537 κίαν
97 1511 266 1548 ἁποδράσατε
287 1511 360 1547 (81),
378 1511 553 1548 ἀναιροῦντες
575 1511 621 1538 τὸν
633 1511 755 1538 διάϐολον
777 1512 805 1538 ὲν

863 1511 951 1539 litium
966 1516 1058 1540 autem
1071 1512 1167 1548 fugite,
1186 1513 1343 1541 occidentes
1363 1513 1503 1541 diabolum
1517 1513 1545 1540 in
1564 1513 1647 1540 bonis

31 1558 78 1588 ταῖς
87 1557 198 1591 ἀγαθαῖς
222 1558 300 1594 ὑμῶν
317 1557 464 1593 πράξεσιν-
488 1558 529 1584 ὅτι
549 1558 573 1584 οἱ
591 1557 760 1593 διπρόσωποι
773 1558 803 1585 οὐ

31 1601 88 1636 Θεῷ,
100 1602 163 1629 ἀλλὰ
183 1605 246 1635 ταῖς
266 1603 424 1639 ἐπιθυμίαις
448 1602 539 1629 αὐτῶν
558 1603 738 1635 δουλεύουσιν,
762 1604 805 1630 ἵνα

31 1646 63 1681 τῷ
80 1648 172 1685 Βελιὰρ
190 1649 328 1685 ἁρέσωσι,
346 1649 461 1681 καὶτοῖς
475 1649 578 1685 ὁμοίοις
596 1649 685 1676 αὐτῶν
698 1648 804 1685 ἀνθρώ-

34 1700 91 1724 ποις.

59 1738 94 1764 Δ¹.
111 1748 119 1764 ι
139 1739 169 1766 Οἱ
182 1739 238 1776 γὰρ
250 1740 347 1774 ἀγαθοὶ
359 1739 507 1776 ἄνθρωποι,
520 1740 567 1766 καὶ
580 1739 785 1775 μονοπρόσωποι
795 1761 802 1772 ,

34 1783 75 1809 κᾶν
92 1786 235 1820 νομισθῶσι
251 1786 327 1822 παρὰ
345 1785 400 1812 τῶν
421 1785 600 1821 διπροσώπων
619 1785 802 1821 ἁμαρτάνειν,

31 1827 114 1857 δίκαιοί
142 1832 193 1859 είσι
215 1831 292 1868 παρὰ
312 1831 351 1866 τῷ
364 1831 433 1866 Θεῷ.
454 1831 550 1858 Πολλοὶ
562 1831 616 1867 γὰρ
629 1831 803 1866 ἀναιροῦντες

35 1879 160 1913 πονηροὺς,
173 1879 220 1906 δύο
233 1879 353 1906 ποιοῦσιν
375 1878 454 1914 ἔργα,
475 1877 559 1904 κακὸν
576 1877 621 1904 διὰ
638 1878 721 1905 καλοῦ
735 1878 801 1915 (82),

33 1920 80 1948 ὅλον
89 1923 114 1949 δέ
125 1924 181 1951 ἐστι
193 1924 285 1951 καλὸν·
297 1924 338 1951 ὅτι
350 1924 380 1950 τὸ
392 1923 476 1950 κακὸν
485 1921 638 1959 ὲκριζὼσας
650 1922 801 1950 ἀπώλεσεν.

34 1967 101 1995 Ἔστι
111 1979 150 2002 τις
171 1971 259 2006 μισῶν
274 1971 319 1997 τὸν
330 1970 481 2005 ἐλεήμονα,
500 1969 547 1996 καὶ
566 1969 666 1996 ἀδικῶν
685 1968 740 2005 (85)
757 1969 805 1997 τὸνΙ

35 2014 112 2049 μοιχὸν
123 2017 167 2043 καὶ
182 2016 347 2053 λῃστεύοντα
362 2016 427 2052 (84)·
441 2015 488 2042 καὶ
506 2014 572 2041 αὐτό
588 2016 645 2041 ἐστι
666 2015 802 2051 διπρόσω-

35 2066 89 2086 πον·
102 2061 165 2089 ἀλλὰ
181 2064 211 2090 τὸ
224 2064 277 2090 πᾶν
298 2063 377 2098 ἔργον
394 2061 495 2096 ἀγαθόν
513 2061 587 2088 ἐστιν
598 2081 606 2094 ,
625 2061 665 2087 ὅτι
679 2062 802 2097 μιμεῖται

35 2104 129 2141 Κύριον,
145 2109 181 2145 μὴ
193 2108 407 2145 προσδεχόμενος
420 2107 451 2134 τὸ
461 2107 556 2134 δοκοῦν
573 2107 655 2134 καλὸν
674 2107 742 2143 μετὰ
754 2107 801 2134 τοῦ

35 2150 142 2186 ἀληθινοῦ
155 2155 252 2183 κακοῦ.
278 2155 390 2190 ’Έτερος
415 2153 446 2180 οὑ
470 2153 541 2180 θέλει
564 2152 669 2188 ἀγαθὴν
694 2152 801 2189 ἡμέραν

859 1557 956 1585 vestris
968 1558 1092 1592 actibus;
1120 1558 1253 1593 quoniam
1277 1558 1324 1594 qui
1337 1559 1454 1594 duplicis
1471 1559 1549 1587 faciei
1569 1565 1646 1592 sunt,

858 1611 913 1630 non
928 1603 995 1637 Deo,
1011 1604 1060 1631 sed
1074 1605 1306 1639 concupiscentiis
1325 1605 1383 1633 suis
1405 1606 1540 1639 serviunt,
1555 1609 1586 1633 ut
1597 1605 1647 1632 Be-

858 1649 911 1677 liar
921 1649 1059 1685 placeant,
1074 1654 1101 1677 et
1112 1650 1249 1679 similibus
1268 1650 1321 1678 sibi
1335 1651 1504 1679 hominibus.

894 1738 940 1767 ιν.
959 1749 969 1766 ι
988 1740 1055 1767 Boni
1072 1741 1145 1767 enim
1159 1741 1232 1775 viri,
1249 1746 1276 1768 et
1291 1742 1337 1776 qui
1351 1746 1416 1769 sunt
1446 1742 1529 1770 unius
1549 1742 1644 1776 faciei,

857 1785 909 1813 etsi
925 1785 1117 1813 existimentur
1143 1787 1178 1814 ab
1198 1788 1238 1814 eis
1250 1788 1297 1822 qui
1315 1788 1432 1822 duplicis
1458 1787 1538 1815 faciei
1560 1794 1643 1822 sunt,

856 1838 982 1866 peccare,
995 1831 1062 1866 justi
1081 1836 1146 1859 sunt
1173 1833 1244 1868 apud
1266 1832 1364 1861 Deum.
1388 1833 1465 1861 Multi
1483 1834 1556 1861 enim
1569 1835 1642 1862 occi-

856 1877 952 1904 dentes
966 1878 1147 1912 perniciosos,
1161 1879 1216 1906 duo
1229 1877 1335 1906 faciunt
1346 1887 1444 1914 opera,
1461 1880 1563 1907 malum
1577 1888 1644 1915 pro-

856 1926 917 1956 pter
927 1921 1042 1955 bonum,
1066 1927 1154 1950 totum
1179 1930 1244 1950 vero
1254 1927 1297 1951 est
1317 1923 1439 1957 bonum;
1452 1924 1582 1959 quoniam
1595 1926 1642 1959 qui

856 1967 960 1995 malum
975 1968 1126 1996 eradicavit
1137 1989 1144 2001 ,
1155 1969 1274 2003 perdidit
1289 1969 1365 1996 illud.
1393 1969 1441 1997 Est
1462 1970 1573 2005 aliquis,
1595 1973 1642 2005 qui

855 2013 914 2041 odit
928 2013 1134 2042 misericordem
1147 2035 1155 2047 ,
1171 2019 1199 2042 et
1214 2015 1316 2050 injuria
1337 2015 1423 2043 afﬁcit
1437 2016 1593 2044 adulterum
1616 2022 1644 2044 et

855 2059 1010 2093 latronem;
1038 2064 1065 2087 et
1090 2060 1143 2088 hoc
1168 2065 1210 2089 est
1231 2061 1349 2095 duplicis
1369 2061 1468 2095 faciei;
1486 2062 1533 2090 sed
1555 2067 1641 2090 totum

856 2112 926 2140 opus
937 2105 1040 2132 bonum
1056 2109 1108 2138 est,
1123 2105 1187 2140 quia
1211 2106 1335 2133 imitatur
1349 2106 1511 2140 Dominum,
1527 2115 1582 2135 non
1596 2116 1643 2136 ac-

855 2151 960 2186 cipiens
979 2150 1053 2186 quod
1072 2151 1181 2179 videtur
1192 2152 1297 2180 bonum
1318 2160 1381 2180 cum
1396 2161 1461 2180 vero
1481 2154 1564 2181 malo.
1592 2155 1635 2182 Al-

37 2196 88 2225 ἰδείν
101 2201 165 2235 μετὰ
181 2201 305 2233 ἀσώτων,
317 2201 361 2226 ἴνα
381 2199 418 2236 μὴ
432 2200 520 2236 χράνῐι
530 2200 559 2226 τὸ
571 2200 658 2235 στόμα
677 2198 745 2235 (85)’
756 2199 804 2226 καὶ

859 2201 897 2225 ter
920 2205 975 2224 non
992 2197 1052 2224 vult
1065 2197 1136 2225 diem
1156 2197 1258 2225 bonum
1275 2199 1368 2226 videre
1391 2207 1453 2226 cum
1479 2200 1639 2232 luxuriosis.

37 2243 122 2281 μολύνῃ
139 2247 187 2282 τὴν
209 2247 298 2282 ψυχήν
309 2255 315 2261 ·
330 2245 377 2272 καί
391 2254 422 2280 γε
434 2245 512 2271 τοῦτο
522 2244 694 2281 διπρόσωπον
718 2245 801 2277 ἐστιν,

35 2287 83 2315 ὅλον
96 2291 122 2317 δὲ
137 2292 217 2319 καλόν
230 2293 303 2318 ἐστιν
314 2312 321 2325 ,
337 2291 379 2318 ὅτι
396 2292 421 2317 οί
437 2290 552 2317 τοιοῦτοι
563 2291 670 2326 δόρκοις
682 2291 729 2318 καὶ
742 2290 803 2317 ἐλά-

35 2341 83 2367 φοις
97 2336 178 2372 ὅμοιοί
202 2339 271 2365 εἰσιν
284 2357 291 2370 ,
314 2338 354 2364 ὅτι
381 2337 410 2363 ἐν
428 2336 489 2373 ἤθει
500 2336 588 2372 ἀγρίῳ
600 2336 723 2364 δοκοῦσιν
735 2336 804 2364 ἀκά-

37 2378 114 2416 θαρτοι
131 2381 207 2411 εἶναι·
229 2384 260 2410 τὸ
288 2383 316 2410 δὲ
339 2383 393 2410 πᾶν
409 2382 525 2418 καθαροί
538 2382 618 2415 εἰσιν,
636 2382 676 2409 ὅτι
687 2383 717 2409 ὲν
729 2379 803 2418 ζήλῳ

65 2456 113 2493 (76)
132 2459 232 2487 Ἔστιν
258 2459 430 2494 ἄνθρωπος.
441 2478 449 2486 .
462 2477 469 2486 .
482 2477 490 2485 .
515 2458 673 2486 ἀναπαύει.
699 2457 800 2486 Omnia

37 2496 133 2521 omissa.
149 2495 232 2522 GBAB.

76 2526 114 2561 Ti)
129 2529 179 2557 Τὸν
190 2529 360 2558 Malean"
372 2529 528 2556 ἀναπαύει.
544 2528 657 2557 Desunt.
673 2527 711 2556 lo.

77 2561 116 2631 ⁷8)
129 2565 168 2597 Τῷ
180 2566 309 2596 πλούτῳ.
323 2564 376 2592 Τοῦ
390 2564 516 2591 πλούτου.
531 2563 569 2591 lo.

77 2596 105 2624 79
127 2599 230 2628 Ὅσιοι.
241 2602 378 2631 Interpres
387 2599 452 2631 legit
465 2599 502 2631 ὡς
516 2599 569 2630 σύες

66 2596 115 2635 (Ζῼ)
127 2596 230 2628 Ὅσιοι.
241 2602 378 2635 Interpres
387 2599 452 2635 legit
465 2599 502 2631 ὡς
516 2599 587 2631 σύες.
602 2598 640 2626 In.

68 2631 116 2668 (80)
129 2635 306 2668 Δασύποδες.
316 2631 402 2662 'Hanc
412 2631 505 2662 vocem
518 2640 613 2662 auctor
628 2642 642 2661 a
655 2633 738 2661 LXX.
752 2634 799 2662 ln-

40 2669 182 2704 terpretibus
203 2675 345 2698 mutuatus
358 2675 410 2702 est,
436 2670 483 2704 qui
501 2677 561 2697 eam
580 2669 666 2696 Levit.
685 2677 728 2702 χι,
745 2669 800 2697 ﬁet

42 2700 104 2741 lleut.
118 2712 170 2741 xiv,
185 2706 210 2739 7,
225 2700 408 2741 usurparunt;
422 2700 477 2741 illic
488 2712 540 2741 pro
547 2704 678 2741 cuniculo,
693 2700 738 2732 hic
747 2713 799 2740 pro

42 2736 121 2770 lepore.
132 2736 281 2777 Utrumque
292 2736 382 2768 autem
395 2736 499 2777 animai
508 2739 641 2777 mundum
654 2747 688 2766 ex
703 2736 779 2774 parte
789 2760 797 2772 ,

42 2778 67 2810 (ξι
78 2779 144 2806 Parte
155 2774 324 2804 immundum
334 2776 404 2810 apud
416 2774 525 2803 Iudaeos
541 2774 798 2807 habebatur;mun-

42 2806 93 2834 dum
104 2816 230 2843 quatenus
242 2806 399 2838 ruminabat
421 2810 544 2845 quidem,
560 2810 608 2838 sed
622 2806 797 2840 immundum

44 2848 156 2875 quatenus
167 2847 295 2883 ungulam
307 2854 361 2874 non
373 2845 492 2874 ﬁndebat
502 2855 508 2873 :
521 2846 560 2873 uti
572 2849 678 2880 contra,
691 2853 738 2873 sus
748 2853 798 2873 un-

854 2246 885 2270 ιιι
908 2250 963 2270 non
989 2243 1107 2271 maculet
1131 2251 1172 2275 os,
1189 2248 1216 2271 et
1240 2244 1365 2279 inquinet
1387 2246 1526 2278 animam;
1541 2250 1568 2273 et
1589 2246 1641 2274 hoc

854 2290 970 2325 duplicis
984 2289 1064 2318 faciei
1089 2295 1140 2323 est,
1157 2295 1243 2318 totum
1268 2296 1359 2319 autem
1383 2292 1486 2319 bonum
1501 2297 1551 2325 est,
1568 2301 1639 2328 quo-

853 2337 928 2364 niam
937 2336 1005 2364 tales
1016 2337 1150 2371 capreolis
1160 2341 1188 2364 et
1201 2337 1290 2365 cervis
1297 2337 1400 2364 similes
1412 2342 1475 2365 sunt
1488 2347 1495 2370 ;
1509 2339 1638 2372 quoniam

854 2383 881 2410 in
894 2383 1092 2411 consuetudine
1102 2384 1202 2419 agresti
1216 2384 1343 2411 videntur
1366 2383 1500 2410 immundi
1515 2391 1590 2416 esse,
1606 2392 1638 2411 ex

853 2460 945 2502 gulam
959 2460 1069 2496 quidem
1083 2461 1176 2502 findit,
1191 2461 1238 2489 sed
1251 2469 1305 2489 non
1317 2462 1450 2502 ruminat,
1464 2466 1493 2502 _et
1504 2462 1563 2496 ipsa
1577 2469 1642 2502 pro"

853 2496 918 2524 inde
931 2497 1085 2524 tmmunda.
1099 2496 1213 2524 Talibus
1226 2497 1318 2531 itaque
1338 2496 1526 2524 animantibus
1539 2501 1639 2524 mento

853 2531 888 2559 ab
900 2536 1120 2567 auctorernostro
1133 2536 1328 2566 comparantur
1335 2532 1461 2559 homines
1473 2531 1641 2567 ἐξήμισείας

852 2566 977 2602 καθαροί,
995 2566 1021 2593 id
1035 2570 1086 2599 est,
1099 2574 1132 2594 ex
1147 2571 1223 2601 parte
1237 2567 1312 2599 boni,
1328 2571 1355 2595 et
1366 2575 1398 2594 ex
1411 2571 1488 2602 parte
1509 2566 1590 2602 mali,
1612 2567 1640 2593 in

852 2601 953 2636 quibus
964 2602 1079 2629 mistura
1100 2606 1142 2629 est
1155 2602 1286 2629 virtutum
1300 2607 1328 2630 et
1343 2602 1484 2632 vitiorum,
1502 2602 1541 2628 uti
1556 2601 1641 2629 Taci-

852 2641 896 2665 tus
908 2637 1039 2672 loquitur.

888 2671 952 2706 (81)
964 2671 1172 2705 Ἀποδράσατε.
1185 2672 1311 2707 Φεύγετε.
1329 2673 1413 2700 (ἓιιλιι.

888 2707 944 2740 (82)
956 2707 1056 2734 Κακὸν
1074 2707 1126 2734 διὰ
1147 2708 1250 2734 καλοῦ.
1264 2708 1354 2735 Καλδν
1363 2708 1406 2735 διὰ
1417 2708 1512 2735 κακοῦ.
1526 2707 1564 2735 In.

900 2741 946 2770 85)
971 2741 1103 2769 Ἀδικῶν.
1125 2743 1244 2770 Ἀδικον.
1262 2742 1300 2770 In.

900 2778 944 2814 84)
958 2778 1161 2814 Arzanenam-51.
1181 2778 1363 2814 Νηστεύοντα.
1378 2778 1416 2806 lo.

888 2813 945 2848 (85)
958 2813 1066 2847 Στόμα.
1087 2813 1196 2849 Στῶμα.
1210 2813 1251 2842 In.
