1913 3102
260 117 331 145 1125

733 111 966 140 TESTAMENTA
991 110 1038 137 XII
1063 109 1370 139 PATRIARCHARUM.

1816 107 1880 135 ιηι

260 175 317 198 ιοιο
329 173 420 198 autem
431 169 526 197 mundi
546 174 628 202 sunt;
648 169 776 204 quoniam
795 168 823 195 in
842 169 900 196 zelo
915 168 963 196 Dei
981 175 1038 195 am-

1094 167 1161 193 Θεοῦ
1175 168 1344 204 πορεύονται,
1362 166 1524 202 ἀπεχόμενοι
1542 162 1579 193 ὤν
1591 165 1640 193 καὶ
1665 166 1680 191 ὁ
1691 165 1759 196 Θεὸς
1773 164 1818 192 διὰ
1829 165 1881 192 τῶν

260 217 366 249 bulant,
382 217 552 244 abstinentes
568 217 603 244 ab
623 216 666 244 his
681 224 696 243 a
708 215 808 250 quibus
822 215 892 242 Deus
903 222 951 249 per
964 221 1043 241 man—

259 263 324 290 data
361 262 426 290 odio
455 262 558 290 habens
587 261 734 297 prohibet,
770 268 866 288 arcens
895 260 997 288 malum
1027 267 1044 287 a

259 310 344 338 bono.

296 355 329 382 V.
350 365 360 381 ‹
377 355 472 383 Videte
482 355 574 390 igitur,
589 355 647 387 ﬁlii,
665 355 782 390 qualiter
793 355 848 383 duo
859 358 923 382 sunt
938 355 966 381 in
981 361 1043 380 om-

259 403 358 434 nibus,
369 410 454 429 unum
473 407 568 429 contra
586 409 682 433 unum,
697 405 724 429 et
736 409 820 428 unum
836 400 888 429 sub
909 407 964 427 uno
978 399 1043 427 abs—

260 447 399 475 conditur.
427 446 496 474 Vitae
515 454 589 474 mors
612 446 746 477 succedit,
762 445 854 481 gloriae
881 444 1041 480 ignominia,

260 493 313 521 diei
336 501 400 524 nox,
424 496 451 519 et
478 492 532 520 luci
558 493 692 525 tenebrae;
712 492 805 519 omnia
827 498 892 518 vero
916 490 968 518 sub
997 490 1042 518 die

261 544 334 571 sunt,
355 543 382 566 et
397 538 449 565 sub
463 537 517 565 vita
529 538 670 573 quaajusta
685 543 765 571 sunt;
777 542 920 572 propterea
931 540 958 563 et
968 543 1043 563 mor-

260 589 314 612 tem
338 588 436 611 aeterna
449 583 504 610 vita
528 585 715 617 praestolatur;
739 586 766 609 et
784 589 839 609 non
864 581 928 608 licet
951 580 1042 608 dicere

259 630 400 657 veritatem
417 629 601 660 mendacium,
615 635 703 663 neque
727 628 833 662 justum
856 627 988 662 injustum
1001 627 1040 660 ";

260 677 390 712 quoniam
409 675 498 703 omnis
519 675 620 702 veritas
651 675 702 702 sub
723 674 783 702 luce
796 678 839 701 est
855 673 897 707 ";
912 674 1042 709 quemad-

259 723 371 750 modum
397 723 488 750 omnia
515 721 567 749 sub
590 721 655 748 Deo.
674 720 737 748 llaec
759 721 851 748 omnia
874 720 987 754 probavi
1014 721 1042 748 in

258 770 314 796 vita
328 776 397 800 mea,
409 773 501 795 etnon
513 767 602 795 erravi
617 775 632 794 τι
650 767 763 794 veritate
777 766 886 794 Domini
900 775 907 799 ;
923 770 950 794 et
964 774 1042 794 man-

259 815 322 842 data
336 814 469 842 Altissimi
483 813 618 848 exquisivi
632 833 640 846 ,
665 812 816 840 secundum
837 819 945 839 omnem
961 811 1040 839 forti-

1093 213 1205 240 ἐντολῶν
1223 213 1308 248 μισῶν
1331 213 1515 249 ἀπαγορεύει,
1537 213 1678 249 ἀπείργων
1689 212 1722 238 τὸ
1739 211 1826 238 κακὸν
1836 213 1881 239 τοῦ

1093 259 1197 293 ἀγαθοῦ
1216 259 1282 295 (86).

1128 347 1166 373 E'.
1188 357 1197 372 ι
1225 347 1321 382 Ὁρᾶτε
1332 344 1388 378 οὖν,
1401 346 1494 379 τέκνα,
1512 346 1569 378 πῶς
1580 346 1627 372 δύο
1639 347 1708 372 εἰσὶν
1719 346 1749 372 ἐν
1762 346 1842 377 πᾶσι,
1854 346 1880 372 ἓν

1093 392 1238 419 κατέναντι
1253 391 1322 424 ἐνὸς,
1335 393 1383 418 καὶ
1402 391 1431 418 ἓν
1442 392 1495 418 ὑπὸ
1509 391 1555 418 τοῦ
1569 391 1628 423 ἐνὸς
1641 391 1808 426 κέκρυπται.
1828 392 1881 427 Τὴν

1093 437 1165 473 ζωὴν
1179 437 1235 473 (87)
1245 437 1261 463 ὁ
1273 437 1385 469 θάνατος
1397 437 1557 472 διαδέχεται,
1573 437 1624 472 τὴν
1638 437 1717 470 δόξαν
1734 439 1752 473 ἡ
1768 438 1864 472 ἀτιμία
1873 458 1880 468 ,

1092 483 1140 512 τὴν
1162 483 1267 518 ἡμέραν
1288 483 1304 518 ἡ
1324 482 1381 515 νὺξ,
1395 483 1442 509 καὶ
1462 482 1493 509 τὸ
1515 482 1571 517 φῶς
1592 482 1623 508 τὸ
1642 483 1736 514 σκότος
1755 483 1812 517 (88)
1824 492 1830 498 ·
1848 484 1881 509 τὰ

1091 526 1120 553 δὲ
1133 527 1222 553 πάντα
1239 525 1291 553 ὑπὸ
1300 526 1406 562 ἡμέραν
1419 527 1482 558 etot,
1503 526 1550 553 καὶ
1566 526 1619 553 ὑπὸ
1631 527 1704 561 ζωὴν
1721 526 1758 553 τὰ
1769 527 1861 553 δίκαια
1874 537 1879 542 ·

1092 571 1132 598 διὸ
1157 572 1204 598 καὶ
1223 572 1268 599 τὸν
1288 571 1400 599 θάνατον
1426 573 1442 607 ἡ
1467 571 1573 604 αἰώνιος
1591 572 1646 608 ζωὴ
1665 573 1817 608 ἀναμένει·
1835 574 1881 599 καὶ

1092 618 1141 644 οὐκ
1153 617 1226 644 ἔστιν
1238 618 1324 644 εἰπεῖν
1340 617 1387 652 τὴν
1399 617 1526 653 ἀλήθειαν
1537 618 1644 653 ψεῦδος,
1656 618 1717 645 οὐδὲ
1733 618 1766 645 τὸ
1779 619 1880 645 δίκαιον

1091 663 1193 690 ἄδικον·
1205 663 1245 689 ἵγτι
1259 664 1334 690 πᾶσα
1350 663 1461 699 ἀλήθεια
1473 664 1525 690 ὑπὸ
1543 663 1589 690 τοῦ
1601 665 1690 699 φωτός
1708 665 1779 691 ἐστι·
1790 665 1881 696 καθὼς

1091 709 1126 735 τὰ
1147 709 1235 736 πάντα
1255 709 1306 735 ὑπὸ
1330 709 1376 735 τὸν
1394 709 1469 736 Θεόν.
1496 709 1588 736 Ταῦτα
1610 710 1700 737 πάντα
1727 709 1880 745 ὲδοκίμασα

1092 755 1120 780 ἐν
1132 756 1164 790 τῇ
1178 753 1233 790 ζωῇ
1253 763 1316 789 μου,
1338 754 1385 781 καὶ
1397 755 1447 780 οὐκ
1458 753 1611 790 ἐπλανήθην
1623 754 1677 781 ἀπὸ
1687 755 1739 789 τῆς
1752 755 1880 790 ἀληθείας

1092 803 1205 838 Κυρίου,
1229 803 1275 829 καὶ
1298 802 1347 834 τὰς
1368 801 1476 834 ἐντολὰς
1491 802 1539 829 τοῦ
1567 802 1694 837 Ὑψίστου
1716 802 1879 838 ὲξεζὴτησα,

258 860 381 887 tudinem
397 866 488 887 meam
511 858 656 886 ambulans
670 857 821 885 secundum
844 865 927 885 unam
944 857 1038 886 faciem

1093 848 1162 875 κατά
1182 849 1270 874 πᾶσαν
1288 848 1363 883 ἰσχύν
1381 856 1431 883 μου
1451 847 1635 883 πορευόμενος
1654 847 1879 884 μονοπροσώπως

260 907 287 933 in
305 906 417 933 bonum.

297 950 340 977 Vl.
358 960 369 976 ‹
392 950 530 978 Attendite
542 950 625 985 igitur
639 954 666 977 et
681 957 738 983 vos,
758 949 807 976 lilii
822 948 885 980 mei,
905 948 1040 976 mandatis

259 997 383 1028 Domini,
397 996 548 1024 secundum
563 1003 647 1023 unam
663 995 761 1023 faciem
777 999 926 1030 sequentes
939 994 1041 1022 verita-

258 1047 332 1075 tem;
352 1041 482 1077 quoniam
498 1041 545 1076 qui
567 1041 684 1074 duplicis
707 1040 787 1068 faciei
805 1046 879 1072 sunt,
898 1040 1041 1075 dupliciter

258 1087 419 1121 puniuntur.
449 1086 567 1121 Spiritus
582 1086 684 1114 erroris
699 1085 763 1113 odio
776 1086 890 1118 habete,
909 1085 1040 1112 adversus

259 1133 398 1160 hominem
426 1132 630 1160 contendentes.
646 1131 745 1167 Legem
766 1131 873 1159 Domini
889 1131 1038 1162 custodite,

258 1183 286 1206 et
297 1187 331 1206 ne
341 1178 472 1205 attendite
486 1178 569 1210 malo,
592 1183 621 1205 ut
642 1178 733 1210 bono;
749 1179 796 1206 sed
813 1178 841 1205 in
857 1185 919 1206 vere
937 1178 1038 1206 bonum

259 1225 397 1260 respicite,
421 1229 448 1252 et
469 1225 612 1252 observate
626 1224 692 1252 illud
710 1225 736 1251 in
762 1225 889 1252 omnibus
903 1225 1040 1253 mandatis

259 1270 379 1303 Domini,
400 1270 434 1297 ad
447 1278 510 1297 eum
523 1270 634 1302 reversi,
647 1275 675 1297 et
687 1270 714 1297 in
729 1278 762 1298 eo
774 1271 945 1305 quiescentes
956 1272 1040 1306 (quo-

260 1317 335 1343 niam
352 1317 421 1343 tines
445 1316 588 1342 hominum
606 1316 754 1343 ostendunt
770 1316 906 1351 justitiam
919 1318 1037 1352 eorum),

258 1366 455 1397 cognoscentes
478 1362 590 1396 angelos
614 1360 720 1388 Domini
744 1366 772 1389 et
784 1361 901 1390 Satanae.
923 1362 1040 1396 Quando

258 1408 332 1435 enim
360 1408 465 1435 turbata
489 1410 581 1436 anima
605 1410 672 1442 abit,
697 1415 866 1445 torquetura
884 1412 1040 1446 pernicioso

259 1455 367 1488 spiritu,
381 1455 426 1481 cui
448 1461 474 1482 et
487 1455 598 1483 servivit
618 1457 645 1483 in
666 1458 896 1492 concupiscentiis
911 1462 938 1485 et
949 1458 1040 1493 operi-

260 1500 312 1527 bus
323 1500 500 1536 perniciosis}
521 1501 544 1528 si
559 1506 649 1529 autem
661 1502 750 1536 quiete
764 1503 790 1530 in
803 1503 903 1538 gaudio
913 1505 1039 1539 cognovit

259 1545 383 1580 angelum
395 1547 479 1580 pacis,
493 1547 681 1575 consolabitur
693 1555 756 1575 eum
771 1548 798 1575 in
812 1549 878 1576 vita.

294 1655 351 1682 VII.
369 1666 378 1682 ι
394 1655 432 1684 Ne
443 1656 617 1691 efﬁciamini,
630 1659 688 1692 lilii,
708 1664 736 1687 ut
753 1660 871 1688 Sodoma
885 1669 945 1697 qua),
961 1663 1040 1698 igno-

259 1701 330 1728 ravit
348 1702 458 1737 angelos
475 1702 601 1736 Domini,
618 1709 644 1732 et
663 1706 743 1740 periit
756 1715 842 1741 usque
857 1707 883 1734 in
897 1709 1037 1736 saeculum.

258 1745 327 1773 Navi
339 1747 421 1779 enim,
434 1747 506 1782 quod
519 1750 666 1783 peccabitis
679 1771 686 1783 ,
700 1755 726 1778 et
742 1752 886 1779 trademini
901 1753 928 1780 in
941 1762 1038 1782 manus

259 1791 432 1819 inimicorum
445 1798 614 1828 vestrorum;
628 1800 655 1822 et
666 1800 738 1823 terra
751 1802 843 1825 vestra
861 1799 1037 1832 desolabitur,

261 1841 289 1864 et
301 1846 349 1865 vos
361 1838 554 1874 dispergemini
568 1841 595 1867 in
608 1847 725 1876 quatuor
733 1843 848 1878 angulos
858 1849 945 1878 terrm,
954 1846 1039 1873 cteri-

260 1883 294 1910 tis
301 1883 327 1909 in
334 1883 502 1918 dispersione
508 1885 636 1920 despecti,
645 1888 718 1915 velut
727 1896 796 1923 aqua
809 1889 922 1922 inutilis,
937 1899 1038 1926 usque-

260 1935 314 1962 quo
326 1928 484 1956 Altissimus
498 1930 766 1966 visitaveritterram;
779 1938 805 1960 ct
819 1935 876 1969 ipse
883 1936 994 1964 veniens
1009 1941 1039 1964 ut

260 1975 351 2006 homo,
364 1983 425 2002 cum
435 1975 592 2004 hominibus
604 1978 771 2007 manducans
783 1984 807 2007 et
820 1980 916 2009 bibens
927 1982 958 2014 ³⁸,
972 1987 998 2010 et
1010 1983 1037 2010 in

259 2020 366 2048 silentio
376 2026 518 2049 conterens
527 2027 607 2056 caput
617 2023 752 2052 draconis.
763 2024 814 2052 Per
822 2034 920 2061 aquam
929 2028 984 2063 (95)
994 2028 1038 2056 hic

259 2065 377 2093 salvabit
389 2065 472 2093 Israel
486 2071 512 2094 et
525 2074 620 2094 omnes
632 2074 733 2103 gentes,
752 2070 822 2098 Deus
835 2072 862 2099 in
876 2073 963 2101 virum
976 2075 1038 2102 abs-

259 2111 386 2139 conditus
397 2112 429 2138 “.
462 2111 548 2140 Dicite
561 2113 643 2148 igitur
656 2115 713 2142 haec
734 2117 796 2144 liliis
814 2119 922 2151 vestris,
938 2124 966 2147 ut
979 2128 1036 2148 cre-

259 2157 325 2183 dant
337 2156 363 2182 in
375 2164 448 2184 eum.
463 2157 526 2193 Legi
540 2159 613 2186 enim
636 2159 662 2186 in
688 2161 788 2189 tabulis
804 2163 933 2191 caelorum
943 2185 950 2197 ,
963 2166 1036 2200 quod

259 2202 393 2229 increduli
405 2211 459 2230 non
475 2205 592 2232 credetis
605 2206 632 2232 in
645 2214 718 2238 eum,
732 2212 759 2234 et
770 2207 853 2243 impie
864 2216 974 2245 agentes
986 2212 1037 2238 im~

295 2259 316 2274 "
331 2259 382 2286 lsa.
405 2268 432 2293 v,
445 2260 490 2287 20.
528 2261 550 2277 ⁸⁸
564 2261 642 2289 Joan.
657 2271 699 2296 Ill,
714 2263 760 2291 2t.
798 2265 820 2280 ³⁸
829 2265 922 2293 Matth.
937 2275 975 2301 x1,
990 2269 1032 2296 19.

259 2314 351 2378 61$?)
370 2315 529 2350 Ἀπείργων
546 2317 578 2344 τὸ
602 2317 695 2344 κακὸν
705 2319 764 2353 ,τοῦ
776 2319 897 2353 ἀγαθοῦ.
919 2321 1033 2351 Desunt.

367 2385 534 2428 7:1‘17'63711'.‘
543 2387 597 2427 Ἑν.
608 2389 639 2422 τῇ
647 2387 810 2428 ,εὐφροσύνῃ
822 2391 844 2428 ἡ.
859 2391 946 2428 μέθη,
956 2393 984 2418 ἐν
997 2393 1036 2428 τῷ

258 2419 395 2482 gemui?
408 2421 513 2453 πένθος,
526 2423 554 2448 ὲν
564 2421 602 2456 τῷ
622 2419 702 2457 γάμῳ
711 2419 729 2453 ἡ
744 2419 864 2458 ἀκρασία
875 2446 883 2459 ,
897 2419 959 2454 add.
974 2419 1034 2455 cod.

294 2489 350 2525 (88)
365 2490 420 2516 Καὶ
431 2490 464 2517 τὸ
479 2490 541 2524 φῶς
552 2492 583 2518 τὸ
598 2493 716 2525 σκότος.
730 2492 837 2521 Omissa
852 2500 924 2523 sunt.
942 2496 981 2524 lu.

291 2524 553 2565 ς89)1ἱι>ἔῖιιίζρνιάιἑ
572 2527 632 2565 ’Ότι
654 2524 701 2554 καῖ
715 2529 866 2565 πράσσουσι
883 2531 912 2557 τὸ
931 2532 1015 2559 κακὸν
1027 2552 1034 2565 ,

258 2559 306 2620 iul
317 2560 500 2587 συνευδοκοῦσι
512 2563 567 2593 τοῖς
582 2559 744 2597 πράσσουσιξ
762 2564 824 2591 add.
848 2565 933 2593 codex
947 2559 1034 2595 Oxon.

272 2602 298 2620 ο.

293 2628 348 2672 (θθ)
361 2629 516 2672 Μιοςήοζατε
526 2631 562 2672 re
578 2632 652 2672 ξιατὰ
668 2632 721 2672 τὸν
741 2633 905 2668 ἄνθρωπον.
928 2636 1037 2672 Μιμού-

261 2671 346 2701 μενοι,
357 2664 426 2701 κατά
439 2665 491 2701 τῶν
503 2665 662 2701 ἀνθρώπων.
677 2667 714 2694 In.

259 2698 350 2758 ll)(91)
366 2698 398 2724 Τὸ
419 2700 527 2732 κακὸν,
549 2698 589 2733 ὧς
606 2702 708 2728 καλόν.
725 2702 769 2738 Τῷ
788 2704 875 2739 κακῷ,
895 2706 933 2736 ὡς
950 2705 1034 2742 καλῷ.

290 2751 350 2815 ’ςεξξξ
368 2769 815 2815 Ῑέξῖίῗίὲκὲἐέεΐεὲ-¹ἕέιρ²μ9θεζῖαι·
831 2773 868 2815 ιο..

295 2802 351 2835 (95)
368 2803 450 2835 Ἦτις
465 2803 597 2839 ἠγνόησε
607 2802 836 2843 Ioue-timeam
850 2811 970 2843 Κυρίου,
989 2811 1038 2838 καὶ

1091 895 1130 926 εἰς
1145 894 1176 920 τδ
1188 894 1297 928 ἀγαθόν.

1127 940 1171 972 ς’.
1191 948 1200 964 ι
1216 938 1365 973 Προσέχετε
1379 935 1424 964 οὖν
1440 938 1486 964 καὶ
1497 938 1585 973 ὑμεῖς.
1594 938 1676 964 τέκνα
1691 947 1755 973 μου,
1769 939 1830 970 117.;
1841 939 1881 964 ἐν·

1089 983 1178 1016 τολαίς
1191 984 1303 1019 Κυρίου,
1319 983 1534 1019 μονοπροσώπως
1548 983 1761 1016 ἀκολουθοῦντες
1817 985 1879 1019 ἀλη-

1090 1029 1149 1065 θείᾳ
1161 1038 1167 1044 ·
1181 1030 1222 1056 ὅτι
1238 1031 1261 1056 οἱ
1274 1029 1441 1065 διπρόσωποι
1458 1029 1557 1061 δισσῶς
1574 1030 1735 1062 κολάζονται
1755 1030 1822 1066 (89).
1844 1031 1881 1057 Τὶι

1090 1075 1231 1110 πνεύματα
1246 1076 1295 1110 τῆς
1317 1075 1421 1110 πλάνης
1446 1075 1596 1111 μισήσατε,
1619 1075 1655 1102 τά
1676 1075 1751 1102 κατὰ
1771 1076 1818 1102 τὸν
1837 1077 1879 1103 ὧδ-

1090 1121 1196 1157 θρωπον
1210 1120 1264 1157 (90)
1282 1120 1477 1156 ἀγωνιζόμενα.
1499 1121 1550 1148 Τὸν
1566 1121 1648 1156 νόμον
1670 1122 1780 1157 Κυρίου
1800 1122 1880 1157 φυλά-

1090 1167 1162 1200 ξατε,
1175 1167 1222 1194 καὶ
1237 1167 1273 1203 μὴ
1287 1167 1433 1203 προσέχετε
1444 1167 1474 1194 τὺ
1484 1168 1578 1200 κακὸν,
1596 1167 1633 1199 ὡς
1645 1168 1730 1195 καλόν
1746 1168 1815 1204 (91)·
1828 1169 1880 1195 ἀλλ’

1089 1213 1128 1244 είς
1139 1213 1170 1238 τὺ
1187 1212 1269 1244 ὅντως
1285 1212 1364 1238 καλὸν
1378 1212 1545 1239 ἀποϐλέπετε
1555 1232 1562 1244 ,
1579 1213 1625 1238 καὶ
1644 1212 1725 1248 διατη
1731 1214 1807 1248 psi-.5
1820 1214 1879 1240 αὐτὸ

1088 1258 1117 1284 ἐν
1130 1258 1228 1289 πάσαις
1236 1257 1355 1289 ἐντολαῖς
1368 1257 1481 1293 Κυρίου,
1490 1258 1530 1290 εἰς
1543 1258 1623 1284 αὑτὸν
1634 1259 1877 1294 ἀναστρεφόμενος,

1089 1304 1137 1330 καὶ
1148 1304 1177 1330 ἐν
1196 1303 1271 1338 αὐτῷ
1288 1303 1489 1335 καταπαύοντες
1507 1303 1557 1339 (ὅτι
1572 1303 1606 1330 τὰ
1622 1304 1686 1340 τέλη
1700 1305 1759 1331 τῶν

1089 1357 1147 1375 πων
1168 1348 1286 1375 δείκνυσι
1306 1349 1356 1384 τὴν
1377 1348 1548 1384 δικαιοσύνην
1568 1349 1683 1385 αὐτῶν),
1700 1350 1878 1385 γνωρίζοντες

1087 1396 1149 1427 τοὺς
1160 1395 1289 1430 ἀγγέλους
1301 1395 1413 1431 Κυρίου,
1427 1395 1472 1421 καὶ
1493 1394 1540 1421 τοῦ
1557 1395 1673 1422 Σατανᾶ.
1691 1395 1760 1423 Ὅτε
1774 1396 1829 1432 γὰρ
1840 1405 1879 1423 τε·

1088 1441 1245 1477 ταραγμένη
1260 1440 1333 1478 ψυχὴ
1344 1440 1501 1476 ἀπέρχεται,
1520 1440 1694 1475 βασανίζεται
1708 1442 1766 1468 ὑπὸ
1776 1442 1823 1468 τοῦ
1833 1451 1879 1468 πο-

1088 1486 1171 1522 νηροῦ
1185 1486 1348 1522 πνεύματος,
1359 1483 1380 1520 ᾧ
1391 1487 1437 1513 καὶ
1454 1486 1609 1514 ἐδούλευσεν
1626 1487 1655 1512 ὲν
1664 1487 1828 1522 ἐπιθυμίαις
1836 1489 1879 1514 καὶ

1053 1520 1073 1549 C
1090 1520 1180 1569 ἔργοις
1203 1520 1346 1568 πονηροῖς·
1366 1532 1412 1559 ἐὰν
1431 1532 1459 1558 δὲ
1476 1532 1585 1568 ἡσύχως
1605 1532 1635 1559 ἐν
1652 1534 1730 1569 χαρᾷ
1750 1520 1878 1569 ἐγνώρισε

1090 1579 1134 1605 τὸν
1147 1577 1260 1613 ἄγγελον
1278 1578 1328 1614 τῆς
1349 1578 1470 1614 εἰρήνης,
1484 1579 1668 1614 παρακαλέσει
1683 1579 1741 1615 (92)
1759 1581 1840 1606 αὐτὸν
1853 1582 1879 1606 ὲν

1090 1624 1156 1659 ζωῇ.

1124 1669 1161 1695 Z'.
1178 1678 1186 1694 ι
1206 1668 1251 1703 Μὴ
1264 1667 1382 1702 γίνεσθε,
1395 1668 1490 1702 τέκνα,
1502 1668 1539 1701 ὡς
1556 1669 1671 1705 Σόδομα,
1684 1670 1749 1705 ἥτις
1759 1670 1877 1705 ἠγνόησε

1088 1715 1151 1747 τοὺς
1162 1714 1292 1749 ἀγγέλους
1309 1714 1422 1750 Κυρίου,
1434 1715 1481 1741 καὶ
1497 1715 1619 1742 ἀπώλετο
1631 1715 1685 1748 ἕως
1698 1716 1801 1748 αἰῶνος
1814 1716 1876 1751 (95).

1089 1758 1153 1786 Οἶδα
1164 1759 1227 1795 γὰρ,
1250 1761 1292 1786 ὅτι
1314 1761 1496 1797 ἀμαρτήσετε,
1520 1761 1567 1788 καὶ
1591 1761 1820 1796 παραδοθήσεσθε
1841 1763 1878 1793 εἰς

1088 1807 1180 1842 χεῖρας
1192 1806 1294 1842 ἐχθρῶν
1311 1807 1402 1842 ὑμῶν’
1425 1807 1472 1834 καὶ
1490 1808 1506 1843 ὴ
1525 1807 1561 1842 γῆ
1574 1808 1650 1843 ὑμῶν
1664 1808 1876 1844 ἐρημωθήσεται

1090 1851 1156 1887 (94),
1169 1853 1216 1878 καὶ
1229 1853 1307 1888 ὑμεῖς
1329 1852 1605 1888 διασκορπισθήσεσθε
1622 1853 1663 1884 είς
1674 1853 1724 1885 τὰς
1744 1854 1877 1889 τέσσαρας

1088 1897 1187 1931 γωνίας
1198 1898 1246 1932 τῆς
1259 1898 1320 1932 γῆς,
1333 1898 1380 1924 καὶ
1393 1897 1486 1924 ἔσεσθε
1498 1898 1527 1925 ἐν
1536 1898 1671 1934 διασπορᾷ
1683 1898 1875 1934 ἐξουθενούμε-

1088 1951 1137 1975 von,
1154 1943 1192 1975 ὠς
1205 1943 1275 1979 ὕδωρ
1287 1943 1432 1979 ἄχρηστον,
1446 1944 1498 1975 ἐως
1510 1941 1540 1971 οὗ
1550 1945 1564 1970 ό
1577 1943 1710 1978 ’Ύψιστος
1723 1945 1874 1979 ἐπισκέψῃ-

1087 1996 1130 2014 ται
1147 1988 1196 2024 τὴν
1209 1989 1270 2024 γῆν,
1287 1989 1333 2015 καὶ
1346 1988 1426 2021 αὐτὸς
1441 1988 1524 2015 ἐλθὼν
1541 1989 1579 2020 ὡς
1594 1988 1758 2024 ἄνθρωπος,
1782 1990 1874 2016 ἐσθίων

1087 2034 1134 2060 καὶ
1150 2034 1232 2060 πίνων
1246 2033 1314 2070 μετὰ
1325 2033 1378 2060 τῶν
1389 2034 1548 2070 ἀνθρώπων,
1557 2034 1604 2060 καὶ
1616 2034 1646 2060 ὲν
1659 2034 1764 2070 ἠσυχίᾳ
1777 2034 1874 2070 συν-τρία

1087 2078 1141 2105 σων
1154 2079 1203 2114 τὴν
1220 2080 1338 2115 κεφαλὴν
1350 2080 1396 2106 τοῦ
1404 2079 1548 2115 δράκοντος
1559 2079 1592 2106 δι’
1605 2079 1711 2111 ὓδατος.
1725 2078 1812 2112 Οὗτος
1824 2080 1871 2106 σώ-

1087 2133 1128 2150 σει
1140 2124 1185 2150 τὸν
1202 2125 1316 2161 Ἰσραὴλ,
1335 2125 1382 2152 καὶ
1398 2125 1487 2151 πάντα
1496 2124 1531 2151 τὰ
1557 2124 1637 2160 ἐθνη,
1654 2125 1723 2157 Θεὸς
1741 2126 1783 2157 εἰς
1793 2126 1871 2161 ἄνδρα

1052 2186 1074 2214 D
1088 2171 1297 2206 ὑποκρινόμενος
1316 2172 1380 2208 (96).
1407 2172 1509 2198 Εἴπατε
1525 2170 1570 2198 οὖν
1586 2172 1673 2199 ταῦτα
1695 2174 1756 2205 τοῖς
1771 2174 1871 2203 τέκνοις

1090 2215 1165 2250 ὑμῶν
1179 2216 1215 2252 μὴ
1227 2217 1347 2244 ἀπειθεῖν
1359 2218 1442 2253 αὐτῷ.
1462 2218 1593 2252 Ἀνέγνων
1605 2218 1660 2253 γὰρ
1673 2219 1702 2244 ἐν
1712 2221 1775 2251 ταῖς
1795 2219 1869 2251 πλαξὶ

1072 2271 1093 2287 ³⁵
1109 2271 1161 2299 lsa.
1179 2281 1241 2305 XLV,
1256 2273 1300 2300 15.

1086 2327 1220 2354 ἀπώλετο
1239 2327 1294 2360 ἕως
1307 2329 1423 2362 αἰῶνος.
1444 2329 1556 2357 Desunt.
1571 2329 1608 2357 lo.

1123 2362 1178 2402 (94‘)
1210 2362 1454 2402 Ἐρημῳςδήσεζαα
1479 2366 1532 2391 Καὶ
1550 2365 1588 2402 τὰ
1604 2366 1670 2399 ἅγια
1694 2366 1773 2402 ὑμῶν
1794 2375 1867 2394 κατα-

1087 2396 1264 2432 φθαρήσεται,
1280 2398 1342 2424 add.
1357 2399 1418 2425 cod.
1435 2398 1523 2426 Oxon.
1547 2401 1587 2427 lu.

1124 2405 1264 2458 αθρῃσεται,
1280 2405 1342 2424 auo.
1357 2405 1418 2425 cou.
1435 2405 1523 2439 triton.
1547 2405 1587 2427 tu.

1124 2432 1131 2463 (
1153 2432 1180 2465 ὃ)
1196 2432 1248 2458 Per
1258 2440 1363 2473 equum.
1378 2432 1527 2473 Dua2__is_t:e_
1534 2442 1613 2462 voces
1626 2436 1653 2462 in
1666 2437 1765 2464 codice
1778 2437 1820 2468 75.
1836 2438 1866 2464 ti-

1086 2473 1149 2493 nem
1163 2467 1339 2500 praacedentis
1352 2468 1454 2501 periodi
1477 2469 1594 2501 faciunt,
1616 2479 1670 2498 non
1684 2479 1752 2499 vero
1771 2481 1865 2499 novam

1087 2501 1227 2533 inchoant,
1244 2506 1272 2528 ut
1285 2502 1310 2528 in
1326 2501 1419 2529 Graaco
1432 2504 1534 2531 codice.
1550 2503 1586 2531 In.

1124 2536 1179 2574 (ἓξ)
1194 2536 1264 2574 θεὸς
1275 2537 1317 2569 εἰς
1336 2536 1429 2574 ἄνδρα
1443 2540 1683 2574 ὑποκρινόμενος.
1702 2541 1815 2569 Desunt.
1828 2542 1865 2569 In.

1085 2584 1122 2612 π
1132 2570 1404 2612 ννογιὶιοιιυε-Ἕξηθμ
1418 2573 1444 2598 in
1456 2570 1564 2612 Auctor:
1582 2570 1691 2612 '(Iisto'r.
1709 2577 1827 2612 dagmat.
1838 2578 1861 2604 «Ι.

1086 2604 1202 2645 ρεδοτίἱ,
1225 2614 1285 2641 pag.
1302 2606 1365 2645 322,
1388 2607 1539 2645 ba:c>verba
1552 2609 1614 2643 legit
1629 2611 1655 2636 in
1675 2618 1728 2645 ms:
1746 2604 1861 2645 Smhicp.

1087 2639 1217 2677 Cantuar.
1227 2639 1321 2677 eaque
1344 2642 1384 2668 sic
1399 2642 1494 2669 reeitat
1505 2651 1513 2669 :
1524 2646 1562 2672 Δι’
1577 2639 1677 2676 anm;
1696 2643 1773 2677 οὗτος
1787 2639 1863 2672 σώσει

1086 2675 1132 2701 τὸν
1153 2675 1261 2715 ξΙσραὴλ
1272 2675 1320 2715 θεαὶ
1331 2676 1419 2715 πάντα
1434 2676 1469 2715 τᾲ
1481 2677 1555 2715 ἔθνη,
1574 2678 1640 2710 Θεὸς
1652 2675 1692 2715 εἰς
1701 2675 1788 2715 ἄνδρα
1806 2682 1866 2707 ὑπο-

1087 2709 1255 2750 κρινόμενος.
1271 2709 1462 2750 Ηὶεηοᾘυιιθειί
1483 2709 1572 2739 versio
1589 2709 1780 2746 conﬁrmatur,
1795 2716 1861 2750 apud

1087 2753 1168 2784 quem
1182 2745 1288 2784 duabus
1300 2745 1360 2772 istis
1374 2746 1495 2784 vocibus,
1509 2754 1662 2784 per‘aqua‘m
1672 2769 1680 2780 ,
1695 2757 1764 2777 nava
1774 2745 1862 2784 perio-

1087 2780 1141 2806 dus
1151 2780 1304 2819 inchoatur,
1319 2784 1350 2806 ut
1368 2781 1449 2808 modo
1473 2780 1601 2819 monebat
1621 2782 1751 2819 Granius.
1773 2780 1861 2819 Neque

1087 2815 1303 2848 praetereundum
1328 2822 1426 2843 censeo
1437 2836 1444 2848 ,
1471 2816 1543 2851 quod
1561 2817 1633 2852 apud
1649 2818 1803 2847 Simonium
1814 2815 1860 2849 oc-
