1913 3102
66 107 124 138 “35

641 110 899 140 TES’I‘AMENTUM
917 112 1055 141 IOSEPH.

1592 123 1662 152 “26

60 167 107 194 τῶν
115 164 233 202 οὐρανῶν
244 185 252 197 ,
267 166 307 192 ὅτι
324 165 496 199 ἀπειθοῦντες
512 167 655 204 ἐπιϐήσετε
671 168 726 204 (97)
744 169 803 195 αὐτά

856 173 868 200 l
882 170 926 204 pie
941 171 1026 206 agetis
1036 172 1063 199 in
1072 179 1146 205 eum,
1155 180 1211 200 non
1219 175 1389 203 attendentes
1396 175 1447 212 legi
1458 176 1517 207 Dei,
1526 179 1572 206 sed
1581 188 1661 208 man--

61 213 99 238 καὶ
115 212 272 244 ἀσεϐοῦντες
287 212 433 248 ἀσεᾶήσετε
445 213 484 245 είς
495 213 586 245 αὑτὸν,
602 215 638 250 μὴ
652 216 829 251 προσέχοντες

58 260 90 294 τῷ
99 258 168 294 νόμῳ
176 258 223 285 τοῦ
231 258 310 290 Θεοῦ,
323 258 381 285 ἀλλ’
388 259 507 291 ἐντολαῖς
518 259 675 295 ἀνθρώπων.
685 262 734 288 Διά
749 262 828 290 τοῦτο

57 304 333 340 διασκορπισθήσεσθε,
350 304 387 336 ὡς
399 305 452 332 Γὰδ
464 306 511 332 καὶ
521 305 585 337 Δάν,
597 307 621 332 οἰ
638 306 746 341 ἀδελφοί
762 317 825 343 μου,

57 351 78 376 οἳ
93 349 177 385 χώρας
187 349 279 377 αὐτῶν
295 351 467 387 ἀγνοήσουσι,
485 352 532 378 καὶ
543 352 627 388 φυλὴν
638 353 684 380 καὶ
702 353 825 387 γλῶσσαν

55 396 140 421 αὐτῶν.
159 395 228 421 Ἀλλ’
236 396 392 428 ἐπισυνάξει
404 396 475 431 ὑμᾶς
486 396 586 432 Κύριος
595 399 624 424 ὲν
636 397 725 424 πίστει
737 399 770 426 δι’
783 400 827 426 ὲλ-

54 441 106 467 πίδα
122 440 322 476 εὐσπλαγχνίας
333 441 426 474 αὐτοῦ,
439 443 485 470 διὰ
507 443 641 479 ’Δὸραάμ,
655 445 702 471 καὶ
721 444 822 477 Ἰσαὰκ,

53 487 91 512 καὶ
108 486 211 514 Ἰακώὸ,
233 497 242 513 ι

81 532 116 558 ll'.
134 533 188 559 Καὶ
201 532 287 560 εἰπὼν
311 534 402 566 αὐτοῖς
423 534 526 566 ταῦτα,
543 534 692 562 ἐνετείλατο
719 535 819 568 αὐτοῖς,

51 578 133 612 λέγων’
156 588 165 604 ι
182 578 293 614 Θάψατέ
315 589 348 615 με
369 581 408 612 είς
431 580 561 615 Χεσρών·
584 591 593 606 ι
610 582 656 608 καὶ
676 581 820 613 ἀπέθανεν,

50 624 114 659 ὕπνῳ
125 624 198 660 καλῷ
210 625 362 661 κοιμηθείς.
380 626 434 652 Καὶ
459 625 527 661 μετὰ
544 626 630 653 ταῦτα
649 627 780 663 ἐποίησαν
795 628 819 653 οἱ

50 671 93 696 υἱοὶ
102 671 191 701 αὐτοῦ,
210 671 250 703 ὼς
275 670 423 698 ἐνετείλατο
452 672 558 704 αὐτοῖς,
573 673 619 698 καὶ
638 672 819 708 ἀναγαγόντες

48 716 125 749 αὐτὸν,
137 715 241 750 ἔθαψαν
255 716 322 751 μετὰ
333 716 387 742 τῶν
399 716 523 753 πατέρων
534 717 625 744 αὑτοῦ.

303 782 499 809 ΚΕΦΑΛΑΙΟΝ
516 783 566 808 ῙΑ’.

135 827 266 862 Διαθήκη
289 828 408 863 Ἰωσὴφ,
433 827 500 862 περὶ
519 829 724 863 σωφροσύνης,

71 873 106 899 Δ’.
128 873 307 909 Ἀντίγραφον
326 873 457 910 διαθήκης
476 874 583 909 Ἰωσήφ.
601 874 644 901 Ἐν
656 875 695 910 τῷ
710 875 814 911 μέλλειν

42 920 112 946 αὐτὸν
134 921 336 956 ἀποθνήσκειν,
362 921 478 953 καλέσας
512 923 575 954 τοὺς
600 922 683 958 [υἱοὺς
713 923 812 957 αὑτοῦ,

41 965 79 992 καὶ
94 966 154 998 τοὺς
165 966 297 1001 ἀδελφοὺς
314 966 406 1000 αὐτοῦ,
425 965 500 994 εἶπεν
511 967 601 1000 αὐτοῖς
612 977 619 983 θ
637 978 646 994 ι
662 969 748 996 Τέκνα
761 978 811 1005 μου

41 1011 79 1037 καὶ
88 1011 206 1046 ἀδελφοὶ,
223 1011 358 1038 ἀκούσατε
381 1012 490 1048 Ἰωσὴφ,
506 1012 553 1039 τοῦ
569 1013 747 1049 ὴγατιημένου
760 1015 812 1041 ὑπὸ

44 1056 155 1092 Ἰσραήλ·
170 1056 344 1091 ἐνωτίσασθε,
358 1057 423 1090 υἱοὶ,
441 1057 544 1094 πατρὸς
558 1058 645 1094 ὑμῶν.
662 1059 730 1094 Ἐγὼ
743 1057 810 1086 εἶδον

38 1102 61 1128 ὲν
71 1103 100 1137 τῇ
119 1101 175 1138 ζωῇ
190 1111 242 1138 μου
252 1103 298 1129 τὸν
317 1103 411 1138 φθόνον
435 1104 537 1131 καὶτὸν
558 1104 671 1131 θάνατον
681 1125 688 1138 ,
704 1106 750 1132 καὶ
761 1106 810 1132 οὐκ

37 1148 178 1184 ἐπλανήθην
188 1149 217 1175 ὲν
226 1148 260 1184 τῇ
270 1148 380 1185 ἀληθείᾳ
392 1150 505 1186 Κυρίου.
517 1151 547 1177 Oi
559 1150 666 1186 ἀδελφοί
679 1160 729 1186 μου
737 1148 808 1178 οὗτοι

37 1193 158 1229 ὲμίσησάν
173 1203 218 1230 με,
233 1195 280 1221 καὶ
292 1196 306 1221 ό
323 1194 424 1230 Κύριος
445 1196 572 1231 ὴγάπησέ
585 1204 635 1232 με·
656 1197 732 1223 αὐτοὶ
742 1192 807 1228 ἢθε-

36 1239 73 1266 λόν
86 1249 117 1275 με
130 1241 246 1273 ἀνελεῖν,
258 1241 304 1268 καὶ
321 1242 336 1267 ό
349 1241 414 1274 Θεὸς
425 1241 480 1268 τῶν
495 1242 618 1278 πατέρων
637 1251 687 1278 μου
708 1243 806 1278 ἐφύλα-

36 1284 59 1317 ξέ
72 1294 110 1320 με.
124 1286 171 1318 Εἰς
190 1286 291 1314 λάκκον
314 1295 346 1322 με
358 1287 502 1322 ὲχάλασαν,
516 1288 563 1314 καὶ
574 1289 588 1314 ὁ
601 1288 730 1322 ’Ύψιστος
743 1290 807 1325 ἀνή-

34 1331 93 1364 γαγέ
113 1340 157 1367 με.
175 1332 314 1368 Ἐπράθην
333 1333 373 1364 εὶς
385 1331 486 1365 δοῦλον,
500 1333 546 1359 καὶ
557 1334 570 1359 ὁ
583 1333 684 1369 Κύριος
695 1334 806 1369 ἠλευθέ-

34 1377 95 1411 ρωσέ
117 1386 161 1412 με.
186 1379 235 1410 Εἰς
256 1378 440 1414 αἰχμαλωσίαν
453 1378 586 1415 ἐλήφθην,
598 1380 645 1406 καὶ
659 1380 676 1415 ἡ
688 1380 805 1415 κραταιὰ

33 1424 84 1458 χεὶρ
95 1423 177 1451 αὐτοῦ
201 1424 334 1461 ἐϐοήθησέ
349 1433 403 1460 μοι.
424 1425 468 1451 Ἐν
482 1424 554 1460 λιμῷ
566 1425 738 1462 συνεσχέθην,
757 1427 804 1454 καὶ

32 1469 103 1501 αὐτὸς
114 1471 128 1497 ὸ
137 1470 241 1507 Κύριος
252 1470 376 1507 διέθρεψέ
395 1480 439 1507 με.
452 1471 539 1503 Μόνος
554 1472 638 1508 ἥμην,
653 1472 700 1499 καὶ
711 1473 726 1498 ὁ
738 1472 803 1505 Θεὸς

879 215 952 243 datis
964 217 1117 246 hominum.
1140 217 1253 255 Propter
1266 221 1319 248 hoc
1335 221 1538 258 dispergemini,
1552 230 1581 252 ut
1602 226 1661 255 Gud

878 266 904 288 et
917 261 985 295 Dan,
999 262 1097 292 fratres
1106 265 1169 297 mei,
1179 266 1225 300 qui
1240 267 1364 302 regiones
1375 275 1469 295 eorum
1483 269 1659 304 ignorabunt,

878 311 905 334 et
919 308 1020 335 tribum
1035 314 1062 336 et
1085 310 1205 345 linguam
1219 319 1325 339 eorum.
1348 312 1399 340 Sed
1414 316 1588 351 congregahit
1609 325 1659 345 vos

876 352 948 382 Deus
960 354 987 381 in
1001 355 1053 382 iide
1072 361 1182 391 propter
1194 365 1269 392 spem
1292 358 1487 388 misericordiae
1507 368 1574 394 suae,
1588 369 1655 397 pro-

875 403 937 434 pter
951 400 1100 436 Abraham,
1108 400 1186 430 lsaac
1197 406 1225 430 et
1236 401 1333 431 Iacob.
1347 413 1357 429 ι

909 531 975 558 \‘lll.
997 541 1006 557 ς
1021 530 1053 560 Ει
1073 540 1136 560 eum
1162 533 1218 562 hinc
1241 534 1281 562 eis
1306 535 1431 569 dixisset,
1453 537 1591 565 mandavit
1601 538 1652 571 eis,

871 576 965 605 dicens
979 587 986 605 :
1005 587 1014 604 ι
1031 578 1146 614 Sepelitc
1160 588 1203 608 me
1215 579 1243 608 in
1255 581 1363 610 Hebron
1375 592 1383 617 ;
1395 593 1403 609 ν
1420 588 1447 612 el.
1460 588 1585 612 mortuus
1599 590 1652 617 est.

871 631 966 652 somno
993 624 1066 652 bono
1088 626 1239 655 dormiens.
1255 628 1288 656 Et
1311 634 1373 664 post
1391 630 1448 658 haec
1467 630 1590 659 fecerunt
1603 632 1651 660 ﬁlii

870 669 939 703 ejus,
954 670 1025 697 sicut
1037 672 1215 700 mandaverat
1225 674 1279 707 eis;
1296 679 1323 702 et
1342 675 1503 704 reducentes
1521 685 1595 710 eum,
1608 686 1651 706 se-

868 714 1002 749 pelierunt
1016 723 1076 743 cum
1088 718 1212 751 patribus
1225 720 1295 754 ejus.

1167 783 1282 811 CAPUT
1304 784 1350 812 ΧΙ.

991 827 1187 856 Testamentum
1205 829 1302 865 Jouplt
1313 851 1320 863 ,
1336 831 1368 858 de
1386 832 1522 860 custt'late.

900 871 921 901 Ι.
934 871 1141 909 Transcriptum
1155 875 1309 903 testamenti
1324 875 1435 912 Ioseph.
1447 878 1516 905 Cum
1530 879 1648 908 moritu-

863 925 911 946 rus
932 923 1013 950 esset,
1036 926 1138 947 vocans
1164 919 1235 948 tilios
1246 929 1312 948 suos
1324 926 1352 949 et
1372 922 1471 950 fratres
1483 931 1558 956 suos,
1575 925 1646 953 dixit

862 962 902 990 eis
915 972 922 989 :
938 972 948 988 ι
968 963 1029 990 Filii
1044 963 1098 991 mei
1111 968 1139 992 et
1159 964 1268 997 fratres,
1281 966 1372 994 audite
1383 966 1495 1002 Ioseph,
1513 969 1643 998 dilectum

862 1009 897 1036 ab
909 1009 992 1037 lsrael
1005 1018 1012 1043 ;
1028 1010 1142 1037 auribus
1155 1011 1295 1046 percipite,
1315 1012 1374 1044 ﬁlii,
1390 1018 1496 1048 patrem
1508 1020 1640 1044 vestrum.

860 1051 917 1088 Ego
930 1053 985 1080 vidi
994 1053 1022 1080 in
1034 1053 1090 1081 vita
1104 1061 1165 1081 mea
1178 1054 1307 1083 invidiam
1317 1062 1344 1083 et
1356 1062 1480 1091 mortem,
1491 1063 1519 1086 et
1530 1067 1583 1087 non
1598 1069 1642 1088 er-

859 1099 917 1126 ravi
939 1099 966 1126 in
988 1099 1102 1127 veritate
1122 1099 1240 1128 Domini.
1266 1101 1376 1130 Fratres
1389 1103 1442 1131 mei
1456 1104 1502 1132 isti
1523 1106 1641 1135 oderunt

858 1152 912 1178 me,
926 1149 954 1172 et
967 1145 1100 1173 Dominus
1113 1146 1210 1174 dilexit
1221 1154 1265 1174 me
1278 1156 1284 1173 :
1297 1147 1342 1175 isti
1355 1148 1499 1177 voluerunt
1512 1152 1640 1180 occidere

857 1198 911 1222 me,
926 1195 955 1218 et
971 1191 1043 1219 Deus
1056 1196 1165 1226 patrum
1185 1199 1310 1220 meorum
1323 1194 1472 1222 custodivit
1489 1204 1542 1224 me.
1557 1197 1585 1225 In
1599 1199 1640 1226 la-

857 1245 919 1265 cum
933 1245 977 1264 me
988 1237 1164 1270 demiserunt,
1177 1243 1204 1266 et
1216 1238 1372 1267 Altissimus
1387 1240 1495 1268 reduxit
1506 1249 1559 1270 me.
1566 1242 1638 1272 Ven-

856 1283 929 1310 ditus
942 1290 1002 1310 sum
1018 1283 1046 1310 in
1060 1291 1180 1316 servum,
1192 1288 1220 1311 et
1231 1283 1365 1313 Dominus
1376 1285 1493 1314 liberum
1505 1296 1549 1316 me
1561 1290 1636 1318 iecit.

855 1328 884 1356 In
891 1329 1073 1364 captivitatem
1084 1334 1241 1366 assumptus
1252 1338 1323 1365 sum,
1333 1337 1362 1360 et
1371 1332 1449 1361 fortis
1464 1342 1561 1363 manus
1576 1335 1637 1371 ejus

855 1374 960 1409 adjuvit
973 1382 1027 1402 me.
1042 1374 1070 1402 In
1089 1374 1162 1402 fame
1184 1376 1311 1404 detentus
1333 1385 1405 1410 sum,
1429 1383 1456 1406 et
1473 1379 1532 1414 ipse
1542 1380 1637 1408 Domi-

855 1426 907 1445 nus
918 1419 1032 1446 nutrivit
1043 1427 1098 1447 me.
1110 1419 1191 1448 Solus
1204 1428 1290 1453 eram,
1302 1426 1329 1448 et
1341 1421 1413 1450 Deus
1424 1424 1581 1453 consolatus
1593 1432 1637 1455 est

853 1471 908 1493 me.
922 1463 951 1492 In
966 1465 1125 1493 inﬁrmitate
1137 1474 1223 1500 eram,
1236 1471 1264 1494 et
1275 1467 1434 1496 Altissimus
1446 1470 1567 1498 visitavit
1580 1480 1634 1500 me.

32 1515 192 1550 παρεκάλεσέ
207 1525 252 1552 με.
278 1517 321 1543 Ἐν
342 1516 469 1552 ἀσθενείᾳ
491 1517 574 1553 ήμην,
587 1507 632 1544 καὶ
645 1519 659 1544 ὁ
673 1518 800 1553 Ὕψιστος

856 1507 880 1536 ln
895 1517 1005 1538 carcere
1017 1518 1104 1543 eram,
1117 1515 1145 1539 et
1158 1511 1284 1540 Salvator
1300 1513 1448 1542 laetiﬁcavit
1462 1523 1505 1543 me
1517 1517 1591 1553 (99);
1605 1519 1633 1546 in

30 1559 188 1596 ὲπσκὲψατό
202 1570 247 1597 με.
265 1560 310 1588 Ἐν
323 1560 427 1596 φυλακῇ
441 1561 526 1597 ἥμην,
539 1562 585 1589 καὶ
602 1562 616 1588 ὁ
628 1562 723 1598 Σωτὴρ
740 1564 802 1598 ἐχα-

31 1606 117 1641 ρίτωσέ
131 1616 165 1642 με
180 1607 236 1643 (98)
248 1616 254 1622 ·
274 1607 303 1634 ὲν
318 1607 437 1642 δεσμοῖς,
454 1608 501 1634 καὶ
517 1607 595 1634 ἐλυσέ
614 1616 658 1642 με·
673 1608 702 1634 ὲν
713 1608 801 1635 διαϐο-

29 1651 88 1684 λαῖς,
102 1654 148 1680 καὶ
166 1653 336 1689 συνηγόρησέ
351 1662 413 1689 μοι·
435 1654 464 1680 ὲν
477 1653 566 1687 λόγοις
583 1654 737 1688 Αἰγυπτίων
759 1664 801 1681 πι-

29 1700 104 1733 κροῖς,
118 1700 165 1727 καὶ
183 1700 318 1736 ὲρρύσατό
339 1708 372 1736 με
383 1707 389 1714 ⁸
403 1700 431 1726 ὲν
453 1699 559 1734 φθόνοις
579 1700 627 1726 σὺν
644 1699 738 1732 δόλοις,
754 1701 799 1727 καὶ

28 1742 108 1779 ipsa:
121 1755 154 1781 με
170 1746 228 1782 (1).“

56 1790 90 1817 B'.
106 1801 115 1817 ι
130 1792 187 1818 Καὶ
205 1790 291 1823 οὕτως
311 1791 440 1827 Φοηιμάρ
460 1790 533 1828 (2),ὸ
552 1791 747 1828 ἀρχιμάγειρος
760 1792 797 1828 (5)

25 1836 126 1871 Φαραὼ,
138 1836 284 1863 ἐπίστευσέ
299 1845 343 1872 μοι
355 1836 400 1863 τδν
408 1833 480 1862 οἷκον
491 1836 583 1863 αὑτοῦ.
597 1837 652 1863 Καὶ
663 1838 799 1872 ἡγωνισά-

26 1889 73 1916 μην
85 1882 150 1918 πρὸς
164 1883 282 1917 γυναῖκα
302 1881 398 1917 ἀναιδῆ
411 1881 557 1918 ὲπειγοὺσῃ
571 1881 609 1917 (4)
630 1891 663 1917 με
677 1891 796 1918 παρανο-

25 1929 79 1962 μεῖν
89 1929 147 1964 μετ’
160 1929 256 1964 αὐτῆς.
276 1928 345 1955 Ἀλλ’
357 1929 371 1955 ὁ
382 1928 447 1960 Θεὸς
467 1928 574 1964 Ἰσραὴλ
586 1928 681 1964 (5)τοῦ
695 1929 797 1965 πατρός

24 1982 68 2008 μου
79 1975 193 2009 ἐφύλαξε
207 1983 241 2010 με
258 1975 290 2001 ὲκ
301 1974 398 2009 φλογὸς
411 1974 566 2010 καιομένης.
587 1974 794 2011 Ἐφυλακίσθην,

23 2019 186 2056 ὲτυπτίσθην,
211 2020 413 2056 ὲμυκτηρίσθην
426 2019 463 2055 (6)
474 2028 480 2035 ’
495 2020 541 2047 καὶ
553 2020 636 2047 ἔδωκέ
649 2029 683 2055 με
695 2021 795 2057 Κύριος

23 2065 56 2096 είς
80 2066 236 2102 οἰκτιρμοὺς
255 2065 367 2093 ἐνώπιον
390 2065 437 2092 τοῦ
459 2065 671 2101 δεσμοφύλακος.
696 2067 731 2092 Οὐ
757 2067 793 2102 μὴ

20 2109 68 2146 γὰρ
85 2111 274 2146 ἐγκαταλείψει
293 2111 393 2148 Κύριος
412 2111 477 2143 τοὺς
497 2111 677 2147 φοῦουμένους
694 2111 773 2138 αὑτὸν
784 2130 792 2144 ,

20 2188 96 2224 currit
108 2189 238 2216 Biblioth.
251 2190 312 2216 crit.
328 2193 393 2216 tom.
405 2188 437 2221 ll,
450 2196 477 2224 p.
490 2188 553 2221 232,
567 2196 619 2216 ms.
633 2188 737 2216 scilicet
747 2189 789 2216 bi-
806 2178 829 2206 υ

20 2222 252 2265 Μίοιὴςοξεξίςείω,
262 2232 314 2265 pro
324 2224 390 2265 Θεός
401 2222 649 2265 Ιιίοέιὴίὺεηςέςιξς,
660 2224 788 2265 mendose

19 2258 105 2291 procul
119 2259 213 2292 dubio,
223 2260 351 2294 nulloque
365 2259 444 2294 plane
458 2266 549 2286 sensu.
560 2258 629 2291 Quid
639 2259 710 2294 enim
721 2259 785 2294 boni

18 2294 142 2321 extundes
155 2294 193 2321 iex
213 2295 263 2322 hac
282 2292 396 2323 lectione
414 2293 465 2325 ἕως
480 2294 520 2324 είς
536 2293 618 2354 ἄνδρα
644 2292 786 2334 ὑποκρινό-

19 2335 101 2363 μενος,
115 2329 137 2356 si
153 2336 212 2356 eam
226 2337 289 2356 cum
304 2328 518 2363 praecedentibus
530 2335 580 2355 con
594 2335 655 2355 eras
667 2328 679 2355 ἲ
691 2329 786 2363 ᾼτκυιι

18 2335 101 2368 μενος,
115 2337 137 2356 si
153 2336 212 2356 eam
226 2335 655 2369 cumpraeeeuentmuscomeras
668 2335 679 2355 ι
691 2335 786 2369 arguit

18 2362 108 2403 ibidem
123 2363 182 2403 ipse
194 2363 474 2403 Simontus_tanquam
491 2370 581 2403 minus
598 2367 670 2403 recte
684 2361 786 2403 ilaatine

18 2398 112 2425 reddita
125 2397 161 2425 ab
171 2399 310 2439 “episcopo
333 2397 527 2439 LincOIniensi3
553 2405 614 2432 quae
637 2398 730 2438 statim
741 2405 786 2439 se-

18 2438 128 2465 quuntur
145 2443 151 2460 :
165 2433 262 2472 Dicite,
278 2438 341 2472 οιαὶ,
352 2433 413 2472 jure
430 2436 570 2472 ne_autem
584 2453 591 2464 ,
606 2440 654 2472 an.
665 2433 765 2467 injuria
776 2452 784 2465 ,

18 2468 300 2507 postemgidationem
313 2468 424 2507 Grabiin
431 2467 546 2507 viderint
558 2467 666 2494 eruditi.
683 2501 689 2507 _

48 2502 102 2543 (ογ)
120 2503 305 2543 Eximius“.
334 2502 518 2537 ’Δπειθήσετε,
540 2509 600 2536 qua:
611 2502 728 2537 genuina
741 2506 784 2529 est

119 2537 304 2613 ἔξυλᾳκῇ
314 2572 404 2608 ἤμην,
421 2571 471 2600 καὶ
482 2572 500 2598 ό
509 2570 611 2605 Σωτὴρ
621 2571 784 2605 ἐχαρίτωσέ

18 2614 51 2632 ιιε.
67 2605 264 2635 Οιηὶεεεέυηί.
282 2605 340 2634 lii.w
369 2605 373 2607 ⁷
748 2638 754 2644 ,

44 2641 98 2676 (99)
111 2641 272 2677 Lctiﬁcavit
289 2649 339 2669 me.
354 2640 474 2668 Charum
484 2647 530 2677 me
543 2639 595 2667 sibi
610 2638 714 2677 habuit,
733 2645 790 2677 sive

18 2673 93 2709 gratia
104 2685 155 2705 sua
175 2673 219 2705 me
234 2677 400 2712 complexus_
414 2679 465 2703 est.
482 2674 576 2710 Neque
596 2674 667 2701 enim
683 2673 789 2702 deriva-

18 2714 84 2750 tura
93 2712 183 2750 Axaed,
258 2719 272 2739 a
284 2710 372 2750 χάρις.
392 2710 430 2737 In.
706 2744 712 2750 ι

45 2743 117 2780 (“itii
134 2743 257 2775 Protezit
271 2743 364 2774 ἠὼ.Ἰὰ
374 2750 425 2778 est,
439 2752 549 2774 causam
569 2751 656 2780 meam
672 2744 736 2780 egit.
751 2743 788 2772 In.

18 2778 82 2841 hil)
103 2783 150 2811 Ὲν
171 2782 380 2816 διαϐολαῖς....,
403 2780 454 2808 και
477 2779 582 2814 ὖψωσέ
604 2787 652 2814 με.
679 2778 789 2808 Desunt.

852 1555 980 1589 vinculis,
1007 1560 1035 1584 et
1057 1557 1138 1584 solvit
1161 1565 1218 1590 me;
1233 1557 1261 1584 iu
1284 1560 1519 1594 accusationibus,
1534 1568 1561 1590 et
1570 1571 1635 1598 pro-

852 1600 919 1627 texit
942 1608 985 1628 me
1009 1601 1103 1638 (l00);
1129 1602 1156 1629 in
1180 1603 1270 1630 verbis
1293 1602 1484 1640 [Egyptiorum
1511 1609 1634 1643 amaris,

850 1649 878 1672 et
900 1645 1026 1673 liberavit
1048 1654 1091 1674 me
1104 1656 1112 1680 ;
1127 1647 1154 1675 in
1167 1647 1269 1677 invidia
1283 1656 1346 1676 cum
1370 1650 1450 1685 dolis,
1463 1657 1491 1680 et
1505 1654 1634 1683 exaltavit

850 1699 902 1719 me.

883 1779 915 1808 ll.
934 1790 944 1807 ι
960 1781 994 1809 Et
1008 1782 1046 1810 ita
1071 1782 1222 1817 Photimar,
1247 1785 1375 1821 princeps
1389 1795 1541 1823 coquorum
1555 1789 1628 1818 Pha-

848 1828 951 1860 raonis,
977 1829 1091 1857 credidit
1112 1831 1180 1858 mihi
1204 1832 1315 1860 domum
1342 1842 1430 1862 suam.
1454 1835 1487 1862 Et
1509 1837 1629 1865 luctatus

847 1882 908 1902 sum
921 1878 1015 1902 contra
1037 1876 1179 1904 mulierem
1193 1877 1416 1913 inverecundam,
1432 1881 1625 1910 sollicitantem

846 1929 900 1954 me,
925 1925 956 1949 ut
979 1922 1072 1958 iniqua
1098 1931 1206 1958 agerem
1220 1932 1281 1951 cum
1296 1925 1366 1960 ipsa.
1382 1926 1435 1954 Sed
1459 1927 1530 1956 Deus
1543 1928 1626 1957 Israel

845 1967 930 2002 patris
943 1967 995 1994 mei
1009 1968 1157 1996 custodivit
1168 1976 1211 1996 me
1225 1977 1239 1996 a
1253 1969 1362 1997 ﬂamma
1375 1976 1481 1999 urente.
1496 1972 1524 2000 In
1536 1981 1626 2001 carce-

844 2021 901 2040 rem
908 2014 1059 2048 conjectus,
1070 2015 1229 2044 verberibus
1241 2024 1340 2048 caesus,
1350 2018 1536 2047 subsannatus
1544 2027 1622 2054 sum;

844 2065 871 2086 et
884 2057 948 2087 fecit
972 2059 1114 2092 Dominus.
1130 2064 1161 2088 ut
1183 2062 1370 2090 misericordia
1382 2069 1537 2093 commotus
1550 2071 1624 2094 esset

844 2112 906 2141 erga
921 2113 964 2133 me
974 2110 1066 2134 custos
1078 2107 1207 2135 carceris.
1222 2107 1281 2136 Non
1299 2109 1373 2136 enim
1386 2109 1557 2146 derelinquet
1568 2111 1622 2139 Do—

878 2186 915 2225 (ἓ)
927 2185 982 2225 Ital
996 2186 1089 2225 οὕτῳς
1106 2187 1249 2225 Φωτιλέᾴρ.
1272 2187 1300 2214 '0
1317 2188 1443 2225 εὐνοῦχος
1454 2189 1563 2225 Φαραώ.
1582 2189 1620 2217 lu.

876 2222 914 2255 (3)
936 2221 1163 2255 Ἀρχιμάτειρος.
1191 2221 1288 2249 Vocem
1315 2223 1384 2250 hanc
1397 2221 1502 2251 'auctor
1519 2225 1617 2253 iterum

876 2230 914 2255 to;
942 2230 1014 2254 Αρχι
1027 2230 1163 2255 earl-:1qu.
1193 2230 1288 2249 vocem
1315 2230 1384 2250 hanc
1406 2230 1501 2251 auctor
1519 2230 1617 2253 Iterum

839 2256 943 2293 accepit
953 2263 985 2282 cx
1081 2255 1260 2293 [interpretum
1269 2259 1394 2293 versione
1402 2258 1500 2286 Genes.
1513 2268 1617 2293 xxxv”,

839 2291 882 2328 ὅθ.
895 2290 1260 2328 Notandaveroobservatio
1274 2291 1430 2328 Hieronymi
1444 2294 1469 2320 in
1484 2290 1619 2321 TraditioL

837 2326 912 2362 nibus
923 2325 1104 2362 Hebraicisad
1116 2326 1187 2353 hunc
1199 2326 1288 2354 locum
1304 2336 1311 2353 :
1325 2336 1335 2352 ‹
1353 2325 1384 2354 lii
1393 2328 1530 2362 plerisque
1549 2329 1617 2357 locis

836 2360 1042 2398 archimagiros,
1060 2360 1085 2388 id
1098 2366 1148 2398 est,
1162 2369 1310 2398 coquorum
1323 2360 1459 2397 principes
1469 2383 1476 2395 ,
1486 2360 1540 2398 pro
1558 2372 1617 2392 ma-

836 2396 927 2433 gistris
949 2396 1084 2433 exercilus
1111 2395 1250 2433 Scriptura
1281 2395 1502 2433 commemorat;
1520 2407 1617 2433 μαγει-

837 2430 924 2466 ρεύειν
935 2430 1034 2466 quippe
1044 2430 1334 2466 Grazceinterpretatur
1346 2432 1470 2459 occidere.
1482 2430 1615 2462 venditus

834 2465 1077 2500 estigiturlIOSeph
1095 2465 1358 2500 principi’exercitus
1371 2471 1398 2494 et
1411 2467 1583 2495 bellatorum.
1604 2480 1613 2495 ι

833 2500 898 2528 Mihi
911 2501 1028 2527 maxime
1046 2500 1133 2535 placet
1151 2500 1269 2536 'l'argum
1282 2501 1417 2528 Ionathan
1436 2506 1462 2529 et
1483 2501 1615 2531 Hieroso-

833 2547 991 2582 lymitanum
1001 2566 1009 2578 ,
1026 2553 1087 2581 quae
1103 2547 1184 2574 ambo
1202 2547 1391 2579 reddiderunt,
1404 2539 1564 2590 Ni‘mbp’DD
1580 2553 1616 2578 ατ

833 2591 954 2626 Ρνίηεὶρὶ
972 2592 1175 2626 speculatorum.
1203 2592 1268 2626 Quae
1290 2600 1342 2620 vox
1366 2593 1484 2621 occurrit
1503 2601 1616 2630 quoque

833 2627 915 2653 Marc.
932 2634 969 2653 vt.
981 2627 1025 2653 27.
1041 2622 1081 2651 ID.

833 2627 915 2654 Marc.
932 2634 969 2658 vl,
981 2627 1025 2653 27.
1041 2627 1081 2651 ID.

869 2662 906 2700 (β)
929 2661 1114 2700 ’ξζπειτοιξᾳη
1136 2663 1319 2700 ᾖΕπειγούσης
1328 2664 1409 2692 habet
1419 2664 1503 2691 codex
1517 2663 1606 2692 Oxon.

833 2697 885 2732 Sed
897 2697 1003 2724 mallem
1016 2697 1066 2732 legi
1081 2697 1251 2732 ἐπείγουσαν.
1265 2697 1302 2726 lu.
1528 2710 1537 2717 ε

867 2731 906 2767 (5)
927 2731 1057 2765 Ἰσραήλ.
1078 2731 1183 2761 Ἰακώϐ.
1201 2733 1240 2761 ID.

865 2767 903 2804 (θ)
930 2767 1129 2804 ᾞτυπτισθην
1140 2787 1147 2799 ,
1173 2802 1180 2804 _
1191 2769 1419 2804 ἐμυκτηρίσθην.

830 2803 932 2831 omisso
944 2801 1156 2838 ἐμυκτηρίσθην.
1172 2801 1209 2831 ID.

1463 2768 1609 2805 Ἑτύφθην,
