1913 3102
247 115 313 143 “‘27
763 110 991 139 TESTAMENTA
1011 110 1057 137 Xll

1075 107 1377 137 PATRIARCHARUM.
1795 101 1865 130 "98

246 174 338 203 minus
352 174 478 202 timentes
492 181 565 206 eum,
591 181 645 200 non
668 173 695 200 in
707 172 837 204 tenebris,
854 179 905 199 nec
929 172 956 198 in
971 170 1032 198 vin-

1087 169 1136 196 οὐκ
1158 169 1186 195 ὲν
1212 167 1312 200 σκότει,
1337 167 1353 203 ἤ
1375 165 1522 201 δεσμοῖς,ἢ
1543 163 1682 199 θλίψεσιν,
1696 163 1713 198 ἢ
1727 164 1863 199 ἀνάγκαις

246 220 327 250 culis,
342 227 391 247 nec
409 219 436 246 in
451 218 688 251 tribulationibus,
706 225 756 245 nec
771 217 798 244 in
811 216 1030 244 necessitatibus.

247 266 307 295 Non
331 266 404 293 enim
429 271 459 293 ut
483 267 566 293 homo
589 265 767 293 confunditur
788 265 870 298 Deus,
893 272 944 292 nec
956 268 986 290 ut
1000 263 1031 290 li-

248 313 301 340 lius
321 312 442 340 hominis
465 311 606 345 formidat,
622 319 711 346 neque
725 315 756 338 ut
770 316 895 339 terrenus
908 310 1032 337 inﬁrma-

250 363 304 392 tur,
318 358 361 385 vel
385 358 527 393 repellitur
541 366 548 391 ;
571 358 599 384 in
613 357 741 385 omnibus
754 364 820 384 vero
833 357 903 384 locis
913 364 1033 392 praesens

249 407 302 436 est,
315 407 342 430 et
359 403 387 430 in
407 403 498 430 modis
520 402 712 430 diﬂ'erentibus
734 403 902 436 consolatur,
916 403 944 429 in
957 401 1033 430 brevi

251 448 380 476 recedens
392 448 424 476 ad
435 448 606 483 probandum
619 449 718 476 animae
728 447 884 475 consilium.
897 447 926 475 ln
940 447 1033 475 decem

251 493 444 521 tentationibus
458 493 603 528 probatum
619 501 663 521 me
675 494 851 527 monstravit,
864 498 892 521 et
903 494 931 520 in
943 493 1034 521 omni-

249 539 301 567 bus
315 540 358 566 his
371 539 538 575 longanimis
551 539 611 573 l‘ui;
626 540 755 574 quoniam
775 547 875 575 magna
897 539 1034 568 medicina

249 590 290 614 est
301 585 505 620 longanimitas,
519 589 547 612 et
558 585 644 612 multa
658 585 729 612 bona
743 585 790 613 dat
801 585 973 613 sustinentia.

290 630 334 657 Ill.
357 639 367 656 ι
383 630 497 663 Quoties
508 630 636 666 Egyptia
649 630 753 658 minata
761 634 804 658 est
826 631 893 658 mihi
907 631 1034 658 mortem?

249 677 357 711 quoties
380 677 470 712 ptenis
497 677 606 704 tradens
631 677 768 704 revocavit
797 684 842 704 me
864 677 982 710 mulier,
1006 680 1033 704 et

250 723 355 749 minata
368 726 410 749 est
433 723 512 755 mihi,
526 730 588 750 cum
610 730 765 750 recusarem
787 730 843 750 rem
857 723 958 750 habere
970 731 1032 751 cum

250 768 300 795 ea?
313 768 426 796 Dicebat
449 772 540 796 autem
566 768 656 796 mihi:
685 777 695 794 ι
713 768 903 797 Dominaberis
926 769 993 796 mihi
1006 773 1034 797 et

249 815 379 843 omnibus
391 822 453 850 quae
476 822 537 842 mea
548 819 624 847 sunt,
639 815 663 843 si
682 815 830 843 tradideris
848 815 965 851 teipsum
979 816 1033 843 mi-

1082 215 1119 242 Οὐ
1131 214 1186 250 γὰρ
1203 213 1240 245 ὡς
1259 213 1400 248 ἄνθρωπος
1418 211 1608 246 ἐπαισχύνεται
1627 211 1642 235 ὁ
1659 210 1738 242 Θεὸς,
1751 209 1815 236 οὗτε
1836 210 1871 243 ὡς

1082 260 1223 296 ἄνθρωπος
1247 259 1284 294 (7)
1306 258 1406 293 δειλιᾷ,
1435 257 1496 284 οὔτε
1517 257 1554 288 ὡς
1578 256 1700 292 γηγενὴς
1720 255 1841 287 ἀσθενεῖ,
1855 257 1871 290 ἢ

1083 306 1230 333 ἀπωθεῖται
1243 313 1250 320 ·
1263 305 1293 332 ὲν
1306 306 1373 332 πᾶσι
1385 304 1414 330 δὲ
1425 303 1517 335 τόποις
1529 303 1567 339 (8)
1579 303 1759 337 παρίσταται,
1778 302 1828 328 καὶ
1845 302 1871 327 ὲν

1081 354 1219 390 δικρόφοις
1233 353 1343 389 τρόποις
1356 352 1392 387 (9)
1409 351 1576 387 παρακαλεῖ,
1604 351 1633 376 ἐν
1645 350 1743 385 βραχεῖ
1762 349 1872 383 ἀφιστά-

1083 408 1163 436 μενος
1181 401 1221 432 είς
1234 399 1265 426 τὸ
1280 399 1423 433 δοκιμάσαι
1444 397 1495 432 τῆς
1505 395 1594 432 ψυχῆς
1606 396 1636 422 τὸ
1647 395 1810 422 διαὸούλιον.
1830 394 1872 420 Ἐν

1081 447 1147 473 δέκα
1159 447 1320 481 πειρασμοῖς
1332 444 1441 479 δόκιμόν
1453 452 1487 479 με
1498 442 1628 475 ἀνέδειξε,
1641 441 1690 468 καὶ
1699 441 1820 467 ὲνπᾶσιν
1830 440 1873 466 αὺ-

1081 494 1138 524 τοῖς
1165 490 1398 527 ὲμακροθύμησα·
1419 489 1460 517 ὅτι
1487 488 1559 524 μέγα
1590 486 1738 523 φάρμακόν
1758 487 1832 512 ἐστιν
1855 486 1872 520 ἡ

1084 537 1267 574 μακροθυμία,
1280 537 1326 564 καὶ
1338 535 1424 563 πολλὰ
1434 534 1523 570 ἀγαθὰ
1535 533 1643 561 δίδωσιν
1654 534 1671 569 ὴ
1684 532 1821 567 ὁπομσνή.

1118 629 1155 656 Γ¹.
1178 637 1187 654 ι
1203 628 1322 660 Ποσάκις
1341 628 1359 663 ἠ
1382 626 1519 661 Αἰγυπτία
1530 625 1662 661 ἠπείλησε
1675 633 1723 660 μοι
1742 625 1870 654 θάνατον,

1083 674 1200 706 ποσάκις
1219 673 1366 709 τιμωρίαις
1380 671 1539 707 παραδοῦσα
1552 671 1608 706 (10)
1628 669 1816 697 ἁνεκαλέσατό
1829 677 1870 703 με,

1082 720 1128 746 καὶ
1138 718 1270 755 ἠπείλησέ
1284 727 1328 754 μοι
1342 718 1379 754 μὴ
1391 717 1492 744 θέλοντι
1506 715 1643 743 συνελθεῖν
1655 716 1727 751 αὐτῇ
1739 715 1797 751 (11)
1808 723 1817 747 ;
1831 715 1872 741 Ἐ-

1081 765 1144 800 λεγε
1156 765 1185 792 δέ
1198 773 1243 801 μοι
1252 773 1259 780 ’
1277 774 1287 790 ι
1300 764 1462 800 Κυριεύσεις
1471 771 1522 799 μου
1536 763 1584 790 καὶ
1596 763 1708 789 πάντων
1720 761 1778 788 τῶν
1788 761 1868 796 ἐμῶν,

1082 811 1129 838 ἐὰν
1141 810 1240 845 ἔπιδῷς
1259 809 1369 837 σεαυτὸν
1382 810 1421 841 είς
1434 808 1495 844 ἐμὲ,
1510 809 1557 835 καὶ
1575 807 1626 844 ἔσῃ
1638 807 1677 838 ὡς
1690 806 1829 841 δεσπότης
1841 806 1869 841 ή-

250 860 289 892 hi,
301 865 329 888 et
349 861 404 888 eris
418 861 490 888 sicut
511 861 667 889 dominator
688 861 786 889 nostri.
803 870 812 887 ι
828 850 979 897 Egoiigitur
990 870 1033 890 re-

1087 856 1169 892 μῶν.»
1178 855 1248 890 Ἐγὼ
1261 853 1307 882 οὖν
1320 854 1526 890 ὲμιμνησκόμην
1536 853 1621 888 λόγων
1634 851 1764 886 πατέρων
1772 850 1870 887 πατρός

249 906 381 934 cordatus
398 914 459 934 sum
473 914 634 934 sermonum
650 912 757 942 patrum
769 907 854 942 patris
868 908 921 935 mei
933 907 1033 942 ικαὶ),

249 956 276 979 et
298 952 456 986 ingrediens
477 952 504 979 in
530 952 622 980 cubile
635 953 747 980 adoravi
760 952 917 987 Dominum,
943 959 972 982 et
993 954 1035 990 je-

247 999 342 1034 juuavi
355 1003 459 1034 septem
472 999 554 1026 annis
564 999 628 1032 illis,
645 1003 673 1026 et
685 999 801 1034 apparui
815 999 943 1035 Egyptio
955 1001 1034 1035 quasi

250 1045 278 1072 in
302 1045 408 1072 deliciis
430 1045 545 1078 vivens;
571 1044 702 1079 quoniam
726 1048 837 1079 propter
859 1044 942 1072 Deum
961 1045 1035 1080 jeju-

249 1097 345 1120 nantes
368 1091 446 1120 faciei
467 1092 581 1127 gratiam
605 1092 752 1127 accipiunt.
777 1090 901 1127 Cumque
913 1093 1032 1120 dabatur

250 1139 317 1166 Inibi
340 1139 447 1171 vinum,
473 1146 528 1165 non
553 1137 696 1171 bibebam;
720 1141 747 1165 et
770 1137 798 1165 in
821 1138 951 1166 triduano
962 1138 1036 1174 jeju-

251 1183 298 1211 nio
323 1183 416 1218 aecepi
441 1191 529 1210 meam
543 1183 651 1210 diaetam
663 1203 671 1216 ,
686 1186 713 1210 et
725 1182 809 1210 tribui
821 1191 881 1210 eam
895 1184 1035 1218 egentibus

249 1233 278 1257 et
288 1229 415 1257 inﬁrmis.
430 1228 464 1255 Et
477 1236 558 1256 mane
570 1229 696 1264 evigilavi
710 1229 744 1256 ad
759 1228 918 1262 Dominum,
933 1234 961 1257 et
973 1229 1034 1256 ﬂevi

250 1282 300 1309 pro
318 1274 493 1309 Memphitica
517 1273 656 1310 Egyptia,
679 1274 809 1309 quoniam
833 1273 912 1302 valde
933 1274 1035 1302 indesi-

251 1326 347 1348 nenter
363 1320 478 1348 molesta
488 1324 547 1347 erat
560 1320 627 1347 mihi
640 1329 648 1351 ;
660 1324 687 1347 et
699 1324 783 1348 noctu
801 1319 914 1348 intravit
932 1320 966 1347 ad
979 1327 1034 1352 me,

251 1366 331 1401 quasi
354 1373 416 1401 quae
440 1373 484 1393 me
503 1365 622 1393 invisere
648 1366 744 1400 vellet;
757 1370 785 1394 et
806 1367 896 1402 primo
908 1365 1034 1401 quidem,

250 1411 382 1446 quoniam
400 1411 473 1439 ﬁlius
484 1411 622 1439 masculus
644 1420 700 1439 non
720 1417 779 1440 erat
801 1412 837 1445 ei,
851 1412 969 1448 ﬁngebat
984 1411 1034 1439 ha-

252 1457 315 1484 bere
327 1465 371 1484 me
385 1461 415 1484 ut
433 1456 529 1483 tilium.
543 1455 577 1484 Et
592 1458 668 1484 oravi
683 1457 717 1484 ad
739 1457 902 1490 Dominum,
916 1462 943 1485 et
952 1465 1035 1494 pepe-

252 1507 288 1533 rit
300 1513 415 1533 marem.
431 1505 523 1541 Usque
536 1505 570 1533 ad
588 1506 640 1533 hoc
654 1510 763 1542 tempus
775 1510 804 1534 ul
819 1507 905 1534 lilium
919 1513 963 1534 me
975 1514 1033 1534 am-

253 1550 331 1585 plexa
353 1555 409 1583 est;
435 1555 462 1578 et
472 1557 523 1585 ego
545 1550 723 1586 ignorabam;
737 1551 854 1586 denique
867 1559 911 1579 me
924 1552 958 1580 ad
974 1550 1032 1579 for-
1046 1541 1067 1569 (ἶ

253 1595 417 1623 nicationem
429 1596 591 1624 attrahebat.
604 1595 638 1623 Et
650 1596 804 1632 intelligens
822 1597 948 1626 tristatus
973 1606 1034 1627 sum

253 1650 340 1676 usque
361 1641 395 1668 ad
423 1646 556 1675 mortem;
582 1645 610 1668 et
630 1647 747 1669 exeunte
769 1643 827 1678 ipsa
840 1643 907 1671 redii
920 1645 953 1672 ad
966 1645 1034 1672 mei-

254 1695 331 1723 psum
346 1708 354 1721 ,
382 1691 409 1715 et
425 1687 553 1715 tristabar
578 1687 651 1715 illius
664 1696 746 1716 causa
762 1697 810 1724 per
836 1689 895 1718 dies
922 1691 1033 1724 multos,

253 1736 318 1770 quia
332 1734 446 1770 cognovi
460 1734 552 1762 dolum
564 1734 624 1769 ejus
639 1738 666 1761 et
678 1742 810 1762 errorem.
824 1735 858 1763 Et
871 1736 995 1764 dicebam
1009 1737 1034 1764 ei

254 1782 337 1808 verba
352 1780 497 1812 Altissimi,
511 1780 534 1808 si
548 1779 618 1807 forte
630 1784 800 1808 averteretur
812 1788 828 1807 a
839 1782 1035 1816 concupiscen-

253 1827 290 1854 tia
305 1833 354 1853 sua
367 1825 532 1861 perniciosa.

293 1868 335 1899 IV.
353 1882 362 1898 ι
378 1871 490 1904 Quoties
515 1877 546 1897 ut
570 1871 630 1898 viro
642 1875 738 1898 sancto
757 1871 785 1897 in
797 1871 890 1898 verbis
915 1871 1035 1898 blandita

253 1922 295 1945 est
321 1917 400 1949 mihi,
424 1924 488 1944 cum
512 1916 575 1943 dolo
588 1924 635 1950 per
646 1916 728 1943 verba
746 1916 862 1944 laudans
875 1917 1031 1944 castitatem

256 1971 344 1990 meam
358 1969 451 2001 coram
464 1962 565 1989 marito
581 1969 647 1995 suo,
659 1962 754 1989 volens
766 1969 892 1990 seorsum
906 1962 1036 1997 supplan-

255 2013 314 2036 tare
327 2008 390 2035 me?
404 2007 573 2035 Glorilicavit
596 2014 639 2034 tne
663 2012 692 2035 ut
704 2011 811 2034 castum
826 2007 853 2034 in
868 2007 1014 2035 manifesto
1027 2028 1034 2040 ,

255 2057 282 2080 et
306 2053 333 2079 in
359 2051 520 2079 abscondito
546 2050 615 2077 dixit
638 2050 727 2077 mihi:
745 2060 755 2076 ε
771 2049 810 2077 Ne
831 2051 929 2078 timeas
947 2051 1035 2078 virum

256 2105 364 2131 meum;
377 2105 439 2124 nam
448 2104 609 2132 persuasum
623 2101 665 2124 est
675 2096 698 2123 ei
712 2096 746 2124 de
758 2096 882 2124 castitate
891 2100 936 2123 tua
948 2105 955 2129 ;
970 2096 1036 2124 adeo

256 2149 287 2171 ut
300 2143 425 2178 quamvis
448 2143 548 2170 dixerit
570 2142 670 2176 aliquis
688 2142 713 2169 ei
734 2141 768 2169 de
790 2141 879 2174 nobis,
903 2149 957 2169 non
982 2150 1037 2170 cre-

258 2191 343 2216 deret.
362 2198 371 2214 t
385 2188 498 2223 Propter
523 2189 581 2215 haec
603 2188 695 2215 omnia
719 2188 746 2214 in
759 2191 831 2215 terra
852 2188 975 2223 jacebam
987 2196 1036 2222 ego

256 2242 336 2262 sacco
343 2235 478 2269 indutus,
493 2238 520 2261 et
532 2234 698 2269 deprecabar
717 2233 874 2268 Dominum,
890 2239 920 2262 ut
937 2235 1036 2262 libera-

257 2284 300 2307 ret
312 2287 355 2307 me
367 2280 402 2307 ab
414 2279 552 2315 IEgyptia.
568 2278 603 2306 Ut
615 2286 678 2306 vero
691 2279 759 2306 nihil
772 2280 866 2313 valuit,
880 2288 974 2307 rursus
987 2279 1038 2307 sub

259 2331 390 2362 praetextu
421 2325 612 2353 instruetionis
631 2326 769 2361 capienda:
793 2327 868 2354 venit
888 2326 922 2354 ad
937 2334 995 2358 me,
1008 2331 1038 2354 ut

258 2373 378 2400 disceret
399 2371 512 2399 verbum
537 2370 664 2404 Domini;
685 2375 712 2399 et
723 2371 792 2399 dixit
810 2372 876 2399 mihi
893 2381 900 2399 :
928 2381 937 2397 ι
956 2371 983 2398 Si
998 2371 1038 2399 vis

257 2424 288 2446 ut
302 2418 456 2452 relinquam
471 2416 555 2449 idola,
568 2416 728 2452 obtempera
740 2417 807 2444 mihi
819 2426 826 2450 ;
841 2422 868 2445 et
881 2416 1038 2453 Egyptium

257 2465 429 2501 persuadebo
454 2462 582 2492 recedere
609 2463 644 2491 ab
668 2464 758 2498 idolis,
772 2469 800 2492 et
820 2465 848 2492 in
860 2465 918 2499 lege
931 2463 1038 2491 Domini

295 2534 335 2568 (7)
354 2533 536 2567 Ἀνθρωπος.
549 2529 611 2561 Υἱὸς
626 2529 769 2566 ἀνθρώπου
780 2531 863 2559 habet
874 2531 935 2559 cod.
949 2528 1036 2558 Oxon.

258 2569 345 2597 Gate.

294 2604 333 2639 (8)
350 2603 462 2635 Τόποις.
476 2601 596 2635 Τούτοις.
611 2603 648 2631 ln.

295 2635 335 2674 (9)
349 2638 640 2674 Alxpdgqtqudﬂmg.
654 2638 795 2674 Διαφόροις
808 2635 964 2674 τόποιςειιι).

297 2669 353 2709 (lli)
375 2669 564 2707 Παραδοῦάα.
589 2669 770 2709 Παραδοῦναι,
797 2670 935 2699 subintell.
961 2669 1040 2705 ὴπεί-

259 2709 605 2778 λη(τῇΓ,’Ἂνεκαλέσ-ατό
624 2752 672 2778 με,
694 2743 743 2778 καί
766 2740 916 2778 ﬁnemque
926 2749 977 2778 μοι
996 2739 1039 2778 μὴ

261 2775 378 2806 θέλονλτι
404 2779 563 2805 συνελθεῖν
585 2775 672 2812 αὺὶῇζ
704 2777 773 2804 Ἀλλ’
793 2779 807 2804 ὁ
830 2777 895 2807 Θεὸς
908 2775 1040 2811 ἐρρύσατό

265 2813 361 2882 “de”;
382 2849 535 2877 Επεδίδου.
552 2849 601 2878 Ms.
617 2849 730 2884 ἐπιδίδῃ.
743 2846 782 2876 ln.

1051 2209 1073 2236 D

1086 909 1135 936 μου
1154 900 1260 933 Ἰακὼϐ,
1279 901 1326 927 καὶ
1336 899 1523 935 εἰσερχόμενος
1541 899 1581 930 εἰς
1593 898 1624 925 τὸ
1636 898 1776 933 ταμιεῖον,
1790 905 1869 932 προσ-

1084 947 1209 984 ηυχόμην
1234 947 1338 983 Κυρίῳ,
1362 947 1409 974 xa‘t
1435 947 1577 982 ὲνηστευον
1599 946 1641 980 ὲνΙ
1650 946 1709 976 τοῖς
1727 943 1801 970 ἑπτὰ
1819 943 1871 969 ἕτε-

1085 1002 1127 1021 σιν
1139 993 1263 1025 ἐκείνοις,
1271 993 1317 1020 καὶ
1330 992 1479 1028 ἐφαινόμην
1489 991 1527 1027 τῷ
1535 990 1677 1026 Αἰγυπτίῳ
1690 990 1730 1022 ὡς
1744 990 1775 1016 ἐν
1787 991 1870 1025 τρυφῇ

1084 1039 1199 1073 διάγων·
1218 1039 1258 1065 ᾶτι
1274 1038 1298 1064 ot
1311 1037 1355 1064 διὰ
1371 1037 1416 1065 τὸν
1428 1036 1494 1063 Θεὸν
1505 1035 1682 1072 νηστεύοντες
1701 1033 1752 1060 τοῦ
1768 1033 1870 1069 προσώ-

1087 1093 1139 1111 που
1170 1083 1219 1120 τὴν
1247 1083 1325 1119 χάριν
1352 1081 1612 1118 προσλαμϐάνουσιν.
1645 1080 1712 1107 Ἐὰν
1735 1080 1766 1107 δὲ
1789 1080 1871 1106 ἐπεδί-

1083 1129 1129 1157 δου
1144 1130 1199 1166 (12)
1215 1138 1259 1166 μοι
1271 1127 1352 1162 οἶνον,
1364 1129 1415 1156 οὐκ
1431 1127 1532 1155 ἔπινον·
1547 1127 1594 1154 καὶ
1614 1126 1810 1162 τριημερίζων
1820 1125 1870 1160 (13)

1084 1176 1235 1212 ὲλάμϐανόν
1249 1184 1299 1211 μου
1313 1175 1362 1210 τὴν
1372 1174 1487 1207 δίαιταν,
1499 1173 1546 1200 καὶ
1558 1173 1659 1200 ἐδίδουν
1677 1173 1769 1208 αὐτὴν
1781 1172 1870 1207 πένησι

1084 1222 1131 1249 κα)¹
1138 1221 1303 1248 ἀσθενοῦσιν.
1313 1221 1367 1247 Καὶ
1375 1219 1430 1256 ὡρθ
1435 1220 1505 1256 ριζον
1514 1219 1582 1255 πρὸς
1589 1218 1704 1255 Κύριον,
1712 1218 1763 1244 καὶ
1771 1217 1870 1244 ἔκλαιον

1084 1268 1149 1303 περὶ
1161 1267 1291 1303 Μεμφίας
1312 1266 1367 1302 (11)
1387 1266 1438 1301 τῆς
1451 1265 1610 1300 Αἰγυπτίας,
1625 1265 1667 1290 ὅτι
1679 1263 1788 1298 σφόδρα
1799 1264 1868 1290 ἀδιαη

1084 1314 1199 1346 λείπτως
1207 1313 1315 1349 ὲνώχλει
1329 1320 1383 1348 μοι·
1398 1312 1445 1339 καὶ
1456 1312 1485 1338 ὲν
1495 1311 1573 1338 νυκτὶ
1587 1311 1673 1346 εἰσῄει
1685 1310 1758 1345 πρός
1771 1318 1805 1345 με
1815 1329 1822 1342 ,
1833 1310 1869 1336 λό-

1084 1370 1124 1397 γῳ
1141 1360 1308 1395 ἐπισκέψεως
1319 1369 1325 1375 -
1346 1359 1394 1386 καὶ
1413 1358 1449 1385 τὰ
1471 1358 1520 1394 μὲν
1539 1357 1635 1394 πρῶτα
1648 1356 1707 1393 (15)
1719 1357 1763 1383 ὅτι
1782 1357 1870 1383 τέκνον

1084 1407 1226 1444 ἀρσενικὸν
1248 1407 1299 1433 οὐκ
1319 1404 1354 1441 ἦν
1379 1405 1465 1441 αὐτῇ,
1490 1403 1681 1440 προσεποιείτό
1696 1411 1732 1438 με
1755 1402 1870 1438 ἐχεινώς

1085 1454 1150 1481 υῑόν.
1175 1454 1230 1480 Καὶ
1248 1452 1374 1489 ηὐξάμην
1396 1451 1465 1487 πρὸς
1478 1450 1589 1486 Κύριον,
1611 1450 1658 1477 καὶ
1672 1449 1770 1476 ἔτεκεν
1781 1449 1869 1485 ἄρρεν.

1086 1501 1157 1532 Ἕως
1170 1500 1266 1536 χρόνου
1280 1499 1318 1531 ὠς
1335 1498 1394 1525 υἱὸν
1406 1496 1620 1534 περιεπτύσσετὸ
1635 1505 1669 1532 με
1680 1504 1686 1510 ·
1701 1495 1782 1530 κάγὼ
1796 1495 1870 1530 ἠγνό-

1083 1554 1144 1573 ουν⁶
1158 1546 1268 1581 ἔσχατον
1281 1544 1336 1580 (16)
1356 1545 1396 1576 είς
1415 1543 1540 1579 πορνείαν
1554 1551 1586 1578 με
1606 1541 1791 1576 ἐφειλκύσατο
1806 1540 1868 1574 (17).

1083 1592 1139 1618 Καὶ
1155 1592 1254 1626 νοήσας
1277 1589 1416 1625 ἐλυπήθην
1428 1589 1481 1620 ἕως
1497 1588 1612 1615 θανάτου
1622 1586 1691 1619 (καὶ
1710 1585 1869 1620 ἐξελθούσης

1083 1637 1177 1673 αὐτῆς,
1201 1635 1282 1672 ἦλθον
1302 1636 1342 1667 είς
1359 1634 1487 1670 ἐμαυτὸν,
1507 1634 1553 1660 καὶ
1574 1632 1714 1668 ὲπένθησα
1735 1632 1803 1667 περὶ
1823 1631 1869 1658 αὐ-

1082 1682 1133 1717 τῆς
1149 1681 1255 1717 ἡμέρας
1274 1680 1384 1712 πολλὰς,
1406 1680 1447 1706 ὅτι
1469 1679 1554 1713 ἔγνων
1568 1678 1614 1705 τὸν
1626 1677 1701 1704 δόλον
1720 1676 1810 1712 αὐτῆς
1829 1677 1870 1703 καὶ

1082 1728 1133 1763 τὴν
1160 1727 1275 1763 πλάνην.
1298 1726 1354 1753 Καὶ
1378 1725 1471 1759 ελεγον
1492 1724 1561 1759 αὐτῇ
1584 1723 1697 1758 ῥήματα
1723 1722 1868 1757 Ὑψίστου,

1084 1777 1108 1802 εἰ
1120 1775 1175 1810 ἀρα
1185 1772 1351 1808 ἀποστρέψει
1362 1771 1416 1799 ἀπὸ
1429 1770 1479 1805 τῆς
1491 1769 1638 1804 ἐπιθυμίας
1648 1768 1735 1804 αὐτῆς
1754 1768 1807 1804 τῆς
1824 1777 1869 1794 πο-

1084 1828 1178 1851 νηρας-

1099 1828 1196 1894 ηειῗῖςί
1213 1865 1333 1896 Ποσάκις
1365 1864 1402 1896 ὼς
1422 1862 1493 1898 ἁγίῳ
1518 1861 1594 1897 ἀνδρὶ
1615 1861 1645 1888 ἐν
1666 1860 1758 1895 λόγοις
1783 1860 1868 1886 ἐκολά-

1084 1911 1165 1938 κευσέ
1183 1919 1227 1946 με,
1251 1909 1320 1946 μετὰ
1342 1909 1417 1935 δόλου
1437 1907 1482 1934 διὰ
1500 1907 1627 1943 ῥημάτων
1653 1905 1806 1932 ἐπαινοῦσα
1825 1905 1870 1940 τὴν

1087 1956 1262 1993 σωφροσύνην
1281 1964 1329 1991 μου
1349 1954 1463 1981 ἐνώπιον
1480 1953 1526 1980 τοῦ
1549 1952 1646 1988 ἀνδρὸς
1659 1952 1756 1987 αὐτῆς,
1782 1951 1868 1987 βουλο-

1087 2003 1153 2039 μένη
1177 2001 1333 2037 καταμόνας
1351 1999 1527 2027 ὑποσκελίσαι
1550 2007 1583 2034 με
1605 1998 1680 2034 (18);
1700 1997 1865 2032 Ἑδόξασέμε

1085 2047 1123 2078 ὼς
1137 2045 1261 2081 σώφρονα
1273 2044 1408 2081 φανερῶς,
1420 2045 1466 2071 καὶ
1483 2044 1513 2071 ὲν
1525 2045 1614 2080 κρυερῇ
1629 2043 1706 2077 ἐλεγέ
1721 2052 1767 2078 μοι
1780 2051 1785 2056 '
1803 2052 1812 2068 ι
1827 2043 1865 2077 Μὴ

1086 2091 1205 2127 φοὸηθῇς
1226 2090 1271 2117 τὸν
1294 2089 1377 2125 ἄνδρα
1409 2097 1459 2124 μου
1472 2097 1478 2103 ·
1509 2089 1556 2115 καὶ
1573 2088 1627 2123 γὰρ
1655 2088 1805 2115 πέπεισται
1826 2096 1865 2113 π-

1088 2138 1115 2173 ρὶ
1130 2137 1179 2173 τῆς
1202 2135 1377 2172 σωφροσύνης
1391 2143 1438 2161 σου
1447 2142 1454 2149 ”
1472 2135 1512 2160 ὅτι
1526 2133 1580 2160 κᾶν
1591 2133 1656 2169 εἴπῃ
1667 2142 1710 2165 τις
1724 2132 1800 2168 αὐτῷ
1811 2134 1864 2167 περὶ

1086 2181 1176 2217 ἡμῶν,
1193 2181 1223 2207 οὺ
1243 2181 1279 2216 μὴ
1297 2180 1439 2217 πιστεύσῃ.
1457 2189 1466 2206 ι
1487 2179 1532 2206 Ἑν
1553 2178 1659 2210 τούτοις
1676 2179 1747 2204 πᾶσι
1759 2179 1863 2214 ἐχαμαι-

1087 2227 1194 2253 κοίτουν
1210 2225 1265 2260 ὲγὼ
1285 2225 1351 2261 (19),
1373 2225 1420 2251 καὶ
1437 2224 1550 2259 ἐδεόμην
1569 2223 1617 2249 τοῦ
1630 2222 1710 2254 Θεοῦ,
1730 2223 1805 2254 ὅπως
1821 2223 1860 2258 ῥύ-

1088 2272 1167 2308 σηταί
1189 2280 1222 2307 με
1245 2272 1277 2298 ὲκ
1298 2271 1347 2306 τῆς
1367 2269 1526 2304 Αἰγυπτίας.
1553 2269 1596 2300 Ὡς
1612 2267 1642 2294 δὲ
1663 2268 1746 2295 οὐδὲν
1762 2268 1861 2304 ἴσχυσε,

1088 2318 1168 2345 πάλιν
1186 2318 1233 2344 ἐπὶ
1255 2317 1324 2352 λόγῳ
1344 2317 1519 2352 κατηχήσεως
1539 2315 1638 2350 ἤρχετο
1659 2314 1729 2349 πρός
1758 2323 1801 2349 με,
1821 2322 1863 2348 μα-

1088 2365 1143 2392 θεῖν
1164 2364 1242 2398 λόγον
1270 2363 1372 2397 Κυρίου
1383 2371 1389 2377 ·
1411 2362 1459 2388 καὶ
1473 2361 1550 2395 ἐλεγέ
1568 2368 1612 2396 μοι
1625 2368 1633 2376 ·
1650 2369 1660 2385 ι
1676 2360 1708 2386 Εἰ
1721 2359 1816 2391 θέλεις,
1827 2359 1863 2385 ἵνα

1089 2410 1231 2438 καταλίπω
1248 2410 1283 2437 τὰ
1293 2410 1400 2441 εῐδωλα,
1415 2406 1595 2444 συμπείσθητί
1608 2406 1663 2442 (20)
1678 2415 1724 2442 μοι
1738 2415 1745 2422 ν
1765 2406 1810 2433 καὶ
1824 2405 1864 2431 τὸν

1087 2458 1236 2492 Αίγύπτιον
1256 2457 1342 2484 πείσω
1353 2455 1502 2490 ἀποστῆναι
1521 2454 1576 2480 τῶν
1598 2453 1736 2487 εἰδώλων,
1753 2454 1782 2480 ὲν
1797 2452 1862 2487 νόμῳ

1124 2527 1181 2562 (15)
1197 2524 1393 2562 Τριημερίζωρε.
1406 2523 1497 2562 Deest.
1511 2522 1549 2550 In.

1139 2557 1181 2596 14)
1195 2557 1340 2596 Μεμξριιὶς.
1355 2558 1494 2596 Qmissum
1506 2562 1558 2585 est.
1568 2557 1610 2596 _ln.

1136 2592 1179 2630 l5)
1196 2592 1306 2630 Τὰίὶὲν
1317 2592 1417 2629 πρῶτα
1434 2594 1544 2630 desunt.
1568 2592 1606 2630 lp.
1619 2626 1634 2630 _
1789 2624 1797 2630 ‘
1828 2620 1844 2630 Α

1139 2624 1182 2666 16)
1198 2624 1356 2666 Ἒᾰχατφῖ.
1370 2630 1430 2666 ’Ότι
1444 2628 1525 2656 habet
1538 2628 1599 2656 cod.
1614 2626 1707 2656 Oxon.
1718 2632 1779 2662 quae
1789 2624 1861 2651 lecuo

1089 2663 1187 2694 melior
1203 2663 1272 2693 mihi
1285 2665 1400 2692 videtur.
1415 2663 1453 2691 in.

1126 2702 1182 2736 (l7)
1202 2701 1424 2735 Ὲφειλκύσατο.
1446 2697 1625 2736 Ἐφειλκύετο,
1639 2695 1677 2736 lo.

1127 2728 1183 2771 (l8)
1198 2728 1383 2767 Πὸσάκις.....
1398 2728 1598 2771 ὐπρσᾶιελισαι
1609 2740 1662 2771 με..
1675 2728 1834 2771 θεευῃικιυξ

1126 2763 1182 2807 (19)
1202 2772 1253 2807 Ἐν
1275 2763 1389 2807 τούτοις
1410 2768 1484 2797 πᾶσι
1505 2763 1736 2802 ὲχιιμαύιοὶτουν
1745 2764 1806 2800 ἐγώ.
1824 2763 1860 2790 Ἑν

1091 2804 1184 2841 σάκκῳ
1197 2806 1259 2833 add.
1276 2804 1313 2832 ln.

1128 2837 1183 2877 (20')
1197 2841 1409 2877 Συμπεισθητι.
1424 2838 1568 2874 Συτγὲνου.
1584 2837 1623 2867 In.
