1913 3102
50 155 106 183 1129

660 156 918 185 TESTAMENTUM
937 156 1073 186 JOSEPH.

1601 165 1667 194 “50

46 212 136 250 Κυρίου
155 222 201 240 σου
215 215 402 251 πορευόμενοι.
421 224 430 240 ι
448 215 526 248 Λέγω
538 214 594 250 (2|)
606 214 634 240 δὲ
647 214 713 250 πρὸς
726 214 810 250 αὐτήν

881 214 926 241 Dei
941 215 979 242 tui
994 216 1204 245 amlullabimns.
1225 229 1233 244 ι
1250 219 1298 249 llis
1308 225 1374 257 ergo
1383 225 1508 259 respondi
1524 234 1531 252 :
1547 235 1556 252 ε
1575 225 1602 253 In
1614 227 1664 255 int-

47 261 116 287 ιΟὐκ
142 261 170 287 ὲν
198 261 356 297 ἀκαθαρσίᾳ
379 261 452 295 λέγει
473 261 528 296 (22)
546 261 646 296 Κύριος
669 261 831 295 σεϐομένους

44 306 124 338 αὐτὸν,
131 307 190 333 οὐδὲ
200 308 230 334 ὲν
239 309 294 339 τοῖς
306 307 474 342 μοιχεύουσιν
484 307 596 334 εὐδοκεῖ.
604 316 613 332 ι
626 307 746 342 Κάκείνη
754 306 831 332 ἐσιώ-

43 361 106 388 πησε
125 353 197 388 (25)
217 353 338 380 ποθοῦσα
358 353 497 380 ἐκτελέσαι
521 353 591 388 (24)
608 353 657 388 τὴν
683 352 830 387 ὲπιουμίαν

42 398 128 432 αὐτῆς.
149 398 239 433 Κάγὼ
257 398 431 434 προσετίθουν
451 398 577 434 νηστείαν
599 399 645 425 καὶ
665 398 827 433 προσευχὴν,

41 444 105 475 ὅπως
116 443 235 480 ῥύσηται
248 453 281 480 με
297 446 310 471 6
322 444 423 480 Κύριος
435 444 482 471 ἀπ’
499 444 592 479 αὐτῆς.

70 489 105 515 Ε’.
126 498 135 514 ι
151 489 240 516 Πάλιν
249 489 278 516 δὲ
288 490 317 516 ὲν
330 489 415 525 ἑτέρῳ
425 489 512 524 χρόνῳ
522 489 596 523 λέγει
611 497 656 524 μοι
668 497 674 504 ·
692 498 702 513 ι
719 489 750 515 El
768 497 828 524 μοι-

41 534 123 570 χεῦσαι
147 535 178 561 οὺ
209 535 307 567 Θέλεις,
337 535 392 570 ἐγὼ
409 535 513 570 ἀναιρῶ
536 535 581 561 τὸν
596 534 760 569 Αίγύπτιον,
778 535 826 561 καὶ

39 580 116 612 οὓτως
126 581 203 616 νόμῳ
219 581 274 617 (25)
287 580 408 616 λήψομαί
426 589 456 607 σε
468 581 509 612 είς
521 580 606 616 ἄνδρα
620 600 626 606 .
640 590 649 606 ι
677 579 748 615 Ἐγὼ
759 578 806 607 οὖν
817 600 824 612 ,

38 625 70 657 ὡς
79 626 181 660 ἥκουσα
195 626 285 658 τοῦτο,
297 626 427 662 διέρῤηξα
438 626 489 662 τὴν
498 626 594 662 στολήν
609 634 670 661 μου,
679 627 727 652 καὶ
737 623 822 652 εἷπον·

41 682 49 697 ι
60 672 153 705 Γύναι,
171 672 313 708 αἰδέσθητι
324 673 368 700 τὸν
386 673 488 709 Κύριον
498 693 505 705 ,
518 673 566 699 καὶ
588 673 625 708 μὴ
644 673 759 709 ποιήσῃς
774 673 824 708 τὴν

39 719 128 754 πρᾶξιν
141 718 248 754 ταύτην
263 719 313 754 τὴν
330 718 462 754 πονηρὰν,
485 718 529 745 ῐνα
552 718 589 753 μὴ
610 716 821 753 ὲξολοθρευθῇς’

37 766 72 792 ὅτι
93 766 138 793 καί
150 775 184 801 γε
206 766 263 801 ἐγὼ
279 765 418 801 ὲξαγγελῶ
430 766 479 802 τὴν
491 766 612 794 ἐπίνοιαν
631 766 679 800 τῆς
697 764 823 797 ἀσεὸείας

38 820 78 837 σου
92 812 167 838 πᾶσι.
186 820 196 837 ι
218 811 370 847 Φοῦηθεϊσα
387 809 433 839 οὖν
454 812 557 848 ἐκείνη,
570 811 658 846 ἠξίου,
673 811 717 838 ῐνα
729 810 823 846 μηδενὶ

36 857 181 892 ἀναγγείλω
198 858 250 893 τὴν
269 858 369 884 κακίαν
388 858 473 893 αὐτῆς
484 867 491 873 ·
511 858 559 884 καὶ
577 856 744 893 ἀνεχώρησε,
763 856 823 883 θέλ-

883 261 1017 288 munditia
1035 268 1088 288 non
1103 263 1157 289 vult
1169 263 1301 294 Dominus
1314 275 1376 295 esse
1389 275 1550 299 venerantes
1561 273 1662 307 ipsum,

881 312 968 340 neque
983 306 1009 332 in
1024 307 1243 338 adulterantibus
1257 312 1327 340 bene
1340 313 1471 348 placitum
1486 322 1528 344 est
1549 306 1583 345 ei.
1603 329 1612 344 ι
1629 319 1662 347 Et

880 352 925 379 illa
957 352 1050 387 siluit,
1087 355 1246 385 desiderans
1279 361 1389 395 explere
1413 366 1662 399 concupiscentiam

878 404 967 445 suam.
981 397 1016 425 Et
1034 407 1085 434 ego
1100 401 1193 429 addidi
1207 403 1343 438 jejunium
1359 412 1387 434 et
1406 397 1573 445 orationem,
1585 417 1615 440 ut
1627 414 1660 441 li-

878 443 990 471 beraret
1003 452 1046 472 me
1058 445 1192 476 Dominus
1210 451 1244 477 ab
1256 451 1324 485 ipsa.

916 488 949 516 V.
968 499 977 515 ι
997 489 1103 520 Rursus
1116 501 1181 521 vero
1201 495 1255 523 alio
1269 501 1388 533 tempore
1409 500 1474 528 dicit
1497 503 1584 530 mihi:
1602 514 1612 530 ι

877 534 1030 583 adulterare
1056 546 1110 565 non
1139 540 1191 573 vis,
1216 549 1266 577 ego
1289 545 1412 573 occidam
1441 547 1609 583 IEgprium,
1635 556 1663 579 et

877 579 1002 629 ita-lege
1027 583 1161 618 accipiam
1188 590 1215 612 te
1239 587 1267 613 in
1292 588 1392 617 virum.
1410 600 1419 616 ι
1445 579 1612 629 Ego-igitur,
1632 601 1663 624 ut

876 626 970 654 audivi
983 629 1045 662 hoc,
1061 631 1128 658 scidi
1143 633 1242 661 stolam
1257 643 1358 669 meam,
1371 643 1397 665 et
1410 626 1555 669 dicebam':
1578 652 1586 668 ε
1601 626 1661 671 Illu-

874 673 933 705 lier,
961 682 1085 704 reverere
1109 676 1205 711 Deum,
1228 684 1255 706 et
1276 689 1310 709 ne
1332 681 1417 711 facias
1443 685 1514 714 hanc
1526 689 1662 722 pernicie.

874 727 1028 769 sam-rem,
1055 727 1085 750 ut
1105 731 1159 751 non
1174 725 1315 760 dispereas
1329 738 1336 761 ;
1357 731 1486 769 quoniam
1500 737 1527 760 et
1546 742 1596 769 ego
1608 743 1660 762 an—

872 765 1005 793 nuutiabo
1028 767 1219 801 cogitationem
1245 766 1393 807 impietatis
1415 779 1467 804 tua:
1491 765 1629 807 omnibus.
1646 790 1655 806 ι

872 809 983 840 Timens
1008 812 1095 848 igitur
1119 814 1176 848 illa,
1191 817 1316 852 rogabat,
1340 826 1369 847 ut
1384 823 1451 849 nulli
1466 825 1657 853 annuntiarem

873 857 1005 886 malitiam
1024 860 1102 894 ejus;
1125 866 1153 889 et
1177 864 1299 897 recessit,
1324 870 1434 895 tentans
1460 876 1503 896 me
1526 870 1617 904 donis,
1630 877 1658 899 et

36 903 116 930 τουσά
129 902 186 938 (Ξϐ)
246 903 353 940 δώροις,
367 905 414 931 καὶ
432 891 578 939 πέμπουσα
599 891 817 930 πᾶσανγὰπόλαυ-

1039 891 1047 894 _
1096 891 1100 893 γ
1293 891 1299 897 ,
1327 891 1433 895 ,s__-_.._
1460 891 1503 896 ...υ
1526 891 1655 904 ,ωηερ-

874 904 984 933 mittens
1007 907 1075 934 mihi
1098 909 1201 943 omnia,
1227 918 1288 946 qua:
1308 915 1415 941 suntin
1435 923 1516 944 usum
1535 917 1655 947 ﬁliorum

38 957 74 974 σιν
87 949 150 975 υἱῶν
162 948 327 984 ἀνθρώπων.

67 1004 110 1036 ς’.
126 1013 135 1028 ι
145 1003 204 1029 Καὶ
216 1003 374 1030 ἀποστέλλει
389 1013 434 1039 μοι
446 1004 543 1040 βρῶμα
555 1006 582 1031 ὲν
595 1004 708 1040 γοητείᾳ
717 1012 822 1040 πεφυρ-

37 1049 117 1082 μένον.
141 1050 198 1076 Kal
219 1049 257 1082 ὡς
274 1047 355 1085 ἦλθεν
376 1051 390 1076 6
409 1050 535 1086 εὐνοῦχος
556 1052 571 1078 6
596 1050 714 1086 κομίζων
738 1050 819 1081 αὐτὸ,

35 1094 177 1129 ὲνέϐλεψα,
197 1095 246 1121 καὶ
264 1093 333 1121 εἶδον
359 1095 473 1132 φοϐερὸν
489 1095 590 1132 ἄνδρα,
606 1095 758 1122 ἐπιδιδόντα
775 1104 820 1131 μοι

37 1141 98 1175 μετὰ
110 1142 157 1168 τοῦ
179 1142 309 1177 τρυϐλίου
331 1143 476 1178 μάχαιραν.
490 1143 545 1169 Kal
567 1142 687 1178 συνῆκα,
708 1143 748 1169 ὅτι
772 1151 820 1169 πε-

35 1188 134 1223 ριεργία
147 1188 219 1224 αὓτη
231 1189 271 1220 εὶς
281 1188 467 1224 ἀποπλάνησιν
477 1188 570 1224 ψυχῆς
583 1189 652 1216 ἐστι.
668 1189 732 1221 Καὶ,
744 1188 819 1221 ἐξελ-

35 1233 119 1265 Οόντος
139 1233 242 1266 αὐτοῦ,
266 1233 391 1266 ἔκλαιον,
411 1234 478 1270 μήτε
500 1234 622 1265 ἐκείνου,
649 1234 716 1269 μήτε
739 1233 818 1261 ἄλλου

35 1279 197 1314 γευσάμενος
220 1279 377 1314 ἐδεσμάτων
399 1279 494 1314 αὐτῆς.
516 1279 595 1306 Μετὰ
610 1279 639 1305 δὲ
664 1279 728 1314 μίαν
747 1279 817 1315 ἡμέ-

37 1334 80 1358 ραν
100 1325 217 1352 ἐλθοῦσα
239 1326 307 1362 πρὸς
326 1326 369 1361 μὲ,
393 1325 501 1360 ἐπέγνω
514 1326 545 1352 τὸ
561 1325 667 1361 βρῶμα,
681 1326 729 1353 καὶ
742 1326 816 1360 λέγει

36 1372 95 1407 πρός
114 1381 150 1408 με
163 1381 170 1388 ·
193 1382 203 1398 ι
215 1372 248 1399 Τί
266 1372 354 1404 τοῦτο,
376 1372 417 1398 ὅτι
440 1373 490 1398 οὐκ
500 1372 600 1407 ἔφαγες
613 1373 667 1400 ἀπὺ
684 1372 732 1400 τοῦ
747 1372 817 1408 βρώ-

37 1425 128 1451 ματος;
144 1429 153 1444 ›
175 1420 232 1446 Καὶ
250 1417 325 1446 εἷπον
342 1418 410 1454 πρὸς
430 1419 531 1454 αὑτήν·
553 1429 563 1445 ι
577 1419 637 1446 ’Ὁτι
656 1419 817 1455 ὲπλήρωσας

35 1463 92 1490 αὐτὸ
109 1463 237 1492 θανάτου.
268 1464 323 1490 Kal
350 1463 410 1496 πῶς
437 1462 535 1496 εἶπας,
557 1465 598 1491 ὅτι
633 1464 684 1491 οὐκ
715 1463 817 1499 ὲγγίζω

36 1511 84 1542 τοῖς
110 1511 241 1543 εἰδώλοις,
269 1510 337 1538 ἀλλὰ
363 1511 458 1547 Κυρίῳ
492 1511 564 1546 μόνῳ
585 1511 662 1546 (27);
682 1511 740 1538 Νῦν
769 1509 816 1537 οὖν

872 950 1028 980 hominum.

906 1007 948 1035 Vi.
967 1018 977 1034 ι
995 1009 1028 1036 Ει
1041 1011 1115 1039 misit
1129 1013 1194 1040 mihi
1216 1015 1306 1042 cibum
1330 1017 1513 1047 incantatione
1539 1022 1656 1049 commi-

871 1056 954 1080 stum.
968 1053 1001 1081 Et
1015 1059 1044 1082 ut
1064 1057 1138 1084 venit
1158 1060 1302 1088 eunuchus
1314 1060 1403 1090 ferens
1427 1063 1502 1091 illum
1512 1085 1519 1098 ,
1534 1067 1653 1101 respexi,

870 1104 897 1125 et
922 1100 975 1127 vidi
1000 1100 1088 1128 virum
1113 1103 1278 1138 terribilem,
1313 1107 1462 1136 tradentem
1497 1111 1563 1139 mihi
1579 1100 1651 1141 ﬁcum

869 1145 946 1173 dsco
960 1146 1089 1181 gladium.
1106 1148 1140 1176 Et
1166 1149 1297 1185 intellexi,
1319 1154 1391 1188 quod
1407 1155 1463 1183 inec
1483 1157 1593 1185 curiosa
1607 1166 1652 1186 se-

869 1190 970 1219 dulitas
982 1192 1010 1219 in
1023 1193 1210 1223 seductionem
1224 1202 1297 1225 esset
1312 1199 1410 1228 animm
1422 1209 1500 1230 mea}.
1513 1202 1546 1230 Et
1558 1211 1652 1239 egres-

869 1244 901 1263 so
914 1244 958 1268 eo,
985 1237 1094 1271 ﬂebam,
1109 1248 1198 1276 neque
1218 1242 1304 1276 illum,
1326 1252 1413 1280 neque
1426 1246 1510 1275 alium
1524 1237 1650 1277 ciborum

869 1282 955 1316 ipsius
974 1283 1118 1318 (mulieris)
1141 1290 1266 1321 gustatis.
1287 1287 1354 1315 Post
1378 1297 1463 1317 unum
1483 1291 1566 1326 igitur
1578 1293 1649 1320 diem

868 1327 927 1362 ipsa
949 1328 1059 1357 veniens
1072 1330 1106 1358 ad
1120 1339 1173 1364 me,
1188 1334 1314 1368 cognovit
1326 1336 1428 1370 cibum,
1442 1342 1469 1364 et
1480 1337 1547 1365 dixit
1559 1339 1625 1366 mihi
1641 1350 1649 1368 :

871 1383 880 1399 I
896 1373 967 1407 Quid
984 1374 1036 1402 hoc
1052 1380 1104 1408 est,
1117 1378 1190 1412 quod
1214 1386 1270 1407 non
1283 1382 1423 1409 comedisti
1440 1383 1474 1411 de
1493 1385 1577 1412 cibo?
1592 1395 1601 1411 ι
1617 1385 1651 1414 Et

866 1418 990 1446 dicebam
1012 1420 1058 1448 ei:
1074 1430 1084 1446 ι
1099 1422 1233 1455 Quoniam
1260 1424 1379 1459 implesti
1405 1426 1479 1454 illum
1504 1433 1601 1456 morte.
1615 1429 1650 1457 Et

868 1465 1008 1500 quomodo
1031 1467 1134 1500 dixisti,
1159 1469 1232 1504 quod
1257 1477 1311 1498 n0n
1336 1472 1523 1508 appropinquo
1551 1474 1648 1509 idolis,

868 1511 914 1538 sed
927 1512 1044 1540 Domino
1055 1513 1128 1541 soli?
1139 1513 1217 1542 Nunc
1230 1514 1313 1550 igitur
1334 1524 1478 1552 cognosce,
1492 1520 1564 1554 quod
1576 1519 1650 1548 Deus

35 1555 127 1588 γνῶθι,
148 1557 191 1583 ὅτι
226 1556 240 1582 6
267 1555 333 1588 Θεὸς
364 1555 412 1582 τοῦ
440 1555 542 1591 πατρός
568 1565 618 1591 μου
648 1556 682 1582 δι’
699 1556 815 1591 ἀγγέλου

870 1557 954 1592 patris
968 1558 1022 1586 mei
1047 1566 1094 1594 per
1117 1560 1245 1596 angelum
1268 1563 1398 1590 revelavit
1423 1565 1489 1591 mihi
1513 1566 1647 1594 malitiam

35 1599 185 1636 ἀπεκάλυψέ
212 1609 257 1637 μοι
273 1601 322 1637 τὴν
341 1601 441 1628 κακίαν
461 1609 519 1633 σου,
542 1602 589 1628 καὶ
609 1601 730 1637 ἐτήρησα
751 1601 816 1628 αὐτὸ

35 1646 68 1676 εἰς
79 1646 186 1682 ἐλεγχόν
198 1655 255 1678 σου,
267 1647 291 1673 ει
310 1646 363 1682 ἄρα
375 1646 466 1673 ἰδοῦσα
476 1647 542 1674 αὐτὸ
557 1648 741 1683 μετανοήσεις.
758 1647 816 1674 Ἵνα

34 1690 58 1717 δὲ
74 1692 168 1729 μάθῃς,
195 1692 301 1719 ὅτιτῶν
321 1693 350 1719 ὲν
371 1692 532 1729 σωφροσύνῃ
555 1692 621 1719 Θεὸν
640 1692 773 1721 σεϐόντων
784 1693 814 1719 οὐ

35 1739 166 1773 κατισχύει
179 1737 263 1764 κακία
277 1737 457 1769 άσεὸούντων,
466 1737 556 1764 λαϐὼν
567 1737 683 1765 ἐνώπιον
694 1738 778 1772 αὐτῆς
787 1737 815 1763 ἐ-

35 1790 121 1816 φαγον,
141 1783 243 1810 εἰπών·
274 1792 284 1809 ι
301 1783 331 1810 '0
351 1782 418 1815 Θεὸς
436 1783 491 1810 τῶν
514 1783 639 1819 πατέρων
652 1792 703 1818 μου
714 1803 721 1815 ,
740 1783 786 1810 καὶ
801 1784 815 1809 6

34 1828 137 1862 ἄγγελος
155 1828 282 1864 Ἀϐραὰμ
303 1828 379 1856 ἔσται
400 1829 458 1865 μετ’
487 1829 565 1864 ἐμοῦ.
582 1839 591 1854 ι
617 1828 649 1855 Ἡ
667 1828 694 1855 δὲ
718 1828 815 1855 ἔπεσεν

34 1872 74 1898 ἐπὶ
84 1874 229 1908 πρόσωπον
246 1876 286 1907 εἰς
302 1875 365 1907 τοὺς
381 1875 464 1907 πόδας
478 1884 529 1910 μου
539 1895 546 1907 ,
561 1875 609 1902 καὶ
621 1875 736 1901 ἐκλαυσε
746 1883 753 1890 ε
767 1875 816 1901 καὶ

34 1917 180 1955 ἀναστήσας
192 1920 275 1956 αὐτὴν
295 1921 459 1956 ἑνουθέτησα
471 1929 477 1935 ·
498 1921 546 1947 καὶ
572 1921 697 1947 συνέθετο
712 1919 759 1946 τοῦ
777 1920 814 1956 μὴ

34 1964 135 1999 ποιῆσαι
152 1966 195 1992 ἔτι
206 1965 255 2002 τὴν
268 1966 395 1993 ἀσέϐειαν
406 1966 518 2001 ταύτην.

64 2020 97 2046 Z'.
114 2030 123 2046 l
137 2022 200 2048 ’Ότι
214 2020 268 2058 (28)
280 2021 308 2048 δὲ
320 2023 337 2058 ἡ
358 2022 457 2058 καρδία
475 2021 560 2057 αὐτῆς
577 2022 696 2050 ἐνέκειτο
711 2022 751 2054 εἰς
765 2021 814 2057 ἐμὲ

33 2064 94 2100 πρὸς
115 2067 281 2098 ἀκολασίαν,
302 2068 349 2094 καὶ
366 2068 421 2104 (29)
442 2067 605 2099 στενάζουσα
631 2068 814 2102 προσέπιπτεν

34 2110 93 2145 (50).
112 2112 184 2139 Ίῦὼν
205 2112 234 2139 δὲ
250 2114 264 2139 ό
276 2112 434 2147 Αἰγύπτιος,
455 2112 530 2146 λέγει
551 2112 619 2148 πρὸς
632 2112 733 2148 αὐτήν·
751 2121 760 2137 ι
781 2111 814 2138 Τί

35 2158 157 2186 συνέπεσε
182 2160 379 2196 τὸ¹πρόσωπόν
397 2168 462 2189 σου;
485 2169 493 2185 ι
513 2159 545 2186 Ἡ
558 2159 587 2186 δὲ
607 2157 666 2186 εἷπε
677 2167 683 2174 ·
704 2168 714 2184 ι
730 2159 814 2185 Πόνον

34 2205 137 2240 καρδίας
147 2206 224 2240 ἀλγῶ
244 2206 310 2241 ἐγὼ,
328 2207 374 2232 xal
387 2207 412 2232 ol
429 2206 575 2240 στεναγμοὶ
593 2205 639 2231 τοῦ
661 2204 814 2240 πνεύματός

865 1607 951 1637 tuam,
965 1608 992 1631 et
1013 1605 1118 1632 servavi
1132 1606 1234 1641 ~cibum
1255 1607 1282 1634 in
1306 1608 1524 1643 redargutionem
1548 1612 1597 1645 tui,
1624 1613 1649 1641 si

866 1649 934 1677 forte
943 1650 1038 1678 videns
1050 1651 1124 1679 illum
1134 1652 1275 1686 poeniteas.
1287 1653 1321 1681 Ut
1336 1662 1401 1682 vero
1411 1655 1511 1690 discas,
1521 1658 1593 1692 quod
1604 1658 1648 1687 ltis

864 1695 909 1730 qui
925 1696 952 1722 in
967 1697 1093 1725 castitate
1105 1697 1250 1726 Dominum
1262 1705 1436 1735 venerantur,
1453 1710 1507 1729 non
1521 1705 1649 1737 praevalet

863 1741 966 1769 malitia
977 1743 1059 1778 impie
1070 1744 1218 1779 agentium,
1233 1755 1242 1772 ι
1253 1747 1389 1782 accipiens
1409 1755 1501 1776 coram
1521 1749 1579 1784 ipsa
1603 1758 1647 1777 co-

861 1787 949 1820 medi,
965 1788 1058 1817 dicens
1073 1798 1081 1816 :
1095 1799 1106 1815 ί
1122 1790 1194 1819 Deus
1214 1796 1321 1827 patrum
1335 1801 1458 1821 meorum
1468 1816 1476 1828 ,
1491 1799 1520 1822 et
1534 1795 1647 1830 angelus

864 1832 1012 1866 Abraham,
1026 1833 1078 1860 erit
1090 1841 1208 1861 meeum.
1224 1843 1233 1859 ι
1250 1834 1296 1861 Illa
1310 1842 1373 1862 vero
1388 1836 1482 1863 cecidit
1499 1838 1525 1863 in
1548 1837 1646 1865 facient

864 1880 898 1906 ad
922 1879 1004 1914 pedes
1031 1886 1118 1912 meos,
1134 1884 1161 1907 et
1185 1878 1280 1907 ﬂevit:
1297 1883 1324 1907 et
1337 1880 1444 1915 erigens
1456 1881 1530 1908 illam
1547 1883 1646 1909 admo-

864 1926 931 1960 nui;
949 1931 976 1954 et
989 1927 1116 1962 promisit
1143 1934 1174 1954 se
1197 1934 1253 1954 non
1279 1934 1340 1954 esse
1364 1927 1500 1955 facturam
1528 1929 1646 1964 amplius

864 1971 1029 2006 impietatem
1046 1972 1126 2000 hanc.

900 2015 957 2045 νη.
975 2027 984 2044 ι
1003 2018 1100 2045 Adhuc
1121 2025 1186 2045 vero
1210 2026 1259 2046 cor
1287 2019 1374 2054 ipsius
1397 2019 1426 2046 in
1447 2027 1491 2047 me
1502 2019 1646 2048 exarserat

864 2063 897 2090 ad
918 2063 1093 2096 adulterium,
1108 2067 1135 2091 et
1146 2063 1329 2098 ingemiscens
1342 2064 1450 2092 cecidit.
1469 2065 1570 2093 Videns
1580 2074 1645 2094 vero

863 2116 923 2136 eam
948 2108 1107 2144 Egyptius,
1136 2109 1203 2136 dicit
1233 2110 1282 2136 ei:
1301 2119 1310 2135 ι
1326 2109 1397 2143 Quid
1420 2111 1539 2139 concidit
1561 2111 1646 2140 facies

863 2155 933 2182 tua?
949 2164 959 2181 ι
979 2155 1023 2182 Illa
1038 2163 1103 2183 vero
1115 2155 1185 2183 dixit
1200 2163 1208 2183 :
1226 2164 1235 2181 ι
1252 2155 1350 2183 Dolore
1372 2157 1463 2184 cordis
1486 2165 1536 2193 ego
1555 2159 1645 2193 doleo,

863 2205 891 2228 et
904 2202 1021 2236 gemitus
1041 2202 1154 2236 spiritus
1177 2202 1230 2229 mei
1246 2203 1437 2238 constringunt
1449 2211 1502 2232 me.
1516 2204 1548 2232 Et
1563 2213 1645 2233 cura-

35 2257 79 2283 μου
96 2251 236 2286 συνέχουσί
249 2260 291 2287 με.
310 2262 319 2277 ι
333 2252 387 2278 Kal
396 2251 578 2286 ἐθεράπευσεν
588 2249 672 2286 αὐτὴν
683 2250 720 2285 μὴ
731 2249 810 2276 ἀσθε-

870 2251 909 2274 )at
930 2255 990 2274 eam
1016 2255 1070 2274 non
1096 2251 1285 2282 aegrotantem.
1312 2247 1390 2276 Tunc
1415 2249 1521 2276 insiluit
1542 2251 1577 2277 ad
1589 2259 1644 2282 me,

34 2294 132 2324 νοῦσαν,
147 2297 215 2323 Τότε
225 2297 387 2333 εἰσεπήδησε
403 2297 471 2332 πρὸς
492 2296 535 2331 μὲ,
557 2295 597 2322 ἔτι
614 2294 666 2328 ἔξω
678 2295 754 2327 ὄντος
765 2294 812 2321 τοῦ

34 2339 118 2377 ἀνδρὸς
129 2342 226 2377 αὐτῆς,
241 2342 288 2368 καὶ
296 2342 369 2376 λέγει
384 2350 428 2377 μοι
437 2350 444 2356 ·
456 2351 466 2367 ι
481 2341 627 2376 Ἀγχομαι,
638 2340 654 2374 ἢ
665 2341 705 2372 εἰς
714 2340 811 2375 φρέαρ,

34 2383 95 2420 ῆείς
106 2387 229 2423 κρημνὸν
249 2387 337 2422 ρίπτω
356 2387 478 2422 ἐμαυτὴν
489 2406 495 2417 ,
518 2385 565 2412 ἐὰν
591 2386 628 2421 μὴ
643 2385 812 2420 συμπεισθῇς

35 2432 83 2468 (51)
96 2443 151 2469 μοι.
169 2444 178 2459 ι
198 2435 252 2460 Kal
266 2434 375 2470 νοήσας,
387 2434 428 2460 ὃτι
439 2433 469 2459 τὸ
481 2433 588 2468 πνεῦμα
599 2433 646 2459 τοῦ
659 2432 756 2469 Βελιὰρ
768 2433 812 2459 αὺ-

35 2477 77 2512 τὴν
89 2479 144 2515 (52)
160 2478 271 2514 ἐνοχλεῖ,
286 2479 505 2515 προσευξάμενος
517 2479 622 2514 Κυρίῳ,
637 2476 712 2505 εἷπον
723 2479 790 2514 αὐτῇ
803 2488 809 2494 ·

38 2529 46 2546 ι
61 2523 113 2550 Ὶνα
124 2525 153 2551 τί
165 2525 289 2560 ταράσσῃ
305 2524 352 2550 καὶ
367 2523 478 2559 θορυὸῇ,
493 2524 521 2550 ἐν
533 2523 680 2559 ἁμαρτίαις
692 2524 811 2558 τυφλώτ-

68 2602 120 2638 (21)
133 2604 225 2638 Λέγω.
241 2604 365 2638 Ἔλεγον.
381 2603 464 2630 GRAB.

67 2636 121 2674 (1‘22)
134 2636 229 2673 Λέγει.
253 2636 340 2670 Θέλει,
358 2643 431 2666 recte
450 2638 582 2672 legitcod.
594 2636 693 2674 (Oxon.
717 2637 754 2664 Ιυ.

68 2673 120 2710 (25)
142 2675 320 2708 Ἐσιώπησε.
330 2674 515 2708 Ἐφιλονείκει,
528 2673 600 2708 quod
614 2674 692 2707 plane
705 2678 811 2701 contra-

37 2707 99 2734 rium
111 2707 204 2737 sonat.
219 2711 256 2737 lu.

68 2742 121 2775 (24)
143 2745 324 2772 Ἐκτελέσαι.
345 2745 468 2770 Τελέσαι.
484 2743 523 2771 In.

69 2745 110 2775 (24
143 2745 324 2772 Ἐκτελέσαι.
345 2745 436 2770 Τελέσι

69 2745 122 2815 (tsi
136 2781 232 2814 Νόμῳ.
253 2780 385 2815 Νομίσας.
399 2779 436 2806 lt).

69 2813 123 2850 (25)
138 2813 307 2842 Θέλπουσά.
330 2815 399 2849 Lege
413 2815 553 2848 θέλγουσα.
569 2813 606 2841 lt).

70 2849 121 2884 (27)
134 2852 234 2884 Kt'pltp
242 2851 334 2885 μόνῳ.
349 2850 386 2876 Ex
402 2851 532 2877 venelicio
551 2850 686 2877 idolorum
707 2849 808 2876 cultum

40 2884 132 2921 colligit
157 2884 303 2916 Joseplius.
331 2885 485 2912 ldololatria
505 2885 604 2920 quippe
618 2890 643 2913 ct
658 2885 746 2919 magia
764 2893 809 2920 gc-

197 2931 334 2962 PATBOL-
357 2933 416 2963 Gn.
439 2933 479 2963 ll.

863 2293 952 2321 adhuc
965 2293 1033 2321 loris
1045 2294 1192 2321 exsislente
1202 2294 1262 2321 viro
1273 2302 1334 2327 suo,
1347 2299 1374 2322 et
1384 2295 1449 2322 dicit
1464 2296 1530 2323 mihi
1545 2306 1570 2324 ει
1585 2297 1646 2324 Suf-

863 2337 950 2372 l'ocor,
976 2339 1019 2366 vel
1044 2339 1071 2365 in
1094 2344 1227 2374 puteum,
1255 2339 1297 2366 vel
1321 2341 1500 2375 praecipitium
1530 2342 1645 2377 projicio

861 2384 1008 2420 mcipsam,
1035 2385 1090 2412 nisi
1112 2385 1180 2412 mihi
1206 2386 1447 2421 obtemperaveris.
1466 2397 1476 2413 ›
1491 2387 1525 2415 Ει
1545 2389 1645 2415 intelli-

862 2438 937 2466 gens,
954 2431 1027 2465 quod
1051 2431 1162 2465 spiritus
1179 2431 1268 2459 Beliar
1289 2432 1376 2466 ipsam
1388 2434 1544 2466 conturbat,
1560 2441 1643 2461 orans

862 2476 1017 2508 Dominum,
1030 2476 1086 2504 dixi
1103 2477 1128 2504 ei
1145 2485 1151 2503 :
1173 2486 1183 2502 ‹
1199 2477 1270 2510 Quid
1282 2479 1401 2506 turbaris
1415 2483 1441 2506 et
1456 2480 1642 2513 tumultuaris,

862 2523 889 2550 in
903 2523 1022 2557 peccatis
1039 2524 1195 2551 excaecata?
1207 2523 1344 2552 Memento
1355 2525 1426 2559 quod
1441 2525 1464 2552 si
1479 2526 1588 2553 occidas
1600 2530 1642 2554 te-

861 2604 942 2632 minae
959 2609 1027 2642 sunt
1051 2613 1160 2633 sorores
1172 2626 1179 2638 ,
1197 2611 1237 2642 fut
1262 2606 1306 2642 alii
1329 2610 1392 2635 ante
1409 2615 1453 2634 me
1472 2607 1578 2642 prolixe
1594 2615 1643 2642 per

861 2640 984 2674 exempla
1010 2640 1170 2667 docuerunt.
1197 2641 1256 2676 Ipse
1283 2641 1400 2676 Spiritus
1421 2642 1449 2669 S.
1469 2640 1560 2669 Babeli
1587 2640 1641 2670 una

861 2683 924 2711 cum
939 2676 1090 2702 idololatria
1103 2677 1301 2704 incantationes
1329 2676 1441 2704 ascribit
1454 2681 1481 2705 et
1496 2678 1639 2711 veneﬁcia,

861 2709 1034 2748 lsaigegxuvn,
1047 2711 1250 2748 ct__Apocalyps.
1265 2719 1342 2739 XVIII.
1356 2711 1394 2738 In.

897 2744 954 2779 (28)
979 2745 1051 2771 Ὅτι.
1066 2746 1137 2773 Ἔτι.
1153 2745 1190 2772 ID.

897 2777 953 2814 (29)
967 2780 1032 2806 Καί.
1054 2780 1135 2807 Deest
1148 2781 1175 2807 in
1188 2787 1240 2806 ms.
1255 2777 1331 2808 Trin.
1344 2781 1382 2809 In.

896 2813 953 2848 (50)
967 2814 1182 2848 Προσέπιπτεν.
1203 2815 1376 2843 Συνέπιπτεν.
1390 2818 1428 2845 lo.

895 2849 951 2884 (51)
965 2850 1164 2883 Συμπεισθῇς.
1186 2850 1318 2884 Συγγένῃ.
1331 2852 1369 2879 In.

897 2884 953 2919 (52)
967 2885 1077 2918 Αὺτήν.
1099 2886 1182 2920 Δὺτῇ.
1198 2885 1237 2912 In.

1464 2936 1502 2966 36
