1913 3102
269 141 333 169 ΗΞΙ

757 134 987 165 TESTAMENTA
1003 135 1051 164 ΧΗ
1068 135 1376 167 PATRIARCHARUM.

1825 141 1880 170 H32

269 201 368 235 ipsam,
382 197 495 231 Scthon,
508 197 661 225 concubina
675 196 725 223 viri
738 197 788 227 tui,
804 196 897 224 rivalis
911 201 966 229 tua,
981 196 1046 223 colar

1104 206 1188 224 τουσα
1198 206 1205 230 ;
1215 197 1357 232 Μνήσθητι
1367 197 1406 224 ὅτι
1413 197 1460 224 ἐὰν
1470 197 1565 234 ἀνέλῃς
1576 199 1688 234 σαυτὴν,
1697 199 1716 234 ὴ
1725 199 1818 235 mea».
1825 201 1879 235 (33),

268 247 338 282 phos
354 244 483 279 infringet
495 244 559 271 tiliis
574 243 642 276 tuis,
657 247 684 270 et
696 243 790 278 perdet
803 243 964 270 memoriam
978 247 1046 269 tuam

1107 244 1123 278 ὴ
1137 243 1262 278 παλλακὴ
1274 242 1320 269 τοῦ
1333 242 1428 278 ἀνδρός
1441 251 1499 274 σου,
1513 244 1528 278 ἡ
1552 243 1693 280 ἀντίζηλός
1707 253 1756 270 σου
1765 265 1772 276 ,
1785 246 1880 281 κολαςὶ-

268 293 302 320 de
314 297 395 319 terra.
415 302 424 317 ι
443 291 475 317 Et
492 291 558 318 dicit
570 290 637 318 mihi
651 299 657 317 ;
676 298 685 315 ι
703 289 773 316 Num
786 289 869 324 igitur
884 289 977 324 diligis
992 288 1053 315 me?

269 336 368 365 sullicit
387 337 454 364 mihi
471 336 572 367 solum,
587 335 659 370 quod
683 334 803 370 protegis
815 333 899 361 vitam
912 341 1012 365 meam,
1026 337 1054 361 et

268 383 387 410 liliorum
402 389 524 409 meorum
536 389 544 412 ;
559 384 585 407 et
598 380 686 407 habeo
695 379 928 414 exspectationem
941 378 1052 414 potiun-

268 428 295 455 di
308 428 444 456 desiderio
458 435 530 455 meo.
548 437 558 453 ›
575 426 607 454 Ει
621 434 677 454 non
692 425 822 461 cognovit
831 446 839 459 ,
853 425 927 461 quod
941 429 1053 460 propter

268 474 353 502 Deum
380 482 471 502 meum
497 474 535 501 ita
560 474 627 506 dixi,
654 478 680 500 et
705 480 760 500 non
775 477 886 507 propter
907 472 1006 507 ipsam.
1022 471 1052 499 Si

267 521 340 549 enim
357 521 456 556 aliquis
471 520 591 556 passioni
600 520 761 547 succumbat
772 519 900 546 desiderii
913 518 1052 554 pernicio-

267 568 302 600 si,
317 572 344 595 et
359 567 424 594 huic
439 575 535 595 servus
561 567 702 600 elﬁciatur,
724 571 755 593 ut
765 570 791 593 et
809 566 872 599 illa;
885 565 936 593 etsi
948 565 1050 593 bonum

268 613 372 649 aliquid
387 613 516 645 audierit,
528 613 556 640 in
570 613 727 648 passionem
741 620 795 647 qua
810 611 941 644 vincitur,
953 611 1053 646 accipit

267 660 332 688 illud
347 659 381 687 ad
395 659 560 687 desiderium
573 658 769 694 perniciosum.

301 763 368 790 Vlll.
392 771 402 788 ι
420 762 487 789 Dico
511 761 604 794 vobis,
628 759 690 792 ﬁlii,
707 759 781 795 quod
802 759 870 786 hora
890 763 949 786 erat
971 759 1051 794 quasi

266 814 355 842 sexta,
371 808 482 844 quando
507 807 590 835 exivit
613 813 628 833 a
650 813 708 839 me;
731 810 758 833 et
778 813 829 841 ego
850 813 921 841 genu
940 804 1051 833 ﬂectens

265 855 365 890 (oravi)
381 856 415 883 ad
426 854 571 882 Dominum
598 858 685 880 totum
699 853 782 885 diem,
797 856 824 880 et
837 856 923 880 totam
942 856 1050 880 noctem

265 902 450 937 conjungens,
476 900 550 928 circa
576 899 728 926 diluculum
759 898 867 926 surrexi
884 899 1050 934 lacrymans,

264 953 292 976 et
312 952 406 983 petens
424 946 613 974 liberationem
636 945 671 972 ab
685 943 824 980 Egyptia.
849 943 880 971 In
898 943 952 971 ﬁne
970 945 1052 980 igitur

265 993 444 1029 apprehendit
468 999 529 1019 mea
551 992 732 1023 vestimenta,
756 989 888 1017 violenter
911 991 1051 1017 attrahens

264 1048 308 1067 me
327 1039 361 1068 ad
381 1039 567 1066 concubitum.
592 1036 628 1065 Ut
641 1037 722 1072 igitur
742 1037 797 1064 vidi
816 1036 889 1071 quod
911 1036 1051 1064 insaniens

265 1086 352 1114 tenuit
382 1085 544 1113 vestimenta
566 1092 644 1116 mea,
682 1084 772 1111 nudus
796 1082 888 1118 effugi.
915 1082 962 1110 Illa
986 1091 1051 1110 vero

263 1132 431 1160 calumniata
454 1135 496 1158 est
518 1138 561 1158 me
580 1129 652 1165 apud
676 1130 764 1157 virum
787 1137 868 1157 suum
885 1139 893 1156 ι
909 1134 937 1157 et
957 1129 1051 1164 injecit

263 1185 308 1205 me
327 1177 356 1204 in
377 1184 514 1205 carcerem
530 1176 578 1211 qui
594 1180 653 1203 erat
674 1176 702 1202 in
723 1176 806 1203 domo
821 1183 871 1203 sua
886 1175 1048 1211 Egyptius;

262 1227 290 1250 et
308 1223 431 1258 sequenti
453 1223 513 1256 die,
530 1230 593 1249 cum
608 1221 771 1257 ﬂagellasset
794 1230 848 1256 me,
864 1223 938 1250 misit
958 1231 1002 1250 me
1021 1222 1049 1250 in

263 1276 400 1297 carcerem
424 1268 587 1296 Pharaonis.
616 1267 650 1295 Et
670 1276 733 1295 cum
756 1269 865 1296 vinctus
882 1269 1002 1303 jacerem
1022 1269 1049 1296 in

262 1314 452 1349 compedibus,
464 1313 591 1350 Egyptia
613 1313 750 1341 inﬁrmata
771 1317 812 1340 est
829 1313 933 1346 dolore,
955 1318 983 1341 et
1001 1321 1051 1340 au-

263 1360 398 1388 scultabat
412 1359 488 1392 mihi,
497 1358 616 1394 qualiter
626 1358 737 1394 hymnis
749 1358 893 1386 laudabam
903 1358 1048 1386 Dominum

262 1407 290 1434 in
303 1407 386 1434 domo
399 1406 583 1439 tenebrarum,
597 1411 624 1434 et
641 1406 720 1433 hilari
732 1413 799 1433 voce
815 1407 936 1441 gaudens
949 1406 1050 1442 gloriﬁ-

262 1452 358 1480 cabam
373 1452 458 1480 Deum
475 1459 565 1479 meum
584 1451 685 1484 solum,
709 1453 782 1486 quod
798 1459 847 1486 per
860 1451 954 1488 (hanc)
969 1460 1049 1480 occa-

261 1499 367 1527 sionem
382 1498 529 1526 amovebar
547 1498 581 1525 ab
591 1497 729 1533 Egyptia.

297 1544 342 1572 IX.
366 1554 375 1570 ι
391 1544 528 1572 Multoties
539 1544 614 1572 misit
627 1545 661 1572 ad
675 1552 728 1578 me,
744 1545 838 1572 dicens
851 1554 858 1572 :

260 1591 374 1627 implere
393 1590 559 1619 desiderium
575 1591 700 1628 (meum),
720 1598 747 1620 et
770 1592 891 1620 liberabo
910 1597 936 1620 te
961 1600 976 1619 a
991 1593 1050 1620 vin-

261 1637 342 1670 culis,
362 1641 389 1664 et
406 1636 520 1672 eripiam
542 1641 568 1664 te
582 1645 614 1664 ex
631 1638 768 1666 tenebris:
787 1647 796 1664 ι
814 1643 842 1666 et
856 1646 944 1673 neque
962 1647 1049 1673 usque

260 1683 296 1710 ad
311 1683 494 1718 cogitationes
509 1683 639 1711 inclinavi
654 1686 688 1713 ad
701 1692 772 1713 eam.
788 1684 879 1721 Diligit
893 1685 965 1713 enim
977 1685 1048 1714 Deus

259 1738 323 1757 eum
338 1730 435 1766 magis,
449 1730 496 1765 qui
513 1730 540 1757 in
557 1731 619 1758 lacu
635 1731 810 1759 tenebrarum
828 1732 933 1767 jejunat
956 1732 983 1759 in
1002 1740 1048 1760 ca-

259 1778 363 1812 stitate,
384 1785 468 1812 quam
487 1785 550 1805 eum
570 1778 617 1813 qui
641 1778 670 1805 in
689 1778 766 1806 cellis
782 1779 921 1814 penuariis
934 1779 1047 1814 opipare

258 1824 426 1852 luxuriatur.
453 1823 506 1857 Qui
527 1829 618 1851 autem
648 1824 676 1851 in
699 1825 825 1852 castitate
848 1825 915 1852 vivit
940 1829 967 1852 et
989 1825 1047 1852 vult

258 1872 392 1907 gloriam,
407 1876 435 1899 et
457 1872 479 1900 si
498 1873 605 1900 noverit
619 1873 793 1906 Altissimus,
814 1873 887 1908 quod
909 1874 1045 1908 expediat,

258 1918 354 1945 tribuit
368 1918 393 1945 ei
406 1922 433 1946 et
447 1918 515 1952 hare,
530 1918 761 1953 quemadmodum
777 1922 804 1945 et
817 1919 894 1946 mihi.
922 1919 1043 1953 Quoties,

258 1965 385 1999 quamvis
412 1964 558 1998 inﬁrmata,
572 1965 713 1992 descendit
726 1965 760 1992 ad
773 1972 816 1991 me
836 1965 993 1999 immature,
1018 1970 1045 1993 et

258 2011 363 2038 audivit
387 2018 480 2038 vooem
506 2011 559 2038 mei
583 2011 707 2039 orantis?
731 2011 885 2046 intelligens
904 2019 968 2039 vero
994 2020 1044 2047 ego

259 2057 379 2091 suspiria
406 2057 476 2092 ejus,
501 2057 574 2084 silui.
601 2057 707 2084 Etenim
729 2065 790 2084 cum
812 2065 886 2085 eram
913 2058 940 2085 in
961 2058 1044 2086 domo

256 2102 326 2136 ejus,
348 2102 460 2130 nudavit
478 2103 588 2130 brachia
605 2111 666 2135 sua,
682 2109 709 2131 et
719 2108 840 2138 pectora,
855 2109 881 2131 et
903 2104 994 2137 tibias,
1015 2110 1044 2133 ut

257 2146 406 2174 inciderem
424 2147 452 2174 in
472 2155 532 2174 eam
550 2156 557 2174 :
574 2148 652 2175 valde
672 2149 745 2176 enim
763 2154 822 2176 erat
840 2149 964 2183 pulchra,
984 2158 1043 2177 ma-

255 2193 384 2227 ximeque
402 2198 509 2226 ornata,
525 2198 555 2221 ut
569 2202 612 2222 me
627 2195 771 2229 deciperet.
798 2194 830 2221 Et
846 2195 978 2223 Dominus
993 2204 1041 2223 cu-

255 2238 366 2265 stodivit
380 2245 424 2265 me
439 2247 452 2265 a
467 2239 610 2267 conatibus
623 2239 693 2274 ejus.

292 2316 326 2344 X.
349 2326 358 2343 ι
377 2316 471 2345 Videte
494 2318 586 2353 igitur,
605 2318 653 2345 ﬁlii
689 2320 760 2352 mei,
788 2325 889 2355 quanta
913 2325 1041 2355 operatur

254 2362 429 2395 sustinentia,
440 2368 468 2390 et
479 2364 569 2391 oratio
582 2372 645 2392 cum
666 2365 783 2400 jejunio.
797 2367 829 2394 Et
844 2375 891 2394 vos
905 2367 998 2401 igitur,
1016 2369 1039 2396 si

253 2409 429 2437 sobrietatem
447 2415 474 2437 et
495 2411 647 2438 castitatem
667 2413 813 2440 transeatis
834 2413 860 2440 in
877 2414 1040 2442 sustinentia

253 2460 281 2483 et
301 2456 454 2484 humilitate
475 2457 578 2491 cordis,
598 2457 731 2486 Dominus
750 2459 885 2487 habitabit
903 2461 930 2487 in
950 2461 1038 2496 vobis,

252 2502 383 2536 quoniam
398 2502 494 2530 dilexit
513 2503 699 2532 sobrietatem.
722 2504 773 2533 Ubi
789 2513 855 2533 vero
875 2506 980 2534 habitat
991 2507 1039 2534 Al-

252 2547 388 2581 tissimus,
408 2549 460 2576 etsi
474 2549 573 2584 aliquis
592 2550 694 2578 incidat
717 2551 745 2578 in
766 2551 907 2586 invidiam,
923 2552 963 2580 vel
979 2561 1041 2581 ser-

288 2627 346 2663 (53)
366 2628 400 2655 Ἡ
408 2629 520 2662 Σηθῶν.
538 2629 626 2658 Omis.
642 2630 728 2660 (ἕλη.

290 2662 347 2704 [(95)
363 2665 537 2704 onaglost.
553 2665 719 2704 ιςονᾷυλίσει,
735 2667 987 2704 pugnosimpinget.
999 2668 1036 2696 In.

363 2699 429 2738 :(Zz't
445 2697 591 2738 ἅπτει-ποιῇ.
614 2697 806 2738 ’Λντ-ιποιῆσᾶι.
823 2701 860 2729 In.

300 2730 345 2767 56')
365 2730 402 2768 '9
414 2734 545 2767 ἡττᾶται.
566 2730 655 2763 Deest.
671 2736 707 2763 In.

288 2768 344 2802 ('57)
366 2768 425 2807 Τὴχ·
448 2769 569 2804 εἰρκτὴν
590 2771 643 2807 τοῦ
656 2772 768 2805 Φαραώ.
797 2771 835 2799 Ita
859 2775 983 2807 emendo,
1004 2785 1038 2804 ex

253 2809 305 2830 ms.
327 2803 489 2844 cud.pxoti.
507 2813 556 2844 pro
571 2806 681 2844 qurbus
693 2803 809 2844 antehac
829 2809 968 2844 legebatur
978 2803 1037 2839 ite;

255 2843 316 2863 rum
333 2846 340 2864 :
358 2837 480 2874 Φυλακὴν
507 2837 537 2866 ἓν
562 2837 628 2875 οἴκῳ
654 2841 735 2868 αὑτοῦ
759 2837 944 2878 όΑἱγύῖι-τιοςξ
962 2837 1037 2875 Ib.“—

1066 875 1088 903 Β

1057 2217 1080 2245 D

1105 296 1146 314 σει
1154 288 1209 324 (54)
1219 288 1254 314 τὰ
1266 288 1348 314 τέκνα
1357 296 1415 320 σου,
1425 289 1471 314 καὶ
1483 288 1610 316 ἀπολέσει
1622 289 1653 316 τὺ
1667 291 1836 325 μνημόσυνόν
1843 301 1879 318 σου

1104 332 1158 359 ἀπὸ
1169 333 1219 368 τῆς
1231 333 1292 368 γῆς.
1311 343 1320 359 ›
1335 334 1390 360 Καὶ
1409 334 1481 368 λέγει
1502 334 1568 369 πρός
1587 343 1636 369 με’
1651 344 1661 360 σ
1678 335 1711 361 Εἰ
1728 333 1775 362 οὖν
1786 337 1879 372 ἀγαπᾷς

1106 390 1159 417 με;
1181 382 1261 417 ἀρκεῖ
1288 390 1332 417 μοι
1356 381 1445 417 μόνον,
1473 381 1514 408 ὅτι
1537 382 1662 418 ἀντιποιῇ
1687 382 1810 419 (55)τῆς
1820 385 1880 419 ζωῆς

1105 436 1167 463 μου,
1187 429 1234 454 καὶ
1246 428 1300 454 τῶν
1311 428 1414 455 τέκνων
1429 436 1480 464 μου
1493 437 1499 443 ·
1517 430 1563 455 καὶ
1575 428 1630 464 ἔχω
1646 430 1814 464 προσδοκίαν
1825 431 1880 457 ἀπο-

1103 474 1200 501 λαῦσαι
1218 475 1268 509 τῆς
1289 475 1436 510 ἐπιθυμίας
1456 483 1515 510 μου.
1533 485 1542 500 ι
1566 476 1621 501 Καὶ
1639 476 1692 502 οὑκ
1707 475 1789 510 ἔγνω,
1801 477 1880 503 eum

1103 521 1148 547 τὸν
1170 520 1235 547 Θεόν
1258 529 1308 556 μου
1329 518 1405 547 εἷπον
1424 520 1520 552 οὕτως,
1534 520 1580 547 καὶ
1597 521 1659 556 οὐχὶ
1670 520 1705 547 δι’
1719 521 1813 557 αὐτήν.
1830 522 1880 549 'E'zv

1103 567 1158 603 γάρ
1175 575 1218 599 τις
1230 567 1309 594 πάθει
1327 567 1450 604 ὑποπέσῃ
1461 567 1608 603 ἐπιθυμίας
1620 569 1757 603 πονηρᾶς,
1771 569 1816 595 καὶ
1830 569 1879 596 τοὺ-

1102 620 1142 646 τῳ
1157 611 1297 649 δουλευθῇ,
1309 612 1347 644 ὡς
1360 612 1473 648 κάκείνη
1485 621 1492 628 ·
1504 613 1556 640 κᾶν
1569 612 1672 647 ἀγαθόν
1691 622 1719 639 τι
1730 614 1839 650 ἀκούσῃ,
1849 615 1880 645 εἰς

1103 659 1134 684 τὺ
1156 658 1242 690 πάθος
1254 655 1276 693 ᾧ
1287 659 1400 694 ἡττᾶται
1413 658 1480 694 (56),
1496 659 1664 695 ἐκλαμϐάνει
1676 660 1746 686 αὐτὸ
1763 660 1827 695 πρὸς
1837 661 1881 687 ἐπι-

1104 703 1203 739 θυμίαν
1217 704 1346 739 πονηράν.

1139 761 1178 787 H’.
1203 770 1212 786 ε
1238 760 1316 795 Λέγω
1335 760 1410 795 ὑμῖν,
1431 760 1524 792 τέκνα,
1539 761 1579 787 ὅτι
1597 760 1658 796 ὥρα
1676 758 1714 797 ἦν
1734 761 1799 788 ὡσεὶ
1817 761 1879 797 ἕκτη,

1102 807 1146 833 ὅτε
1169 806 1279 842 ἐξῆλθεν
1296 807 1343 833 ἀπ’
1357 805 1441 841 ἐμοῦ·
1462 805 1539 840 κάγὼ
1560 806 1625 840 γόνυ
1648 807 1747 838 κλίνας
1761 807 1826 843 πρὸς
1837 807 1880 833 Κύ-

1105 861 1160 887 ριον
1177 852 1241 888 ὃλην
1256 852 1307 887 τὴν
1319 851 1435 888 ἡμέραν,
1451 853 1497 878 καὶ
1508 852 1572 886 ὅλην
1589 852 1638 887 τὴν
1655 852 1744 879 νύκτα.
1765 853 1878 888 συνάψας,

1103 899 1168 934 περὶ
1191 899 1237 926 τὸν
1260 898 1357 934 ὕρθρον
1380 898 1494 934 ἀνέστην
1522 898 1648 934 δακρύων
1669 899 1721 926 καὶ
1744 901 1824 926 αἰτῶν
1842 901 1879 926 λύ-

1102 953 1203 981 τρωσιν
1217 945 1271 971 ἀπὸ
1283 945 1333 980 τῆς
1346 945 1506 979 Αἰγυπτίας.
1522 945 1604 977 Τέλος
1616 943 1664 972 οὖν
1678 946 1880 982 ὲπιλαμῦάνεταί

1104 1000 1154 1027 μου
1182 991 1237 1017 τῶν
1262 991 1396 1026 ἱματίων,
1423 991 1492 1032 μετὰ
1515 991 1576 1026 βίας
1600 991 1777 1027 ἐφελκομένη
1800 1002 1829 1028 με
1849 995 1879 1025 εἰς

1103 1037 1255 1064 συνουσίαν.
1289 1038 1332 1069 Ὡς
1352 1035 1398 1064 οὖν
1417 1035 1487 1064 εἶδον
1505 1038 1545 1064 ὅτι
1569 1038 1724 1074 μαινομένη
1749 1040 1838 1074 κρατεῖ
1854 1041 1879 1065 τὰ

1103 1083 1200 1118 ἱμάτιά
1232 1092 1300 1118 μου,
1331 1083 1432 1118 γυμνὸς
1458 1083 1568 1117 ἔφυγον.
1593 1083 1721 1119 Κάκείνη
1750 1085 1879 1119 ὲσυιοῳάψ

1101 1129 1168 1164 τησέ
1195 1137 1228 1164 με
1254 1129 1322 1164 πρὸς
1345 1129 1389 1155 τὸν
1413 1129 1497 1164 ἄνδρα
1520 1129 1622 1164 αὐτῆς·
1649 1130 1702 1156 καὶ
1727 1130 1833 1157 ἐνέϐαλέ
1853 1140 1878 1166 με

1101 1175 1142 1206 είς
1166 1174 1290 1210 φυλακὴν
1314 1175 1343 1201 ἐν
1365 1173 1433 1210 οἴκῳ
1458 1173 1540 1201 αὑτοῦ
1565 1175 1579 1200 ὁ
1597 1175 1770 1209 Αἰγύπτιος·
1794 1176 1835 1202 καὶ
1853 1177 1877 1210 τῇ

1101 1219 1164 1255 ἑξῆς
1188 1219 1319 1255 μαστίξας
1339 1228 1383 1255 με,
1404 1220 1511 1255 ἔπεμψέ
1534 1229 1567 1255 με
1589 1221 1628 1252 εἰς
1649 1221 1703 1256 τὴν
1722 1220 1829 1256 εἱρκτὴν
1843 1220 1877 1246 τοῦ

1100 1264 1200 1300 Φαραώ
1223 1264 1289 1300 (57).
1320 1265 1364 1296 Ὧς
1385 1262 1431 1291 οὖν
1450 1265 1523 1300 ήμην
1545 1265 1575 1291 ὲν
1597 1264 1708 1296 πέδαις,
1729 1266 1746 1300 ὴ
1764 1264 1878 1299 Alfeni:

1101 1312 1209 1347 ἠσθένει
1230 1311 1284 1338 ἀπὺ
1303 1311 1352 1347 τῆς
1377 1311 1475 1346 λύπης,
1501 1312 1547 1338 καὶ
1569 1312 1731 1347 ὲπηκροᾶτό
1755 1320 1813 1347 μου,
1834 1310 1877 1342 πῶς

1101 1357 1203 1394 ὕμνουν
1224 1358 1271 1384 τὸν
1292 1357 1394 1393 Κύριον
1414 1358 1444 1384 ἐν
1468 1357 1534 1394 οῖκῳ
1554 1358 1678 1391 σκότους,
1702 1359 1752 1385 καὶ
1771 1359 1798 1385 ἐν
1816 1358 1878 1391 [lupi

1101 1404 1176 1438 φωνῇ
1190 1403 1293 1439 χαίρων
1307 1402 1435 1436 ἐδόξαζον
1457 1404 1502 1430 τὸν
1522 1403 1589 1430 Θεόν
1612 1413 1663 1439 μου
1689 1405 1782 1440 μὰνον,
1795 1404 1831 1430 ὅτι
1845 1403 1877 1429 διὰ

1101 1449 1264 1484 προφάσεως
1277 1449 1440 1484 ἀπηλλάγην
1455 1449 1506 1485 τῆς
1516 1450 1678 1484 Αἰγυπτίας.

902 1555 911 1571 ι
924 1545 1046 1580 Digneris

1136 1546 1173 1572 ϐ’.
1197 1546 1352 1579 «Πολλάκις
1372 1547 1478 1582 ἔπεμψε
1497 1549 1564 1584 πρός
1585 1557 1630 1584 με,
1644 1549 1781 1583 λέγουσα·
1805 1549 1877 1576 istae

1100 1602 1184 1629 κησον
1204 1593 1347 1630 πληρῶσαι
1366 1594 1417 1630 τὴν
1435 1594 1592 1630 ἐπιθυμίαν,
1617 1596 1664 1622 καὶ
1687 1596 1817 1632 λυτρὼσω
1834 1596 1876 1631 (58)

1101 1647 1130 1665 σε
1153 1639 1207 1666 τῶν
1220 1639 1337 1675 δεσμῶν,
1357 1641 1404 1667 καὶ
1429 1640 1578 1672 ἀπαλλάξω
1603 1649 1632 1667 σε
1656 1641 1708 1667 τοῦ
1733 1642 1874 1673 σκάτουςη

1098 1684 1154 1710 Καὶ
1167 1684 1225 1710 οὐδὲ
1238 1684 1290 1716 ἕως
1303 1685 1412 1712 ὲννοιῶν
1427 1685 1518 1712 ἐκλινα
1529 1686 1596 1721 πρὸς
1609 1686 1706 1722 αὑτήν.
1723 1687 1825 1722 ’Δγαπᾷ
1835 1687 1876 1721 γὰρ

1098 1730 1112 1756 ό
1124 1730 1189 1762 Θεὸς
1205 1730 1304 1766 μᾶλλον
1315 1731 1362 1757 τὸν
1375 1731 1403 1757 ὲν
1415 1731 1509 1767 λάκκῳ
1528 1732 1640 1763 σκότους
1656 1732 1822 1767 vna-ratiorat
1832 1733 1875 1766 (Ἀθ

1098 1778 1127 1803 ἐν
1151 1777 1330 1813 σωφροσύνῃ,
1356 1778 1372 1813 ἢ
1394 1778 1439 1804 τὸν
1462 1779 1492 1805 ὲν
1517 1779 1641 1814 ταμείοις
1665 1779 1812 1815 τρυφῶντα
1832 1779 1874 1814 (ω)

1099 1823 1169 1858 μετὰ
1189 1824 1346 1857 ἀκολασίας.
1369 1825 1397 1851 Ὁ
1420 1825 1447 1852 δὲ
1469 1827 1497 1852 ὲν
1516 1826 1679 1863 σωφροσύνῃ
1701 1827 1803 1861 διάγων
1818 1827 1875 1853 θέὶει

1091 1870 1144 1896 οιαὶ
1168 1869 1257 1902 δόξαν,
1279 1871 1326 1897 καὶ
1351 1872 1375 1898 εί
1398 1869 1468 1898 οἶδεν
1488 1872 1657 1907 ὸὛψεστος,
1684 1873 1727 1899 “mi
1750 1874 1873 1909 συμφέρει.

1097 1915 1210 1951 παρέχει
1233 1916 1307 1952 αὐτῷ
1329 1917 1376 1944 καὶ
1397 1916 1484 1944 ταῦτα
1504 1917 1571 1953 (41),
1591 1918 1628 1950 ὠς
1642 1919 1741 1954 κάμοί.
1762 1919 1872 1949 Ussing,

1096 1961 1197 1997 καίπερ
1218 1962 1377 1995 ἁσθενοῦσα,
1401 1962 1497 1998 κατῄει
1523 1963 1592 1999 πρός
1615 1972 1649 1998 με
1670 1965 1701 1990 ὲν
1720 1964 1816 2000 impia,
1837 1965 1872 1989 aut

1096 2008 1196 2041 ἦκουσε
1216 2008 1266 2043 τῆς
1288 2009 1379 2044 φωνῆς
1402 2019 1451 2045 μου
1475 2010 1716 2046 προσευχομένους
1747 2011 1836 2038 συνιὼν
1852 2011 1871 2036 δὲ

1095 2053 1149 2087 ἐγὼ
1162 2053 1224 2086 τοὺς
1239 2056 1406 2091 στεναγμοὺς
1423 2057 1519 2092 αὐτῆς,
1536 2056 1684 2085 ἐσιώπουν.
1708 2059 1766 2086 Καὶ
1781 2059 1828 2094 γὰρ
1838 2059 1870 2084 ἣτε

1093 2099 1167 2134 ήμην
1191 2100 1219 2126 ὲν
1241 2099 1280 2135 τῷ
1303 2100 1369 2136 οἴκῳ
1394 2102 1489 2137 αὐτῆς,
1513 2102 1632 2137 ὲγύμνου
1657 2104 1725 2136 τοὺς
1749 2105 1869 2140 βραχίονας

1093 2145 1188 2180 αὐτῆς,
1206 2146 1251 2172 καὶ
1263 2147 1297 2172 τὰ
1316 2147 1423 2184 στέρνα,
1436 2149 1484 2175 καὶ
1496 2149 1546 2180 τὰς
1560 2149 1690 2184 κνήμας,·
1701 2151 1747 2177 ἵνα
1760 2151 1869 2186 συμπέςω

1093 2191 1132 2222 είς
1147 2191 1233 2226 αὐτήν
1245 2200 1251 2206 -
1266 2192 1337 2219 πάνυ
1350 2193 1403 2229 γὰρ
1415 2191 1449 2230 ἦν
1465 2194 1564 2230 ὡραία,
1582 2196 1700 2230 μάλιστα
1715 2197 1867 2232 κοσμουμένη

1092 2237 1160 2272 πρὸς
1178 2238 1313 2273 ἀπάτησίν
1334 2247 1394 2274 μου.
1416 2240 1471 2266 Καὶ
1494 2241 1508 2267 ὁ
1522 2240 1623 2276 Κύριος
1646 2242 1767 2276 ἐφύλαξέ
1784 2251 1813 2278 με
1829 2241 1868 2268 εὶπῦ

1091 2282 1144 2309 τῶν
1157 2284 1362 2320 ἐγχειρημάτων
1379 2285 1472 2321 αὐτῆς.

1127 2329 1154 2354 l'.
1178 2340 1185 2354 ι
1211 2329 1306 2365 Ὁρᾶτε
1319 2328 1376 2363 οὖν,
1395 2331 1478 2358 τέκνα
1494 2341 1555 2367 μου,
1569 2333 1641 2361 πόσα
1654 2333 1866 2371 κατεργάζεταιὴ

1092 2373 1223 2409 ὑπομονὴ,
1241 2375 1320 2410 καὶὴ
1335 2375 1472 2411 προσευχὴ
1493 2376 1562 2412 μετὰ
1575 2378 1715 2412 νηστείας.
1734 2379 1787 2406 Καὶ
1804 2377 1866 2412 ipsi;

1090 2418 1148 2452 οὖν,
1162 2420 1209 2448 ἐὰν
1221 2421 1270 2457 τὴν
1292 2422 1468 2458 σωφροσύνην
1481 2423 1529 2450 καὶ
1547 2424 1597 2460 τὴν
1608 2425 1722 2459 ἁγνείαν
1741 2425 1865 2461 μετέλθητε

1091 2468 1120 2494 ὲν
1139 2467 1261 2503 ὑπομονῇ
1284 2469 1330 2496 καὶ
1350 2468 1511 2496 ταπεινώσει
1532 2471 1655 2506 καρδίας,
1676 2472 1778 2508 Κύριος
1794 2480 1866 2498 κατοι-

1091 2513 1170 2549 κήσει
1183 2514 1212 2540 ἐν
1226 2515 1301 2549 ὑμῖν,
1314 2515 1354 2540 ὃτι
1367 2515 1497 2552 ἠγάπησε
1517 2516 1567 2551 τὴν
1591 2519 1781 2554 σωφροσύνην.
1794 2518 1864 2543 Ὀτιω

1090 2559 1118 2585 δὲ
1137 2561 1258 2586 κατοικεῖ
1275 2561 1289 2586 ὁ
1303 2560 1444 2595 Ὕψιστος,
1467 2563 1520 2590 κᾶν
1531 2571 1574 2594 τις
1595 2565 1734 2601 περιπέσῃ
1755 2562 1863 2599 φθόνῳνῆ

1090 2637 1253 2666 Emendatio
1278 2640 1393 2668 minime
1416 2640 1487 2668 forte
1514 2641 1695 2674 admittenda,
1717 2644 1741 2671 si
1764 2651 1819 2671 cum
1837 2642 1862 2669 iis

1090 2675 1199 2711 qugde
1212 2674 1338 2711 Egyptia
1352 2676 1445 2702 statim
1461 2676 1626 2711 subduntur,
1640 2678 1805 2706 conferatur.

1125 2709 1181 2777 (38g
1201 2709 1356 2744 Avipo’ww.
1372 2711 1462 2738 Λύσω.
1478 2712 1564 2740 ΟΙιΑιι.

1126 2745 1170 2777 (59
1201 2746 1403 2777 Νηστεύοντα.
1438 2747 1564 2774 Πιστεύω

1126 2745 1186 2783 (ς’)θὶ
1201 2746 1403 2783 Νησςεύοντα.
1438 2747 1606 2775 Πιστεύοντα
1633 2756 1776 2783 perperam
1796 2748 1859 2775 habet

1091 2780 1152 2807 cod.
1169 2779 1257 2807 Oxon.
1270 2780 1308 2808 In.

1121 2814 1180 2885 fit);
1204 2816 1383 2858 Τριίφῶντα.’
1396 2817 1532 2846 Βασιλέων
1545 2818 1608 2847 add.
1623 2819 1683 2848 cod.
1699 2818 1785 2848 Oxon.
1800 2819 1831 2847 In.

1137 2850 1166 2876 41
1204 2852 1306 2878 Ταυτα.
1331 2852 1446 2880 Ταυττιν.
1470 2853 1508 2882 In.

1137 2850 1180 2886 41)
1204 2851 1306 2878 Ταῦτα.
1331 2852 1446 2890 Ταύτην.
1470 2853 1508 2882 In.
