  <div class='ocr_page' id='page_1' title='image "/cluster/home/n/w/nwhite01/storage/ocr_20150623/2/njp.32101077772349/765.png"; bbox 0 0 1916 3099; ppageno 0'>
   <div class='ocr_carea' id='block_1_1' title="bbox 192 142 308 170">
    <p class='ocr_par' dir='ltr' id='par_1_1' title="bbox 192 142 308 170">
     <span class='ocr_line' id='line_1_1' title="bbox 192 142 308 170; baseline 0 0"><span class='ocrx_word' id='word_1_1' title='bbox 192 149 197 170; x_wconf 61' lang='grc' dir='ltr'>ξ</span> <span class='ocrx_word' id='word_1_2' title='bbox 232 142 308 170; x_wconf 73' lang='grc'><strong>1155</strong></span> 
     </span>
    </p>
   </div>
   <div class='ocr_carea' id='block_1_2' title="bbox 722 143 1340 174">
    <p class='ocr_par' dir='ltr' id='par_1_2' title="bbox 722 143 1340 174">
     <span class='ocr_line' id='line_1_2' title="bbox 722 143 1340 174; baseline 0.005 -4"><span class='ocrx_word' id='word_1_3' title='bbox 722 143 952 172; x_wconf 79' lang='lat' dir='ltr'><strong>TESTAMENTA</strong></span> <span class='ocrx_word' id='word_1_4' title='bbox 967 143 1015 170; x_wconf 77' lang='grc' dir='ltr'><strong>ΧΠ</strong></span> <span class='ocrx_word' id='word_1_5' title='bbox 1031 143 1340 174; x_wconf 78' lang='lat' dir='ltr'><strong>PATRIARCIIARUM.</strong></span> 
     </span>
    </p>
   </div>
   <div class='ocr_carea' id='block_1_3' title="bbox 1802 144 1861 170">
    <p class='ocr_par' dir='ltr' id='par_1_3' title="bbox 1802 144 1861 170">
     <span class='ocr_line' id='line_1_3' title="bbox 1802 144 1861 170; baseline 0 0"><span class='ocrx_word' id='word_1_6' title='bbox 1802 144 1861 170; x_wconf 67' lang='lat'><strong>“36</strong></span> 
     </span>
    </p>
   </div>
   <div class='ocr_carea' id='block_1_4' title="bbox 243 198 1029 239">
    <p class='ocr_par' dir='ltr' id='par_1_4' title="bbox 243 199 1029 236">
     <span class='ocr_line' id='line_1_4' title="bbox 243 199 1029 236; baseline -0.003 -6"><span class='ocrx_word' id='word_1_7' title='bbox 243 207 298 230; x_wconf 89' lang='lat' dir='ltr'><strong>tur.</strong></span> <span class='ocrx_word' id='word_1_8' title='bbox 316 209 325 226; x_wconf 79' lang='grc' dir='ltr'><strong>ι</strong></span> <span class='ocrx_word' id='word_1_9' title='bbox 349 199 381 228; x_wconf 84' lang='lat' dir='ltr'><strong>Et</strong></span> <span class='ocrx_word' id='word_1_10' title='bbox 400 207 454 228; x_wconf 92' lang='lat' dir='ltr'><strong>non</strong></span> <span class='ocrx_word' id='word_1_11' title='bbox 478 199 592 228; x_wconf 84' lang='lat' dir='ltr'><strong>cr‘edidit</strong></span> <span class='ocrx_word' id='word_1_12' title='bbox 611 200 655 234; x_wconf 86' lang='lat' dir='ltr'><strong>ei;</strong></span> <span class='ocrx_word' id='word_1_13' title='bbox 680 200 728 227; x_wconf 86' lang='lat' dir='ltr'><strong>sed</strong></span> <span class='ocrx_word' id='word_1_14' title='bbox 751 201 835 236; x_wconf 83' lang='lat' dir='ltr'><strong>jussit</strong></span> <span class='ocrx_word' id='word_1_15' title='bbox 857 201 960 229; x_wconf 92' lang='lat' dir='ltr'><strong>nudum</strong></span> <span class='ocrx_word' id='word_1_16' title='bbox 984 201 1029 228; x_wconf 76' lang='lat' dir='ltr'><strong>lle-</strong></span> 
     </span>
    </p>
   </div>
   <div class='ocr_carea' id='block_1_5' title="bbox 1082 198 1861 239">
    <p class='ocr_par' dir='ltr' id='par_1_5' title="bbox 1082 198 1861 239">
     <span class='ocr_line' id='line_1_5' title="bbox 1082 198 1861 239; baseline -0.003 -11"><span class='ocrx_word' id='word_1_17' title='bbox 1082 198 1113 229; x_wconf 76' lang='grc' dir='ltr'><strong>οὗ</strong></span> <span class='ocrx_word' id='word_1_18' title='bbox 1131 203 1324 239; x_wconf 72' lang='grc' dir='ltr'>ὲπιστρέψωσι.</span> <span class='ocrx_word' id='word_1_19' title='bbox 1341 213 1351 229; x_wconf 69' lang='grc' dir='ltr'><strong>ι</strong></span> <span class='ocrx_word' id='word_1_20' title='bbox 1375 203 1430 229; x_wconf 80' lang='grc' dir='ltr'><strong>Καὶ</strong></span> <span class='ocrx_word' id='word_1_21' title='bbox 1450 202 1501 229; x_wconf 78' lang='grc' dir='ltr'><strong>οὐκ</strong></span> <span class='ocrx_word' id='word_1_22' title='bbox 1519 202 1676 229; x_wconf 71' lang='grc' dir='ltr'><strong>ἐπίστευσεν</strong></span> <span class='ocrx_word' id='word_1_23' title='bbox 1694 201 1788 237; x_wconf 79' lang='grc' dir='ltr'>αὐτῷ·</span> <span class='ocrx_word' id='word_1_24' title='bbox 1813 200 1861 227; x_wconf 71' lang='grc' dir='ltr'>ἀλλ’</span> 
     </span>
    </p>
   </div>
   <div class='ocr_carea' id='block_1_6' title="bbox 239 245 1024 282">
    <p class='ocr_par' dir='ltr' id='par_1_6' title="bbox 239 245 1024 282">
     <span class='ocr_line' id='line_1_6' title="bbox 239 245 1024 282; baseline 0.001 -9"><span class='ocrx_word' id='word_1_25' title='bbox 239 247 333 282; x_wconf 77' lang='lat' dir='ltr'><strong>gellari</strong></span> <span class='ocrx_word' id='word_1_26' title='bbox 353 254 428 274; x_wconf 90' lang='lat' dir='ltr'><strong>eum.</strong></span> <span class='ocrx_word' id='word_1_27' title='bbox 454 245 612 274; x_wconf 86' lang='lat' dir='ltr'><strong>Sustinente</strong></span> <span class='ocrx_word' id='word_1_28' title='bbox 631 254 696 274; x_wconf 88' lang='lat' dir='ltr'><strong>vero</strong></span> <span class='ocrx_word' id='word_1_29' title='bbox 716 254 760 280; x_wconf 90' lang='lat' dir='ltr'><strong>eo,</strong></span> <span class='ocrx_word' id='word_1_30' title='bbox 784 247 853 274; x_wconf 83' lang='lat' dir='ltr'><strong>dixit</strong></span> <span class='ocrx_word' id='word_1_31' title='bbox 866 246 1024 282; x_wconf 87' lang='lat' dir='ltr'><strong>Petephris:</strong></span> 
     </span>
    </p>
   </div>
   <div class='ocr_carea' id='block_1_7' title="bbox 242 287 1028 328">
    <p class='ocr_par' dir='ltr' id='par_1_7' title="bbox 242 287 1028 328">
     <span class='ocr_line' id='line_1_7' title="bbox 242 287 1028 328; baseline 0.003 -10"><span class='ocrx_word' id='word_1_32' title='bbox 242 292 418 320; x_wconf 73' lang='lat' dir='ltr'><strong>«Adducatur</strong></span> <span class='ocrx_word' id='word_1_33' title='bbox 433 292 552 327; x_wconf 84' lang='lat' dir='ltr'><strong>juvenis.</strong></span> <span class='ocrx_word' id='word_1_34' title='bbox 566 303 576 319; x_wconf 76' lang='grc' dir='ltr'><strong>ι</strong></span> <span class='ocrx_word' id='word_1_35' title='bbox 594 287 770 321; x_wconf 56' lang='grc' dir='ltr'>Ειῖηᾱυοωε</span> <span class='ocrx_word' id='word_1_36' title='bbox 785 293 935 328; x_wconf 80' lang='lat' dir='ltr'><strong>supplicavi</strong></span> <span class='ocrx_word' id='word_1_37' title='bbox 950 293 1028 328; x_wconf 87' lang='lat' dir='ltr'><strong>prin-</strong></span> 
     </span>
    </p>
   </div>
   <div class='ocr_carea' id='block_1_8' title="bbox 239 338 1028 374">
    <p class='ocr_par' dir='ltr' id='par_1_8' title="bbox 239 338 1028 374">
     <span class='ocr_line' id='line_1_8' title="bbox 239 338 1028 374; baseline 0 -8"><span class='ocrx_word' id='word_1_38' title='bbox 239 338 293 374; x_wconf 85' lang='lat' dir='ltr'><strong>cipi</strong></span> <span class='ocrx_word' id='word_1_39' title='bbox 319 338 529 372; x_wconf 88' lang='lat' dir='ltr'><strong>eunuchorum;</strong></span> <span class='ocrx_word' id='word_1_40' title='bbox 557 338 653 366; x_wconf 87' lang='lat' dir='ltr'><strong>tertius</strong></span> <span class='ocrx_word' id='word_1_41' title='bbox 679 338 751 366; x_wconf 91' lang='lat' dir='ltr'><strong>enim</strong></span> <span class='ocrx_word' id='word_1_42' title='bbox 777 339 876 366; x_wconf 81' lang='lat' dir='ltr'><strong>eratin</strong></span> <span class='ocrx_word' id='word_1_43' title='bbox 898 339 1028 374; x_wconf 76' lang='lat' dir='ltr'><strong>dignitate</strong></span> 
     </span>
    </p>
   </div>
   <div class='ocr_carea' id='block_1_9' title="bbox 239 382 1027 419">
    <p class='ocr_par' dir='ltr' id='par_1_9' title="bbox 239 382 1027 419">
     <span class='ocr_line' id='line_1_9' title="bbox 239 382 1027 419; baseline 0.003 -9"><span class='ocrx_word' id='word_1_44' title='bbox 239 383 311 418; x_wconf 81' lang='lat' dir='ltr'><strong>apud</strong></span> <span class='ocrx_word' id='word_1_45' title='bbox 326 382 508 416; x_wconf 83' lang='lat' dir='ltr'><strong>Pharaonem,</strong></span> <span class='ocrx_word' id='word_1_46' title='bbox 541 384 670 419; x_wconf 86' lang='lat' dir='ltr'><strong>princeps</strong></span> <span class='ocrx_word' id='word_1_47' title='bbox 685 384 806 411; x_wconf 85' lang='lat' dir='ltr'><strong>omnium</strong></span> <span class='ocrx_word' id='word_1_48' title='bbox 828 385 1027 419; x_wconf 83' lang='lat' dir='ltr'><strong>cunuchorum,</strong></span> 
     </span>
    </p>
   </div>
   <div class='ocr_carea' id='block_1_10' title="bbox 240 429 1029 464">
    <p class='ocr_par' dir='ltr' id='par_1_10' title="bbox 240 429 1029 464">
     <span class='ocr_line' id='line_1_10' title="bbox 240 429 1029 464; baseline 0.003 -8"><span class='ocrx_word' id='word_1_49' title='bbox 240 429 346 457; x_wconf 83' lang='lat' dir='ltr'><strong>habens</strong></span> <span class='ocrx_word' id='word_1_50' title='bbox 361 437 473 462; x_wconf 87' lang='lat' dir='ltr'><strong>uxores,</strong></span> <span class='ocrx_word' id='word_1_51' title='bbox 489 434 515 457; x_wconf 91' lang='lat' dir='ltr'><strong>et</strong></span> <span class='ocrx_word' id='word_1_52' title='bbox 526 430 705 464; x_wconf 83' lang='lat' dir='ltr'><strong>concubinas,</strong></span> <span class='ocrx_word' id='word_1_53' title='bbox 722 434 749 457; x_wconf 90' lang='lat' dir='ltr'><strong>et</strong></span> <span class='ocrx_word' id='word_1_54' title='bbox 760 430 840 458; x_wconf 83' lang='lat' dir='ltr'><strong>ﬁlios.</strong></span> <span class='ocrx_word' id='word_1_55' title='bbox 856 430 889 457; x_wconf 86' lang='lat' dir='ltr'><strong>Et</strong></span> <span class='ocrx_word' id='word_1_56' title='bbox 905 438 967 458; x_wconf 91' lang='lat' dir='ltr'><strong>cum</strong></span> <span class='ocrx_word' id='word_1_57' title='bbox 985 439 1029 459; x_wconf 90' lang='lat' dir='ltr'><strong>me</strong></span> 
     </span>
    </p>
   </div>
   <div class='ocr_carea' id='block_1_11' title="bbox 239 474 1024 509">
    <p class='ocr_par' dir='ltr' id='par_1_11' title="bbox 239 474 1024 509">
     <span class='ocr_line' id='line_1_11' title="bbox 239 474 1024 509; baseline 0 -7"><span class='ocrx_word' id='word_1_58' title='bbox 239 482 364 502; x_wconf 79' lang='lat' dir='ltr'><strong>seorsum</strong></span> <span class='ocrx_word' id='word_1_59' title='bbox 388 474 521 508; x_wconf 86' lang='lat' dir='ltr'><strong>duxisset,</strong></span> <span class='ocrx_word' id='word_1_60' title='bbox 539 475 608 503; x_wconf 82' lang='lat' dir='ltr'><strong>dixit</strong></span> <span class='ocrx_word' id='word_1_61' title='bbox 627 484 633 501; x_wconf 92' lang='lat'><strong>:</strong></span> <span class='ocrx_word' id='word_1_62' title='bbox 654 485 664 501; x_wconf 78' lang='grc' dir='ltr'><strong>ι</strong></span> <span class='ocrx_word' id='word_1_63' title='bbox 689 475 789 504; x_wconf 88' lang='lat' dir='ltr'><strong>Servus</strong></span> <span class='ocrx_word' id='word_1_64' title='bbox 805 484 844 509; x_wconf 86' lang='lat' dir='ltr'><strong>es.</strong></span> <span class='ocrx_word' id='word_1_65' title='bbox 861 484 895 504; x_wconf 91' lang='lat' dir='ltr'><strong>an</strong></span> <span class='ocrx_word' id='word_1_66' title='bbox 916 477 1024 504; x_wconf 69' lang='lat' dir='ltr'><strong>liber?)</strong></span> 
     </span>
    </p>
   </div>
   <div class='ocr_carea' id='block_1_12' title="bbox 240 521 1029 558">
    <p class='ocr_par' dir='ltr' id='par_1_12' title="bbox 240 521 1029 558">
     <span class='ocr_line' id='line_1_12' title="bbox 240 521 1029 558; baseline 0.004 -10"><span class='ocrx_word' id='word_1_67' title='bbox 240 525 267 548; x_wconf 88' lang='lat' dir='ltr'><strong>et</strong></span> <span class='ocrx_word' id='word_1_68' title='bbox 278 521 401 548; x_wconf 86' lang='lat' dir='ltr'><strong>dicebam</strong></span> <span class='ocrx_word' id='word_1_69' title='bbox 416 531 423 548; x_wconf 91' lang='lat'><strong>:</strong></span> <span class='ocrx_word' id='word_1_70' title='bbox 452 531 461 547; x_wconf 83' lang='grc' dir='ltr'><strong>ι</strong></span> <span class='ocrx_word' id='word_1_71' title='bbox 478 521 588 550; x_wconf 88' lang='lat' dir='ltr'><strong>Servus.</strong></span> <span class='ocrx_word' id='word_1_72' title='bbox 606 532 615 549; x_wconf 76' lang='grc' dir='ltr'><strong>ι</strong></span> <span class='ocrx_word' id='word_1_73' title='bbox 634 522 666 550; x_wconf 84' lang='lat' dir='ltr'><strong>Et</strong></span> <span class='ocrx_word' id='word_1_74' title='bbox 684 522 750 550; x_wconf 90' lang='lat' dir='ltr'><strong>dicit</strong></span> <span class='ocrx_word' id='word_1_75' title='bbox 762 523 829 550; x_wconf 87' lang='lat' dir='ltr'><strong>mihi</strong></span> <span class='ocrx_word' id='word_1_76' title='bbox 844 532 850 550; x_wconf 88' lang='lat'>:</span> <span class='ocrx_word' id='word_1_77' title='bbox 867 532 877 549; x_wconf 80' lang='grc' dir='ltr'><strong>ι</strong></span> <span class='ocrx_word' id='word_1_78' title='bbox 894 523 980 558; x_wconf 83' lang='lat' dir='ltr'><strong>Cujus</strong></span> <span class='ocrx_word' id='word_1_79' title='bbox 999 531 1029 551; x_wconf 86' lang='lat' dir='ltr'><strong>es</strong></span> 
     </span>
    </p>
   </div>
   <div class='ocr_carea' id='block_1_13' title="bbox 241 567 1029 598">
    <p class='ocr_par' dir='ltr' id='par_1_13' title="bbox 241 567 1029 598">
     <span class='ocr_line' id='line_1_13' title="bbox 241 567 1029 598; baseline 0.005 -4"><span class='ocrx_word' id='word_1_80' title='bbox 241 568 355 595; x_wconf 86' lang='lat' dir='ltr'><strong>servus?</strong></span> <span class='ocrx_word' id='word_1_81' title='bbox 369 577 378 594; x_wconf 85' lang='grc'><strong>›</strong></span> <span class='ocrx_word' id='word_1_82' title='bbox 404 567 437 595; x_wconf 89' lang='lat' dir='ltr'><strong>Et</strong></span> <span class='ocrx_word' id='word_1_83' title='bbox 449 568 509 596; x_wconf 86' lang='lat' dir='ltr'><strong>dico</strong></span> <span class='ocrx_word' id='word_1_84' title='bbox 522 569 546 596; x_wconf 89' lang='lat' dir='ltr'><strong>ei</strong></span> <span class='ocrx_word' id='word_1_85' title='bbox 571 578 576 595; x_wconf 95' lang='lat'>:</span> <span class='ocrx_word' id='word_1_86' title='bbox 598 579 606 595; x_wconf 82' lang='grc' dir='ltr'><strong>ι</strong></span> <span class='ocrx_word' id='word_1_87' title='bbox 621 569 830 597; x_wconf 89' lang='lat' dir='ltr'><strong>lsmaelitarum.</strong></span> <span class='ocrx_word' id='word_1_88' title='bbox 845 579 855 595; x_wconf 73' lang='grc' dir='ltr'><strong>ι</strong></span> <span class='ocrx_word' id='word_1_89' title='bbox 880 569 913 597; x_wconf 86' lang='lat' dir='ltr'><strong>Et</strong></span> <span class='ocrx_word' id='word_1_90' title='bbox 926 578 1029 598; x_wconf 79' lang='lat' dir='ltr'><strong>rursus</strong></span> 
     </span>
    </p>
   </div>
   <div class='ocr_carea' id='block_1_14' title="bbox 240 613 1025 649">
    <p class='ocr_par' dir='ltr' id='par_1_14' title="bbox 240 613 1025 649">
     <span class='ocr_line' id='line_1_14' title="bbox 240 613 1025 649; baseline 0.004 -9"><span class='ocrx_word' id='word_1_91' title='bbox 240 613 310 640; x_wconf 80' lang='lat' dir='ltr'><strong>dixit</strong></span> <span class='ocrx_word' id='word_1_92' title='bbox 324 613 392 640; x_wconf 90' lang='lat' dir='ltr'><strong>mihi</strong></span> <span class='ocrx_word' id='word_1_93' title='bbox 405 621 411 638; x_wconf 92' lang='lat'><strong>:</strong></span> <span class='ocrx_word' id='word_1_94' title='bbox 431 622 441 639; x_wconf 78' lang='grc' dir='ltr'><strong>ι</strong></span> <span class='ocrx_word' id='word_1_95' title='bbox 459 613 582 646; x_wconf 82' lang='lat' dir='ltr'><strong>Qualiter</strong></span> <span class='ocrx_word' id='word_1_96' title='bbox 596 613 720 649; x_wconf 83' lang='lat' dir='ltr'><strong>ipsorum</strong></span> <span class='ocrx_word' id='word_1_97' title='bbox 739 614 828 642; x_wconf 80' lang='lat' dir='ltr'><strong>factus</strong></span> <span class='ocrx_word' id='word_1_98' title='bbox 840 622 870 643; x_wconf 90' lang='lat' dir='ltr'><strong>es</strong></span> <span class='ocrx_word' id='word_1_99' title='bbox 885 616 1002 643; x_wconf 84' lang='lat' dir='ltr'><strong>servus?</strong></span> <span class='ocrx_word' id='word_1_100' title='bbox 1016 625 1025 642; x_wconf 76' lang='grc' dir='ltr'><strong>ι</strong></span> 
     </span>
    </p>
   </div>
   <div class='ocr_carea' id='block_1_15' title="bbox 240 658 1029 692">
    <p class='ocr_par' dir='ltr' id='par_1_15' title="bbox 240 658 1029 692">
     <span class='ocr_line' id='line_1_15' title="bbox 240 658 1029 692; baseline 0.003 -5"><span class='ocrx_word' id='word_1_101' title='bbox 240 659 275 687; x_wconf 83' lang='lat' dir='ltr'><strong>Et</strong></span> <span class='ocrx_word' id='word_1_102' title='bbox 288 659 410 687; x_wconf 82' lang='lat' dir='ltr'><strong>dicebam</strong></span> <span class='ocrx_word' id='word_1_103' title='bbox 427 669 432 686; x_wconf 91' lang='lat'>:</span> <span class='ocrx_word' id='word_1_104' title='bbox 447 669 456 684; x_wconf 82' lang='grc' dir='ltr'><strong>ι</strong></span> <span class='ocrx_word' id='word_1_105' title='bbox 472 658 606 692; x_wconf 85' lang='lat' dir='ltr'><strong>Quoniam</strong></span> <span class='ocrx_word' id='word_1_106' title='bbox 623 667 655 687; x_wconf 85' lang='lat' dir='ltr'><strong>ex</strong></span> <span class='ocrx_word' id='word_1_107' title='bbox 675 665 748 688; x_wconf 89' lang='lat' dir='ltr'><strong>terra</strong></span> <span class='ocrx_word' id='word_1_108' title='bbox 760 660 889 688; x_wconf 83' lang='lat' dir='ltr'><strong>Chanaan</strong></span> <span class='ocrx_word' id='word_1_109' title='bbox 904 667 1029 689; x_wconf 84' lang='lat' dir='ltr'><strong>emerunt</strong></span> 
     </span>
    </p>
   </div>
   <div class='ocr_carea' id='block_1_16' title="bbox 241 705 1025 742">
    <p class='ocr_par' dir='ltr' id='par_1_16' title="bbox 241 705 1025 742">
     <span class='ocr_line' id='line_1_16' title="bbox 241 705 1025 742; baseline 0.001 -9"><span class='ocrx_word' id='word_1_110' title='bbox 241 713 296 734; x_wconf 88' lang='lat' dir='ltr'><strong>me.</strong></span> <span class='ocrx_word' id='word_1_111' title='bbox 315 705 382 734; x_wconf 65' lang='lat' dir='ltr'><strong>illle</strong></span> <span class='ocrx_word' id='word_1_112' title='bbox 395 713 462 733; x_wconf 87' lang='lat' dir='ltr'><strong>vero</strong></span> <span class='ocrx_word' id='word_1_113' title='bbox 480 713 536 733; x_wconf 92' lang='lat' dir='ltr'><strong>non</strong></span> <span class='ocrx_word' id='word_1_114' title='bbox 559 706 685 738; x_wconf 84' lang='lat' dir='ltr'><strong>credidit,</strong></span> <span class='ocrx_word' id='word_1_115' title='bbox 703 706 797 735; x_wconf 88' lang='lat' dir='ltr'><strong>dicens</strong></span> <span class='ocrx_word' id='word_1_116' title='bbox 812 715 819 733; x_wconf 72' lang='grc' dir='ltr'>ε</span> <span class='ocrx_word' id='word_1_117' title='bbox 837 717 846 733; x_wconf 81' lang='grc' dir='ltr'><strong>ι</strong></span> <span class='ocrx_word' id='word_1_118' title='bbox 861 707 999 742; x_wconf 87' lang='lat' dir='ltr'><strong>Mentiris;</strong></span> <span class='ocrx_word' id='word_1_119' title='bbox 1016 717 1025 734; x_wconf 76' lang='grc' dir='ltr'><strong>ι</strong></span> 
     </span>
    </p>
   </div>
   <div class='ocr_carea' id='block_1_17' title="bbox 241 752 700 788">
    <p class='ocr_par' dir='ltr' id='par_1_17' title="bbox 241 752 700 788">
     <span class='ocr_line' id='line_1_17' title="bbox 241 752 700 788; baseline 0.002 -9"><span class='ocrx_word' id='word_1_120' title='bbox 241 757 269 780; x_wconf 88' lang='lat' dir='ltr'><strong>et</strong></span> <span class='ocrx_word' id='word_1_121' title='bbox 284 752 389 779; x_wconf 93' lang='lat' dir='ltr'><strong>nudum</strong></span> <span class='ocrx_word' id='word_1_122' title='bbox 405 752 488 787; x_wconf 83' lang='lat' dir='ltr'><strong>jussit</strong></span> <span class='ocrx_word' id='word_1_123' title='bbox 501 759 544 779; x_wconf 88' lang='lat' dir='ltr'><strong>me</strong></span> <span class='ocrx_word' id='word_1_124' title='bbox 559 752 700 788; x_wconf 82' lang='lat' dir='ltr'><strong>ﬂagellari.</strong></span> 
     </span>
    </p>
   </div>
   <div class='ocr_carea' id='block_1_18' title="bbox 275 797 1021 834">
    <p class='ocr_par' dir='ltr' id='par_1_18' title="bbox 275 797 1021 834">
     <span class='ocr_line' id='line_1_18' title="bbox 275 797 1021 834; baseline 0.004 -10"><span class='ocrx_word' id='word_1_125' title='bbox 275 797 345 826; x_wconf 78' lang='lat' dir='ltr'><strong>XIV.</strong></span> <span class='ocrx_word' id='word_1_126' title='bbox 381 806 391 823; x_wconf 81' lang='grc' dir='ltr'><strong>ι</strong></span> <span class='ocrx_word' id='word_1_127' title='bbox 410 797 584 832; x_wconf 88' lang='lat' dir='ltr'><strong>Memphitica</strong></span> <span class='ocrx_word' id='word_1_128' title='bbox 615 805 680 826; x_wconf 85' lang='lat' dir='ltr'><strong>vero</strong></span> <span class='ocrx_word' id='word_1_129' title='bbox 714 798 782 826; x_wconf 86' lang='lat' dir='ltr'><strong>vidit</strong></span> <span class='ocrx_word' id='word_1_130' title='bbox 806 806 853 834; x_wconf 90' lang='lat' dir='ltr'><strong>per</strong></span> <span class='ocrx_word' id='word_1_131' title='bbox 872 798 1021 827; x_wconf 80' lang='lat' dir='ltr'><strong>fenestram</strong></span> 
     </span>
    </p>
   </div>
   <div class='ocr_carea' id='block_1_19' title="bbox 243 843 1025 880">
    <p class='ocr_par' dir='ltr' id='par_1_19' title="bbox 243 843 1025 880">
     <span class='ocr_line' id='line_1_19' title="bbox 243 843 1025 880; baseline 0 -8"><span class='ocrx_word' id='word_1_132' title='bbox 243 851 287 872; x_wconf 92' lang='lat' dir='ltr'><strong>me</strong></span> <span class='ocrx_word' id='word_1_133' title='bbox 309 843 485 880; x_wconf 77' lang='lat' dir='ltr'><strong>ﬂagellatum,</strong></span> <span class='ocrx_word' id='word_1_134' title='bbox 504 849 531 871; x_wconf 88' lang='lat' dir='ltr'><strong>et</strong></span> <span class='ocrx_word' id='word_1_135' title='bbox 544 844 628 871; x_wconf 88' lang='lat' dir='ltr'><strong>mittit</strong></span> <span class='ocrx_word' id='word_1_136' title='bbox 641 844 675 872; x_wconf 85' lang='lat' dir='ltr'><strong>ad</strong></span> <span class='ocrx_word' id='word_1_137' title='bbox 697 844 787 872; x_wconf 88' lang='lat' dir='ltr'><strong>virum</strong></span> <span class='ocrx_word' id='word_1_138' title='bbox 808 852 899 877; x_wconf 90' lang='lat' dir='ltr'><strong>suum,</strong></span> <span class='ocrx_word' id='word_1_139' title='bbox 913 845 1025 873; x_wconf 88' lang='lat' dir='ltr'><strong>dicens:</strong></span> 
     </span>
    </p>
   </div>
   <div class='ocr_carea' id='block_1_20' title="bbox 245 889 1027 925">
    <p class='ocr_par' dir='ltr' id='par_1_20' title="bbox 245 889 1027 925">
     <span class='ocr_line' id='line_1_20' title="bbox 245 889 1027 925; baseline 0.003 -9"><span class='ocrx_word' id='word_1_140' title='bbox 245 899 255 914; x_wconf 80' lang='grc' dir='ltr'><strong>ι</strong></span> <span class='ocrx_word' id='word_1_141' title='bbox 270 889 405 924; x_wconf 88' lang='lat' dir='ltr'><strong>lnjustum</strong></span> <span class='ocrx_word' id='word_1_142' title='bbox 425 894 468 917; x_wconf 88' lang='lat' dir='ltr'><strong>est</strong></span> <span class='ocrx_word' id='word_1_143' title='bbox 490 889 624 924; x_wconf 86' lang='lat' dir='ltr'><strong>judicium</strong></span> <span class='ocrx_word' id='word_1_144' title='bbox 648 894 739 922; x_wconf 87' lang='lat' dir='ltr'><strong>tuum,</strong></span> <span class='ocrx_word' id='word_1_145' title='bbox 761 890 891 925; x_wconf 87' lang='lat' dir='ltr'><strong>quoniam</strong></span> <span class='ocrx_word' id='word_1_146' title='bbox 911 895 938 918; x_wconf 91' lang='lat' dir='ltr'><strong>et</strong></span> <span class='ocrx_word' id='word_1_147' title='bbox 954 890 1027 918; x_wconf 84' lang='lat' dir='ltr'><strong>furto</strong></span> 
     </span>
    </p>
   </div>
   <div class='ocr_carea' id='block_1_21' title="bbox 243 936 1025 977">
    <p class='ocr_par' dir='ltr' id='par_1_21' title="bbox 243 936 1025 977">
     <span class='ocr_line' id='line_1_21' title="bbox 243 936 1025 977; baseline 0.003 -14"><span class='ocrx_word' id='word_1_148' title='bbox 243 936 384 972; x_wconf 86' lang='lat' dir='ltr'><strong>abreptum</strong></span> <span class='ocrx_word' id='word_1_149' title='bbox 418 936 534 964; x_wconf 85' lang='lat' dir='ltr'><strong>liberum</strong></span> <span class='ocrx_word' id='word_1_150' title='bbox 555 936 655 972; x_wconf 92' lang='lat' dir='ltr'><strong>punis,</strong></span> <span class='ocrx_word' id='word_1_151' title='bbox 681 941 712 964; x_wconf 91' lang='lat' dir='ltr'><strong>ut</strong></span> <span class='ocrx_word' id='word_1_152' title='bbox 732 936 840 977; x_wconf 67' lang='lat' dir='ltr'><strong>injuste</strong></span> <span class='ocrx_word' id='word_1_153' title='bbox 865 941 1001 973; x_wconf 78' lang='lat' dir='ltr'><strong>agentem.</strong></span> <span class='ocrx_word' id='word_1_154' title='bbox 1016 947 1025 964; x_wconf 72' lang='grc' dir='ltr'><strong>ι</strong></span> 
     </span>
    </p>
   </div>
   <div class='ocr_carea' id='block_1_22' title="bbox 243 981 1028 1018">
    <p class='ocr_par' dir='ltr' id='par_1_22' title="bbox 243 981 1028 1018">
     <span class='ocr_line' id='line_1_22' title="bbox 243 981 1028 1018; baseline 0.001 -8"><span class='ocrx_word' id='word_1_155' title='bbox 243 981 295 1010; x_wconf 89' lang='lat' dir='ltr'><strong>Ubi</strong></span> <span class='ocrx_word' id='word_1_156' title='bbox 322 986 412 1010; x_wconf 88' lang='lat' dir='ltr'><strong>autem</strong></span> <span class='ocrx_word' id='word_1_157' title='bbox 444 989 501 1009; x_wconf 90' lang='lat' dir='ltr'><strong>non</strong></span> <span class='ocrx_word' id='word_1_158' title='bbox 527 983 691 1010; x_wconf 84' lang='lat' dir='ltr'><strong>commutavi</strong></span> <span class='ocrx_word' id='word_1_159' title='bbox 722 983 834 1010; x_wconf 86' lang='lat' dir='ltr'><strong>verbum</strong></span> <span class='ocrx_word' id='word_1_160' title='bbox 856 983 1028 1018; x_wconf 77' lang='lat' dir='ltr'><strong>ﬂagellatus,</strong></span> 
     </span>
    </p>
   </div>
   <div class='ocr_carea' id='block_1_23' title="bbox 241 1027 1029 1063">
    <p class='ocr_par' dir='ltr' id='par_1_23' title="bbox 241 1027 1029 1063">
     <span class='ocr_line' id='line_1_23' title="bbox 241 1027 1029 1063; baseline 0.001 -8"><span class='ocrx_word' id='word_1_161' title='bbox 241 1027 323 1063; x_wconf 79' lang='lat' dir='ltr'><strong>juSsit</strong></span> <span class='ocrx_word' id='word_1_162' title='bbox 344 1027 474 1055; x_wconf 83' lang='lat' dir='ltr'><strong>custodiri</strong></span> <span class='ocrx_word' id='word_1_163' title='bbox 496 1035 549 1061; x_wconf 87' lang='lat' dir='ltr'><strong>me,</strong></span> <span class='ocrx_word' id='word_1_164' title='bbox 565 1034 709 1063; x_wconf 76' lang='lat' dir='ltr'><strong>usquequo</strong></span> <span class='ocrx_word' id='word_1_165' title='bbox 722 1028 844 1061; x_wconf 84' lang='lat' dir='ltr'><strong>veniant,</strong></span> <span class='ocrx_word' id='word_1_166' title='bbox 858 1029 907 1063; x_wconf 83' lang='lat' dir='ltr'><strong>ait,</strong></span> <span class='ocrx_word' id='word_1_167' title='bbox 926 1029 1029 1056; x_wconf 90' lang='lat' dir='ltr'><strong>domini</strong></span> 
     </span>
    </p>
   </div>
   <div class='ocr_carea' id='block_1_24' title="bbox 243 1073 1029 1110">
    <p class='ocr_par' dir='ltr' id='par_1_24' title="bbox 243 1073 1029 1110">
     <span class='ocr_line' id='line_1_24' title="bbox 243 1073 1029 1110; baseline -0.001 -8"><span class='ocrx_word' id='word_1_168' title='bbox 243 1075 331 1110; x_wconf 89' lang='lat' dir='ltr'><strong>pueri.</strong></span> <span class='ocrx_word' id='word_1_169' title='bbox 345 1074 380 1101; x_wconf 90' lang='lat' dir='ltr'><strong>Et</strong></span> <span class='ocrx_word' id='word_1_170' title='bbox 394 1082 462 1102; x_wconf 90' lang='lat' dir='ltr'><strong>uxor</strong></span> <span class='ocrx_word' id='word_1_171' title='bbox 476 1074 536 1109; x_wconf 87' lang='lat' dir='ltr'><strong>ejus</strong></span> <span class='ocrx_word' id='word_1_172' title='bbox 547 1073 613 1101; x_wconf 85' lang='lat' dir='ltr'><strong>dicit</strong></span> <span class='ocrx_word' id='word_1_173' title='bbox 628 1074 652 1101; x_wconf 82' lang='lat' dir='ltr'><strong>ei</strong></span> <span class='ocrx_word' id='word_1_174' title='bbox 668 1082 674 1100; x_wconf 87' lang='lat'><strong>:</strong></span> <span class='ocrx_word' id='word_1_175' title='bbox 695 1083 705 1099; x_wconf 83' lang='grc' dir='ltr'><strong>ι</strong></span> <span class='ocrx_word' id='word_1_176' title='bbox 720 1073 833 1108; x_wconf 88' lang='lat' dir='ltr'><strong>Propter</strong></span> <span class='ocrx_word' id='word_1_177' title='bbox 846 1074 911 1109; x_wconf 88' lang='lat' dir='ltr'><strong>quid</strong></span> <span class='ocrx_word' id='word_1_178' title='bbox 923 1073 1029 1102; x_wconf 88' lang='lat' dir='ltr'><strong>detines</strong></span> 
     </span>
    </p>
   </div>
   <div class='ocr_carea' id='block_1_25' title="bbox 243 1119 1026 1156">
    <p class='ocr_par' dir='ltr' id='par_1_25' title="bbox 243 1119 1026 1156">
     <span class='ocr_line' id='line_1_25' title="bbox 243 1119 1026 1156; baseline -0.003 -7"><span class='ocrx_word' id='word_1_179' title='bbox 243 1121 382 1156; x_wconf 88' lang='lat' dir='ltr'><strong>captivum</strong></span> <span class='ocrx_word' id='word_1_180' title='bbox 402 1120 521 1148; x_wconf 84' lang='lat' dir='ltr'><strong>nobilem</strong></span> <span class='ocrx_word' id='word_1_181' title='bbox 543 1126 670 1154; x_wconf 88' lang='lat' dir='ltr'><strong>puerum,</strong></span> <span class='ocrx_word' id='word_1_182' title='bbox 687 1127 768 1154; x_wconf 88' lang='lat' dir='ltr'><strong>quem</strong></span> <span class='ocrx_word' id='word_1_183' title='bbox 793 1119 915 1154; x_wconf 88' lang='lat' dir='ltr'><strong>oportuit</strong></span> <span class='ocrx_word' id='word_1_184' title='bbox 935 1119 1026 1155; x_wconf 78' lang='lat' dir='ltr'><strong>magis</strong></span> 
     </span>
    </p>
   </div>
   <div class='ocr_carea' id='block_1_26' title="bbox 244 1165 1028 1201">
    <p class='ocr_par' dir='ltr' id='par_1_26' title="bbox 244 1165 1028 1201">
     <span class='ocr_line' id='line_1_26' title="bbox 244 1165 1028 1201; baseline -0.005 -5"><span class='ocrx_word' id='word_1_185' title='bbox 244 1168 323 1201; x_wconf 85' lang='lat' dir='ltr'><strong>solvi,</strong></span> <span class='ocrx_word' id='word_1_186' title='bbox 339 1171 366 1195; x_wconf 86' lang='lat' dir='ltr'><strong>et</strong></span> <span class='ocrx_word' id='word_1_187' title='bbox 380 1166 507 1194; x_wconf 79' lang='lat' dir='ltr'><strong>famulari</strong></span> <span class='ocrx_word' id='word_1_188' title='bbox 519 1165 589 1193; x_wconf 82' lang='lat' dir='ltr'><strong>tibi?</strong></span> <span class='ocrx_word' id='word_1_189' title='bbox 606 1175 615 1191; x_wconf 86' lang='grc'><strong>›</strong></span> <span class='ocrx_word' id='word_1_190' title='bbox 631 1165 724 1192; x_wconf 84' lang='lat' dir='ltr'><strong>Voluit</strong></span> <span class='ocrx_word' id='word_1_191' title='bbox 745 1165 817 1193; x_wconf 91' lang='lat' dir='ltr'><strong>enim</strong></span> <span class='ocrx_word' id='word_1_192' title='bbox 833 1173 877 1193; x_wconf 90' lang='lat' dir='ltr'><strong>me</strong></span> <span class='ocrx_word' id='word_1_193' title='bbox 889 1166 980 1193; x_wconf 79' lang='lat' dir='ltr'><strong>videre</strong></span> <span class='ocrx_word' id='word_1_194' title='bbox 1000 1165 1028 1192; x_wconf 92' lang='lat' dir='ltr'><strong>in</strong></span> 
     </span>
    </p>
   </div>
   <div class='ocr_carea' id='block_1_27' title="bbox 244 1213 1027 1250">
    <p class='ocr_par' dir='ltr' id='par_1_27' title="bbox 244 1213 1027 1250">
     <span class='ocr_line' id='line_1_27' title="bbox 244 1213 1027 1250; baseline -0.003 -7"><span class='ocrx_word' id='word_1_195' title='bbox 244 1215 379 1244; x_wconf 87' lang='lat' dir='ltr'><strong>desiderio</strong></span> <span class='ocrx_word' id='word_1_196' title='bbox 398 1213 517 1250; x_wconf 88' lang='lat' dir='ltr'><strong>peccati;</strong></span> <span class='ocrx_word' id='word_1_197' title='bbox 543 1219 570 1242; x_wconf 90' lang='lat' dir='ltr'><strong>et</strong></span> <span class='ocrx_word' id='word_1_198' title='bbox 593 1214 752 1249; x_wconf 81' lang='lat' dir='ltr'><strong>ignorabam</strong></span> <span class='ocrx_word' id='word_1_199' title='bbox 774 1213 808 1241; x_wconf 91' lang='lat' dir='ltr'><strong>de</strong></span> <span class='ocrx_word' id='word_1_200' title='bbox 824 1214 952 1242; x_wconf 90' lang='lat' dir='ltr'><strong>omnibus</strong></span> <span class='ocrx_word' id='word_1_201' title='bbox 973 1213 1027 1241; x_wconf 88' lang='lat' dir='ltr'><strong>his.</strong></span> 
     </span>
    </p>
   </div>
   <div class='ocr_carea' id='block_1_28' title="bbox 244 1259 1029 1295">
    <p class='ocr_par' dir='ltr' id='par_1_28' title="bbox 244 1259 1029 1295">
     <span class='ocr_line' id='line_1_28' title="bbox 244 1259 1029 1295; baseline -0.001 -6"><span class='ocrx_word' id='word_1_202' title='bbox 244 1262 290 1289; x_wconf 86' lang='lat' dir='ltr'><strong>Ille</strong></span> <span class='ocrx_word' id='word_1_203' title='bbox 315 1269 380 1289; x_wconf 89' lang='lat' dir='ltr'><strong>vero</strong></span> <span class='ocrx_word' id='word_1_204' title='bbox 406 1260 480 1290; x_wconf 81' lang='lat' dir='ltr'><strong>dixit</strong></span> <span class='ocrx_word' id='word_1_205' title='bbox 512 1259 714 1295; x_wconf 77' lang='lat' dir='ltr'><strong>Memphiticze:</strong></span> <span class='ocrx_word' id='word_1_206' title='bbox 740 1269 748 1286; x_wconf 86' lang='grc' dir='ltr'><strong>ι</strong></span> <span class='ocrx_word' id='word_1_207' title='bbox 771 1259 830 1287; x_wconf 82' lang='lat' dir='ltr'><strong>Non</strong></span> <span class='ocrx_word' id='word_1_208' title='bbox 863 1259 927 1287; x_wconf 90' lang='lat' dir='ltr'><strong>licet</strong></span> <span class='ocrx_word' id='word_1_209' title='bbox 958 1261 1029 1295; x_wconf 87' lang='lat' dir='ltr'><strong>apud</strong></span> 
     </span>
    </p>
   </div>
   <div class='ocr_carea' id='block_1_29' title="bbox 243 1306 1030 1343">
    <p class='ocr_par' dir='ltr' id='par_1_29' title="bbox 243 1306 1030 1343">
     <span class='ocr_line' id='line_1_29' title="bbox 243 1306 1030 1343; baseline -0.001 -7"><span class='ocrx_word' id='word_1_210' title='bbox 243 1307 396 1343; x_wconf 64' lang='lat' dir='ltr'><strong>Egyptios,</strong></span> <span class='ocrx_word' id='word_1_211' title='bbox 410 1311 473 1334; x_wconf 89' lang='lat' dir='ltr'><strong>ante</strong></span> <span class='ocrx_word' id='word_1_212' title='bbox 489 1306 674 1334; x_wconf 83' lang='lat' dir='ltr'><strong>ostensioncm</strong></span> <span class='ocrx_word' id='word_1_213' title='bbox 705 1306 806 1334; x_wconf 80' lang='lat' dir='ltr'><strong>auferri</strong></span> <span class='ocrx_word' id='word_1_214' title='bbox 825 1306 923 1334; x_wconf 86' lang='lat' dir='ltr'><strong>aliena.</strong></span> <span class='ocrx_word' id='word_1_215' title='bbox 944 1316 953 1333; x_wconf 75' lang='grc' dir='ltr'><strong>ι</strong></span> <span class='ocrx_word' id='word_1_216' title='bbox 972 1306 1030 1335; x_wconf 81' lang='lat' dir='ltr'><strong>Hoc</strong></span> 
     </span>
    </p>
   </div>
   <div class='ocr_carea' id='block_1_30' title="bbox 246 1351 1026 1387">
    <p class='ocr_par' dir='ltr' id='par_1_30' title="bbox 246 1351 1026 1387">
     <span class='ocr_line' id='line_1_30' title="bbox 246 1351 1026 1387; baseline -0.001 -6"><span class='ocrx_word' id='word_1_217' title='bbox 246 1354 316 1381; x_wconf 81' lang='lat' dir='ltr'><strong>dixit</strong></span> <span class='ocrx_word' id='word_1_218' title='bbox 329 1353 362 1381; x_wconf 91' lang='lat' dir='ltr'><strong>de</strong></span> <span class='ocrx_word' id='word_1_219' title='bbox 375 1353 560 1387; x_wconf 76' lang='lat' dir='ltr'><strong>negotiatore;</strong></span> <span class='ocrx_word' id='word_1_220' title='bbox 583 1356 610 1379; x_wconf 92' lang='lat' dir='ltr'><strong>et</strong></span> <span class='ocrx_word' id='word_1_221' title='bbox 624 1353 657 1379; x_wconf 90' lang='lat' dir='ltr'><strong>de</strong></span> <span class='ocrx_word' id='word_1_222' title='bbox 673 1360 726 1386; x_wconf 90' lang='lat' dir='ltr'><strong>me,</strong></span> <span class='ocrx_word' id='word_1_223' title='bbox 741 1351 871 1387; x_wconf 85' lang='lat' dir='ltr'><strong>quoniam</strong></span> <span class='ocrx_word' id='word_1_224' title='bbox 885 1352 967 1380; x_wconf 87' lang='lat' dir='ltr'><strong>debui</strong></span> <span class='ocrx_word' id='word_1_225' title='bbox 987 1352 1026 1380; x_wconf 91' lang='lat' dir='ltr'><strong>in-</strong></span> 
     </span>
    </p>
   </div>
   <div class='ocr_carea' id='block_1_31' title="bbox 246 1399 450 1429">
    <p class='ocr_par' dir='ltr' id='par_1_31' title="bbox 246 1399 450 1429">
     <span class='ocr_line' id='line_1_31' title="bbox 246 1399 450 1429; baseline -0.015 0"><span class='ocrx_word' id='word_1_226' title='bbox 246 1402 339 1429; x_wconf 86' lang='lat' dir='ltr'><strong>clusus</strong></span> <span class='ocrx_word' id='word_1_227' title='bbox 353 1399 450 1427; x_wconf 89' lang='lat' dir='ltr'><strong>teneri.</strong></span> 
     </span>
    </p>
   </div>
   <div class='ocr_carea' id='block_1_32' title="bbox 280 1444 1031 1480">
    <p class='ocr_par' dir='ltr' id='par_1_32' title="bbox 280 1444 1031 1480">
     <span class='ocr_line' id='line_1_32' title="bbox 280 1444 1031 1480; baseline 0.003 -8"><span class='ocrx_word' id='word_1_228' title='bbox 280 1444 425 1473; x_wconf 72' lang='lat' dir='ltr'><strong>XV.‘POSt</strong></span> <span class='ocrx_word' id='word_1_229' title='bbox 443 1444 538 1480; x_wconf 77' lang='lat' dir='ltr'><strong>viginti</strong></span> <span class='ocrx_word' id='word_1_230' title='bbox 555 1452 620 1472; x_wconf 84' lang='lat' dir='ltr'><strong>vero</strong></span> <span class='ocrx_word' id='word_1_231' title='bbox 640 1449 668 1472; x_wconf 91' lang='lat' dir='ltr'><strong>et</strong></span> <span class='ocrx_word' id='word_1_232' title='bbox 687 1449 807 1480; x_wconf 88' lang='lat' dir='ltr'><strong>quatuor</strong></span> <span class='ocrx_word' id='word_1_233' title='bbox 821 1445 880 1473; x_wconf 88' lang='lat' dir='ltr'><strong>dies</strong></span> <span class='ocrx_word' id='word_1_234' title='bbox 898 1451 1031 1474; x_wconf 90' lang='lat' dir='ltr'><strong>venerunt</strong></span> 
     </span>
    </p>
   </div>
   <div class='ocr_carea' id='block_1_33' title="bbox 247 1489 1030 1526">
    <p class='ocr_par' dir='ltr' id='par_1_33' title="bbox 247 1489 1030 1526">
     <span class='ocr_line' id='line_1_33' title="bbox 247 1489 1030 1526; baseline 0 -6"><span class='ocrx_word' id='word_1_235' title='bbox 247 1492 403 1525; x_wconf 67' lang='lat' dir='ltr'><strong>lsmaelitae;</strong></span> <span class='ocrx_word' id='word_1_236' title='bbox 428 1495 455 1519; x_wconf 88' lang='lat' dir='ltr'><strong>et</strong></span> <span class='ocrx_word' id='word_1_237' title='bbox 479 1491 543 1526; x_wconf 90' lang='lat' dir='ltr'><strong>quia</strong></span> <span class='ocrx_word' id='word_1_238' title='bbox 568 1491 738 1523; x_wconf 79' lang='lat' dir='ltr'><strong>audiverant,</strong></span> <span class='ocrx_word' id='word_1_239' title='bbox 753 1491 825 1526; x_wconf 87' lang='lat' dir='ltr'><strong>quod</strong></span> <span class='ocrx_word' id='word_1_240' title='bbox 847 1489 931 1518; x_wconf 86' lang='lat' dir='ltr'><strong>Jacob</strong></span> <span class='ocrx_word' id='word_1_241' title='bbox 953 1496 1030 1526; x_wconf 88' lang='lat' dir='ltr'><strong>pater</strong></span> 
     </span>
    </p>
   </div>
   <div class='ocr_carea' id='block_1_34' title="bbox 245 1536 1029 1570">
    <p class='ocr_par' dir='ltr' id='par_1_34' title="bbox 245 1536 1029 1570">
     <span class='ocr_line' id='line_1_34' title="bbox 245 1536 1029 1570; baseline 0 -5"><span class='ocrx_word' id='word_1_242' title='bbox 245 1546 324 1566; x_wconf 78' lang='lat' dir='ltr'><strong>meus</strong></span> <span class='ocrx_word' id='word_1_243' title='bbox 343 1537 468 1564; x_wconf 89' lang='lat' dir='ltr'><strong>tristatur</strong></span> <span class='ocrx_word' id='word_1_244' title='bbox 483 1537 516 1564; x_wconf 90' lang='lat' dir='ltr'><strong>de</strong></span> <span class='ocrx_word' id='word_1_245' title='bbox 537 1544 592 1570; x_wconf 86' lang='lat' dir='ltr'><strong>me,</strong></span> <span class='ocrx_word' id='word_1_246' title='bbox 612 1536 741 1564; x_wconf 87' lang='lat' dir='ltr'><strong>dixerunt</strong></span> <span class='ocrx_word' id='word_1_247' title='bbox 756 1536 842 1564; x_wconf 86' lang='lat' dir='ltr'><strong>mihi:</strong></span> <span class='ocrx_word' id='word_1_248' title='bbox 862 1546 871 1562; x_wconf 80' lang='grc' dir='ltr'><strong>ι</strong></span> <span class='ocrx_word' id='word_1_249' title='bbox 890 1536 960 1570; x_wconf 85' lang='lat' dir='ltr'><strong>Quid</strong></span> <span class='ocrx_word' id='word_1_250' title='bbox 977 1543 1029 1570; x_wconf 85' lang='lat' dir='ltr'><strong>est,</strong></span> 
     </span>
    </p>
   </div>
   <div class='ocr_carea' id='block_1_35' title="bbox 246 1582 1028 1619">
    <p class='ocr_par' dir='ltr' id='par_1_35' title="bbox 246 1582 1028 1619">
     <span class='ocr_line' id='line_1_35' title="bbox 246 1582 1028 1619; baseline -0.001 -8"><span class='ocrx_word' id='word_1_251' title='bbox 246 1583 320 1619; x_wconf 86' lang='lat' dir='ltr'><strong>quod</strong></span> <span class='ocrx_word' id='word_1_252' title='bbox 341 1582 436 1610; x_wconf 83' lang='lat' dir='ltr'><strong>dixisti</strong></span> <span class='ocrx_word' id='word_1_253' title='bbox 453 1583 570 1618; x_wconf 84' lang='lat' dir='ltr'><strong>teipsum</strong></span> <span class='ocrx_word' id='word_1_254' title='bbox 589 1590 698 1610; x_wconf 88' lang='lat' dir='ltr'><strong>servum</strong></span> <span class='ocrx_word' id='word_1_255' title='bbox 714 1582 794 1609; x_wconf 79' lang='lat' dir='ltr'><strong>esse?</strong></span> <span class='ocrx_word' id='word_1_256' title='bbox 806 1586 833 1610; x_wconf 89' lang='lat' dir='ltr'><strong>et</strong></span> <span class='ocrx_word' id='word_1_257' title='bbox 848 1590 912 1610; x_wconf 82' lang='lat' dir='ltr'><strong>ecce</strong></span> <span class='ocrx_word' id='word_1_258' title='bbox 926 1590 1028 1618; x_wconf 79' lang='lat' dir='ltr'><strong>cogno-</strong></span> 
     </span>
    </p>
   </div>
   <div class='ocr_carea' id='block_1_36' title="bbox 246 1628 1028 1663">
    <p class='ocr_par' dir='ltr' id='par_1_36' title="bbox 246 1628 1028 1663">
     <span class='ocr_line' id='line_1_36' title="bbox 246 1628 1028 1663; baseline -0.004 -5"><span class='ocrx_word' id='word_1_259' title='bbox 246 1630 346 1663; x_wconf 83' lang='lat' dir='ltr'><strong>vimus,</strong></span> <span class='ocrx_word' id='word_1_260' title='bbox 360 1629 432 1663; x_wconf 88' lang='lat' dir='ltr'><strong>quod</strong></span> <span class='ocrx_word' id='word_1_261' title='bbox 450 1628 523 1656; x_wconf 76' lang='lat' dir='ltr'><strong>(ilius</strong></span> <span class='ocrx_word' id='word_1_262' title='bbox 539 1635 569 1655; x_wconf 85' lang='lat' dir='ltr'><strong>es</strong></span> <span class='ocrx_word' id='word_1_263' title='bbox 580 1628 631 1655; x_wconf 92' lang='lat' dir='ltr'><strong>viri</strong></span> <span class='ocrx_word' id='word_1_264' title='bbox 646 1628 736 1663; x_wconf 79' lang='lat' dir='ltr'><strong>magni</strong></span> <span class='ocrx_word' id='word_1_265' title='bbox 757 1628 784 1655; x_wconf 91' lang='lat' dir='ltr'><strong>in</strong></span> <span class='ocrx_word' id='word_1_266' title='bbox 799 1632 870 1656; x_wconf 87' lang='lat' dir='ltr'><strong>terra</strong></span> <span class='ocrx_word' id='word_1_267' title='bbox 882 1628 1028 1662; x_wconf 86' lang='lat' dir='ltr'><strong>Chanaan;</strong></span> 
     </span>
    </p>
   </div>
   <div class='ocr_carea' id='block_1_37' title="bbox 246 1674 1030 1710">
    <p class='ocr_par' dir='ltr' id='par_1_37' title="bbox 246 1674 1030 1710">
     <span class='ocr_line' id='line_1_37' title="bbox 246 1674 1030 1710; baseline -0.003 -6"><span class='ocrx_word' id='word_1_268' title='bbox 246 1680 274 1704; x_wconf 90' lang='lat' dir='ltr'><strong>et</strong></span> <span class='ocrx_word' id='word_1_269' title='bbox 291 1675 415 1703; x_wconf 88' lang='lat' dir='ltr'><strong>tristatur</strong></span> <span class='ocrx_word' id='word_1_270' title='bbox 429 1675 462 1702; x_wconf 91' lang='lat' dir='ltr'><strong>de</strong></span> <span class='ocrx_word' id='word_1_271' title='bbox 483 1678 510 1702; x_wconf 92' lang='lat' dir='ltr'><strong>te</strong></span> <span class='ocrx_word' id='word_1_272' title='bbox 523 1678 599 1710; x_wconf 88' lang='lat' dir='ltr'><strong>pater</strong></span> <span class='ocrx_word' id='word_1_273' title='bbox 614 1681 677 1701; x_wconf 86' lang='lat' dir='ltr'><strong>tuus</strong></span> <span class='ocrx_word' id='word_1_274' title='bbox 694 1675 721 1701; x_wconf 96' lang='lat' dir='ltr'><strong>in</strong></span> <span class='ocrx_word' id='word_1_275' title='bbox 745 1682 835 1704; x_wconf 84' lang='lat' dir='ltr'><strong>sacco.</strong></span> <span class='ocrx_word' id='word_1_276' title='bbox 851 1684 861 1701; x_wconf 70' lang='grc' dir='ltr'><strong>ι</strong></span> <span class='ocrx_word' id='word_1_277' title='bbox 880 1674 912 1702; x_wconf 82' lang='grc' dir='ltr'>Ει</span> <span class='ocrx_word' id='word_1_278' title='bbox 932 1682 1030 1702; x_wconf 80' lang='lat' dir='ltr'><strong>rursus</strong></span> 
     </span>
    </p>
   </div>
   <div class='ocr_carea' id='block_1_38' title="bbox 246 1719 1029 1755">
    <p class='ocr_par' dir='ltr' id='par_1_38' title="bbox 246 1719 1029 1755">
     <span class='ocr_line' id='line_1_38' title="bbox 246 1719 1029 1755; baseline -0.004 -6"><span class='ocrx_word' id='word_1_279' title='bbox 246 1721 319 1749; x_wconf 85' lang='lat' dir='ltr'><strong>volui</strong></span> <span class='ocrx_word' id='word_1_280' title='bbox 343 1719 506 1755; x_wconf 83' lang='lat' dir='ltr'><strong>laerymari.</strong></span> <span class='ocrx_word' id='word_1_281' title='bbox 530 1723 557 1747; x_wconf 92' lang='lat' dir='ltr'><strong>et</strong></span> <span class='ocrx_word' id='word_1_282' title='bbox 585 1719 709 1747; x_wconf 87' lang='lat' dir='ltr'><strong>continui</strong></span> <span class='ocrx_word' id='word_1_283' title='bbox 737 1719 889 1754; x_wconf 81' lang='lat' dir='ltr'><strong>meipsum,</strong></span> <span class='ocrx_word' id='word_1_284' title='bbox 918 1723 949 1746; x_wconf 93' lang='lat' dir='ltr'><strong>ut</strong></span> <span class='ocrx_word' id='word_1_285' title='bbox 974 1727 1029 1746; x_wconf 92' lang='lat' dir='ltr'><strong>non</strong></span> 
     </span>
    </p>
   </div>
   <div class='ocr_carea' id='block_1_39' title="bbox 248 1764 1030 1801">
    <p class='ocr_par' dir='ltr' id='par_1_39' title="bbox 248 1764 1030 1801">
     <span class='ocr_line' id='line_1_39' title="bbox 248 1764 1030 1801; baseline -0.004 -6"><span class='ocrx_word' id='word_1_286' title='bbox 248 1766 443 1796; x_wconf 85' lang='lat' dir='ltr'><strong>confunderem</strong></span> <span class='ocrx_word' id='word_1_287' title='bbox 468 1765 567 1793; x_wconf 84' lang='lat' dir='ltr'><strong>fratres</strong></span> <span class='ocrx_word' id='word_1_288' title='bbox 585 1772 671 1793; x_wconf 90' lang='lat' dir='ltr'><strong>meos.</strong></span> <span class='ocrx_word' id='word_1_289' title='bbox 695 1764 728 1791; x_wconf 85' lang='lat' dir='ltr'><strong>Et</strong></span> <span class='ocrx_word' id='word_1_290' title='bbox 754 1765 809 1792; x_wconf 90' lang='lat' dir='ltr'><strong>dixi</strong></span> <span class='ocrx_word' id='word_1_291' title='bbox 827 1774 833 1792; x_wconf 91' lang='lat'>:</span> <span class='ocrx_word' id='word_1_292' title='bbox 852 1774 862 1791; x_wconf 75' lang='grc' dir='ltr'><strong>ι</strong></span> <span class='ocrx_word' id='word_1_293' title='bbox 880 1765 936 1801; x_wconf 77' lang='lat' dir='ltr'><strong>Ego</strong></span> <span class='ocrx_word' id='word_1_294' title='bbox 957 1764 1030 1792; x_wconf 82' lang='lat' dir='ltr'><strong>istud</strong></span> 
     </span>
    </p>
   </div>
   <div class='ocr_carea' id='block_1_40' title="bbox 247 1811 1030 1847">
    <p class='ocr_par' dir='ltr' id='par_1_40' title="bbox 247 1811 1030 1847">
     <span class='ocr_line' id='line_1_40' title="bbox 247 1811 1030 1847; baseline -0.004 -5"><span class='ocrx_word' id='word_1_295' title='bbox 247 1822 301 1842; x_wconf 91' lang='lat' dir='ltr'><strong>non</strong></span> <span class='ocrx_word' id='word_1_296' title='bbox 317 1814 398 1847; x_wconf 90' lang='lat' dir='ltr'><strong>novi;</strong></span> <span class='ocrx_word' id='word_1_297' title='bbox 418 1821 513 1841; x_wconf 85' lang='lat' dir='ltr'><strong>servus</strong></span> <span class='ocrx_word' id='word_1_298' title='bbox 528 1820 601 1840; x_wconf 83' lang='lat' dir='ltr'><strong>sum.</strong></span> <span class='ocrx_word' id='word_1_299' title='bbox 621 1822 630 1838; x_wconf 85' lang='grc'><strong>›</strong></span> <span class='ocrx_word' id='word_1_300' title='bbox 655 1811 731 1840; x_wconf 86' lang='lat' dir='ltr'><strong>Tunc</strong></span> <span class='ocrx_word' id='word_1_301' title='bbox 755 1812 861 1839; x_wconf 88' lang='lat' dir='ltr'><strong>inibant</strong></span> <span class='ocrx_word' id='word_1_302' title='bbox 885 1811 1030 1840; x_wconf 90' lang='lat' dir='ltr'><strong>consilium</strong></span> 
     </span>
    </p>
   </div>
   <div class='ocr_carea' id='block_1_41' title="bbox 246 1858 1028 1893">
    <p class='ocr_par' dir='ltr' id='par_1_41' title="bbox 246 1858 1028 1893">
     <span class='ocr_line' id='line_1_41' title="bbox 246 1858 1028 1893; baseline -0.005 -5"><span class='ocrx_word' id='word_1_303' title='bbox 246 1860 381 1889; x_wconf 85' lang='lat' dir='ltr'><strong>vendendi</strong></span> <span class='ocrx_word' id='word_1_304' title='bbox 409 1867 469 1893; x_wconf 90' lang='lat' dir='ltr'><strong>me,</strong></span> <span class='ocrx_word' id='word_1_305' title='bbox 498 1866 532 1886; x_wconf 89' lang='lat' dir='ltr'><strong>ne</strong></span> <span class='ocrx_word' id='word_1_306' title='bbox 551 1858 687 1885; x_wconf 85' lang='lat' dir='ltr'><strong>invenirer</strong></span> <span class='ocrx_word' id='word_1_307' title='bbox 714 1859 742 1886; x_wconf 92' lang='lat' dir='ltr'><strong>in</strong></span> <span class='ocrx_word' id='word_1_308' title='bbox 769 1858 896 1886; x_wconf 86' lang='lat' dir='ltr'><strong>manibus</strong></span> <span class='ocrx_word' id='word_1_309' title='bbox 922 1865 1028 1886; x_wconf 92' lang='lat' dir='ltr'><strong>eorum.</strong></span> 
     </span>
    </p>
   </div>
   <div class='ocr_carea' id='block_1_42' title="bbox 248 1902 1030 1937">
    <p class='ocr_par' dir='ltr' id='par_1_42' title="bbox 248 1902 1030 1937">
     <span class='ocr_line' id='line_1_42' title="bbox 248 1902 1030 1937; baseline -0.006 -3"><span class='ocrx_word' id='word_1_310' title='bbox 248 1905 413 1934; x_wconf 87' lang='lat' dir='ltr'><strong>Timuerunt</strong></span> <span class='ocrx_word' id='word_1_311' title='bbox 436 1904 509 1932; x_wconf 92' lang='lat' dir='ltr'><strong>enim</strong></span> <span class='ocrx_word' id='word_1_312' title='bbox 532 1903 633 1937; x_wconf 80' lang='lat' dir='ltr'><strong>Jacob,</strong></span> <span class='ocrx_word' id='word_1_313' title='bbox 658 1911 693 1931; x_wconf 89' lang='lat' dir='ltr'><strong>ne</strong></span> <span class='ocrx_word' id='word_1_314' title='bbox 718 1903 820 1930; x_wconf 81' lang='lat' dir='ltr'><strong>faceret</strong></span> <span class='ocrx_word' id='word_1_315' title='bbox 842 1903 870 1930; x_wconf 89' lang='lat' dir='ltr'><strong>in</strong></span> <span class='ocrx_word' id='word_1_316' title='bbox 886 1903 926 1931; x_wconf 88' lang='lat' dir='ltr'><strong>eis</strong></span> <span class='ocrx_word' id='word_1_317' title='bbox 940 1902 1030 1930; x_wconf 88' lang='lat' dir='ltr'><strong>vindi-</strong></span> 
     </span>
    </p>
   </div>
   <div class='ocr_carea' id='block_1_43' title="bbox 247 1949 1031 1986">
    <p class='ocr_par' dir='ltr' id='par_1_43' title="bbox 247 1949 1031 1986">
     <span class='ocr_line' id='line_1_43' title="bbox 247 1949 1031 1986; baseline -0.005 -6"><span class='ocrx_word' id='word_1_318' title='bbox 247 1958 320 1980; x_wconf 90' lang='lat' dir='ltr'><strong>ctam</strong></span> <span class='ocrx_word' id='word_1_319' title='bbox 334 1950 459 1986; x_wconf 88' lang='lat' dir='ltr'><strong>periculi.</strong></span> <span class='ocrx_word' id='word_1_320' title='bbox 485 1950 616 1977; x_wconf 84' lang='lat' dir='ltr'><strong>Auditum</strong></span> <span class='ocrx_word' id='word_1_321' title='bbox 644 1956 686 1977; x_wconf 90' lang='lat' dir='ltr'><strong>est</strong></span> <span class='ocrx_word' id='word_1_322' title='bbox 707 1950 792 1982; x_wconf 90' lang='lat' dir='ltr'><strong>enim,</strong></span> <span class='ocrx_word' id='word_1_323' title='bbox 816 1949 888 1984; x_wconf 93' lang='lat' dir='ltr'><strong>quod</strong></span> <span class='ocrx_word' id='word_1_324' title='bbox 915 1956 1031 1984; x_wconf 86' lang='lat' dir='ltr'><strong>magnus</strong></span> 
     </span>
    </p>
   </div>
   <div class='ocr_carea' id='block_1_44' title="bbox 248 1995 1030 2032">
    <p class='ocr_par' dir='ltr' id='par_1_44' title="bbox 248 1995 1030 2032">
     <span class='ocr_line' id='line_1_44' title="bbox 248 1995 1030 2032; baseline -0.004 -7"><span class='ocrx_word' id='word_1_325' title='bbox 248 2002 321 2025; x_wconf 86' lang='lat' dir='ltr'><strong>esset</strong></span> <span class='ocrx_word' id='word_1_326' title='bbox 344 1996 416 2032; x_wconf 88' lang='lat' dir='ltr'><strong>apud</strong></span> <span class='ocrx_word' id='word_1_327' title='bbox 429 1995 574 2023; x_wconf 89' lang='lat' dir='ltr'><strong>Dominum</strong></span> <span class='ocrx_word' id='word_1_328' title='bbox 595 2000 621 2023; x_wconf 87' lang='lat' dir='ltr'><strong>et</strong></span> <span class='ocrx_word' id='word_1_329' title='bbox 643 1995 777 2023; x_wconf 85' lang='lat' dir='ltr'><strong>homines.</strong></span> <span class='ocrx_word' id='word_1_330' title='bbox 800 1995 878 2022; x_wconf 87' lang='lat' dir='ltr'><strong>Tunc</strong></span> <span class='ocrx_word' id='word_1_331' title='bbox 895 1995 962 2023; x_wconf 88' lang='lat' dir='ltr'><strong>dicit</strong></span> <span class='ocrx_word' id='word_1_332' title='bbox 981 2003 1030 2023; x_wconf 90' lang='lat' dir='ltr'><strong>ne-</strong></span> 
     </span>
    </p>
   </div>
   <div class='ocr_carea' id='block_1_45' title="bbox 249 2040 1028 2079">
    <p class='ocr_par' dir='ltr' id='par_1_45' title="bbox 249 2040 1028 2079">
     <span class='ocr_line' id='line_1_45' title="bbox 249 2040 1028 2079; baseline -0.004 -9"><span class='ocrx_word' id='word_1_333' title='bbox 249 2044 367 2079; x_wconf 79' lang='lat' dir='ltr'><strong>gotiator</strong></span> <span class='ocrx_word' id='word_1_334' title='bbox 389 2042 449 2070; x_wconf 87' lang='lat' dir='ltr'><strong>eis:</strong></span> <span class='ocrx_word' id='word_1_335' title='bbox 465 2051 475 2067; x_wconf 80' lang='grc' dir='ltr'><strong>ι</strong></span> <span class='ocrx_word' id='word_1_336' title='bbox 497 2041 600 2069; x_wconf 85' lang='lat' dir='ltr'><strong>Solvite</strong></span> <span class='ocrx_word' id='word_1_337' title='bbox 627 2049 671 2069; x_wconf 93' lang='lat' dir='ltr'><strong>me</strong></span> <span class='ocrx_word' id='word_1_338' title='bbox 703 2049 718 2068; x_wconf 94' lang='lat' dir='ltr'><strong>a</strong></span> <span class='ocrx_word' id='word_1_339' title='bbox 739 2041 843 2076; x_wconf 90' lang='lat' dir='ltr'><strong>judicio</strong></span> <span class='ocrx_word' id='word_1_340' title='bbox 866 2040 1002 2076; x_wconf 89' lang='lat' dir='ltr'><strong>Petephri.</strong></span> <span class='ocrx_word' id='word_1_341' title='bbox 1018 2050 1028 2067; x_wconf 72' lang='grc' dir='ltr'><strong>ι</strong></span> 
     </span>
    </p>
   </div>
   <div class='ocr_carea' id='block_1_46' title="bbox 253 2086 1032 2123">
    <p class='ocr_par' dir='ltr' id='par_1_46' title="bbox 253 2086 1032 2123">
     <span class='ocr_line' id='line_1_46' title="bbox 253 2086 1032 2123; baseline -0.004 -6"><span class='ocrx_word' id='word_1_342' title='bbox 253 2089 423 2117; x_wconf 84' lang='lat' dir='ltr'><strong>Accedentes</strong></span> <span class='ocrx_word' id='word_1_343' title='bbox 446 2088 529 2123; x_wconf 79' lang='lat' dir='ltr'><strong>igitur</strong></span> <span class='ocrx_word' id='word_1_344' title='bbox 558 2087 685 2122; x_wconf 87' lang='lat' dir='ltr'><strong>petebant</strong></span> <span class='ocrx_word' id='word_1_345' title='bbox 708 2094 767 2119; x_wconf 89' lang='lat' dir='ltr'><strong>me,</strong></span> <span class='ocrx_word' id='word_1_346' title='bbox 790 2086 931 2114; x_wconf 83' lang='lat' dir='ltr'><strong>dicentes:</strong></span> <span class='ocrx_word' id='word_1_347' title='bbox 956 2096 966 2112; x_wconf 85' lang='grc' dir='ltr'><strong>ι</strong></span> <span class='ocrx_word' id='word_1_348' title='bbox 985 2086 1032 2114; x_wconf 91' lang='lat' dir='ltr'><strong>Dic</strong></span> 
     </span>
    </p>
   </div>
   <div class='ocr_carea' id='block_1_47' title="bbox 249 2132 1033 2169">
    <p class='ocr_par' dir='ltr' id='par_1_47' title="bbox 249 2132 1033 2169">
     <span class='ocr_line' id='line_1_47' title="bbox 249 2132 1033 2169; baseline -0.001 -8"><span class='ocrx_word' id='word_1_349' title='bbox 249 2134 322 2169; x_wconf 92' lang='lat' dir='ltr'><strong>quod</strong></span> <span class='ocrx_word' id='word_1_350' title='bbox 345 2137 455 2169; x_wconf 81' lang='lat' dir='ltr'><strong>argento</strong></span> <span class='ocrx_word' id='word_1_351' title='bbox 477 2137 584 2168; x_wconf 88' lang='lat' dir='ltr'><strong>emptus</strong></span> <span class='ocrx_word' id='word_1_352' title='bbox 605 2140 634 2161; x_wconf 91' lang='lat' dir='ltr'><strong>es</strong></span> <span class='ocrx_word' id='word_1_353' title='bbox 656 2141 671 2159; x_wconf 92' lang='lat' dir='ltr'><strong>a</strong></span> <span class='ocrx_word' id='word_1_354' title='bbox 684 2133 777 2166; x_wconf 90' lang='lat' dir='ltr'><strong>nobis,</strong></span> <span class='ocrx_word' id='word_1_355' title='bbox 803 2136 831 2159; x_wconf 90' lang='lat' dir='ltr'><strong>et</strong></span> <span class='ocrx_word' id='word_1_356' title='bbox 851 2132 896 2160; x_wconf 89' lang='lat' dir='ltr'><strong>ille</strong></span> <span class='ocrx_word' id='word_1_357' title='bbox 912 2132 1033 2160; x_wconf 83' lang='lat' dir='ltr'><strong>absolvet</strong></span> 
     </span>
    </p>
   </div>
   <div class='ocr_carea' id='block_1_48' title="bbox 249 2187 342 2208">
    <p class='ocr_par' dir='ltr' id='par_1_48' title="bbox 249 2187 342 2208">
     <span class='ocr_line' id='line_1_48' title="bbox 249 2187 342 2208; baseline 0 -1"><span class='ocrx_word' id='word_1_358' title='bbox 249 2187 311 2208; x_wconf 77' lang='lat' dir='ltr'>IIOS.</span> <span class='ocrx_word' id='word_1_359' title='bbox 332 2189 342 2205; x_wconf 66' lang='grc' dir='ltr'>ι</span> 
     </span>
    </p>
   </div>
   <div class='ocr_carea' id='block_1_49' title="bbox 284 2223 1071 2264">
    <p class='ocr_par' dir='ltr' id='par_1_49' title="bbox 284 2223 1071 2264">
     <span class='ocr_line' id='line_1_49' title="bbox 284 2223 1071 2264; baseline 0 -12"><span class='ocrx_word' id='word_1_360' title='bbox 284 2223 376 2252; x_wconf 72' lang='grc' dir='ltr'>Χνι.‹</span> <span class='ocrx_word' id='word_1_361' title='bbox 392 2223 566 2259; x_wconf 81' lang='lat' dir='ltr'><strong>Memphitica</strong></span> <span class='ocrx_word' id='word_1_362' title='bbox 591 2231 656 2251; x_wconf 87' lang='lat' dir='ltr'><strong>vero</strong></span> <span class='ocrx_word' id='word_1_363' title='bbox 682 2223 801 2251; x_wconf 88' lang='lat' dir='ltr'><strong>ostendit</strong></span> <span class='ocrx_word' id='word_1_364' title='bbox 826 2224 886 2251; x_wconf 87' lang='lat' dir='ltr'><strong>viro</strong></span> <span class='ocrx_word' id='word_1_365' title='bbox 912 2231 977 2258; x_wconf 89' lang='lat' dir='ltr'><strong>suo,</strong></span> <span class='ocrx_word' id='word_1_366' title='bbox 1002 2229 1032 2252; x_wconf 85' lang='lat' dir='ltr'><strong>ut</strong></span> <span class='ocrx_word' id='word_1_367' title='bbox 1047 2233 1071 2264; x_wconf 76' lang='grc' dir='ltr'><strong>ο</strong></span> 
     </span>
    </p>
   </div>
   <div class='ocr_carea' id='block_1_50' title="bbox 248 2269 1033 2304">
    <p class='ocr_par' dir='ltr' id='par_1_50' title="bbox 248 2269 1033 2304">
     <span class='ocr_line' id='line_1_50' title="bbox 248 2269 1033 2304; baseline -0.003 -6"><span class='ocrx_word' id='word_1_368' title='bbox 248 2274 352 2298; x_wconf 87' lang='lat' dir='ltr'><strong>emeret</strong></span> <span class='ocrx_word' id='word_1_369' title='bbox 367 2277 429 2297; x_wconf 90' lang='lat' dir='ltr'><strong>me:</strong></span> <span class='ocrx_word' id='word_1_370' title='bbox 444 2280 452 2296; x_wconf 87' lang='grc' dir='ltr'><strong>ι</strong></span> <span class='ocrx_word' id='word_1_371' title='bbox 467 2269 555 2297; x_wconf 85' lang='lat' dir='ltr'><strong>Audio</strong></span> <span class='ocrx_word' id='word_1_372' title='bbox 570 2269 653 2302; x_wconf 87' lang='lat' dir='ltr'><strong>enim,</strong></span> <span class='ocrx_word' id='word_1_373' title='bbox 677 2269 724 2302; x_wconf 85' lang='lat' dir='ltr'><strong>ait,</strong></span> <span class='ocrx_word' id='word_1_374' title='bbox 736 2270 810 2304; x_wconf 89' lang='lat' dir='ltr'><strong>quod</strong></span> <span class='ocrx_word' id='word_1_375' title='bbox 828 2269 949 2297; x_wconf 88' lang='lat' dir='ltr'><strong>vendunt</strong></span> <span class='ocrx_word' id='word_1_376' title='bbox 959 2278 1033 2297; x_wconf 88' lang='lat' dir='ltr'><strong>eum.</strong></span> 
     </span>
    </p>
   </div>
   <div class='ocr_carea' id='block_1_51' title="bbox 248 2315 1031 2352">
    <p class='ocr_par' dir='ltr' id='par_1_51' title="bbox 248 2315 1031 2352">
     <span class='ocr_line' id='line_1_51' title="bbox 248 2315 1031 2352; baseline -0.001 -8"><span class='ocrx_word' id='word_1_377' title='bbox 248 2317 282 2345; x_wconf 87' lang='lat' dir='ltr'><strong>Et</strong></span> <span class='ocrx_word' id='word_1_378' title='bbox 296 2317 373 2345; x_wconf 89' lang='lat' dir='ltr'><strong>misit</strong></span> <span class='ocrx_word' id='word_1_379' title='bbox 391 2318 547 2344; x_wconf 87' lang='lat' dir='ltr'><strong>eunuchum</strong></span> <span class='ocrx_word' id='word_1_380' title='bbox 563 2316 595 2343; x_wconf 84' lang='lat' dir='ltr'><strong>ad</strong></span> <span class='ocrx_word' id='word_1_381' title='bbox 613 2315 773 2351; x_wconf 83' lang='lat' dir='ltr'><strong>lsmaelitas,</strong></span> <span class='ocrx_word' id='word_1_382' title='bbox 789 2317 837 2352; x_wconf 90' lang='lat' dir='ltr'><strong>(et)</strong></span> <span class='ocrx_word' id='word_1_383' title='bbox 852 2317 929 2352; x_wconf 86' lang='lat' dir='ltr'><strong>petiit</strong></span> <span class='ocrx_word' id='word_1_384' title='bbox 943 2325 986 2345; x_wconf 88' lang='lat' dir='ltr'><strong>me</strong></span> <span class='ocrx_word' id='word_1_385' title='bbox 1003 2317 1031 2344; x_wconf 95' lang='lat' dir='ltr'><strong>in</strong></span> 
     </span>
    </p>
   </div>
   <div class='ocr_carea' id='block_1_52' title="bbox 249 2360 1031 2397">
    <p class='ocr_par' dir='ltr' id='par_1_52' title="bbox 249 2360 1031 2397">
     <span class='ocr_line' id='line_1_52' title="bbox 249 2360 1031 2397; baseline -0.003 -7"><span class='ocrx_word' id='word_1_386' title='bbox 249 2363 451 2396; x_wconf 81' lang='lat' dir='ltr'><strong>venditionem;</strong></span> <span class='ocrx_word' id='word_1_387' title='bbox 472 2367 497 2389; x_wconf 84' lang='lat' dir='ltr'><strong>et</strong></span> <span class='ocrx_word' id='word_1_388' title='bbox 517 2369 572 2388; x_wconf 94' lang='lat' dir='ltr'><strong>non</strong></span> <span class='ocrx_word' id='word_1_389' title='bbox 594 2361 689 2389; x_wconf 90' lang='lat' dir='ltr'><strong>volens</strong></span> <span class='ocrx_word' id='word_1_390' title='bbox 715 2360 805 2389; x_wconf 79' lang='lat' dir='ltr'><strong>facere</strong></span> <span class='ocrx_word' id='word_1_391' title='bbox 828 2369 890 2390; x_wconf 91' lang='lat' dir='ltr'><strong>cum</strong></span> <span class='ocrx_word' id='word_1_392' title='bbox 906 2362 947 2390; x_wconf 88' lang='lat' dir='ltr'><strong>eis</strong></span> <span class='ocrx_word' id='word_1_393' title='bbox 964 2360 1031 2397; x_wconf 71' lang='lat'><strong>(60),</strong></span> 
     </span>
    </p>
   </div>
   <div class='ocr_carea' id='block_1_53' title="bbox 296 2517 852 2553">
    <p class='ocr_par' dir='ltr' id='par_1_53' title="bbox 296 2517 852 2553">
     <span class='ocr_line' id='line_1_53' title="bbox 296 2517 852 2553; baseline -0.002 -9"><span class='ocrx_word' id='word_1_394' title='bbox 296 2517 338 2553; x_wconf 78' lang='lat'><strong>55)</strong></span> <span class='ocrx_word' id='word_1_395' title='bbox 359 2517 592 2553; x_wconf 67' lang='grc' dir='ltr'>Φυλακιιγθῆνιιι.</span> <span class='ocrx_word' id='word_1_396' title='bbox 605 2517 794 2553; x_wconf 53' lang='grc' dir='ltr'>⁷Φυλαχθῆναι.</span> <span class='ocrx_word' id='word_1_397' title='bbox 816 2517 852 2544; x_wconf 79' lang='lat' dir='ltr'><strong>In.</strong></span> 
     </span>
    </p>
   </div>
   <div class='ocr_carea' id='block_1_54' title="bbox 284 2552 1030 2588">
    <p class='ocr_par' dir='ltr' id='par_1_54' title="bbox 284 2552 1030 2588">
     <span class='ocr_line' id='line_1_54' title="bbox 284 2552 1030 2588; baseline 0.001 -9"><span class='ocrx_word' id='word_1_398' title='bbox 284 2552 339 2588; x_wconf 68' lang='lat'><strong>(54)</strong></span> <span class='ocrx_word' id='word_1_399' title='bbox 360 2553 449 2588; x_wconf 75' lang='lat' dir='ltr'><strong>&#39;0n.7</strong></span> <span class='ocrx_word' id='word_1_400' title='bbox 463 2552 530 2580; x_wconf 90' lang='lat' dir='ltr'><strong>Cod.</strong></span> <span class='ocrx_word' id='word_1_401' title='bbox 548 2553 637 2580; x_wconf 87' lang='lat' dir='ltr'><strong>Oxon.</strong></span> <span class='ocrx_word' id='word_1_402' title='bbox 664 2552 709 2580; x_wconf 92' lang='lat' dir='ltr'><strong>hic</strong></span> <span class='ocrx_word' id='word_1_403' title='bbox 735 2553 848 2580; x_wconf 85' lang='lat' dir='ltr'><strong>inserit:</strong></span> <span class='ocrx_word' id='word_1_404' title='bbox 868 2552 922 2579; x_wconf 87' lang='lat' dir='ltr'><strong>Kal</strong></span> <span class='ocrx_word' id='word_1_405' title='bbox 939 2554 952 2580; x_wconf 83' lang='grc' dir='ltr'>ὁ</span> <span class='ocrx_word' id='word_1_406' title='bbox 967 2554 1030 2586; x_wconf 82' lang='grc' dir='ltr'>παῖς</span> 
     </span>
    </p>
   </div>
   <div class='ocr_carea' id='block_1_55' title="bbox 248 2585 900 2623">
    <p class='ocr_par' dir='ltr' id='par_1_55' title="bbox 248 2585 900 2623">
     <span class='ocr_line' id='line_1_55' title="bbox 248 2585 900 2623; baseline -0.002 -9"><span class='ocrx_word' id='word_1_407' title='bbox 248 2585 294 2615; x_wconf 78' lang='grc' dir='ltr'>οὖν</span> <span class='ocrx_word' id='word_1_408' title='bbox 311 2585 422 2623; x_wconf 61' lang='grc' dir='ltr'>ὀφείλει.</span> <span class='ocrx_word' id='word_1_409' title='bbox 443 2587 481 2614; x_wconf 83' lang='lat' dir='ltr'><strong>lt).</strong></span> <span class='ocrx_word' id='word_1_410' title='bbox 611 2622 615 2623; x_wconf 99' lang='lat'><strong>7</strong></span> <span class='ocrx_word' id='word_1_411' title='bbox 703 2622 707 2623; x_wconf 99' lang='lat'><strong>7</strong></span> <span class='ocrx_word' id='word_1_412' title='bbox 730 2622 734 2623; x_wconf 99' lang='lat'><strong>7</strong></span> <span class='ocrx_word' id='word_1_413' title='bbox 809 2621 819 2623; x_wconf 61' lang='lat'><strong>7</strong></span> <span class='ocrx_word' id='word_1_414' title='bbox 895 2588 900 2592; x_wconf 85' lang='lat'><strong><em>&#39;</em></strong></span> 
     </span>
    </p>
   </div>
   <div class='ocr_carea' id='block_1_56' title="bbox 296 2621 847 2657">
    <p class='ocr_par' dir='ltr' id='par_1_56' title="bbox 296 2621 847 2657">
     <span class='ocr_line' id='line_1_56' title="bbox 296 2621 847 2657; baseline -0.002 -7"><span class='ocrx_word' id='word_1_415' title='bbox 296 2621 339 2657; x_wconf 77' lang='lat'><strong>55)</strong></span> <span class='ocrx_word' id='word_1_416' title='bbox 359 2622 454 2650; x_wconf 85' lang='grc' dir='ltr'>Πάλιν</span> <span class='ocrx_word' id='word_1_417' title='bbox 470 2622 589 2656; x_wconf 78' lang='grc' dir='ltr'>ἤθελον.</span> <span class='ocrx_word' id='word_1_418' title='bbox 610 2622 684 2648; x_wconf 84' lang='grc' dir='ltr'><strong>Πάνυ</strong></span> <span class='ocrx_word' id='word_1_419' title='bbox 699 2622 792 2649; x_wconf 83' lang='grc' dir='ltr'>Θέλων.</span> <span class='ocrx_word' id='word_1_420' title='bbox 809 2621 847 2649; x_wconf 79' lang='lat' dir='ltr'><strong>In.</strong></span> 
     </span>
    </p>
   </div>
   <div class='ocr_carea' id='block_1_57' title="bbox 296 2657 964 2693">
    <p class='ocr_par' dir='ltr' id='par_1_57' title="bbox 296 2657 964 2693">
     <span class='ocr_line' id='line_1_57' title="bbox 296 2657 964 2693; baseline -0.001 -8"><span class='ocrx_word' id='word_1_421' title='bbox 296 2659 338 2693; x_wconf 84' lang='lat'><strong>56)</strong></span> <span class='ocrx_word' id='word_1_422' title='bbox 365 2658 539 2692; x_wconf 68' lang='lat' dir='ltr'><strong>&#39;Ilropzia&#39;an.</strong></span> <span class='ocrx_word' id='word_1_423' title='bbox 559 2657 705 2693; x_wconf 65' lang='grc' dir='ltr'><strong>Ἑπράφης,</strong></span> <span class='ocrx_word' id='word_1_424' title='bbox 728 2659 847 2685; x_wconf 84' lang='lat' dir='ltr'><strong>venditus</strong></span> <span class='ocrx_word' id='word_1_425' title='bbox 861 2665 897 2684; x_wconf 77' lang='lat' dir='ltr'><strong>es.</strong></span> <span class='ocrx_word' id='word_1_426' title='bbox 924 2657 964 2684; x_wconf 82' lang='lat' dir='ltr'><strong>lo.</strong></span> 
     </span>
    </p>
   </div>
   <div class='ocr_carea' id='block_1_58' title="bbox 295 2692 765 2720">
    <p class='ocr_par' dir='ltr' id='par_1_58' title="bbox 295 2692 765 2720">
     <span class='ocr_line' id='line_1_58' title="bbox 295 2692 765 2720; baseline 0 0"><span class='ocrx_word' id='word_1_427' title='bbox 295 2694 339 2720; x_wconf 81' lang='lat' dir='ltr'><strong>57l</strong></span> <span class='ocrx_word' id='word_1_428' title='bbox 364 2693 540 2720; x_wconf 78' lang='grc' dir='ltr'>Ἀπέλυσεν.</span> <span class='ocrx_word' id='word_1_429' title='bbox 561 2692 710 2718; x_wconf 60' lang='grc' dir='ltr'>’Λπολύσεμ</span> <span class='ocrx_word' id='word_1_430' title='bbox 726 2692 765 2720; x_wconf 84' lang='grc' dir='ltr'><strong>ιι).</strong></span> 
     </span>
    </p>
   </div>
   <div class='ocr_carea' id='block_1_59' title="bbox 296 2727 1030 2762">
    <p class='ocr_par' dir='ltr' id='par_1_59' title="bbox 296 2727 1030 2762">
     <span class='ocr_line' id='line_1_59' title="bbox 296 2727 1030 2762; baseline -0.001 -7"><span class='ocrx_word' id='word_1_431' title='bbox 296 2727 339 2762; x_wconf 85' lang='lat'><strong>58)</strong></span> <span class='ocrx_word' id='word_1_432' title='bbox 365 2728 574 2762; x_wconf 80' lang='grc' dir='ltr'>Ἰσμαηλίταις.</span> <span class='ocrx_word' id='word_1_433' title='bbox 598 2727 698 2754; x_wconf 84' lang='lat' dir='ltr'><strong>Statuit</strong></span> <span class='ocrx_word' id='word_1_434' title='bbox 720 2733 815 2754; x_wconf 85' lang='lat' dir='ltr'><strong>auctor</strong></span> <span class='ocrx_word' id='word_1_435' title='bbox 834 2732 938 2760; x_wconf 87' lang='lat' dir='ltr'><strong>noster,</strong></span> <span class='ocrx_word' id='word_1_436' title='bbox 952 2727 1030 2754; x_wconf 81' lang='lat' dir='ltr'><strong>Jose—</strong></span> 
     </span>
    </p>
   </div>
   <div class='ocr_carea' id='block_1_60' title="bbox 248 2763 1030 2798">
    <p class='ocr_par' dir='ltr' id='par_1_60' title="bbox 248 2763 1030 2798">
     <span class='ocr_line' id='line_1_60' title="bbox 248 2763 1030 2798; baseline -0.001 -8"><span class='ocrx_word' id='word_1_437' title='bbox 248 2765 332 2798; x_wconf 89' lang='lat' dir='ltr'><strong>phum</strong></span> <span class='ocrx_word' id='word_1_438' title='bbox 348 2763 488 2798; x_wconf 80' lang='lat' dir='ltr'><strong>Putiphari</strong></span> <span class='ocrx_word' id='word_1_439' title='bbox 503 2763 537 2789; x_wconf 86' lang='lat' dir='ltr'><strong>ab</strong></span> <span class='ocrx_word' id='word_1_440' title='bbox 552 2763 694 2798; x_wconf 80' lang='lat' dir='ltr'><strong>lsmaelitis</strong></span> <span class='ocrx_word' id='word_1_441' title='bbox 708 2763 847 2789; x_wconf 87' lang='lat' dir='ltr'><strong>venditum</strong></span> <span class='ocrx_word' id='word_1_442' title='bbox 863 2770 935 2798; x_wconf 83' lang='lat' dir='ltr'><strong>esse.</strong></span> <span class='ocrx_word' id='word_1_443' title='bbox 961 2763 1030 2789; x_wconf 86' lang='lat' dir='ltr'><strong>Con-</strong></span> 
     </span>
    </p>
   </div>
   <div class='ocr_carea' id='block_1_61' title="bbox 249 2796 1029 2832">
    <p class='ocr_par' dir='ltr' id='par_1_61' title="bbox 249 2796 1029 2832">
     <span class='ocr_line' id='line_1_61' title="bbox 249 2796 1029 2832; baseline -0.003 -6"><span class='ocrx_word' id='word_1_444' title='bbox 249 2796 291 2826; x_wconf 74' lang='lat' dir='ltr'><strong>ira</strong></span> <span class='ocrx_word' id='word_1_445' title='bbox 307 2798 340 2825; x_wconf 75' lang='grc' dir='ltr'><strong>Β.</strong></span> <span class='ocrx_word' id='word_1_446' title='bbox 353 2796 463 2824; x_wconf 83' lang='lat' dir='ltr'><strong>Salomo</strong></span> <span class='ocrx_word' id='word_1_447' title='bbox 475 2796 567 2824; x_wconf 86' lang='lat' dir='ltr'><strong>Jarchi</strong></span> <span class='ocrx_word' id='word_1_448' title='bbox 582 2797 728 2831; x_wconf 82' lang='lat' dir='ltr'><strong>Joseplnnn</strong></span> <span class='ocrx_word' id='word_1_449' title='bbox 746 2798 803 2824; x_wconf 86' lang='lat' dir='ltr'><strong>vult</strong></span> <span class='ocrx_word' id='word_1_450' title='bbox 820 2797 918 2832; x_wconf 64' lang='lat' dir='ltr'><strong>saepius</strong></span> <span class='ocrx_word' id='word_1_451' title='bbox 934 2798 1029 2824; x_wconf 85' lang='lat' dir='ltr'><strong>vendi-</strong></span> 
     </span>
    </p>
   </div>
   <div class='ocr_carea' id='block_1_62' title="bbox 249 2831 1028 2867">
    <p class='ocr_par' dir='ltr' id='par_1_62' title="bbox 249 2831 1028 2867">
     <span class='ocr_line' id='line_1_62' title="bbox 249 2831 1028 2867; baseline -0.001 -7"><span class='ocrx_word' id='word_1_452' title='bbox 249 2839 319 2865; x_wconf 75' lang='lat' dir='ltr'><strong>tum,</strong></span> <span class='ocrx_word' id='word_1_453' title='bbox 332 2834 449 2867; x_wconf 72' lang='lat' dir='ltr'><strong>primum</strong></span> <span class='ocrx_word' id='word_1_454' title='bbox 466 2832 622 2867; x_wconf 80' lang='lat' dir='ltr'><strong>lsmaelitis,</strong></span> <span class='ocrx_word' id='word_1_455' title='bbox 638 2832 700 2859; x_wconf 85' lang='lat' dir='ltr'><strong>inde</strong></span> <span class='ocrx_word' id='word_1_456' title='bbox 712 2831 878 2864; x_wconf 83' lang='lat' dir='ltr'><strong>Madianitis,</strong></span> <span class='ocrx_word' id='word_1_457' title='bbox 892 2838 919 2860; x_wconf 89' lang='lat' dir='ltr'><strong>et</strong></span> <span class='ocrx_word' id='word_1_458' title='bbox 933 2833 967 2859; x_wconf 91' lang='lat' dir='ltr'><strong>ab</strong></span> <span class='ocrx_word' id='word_1_459' title='bbox 985 2833 1028 2860; x_wconf 90' lang='lat' dir='ltr'><strong>his</strong></span> 
     </span>
    </p>
   </div>
   <div class='ocr_carea' id='block_1_63' title="bbox 251 2866 1028 2902">
    <p class='ocr_par' dir='ltr' id='par_1_63' title="bbox 251 2866 1028 2902">
     <span class='ocr_line' id='line_1_63' title="bbox 251 2866 1028 2902; baseline 0 -7"><span class='ocrx_word' id='word_1_460' title='bbox 251 2866 358 2895; x_wconf 74' lang='lat' dir='ltr'><strong>tandem</strong></span> <span class='ocrx_word' id='word_1_461' title='bbox 372 2866 529 2901; x_wconf 86' lang='lat' dir='ltr'><strong>Putipharo.</strong></span> <span class='ocrx_word' id='word_1_462' title='bbox 552 2866 649 2894; x_wconf 78' lang='lat' dir='ltr'><strong>Verum</strong></span> <span class='ocrx_word' id='word_1_463' title='bbox 665 2875 679 2894; x_wconf 89' lang='lat' dir='ltr'><strong>a</strong></span> <span class='ocrx_word' id='word_1_464' title='bbox 691 2868 813 2902; x_wconf 84' lang='lat' dir='ltr'><strong>partibus</strong></span> <span class='ocrx_word' id='word_1_465' title='bbox 831 2868 916 2900; x_wconf 79' lang='lat' dir='ltr'><strong>nostri</strong></span> <span class='ocrx_word' id='word_1_466' title='bbox 932 2873 1028 2896; x_wconf 84' lang='lat' dir='ltr'><strong>aucto-</strong></span> 
     </span>
    </p>
   </div>
   <div class='ocr_carea' id='block_1_64' title="bbox 296 2481 811 2588">
    <p class='ocr_par' dir='ltr' id='par_1_64' title="bbox 296 2481 811 2588">
     <span class='ocr_line' id='line_1_64' title="bbox 296 2481 811 2518; baseline 0 -9"><span class='ocrx_word' id='word_1_467' title='bbox 296 2483 329 2510; x_wconf 78' lang='lat'><strong>52</strong></span> <span class='ocrx_word' id='word_1_468' title='bbox 360 2482 499 2517; x_wconf 77' lang='grc' dir='ltr'><strong>Ἀχθήτω.</strong></span> <span class='ocrx_word' id='word_1_469' title='bbox 519 2482 713 2518; x_wconf 80' lang='grc' dir='ltr'>Ἀποκριθήτω.</span> <span class='ocrx_word' id='word_1_470' title='bbox 727 2481 811 2509; x_wconf 73' lang='grc' dir='ltr'>ϐιιη.</span> 
     </span>
     <span class='ocr_line' id='line_1_65' title="bbox 296 2483 794 2588; baseline -0.002 -43"><span class='ocrx_word' id='word_1_471' title='bbox 296 2483 340 2588; x_wconf 43' lang='grc' dir='ltr'><strong>ὕὸξ</strong></span> <span class='ocrx_word' id='word_1_472' title='bbox 359 2517 592 2551; x_wconf 77' lang='grc' dir='ltr'>Φυλακισθῆνιιι.</span> <span class='ocrx_word' id='word_1_473' title='bbox 616 2517 794 2558; x_wconf 68' lang='grc' dir='ltr'>Φυλαχθῆναι.</span> 
     </span>
     <span class='ocr_line' id='line_1_66' title="bbox 296 2552 808 2588; baseline 0 -9"><span class='ocrx_word' id='word_1_474' title='bbox 296 2553 329 2579; x_wconf 74' lang='grc'><strong>54</strong></span> <span class='ocrx_word' id='word_1_475' title='bbox 360 2552 530 2588; x_wconf 76' lang='lat' dir='ltr'><strong>&#39;0n.7Cod.</strong></span> <span class='ocrx_word' id='word_1_476' title='bbox 548 2553 637 2580; x_wconf 87' lang='lat' dir='ltr'><strong>Oxon.</strong></span> <span class='ocrx_word' id='word_1_477' title='bbox 664 2552 709 2580; x_wconf 84' lang='lat' dir='ltr'><strong>hic</strong></span> <span class='ocrx_word' id='word_1_478' title='bbox 735 2560 808 2580; x_wconf 81' lang='lat' dir='ltr'><strong>inser</strong></span> 
     </span>
    </p>
   </div>
   <div class='ocr_carea' id='block_1_65' title="bbox 284 2623 294 2764">
    <p class='ocr_par' dir='ltr' id='par_1_65' title="bbox 284 2623 294 2764">
     <span class='ocr_line' id='line_1_67' title="bbox 284 2623 294 2764; baseline 0 0"><span class='ocrx_word' id='word_1_479' title='bbox 284 2623 294 2764; x_wconf 62' lang='grc' dir='ltr'><em>ἓ</em></span> 
     </span>
    </p>
   </div>
   <div class='ocr_carea' id='block_1_66' title="bbox 1078 245 1864 284">
    <p class='ocr_par' dir='ltr' id='par_1_66' title="bbox 1078 245 1864 284">
     <span class='ocr_line' id='line_1_68' title="bbox 1078 245 1864 284; baseline -0.001 -10"><span class='ocrx_word' id='word_1_480' title='bbox 1078 247 1203 274; x_wconf 78' lang='grc' dir='ltr'>ἐκέλευσε</span> <span class='ocrx_word' id='word_1_481' title='bbox 1225 248 1326 284; x_wconf 81' lang='grc' dir='ltr'>γυμνὸν</span> <span class='ocrx_word' id='word_1_482' title='bbox 1346 248 1493 275; x_wconf 78' lang='grc' dir='ltr'>τύπτεσθαι</span> <span class='ocrx_word' id='word_1_483' title='bbox 1514 247 1604 274; x_wconf 79' lang='grc' dir='ltr'>αὐτόν.</span> <span class='ocrx_word' id='word_1_484' title='bbox 1626 247 1819 283; x_wconf 76' lang='grc' dir='ltr'>Ἐπιμένοντος</span> <span class='ocrx_word' id='word_1_485' title='bbox 1841 245 1864 272; x_wconf 73' lang='grc' dir='ltr'><strong>δὲ</strong></span> 
     </span>
    </p>
   </div>
   <div class='ocr_carea' id='block_1_67' title="bbox 1078 293 1860 330">
    <p class='ocr_par' dir='ltr' id='par_1_67' title="bbox 1078 293 1860 330">
     <span class='ocr_line' id='line_1_69' title="bbox 1078 293 1860 330; baseline -0.001 -10"><span class='ocrx_word' id='word_1_486' title='bbox 1078 294 1172 326; x_wconf 77' lang='grc' dir='ltr'>αὐτοῦ,</span> <span class='ocrx_word' id='word_1_487' title='bbox 1197 294 1269 329; x_wconf 86' lang='grc' dir='ltr'><strong>λέγει</strong></span> <span class='ocrx_word' id='word_1_488' title='bbox 1290 295 1304 321; x_wconf 83' lang='grc' dir='ltr'><em>ὁ</em></span> <span class='ocrx_word' id='word_1_489' title='bbox 1317 295 1468 330; x_wconf 79' lang='grc' dir='ltr'>Πετεφρίς·</span> <span class='ocrx_word' id='word_1_490' title='bbox 1499 304 1509 320; x_wconf 77' lang='grc' dir='ltr'><strong>ι</strong></span> <span class='ocrx_word' id='word_1_491' title='bbox 1529 294 1652 330; x_wconf 64' lang='grc' dir='ltr'>Ἁχθήτω</span> <span class='ocrx_word' id='word_1_492' title='bbox 1671 294 1731 329; x_wconf 70' lang='grc'>(52)</span> <span class='ocrx_word' id='word_1_493' title='bbox 1753 294 1768 320; x_wconf 82' lang='grc'>6</span> <span class='ocrx_word' id='word_1_494' title='bbox 1780 293 1860 320; x_wconf 74' lang='grc' dir='ltr'>νεανί-</span> 
     </span>
    </p>
   </div>
   <div class='ocr_carea' id='block_1_68' title="bbox 1079 338 1861 375">
    <p class='ocr_par' dir='ltr' id='par_1_68' title="bbox 1079 338 1861 375">
     <span class='ocr_line' id='line_1_70' title="bbox 1079 338 1861 375; baseline -0.003 -9"><span class='ocrx_word' id='word_1_495' title='bbox 1079 347 1153 371; x_wconf 85' lang='grc' dir='ltr'>σκος.</span> <span class='ocrx_word' id='word_1_496' title='bbox 1169 349 1178 365; x_wconf 73' lang='grc' dir='ltr'><strong>ι</strong></span> <span class='ocrx_word' id='word_1_497' title='bbox 1194 340 1249 366; x_wconf 77' lang='grc' dir='ltr'><strong>Καὶ</strong></span> <span class='ocrx_word' id='word_1_498' title='bbox 1260 339 1395 375; x_wconf 76' lang='grc' dir='ltr'><strong>εἰσαχθεὶς</strong></span> <span class='ocrx_word' id='word_1_499' title='bbox 1411 338 1598 375; x_wconf 77' lang='grc' dir='ltr'><strong>προσεκύνησα</strong></span> <span class='ocrx_word' id='word_1_500' title='bbox 1611 338 1651 374; x_wconf 81' lang='grc' dir='ltr'><strong>τῷ</strong></span> <span class='ocrx_word' id='word_1_501' title='bbox 1664 338 1861 374; x_wconf 81' lang='grc' dir='ltr'>ἀρχιευνούχῳ·</span> 
     </span>
    </p>
   </div>
   <div class='ocr_carea' id='block_1_69' title="bbox 1077 383 1863 422">
    <p class='ocr_par' dir='ltr' id='par_1_69' title="bbox 1077 383 1863 422">
     <span class='ocr_line' id='line_1_71' title="bbox 1077 383 1863 422; baseline -0.003 -10"><span class='ocrx_word' id='word_1_502' title='bbox 1077 386 1167 422; x_wconf 78' lang='grc' dir='ltr'><strong>τρίτος</strong></span> <span class='ocrx_word' id='word_1_503' title='bbox 1179 385 1233 422; x_wconf 84' lang='grc' dir='ltr'><strong>γὰρ</strong></span> <span class='ocrx_word' id='word_1_504' title='bbox 1245 383 1279 421; x_wconf 79' lang='grc' dir='ltr'>ἦν</span> <span class='ocrx_word' id='word_1_505' title='bbox 1291 387 1319 412; x_wconf 82' lang='grc' dir='ltr'>ὲν</span> <span class='ocrx_word' id='word_1_506' title='bbox 1331 385 1393 422; x_wconf 68' lang='grc' dir='ltr'>ἀξία</span> <span class='ocrx_word' id='word_1_507' title='bbox 1407 385 1482 422; x_wconf 79' lang='grc' dir='ltr'>παρὰ</span> <span class='ocrx_word' id='word_1_508' title='bbox 1493 384 1644 421; x_wconf 85' lang='grc' dir='ltr'>τῷΦαραὼ,</span> <span class='ocrx_word' id='word_1_509' title='bbox 1658 384 1754 420; x_wconf 83' lang='grc' dir='ltr'>ἄρχων</span> <span class='ocrx_word' id='word_1_510' title='bbox 1764 385 1863 411; x_wconf 73' lang='grc' dir='ltr'>πάντων</span> 
     </span>
    </p>
   </div>
   <div class='ocr_carea' id='block_1_70' title="bbox 1077 430 1865 467">
    <p class='ocr_par' dir='ltr' id='par_1_70' title="bbox 1077 430 1865 467">
     <span class='ocr_line' id='line_1_72' title="bbox 1077 430 1865 467; baseline 0 -9"><span class='ocrx_word' id='word_1_511' title='bbox 1077 430 1132 458; x_wconf 83' lang='grc' dir='ltr'><strong>τῶν</strong></span> <span class='ocrx_word' id='word_1_512' title='bbox 1150 431 1293 467; x_wconf 81' lang='grc' dir='ltr'>εὐνούχων,</span> <span class='ocrx_word' id='word_1_513' title='bbox 1308 431 1377 467; x_wconf 79' lang='grc' dir='ltr'>έχων</span> <span class='ocrx_word' id='word_1_514' title='bbox 1401 433 1549 466; x_wconf 85' lang='grc' dir='ltr'>γυναῖκας,</span> <span class='ocrx_word' id='word_1_515' title='bbox 1569 433 1615 459; x_wconf 66' lang='grc' dir='ltr'>καὶ</span> <span class='ocrx_word' id='word_1_516' title='bbox 1636 431 1800 463; x_wconf 75' lang='grc' dir='ltr'>παλλακὰς,</span> <span class='ocrx_word' id='word_1_517' title='bbox 1824 432 1865 458; x_wconf 68' lang='grc' dir='ltr'><strong>καὶ</strong></span> 
     </span>
    </p>
   </div>
   <div class='ocr_carea' id='block_1_71' title="bbox 1078 473 1865 514">
    <p class='ocr_par' dir='ltr' id='par_1_71' title="bbox 1078 473 1865 514">
     <span class='ocr_line' id='line_1_73' title="bbox 1078 473 1865 514; baseline 0 -11"><span class='ocrx_word' id='word_1_518' title='bbox 1078 477 1170 504; x_wconf 83' lang='grc' dir='ltr'>τέκνα.</span> <span class='ocrx_word' id='word_1_519' title='bbox 1186 477 1241 504; x_wconf 80' lang='grc' dir='ltr'><strong>Καὶ</strong></span> <span class='ocrx_word' id='word_1_520' title='bbox 1253 477 1417 514; x_wconf 83' lang='grc' dir='ltr'>διαχωρίσας</span> <span class='ocrx_word' id='word_1_521' title='bbox 1430 486 1463 514; x_wconf 90' lang='grc' dir='ltr'><strong>με</strong></span> <span class='ocrx_word' id='word_1_522' title='bbox 1476 478 1523 504; x_wconf 87' lang='grc' dir='ltr'><strong>ἀπ’</strong></span> <span class='ocrx_word' id='word_1_523' title='bbox 1543 477 1636 510; x_wconf 81' lang='grc' dir='ltr'>αὐτοῦ,</span> <span class='ocrx_word' id='word_1_524' title='bbox 1651 475 1715 504; x_wconf 59' lang='grc' dir='ltr'>εἴη</span> <span class='ocrx_word' id='word_1_525' title='bbox 1725 485 1733 492; x_wconf 71' lang='grc' dir='ltr'><strong><em>ο</em></strong></span> <span class='ocrx_word' id='word_1_526' title='bbox 1754 487 1764 502; x_wconf 78' lang='grc' dir='ltr'><strong>ι</strong></span> <span class='ocrx_word' id='word_1_527' title='bbox 1776 473 1865 508; x_wconf 71' lang='grc' dir='ltr'>Δοῦλος</span> 
     </span>
    </p>
   </div>
   <div class='ocr_carea' id='block_1_72' title="bbox 1078 520 1864 559">
    <p class='ocr_par' dir='ltr' id='par_1_72' title="bbox 1078 520 1864 559">
     <span class='ocr_line' id='line_1_74' title="bbox 1078 520 1864 559; baseline 0.003 -11"><span class='ocrx_word' id='word_1_528' title='bbox 1078 520 1113 555; x_wconf 80' lang='grc' dir='ltr'><strong>εἶ,</strong></span> <span class='ocrx_word' id='word_1_529' title='bbox 1131 522 1149 558; x_wconf 79' lang='grc' dir='ltr'><strong>ἢ</strong></span> <span class='ocrx_word' id='word_1_530' title='bbox 1162 522 1318 559; x_wconf 57' lang='lat' dir='ltr'><strong>Eli-350590;;</strong></span> <span class='ocrx_word' id='word_1_531' title='bbox 1335 533 1344 549; x_wconf 79' lang='grc' dir='ltr'><strong>ι</strong></span> <span class='ocrx_word' id='word_1_532' title='bbox 1369 524 1416 551; x_wconf 75' lang='grc' dir='ltr'><strong>καὶ</strong></span> <span class='ocrx_word' id='word_1_533' title='bbox 1436 521 1528 551; x_wconf 77' lang='grc' dir='ltr'>εἷπον·</span> <span class='ocrx_word' id='word_1_534' title='bbox 1545 533 1554 550; x_wconf 79' lang='grc' dir='ltr'><strong>ι</strong></span> <span class='ocrx_word' id='word_1_535' title='bbox 1568 523 1676 555; x_wconf 74' lang='grc' dir='ltr'>Δοῦλος.</span> <span class='ocrx_word' id='word_1_536' title='bbox 1691 533 1701 550; x_wconf 73' lang='grc' dir='ltr'><strong>ι</strong></span> <span class='ocrx_word' id='word_1_537' title='bbox 1723 524 1782 550; x_wconf 80' lang='grc' dir='ltr'><strong>Καὶ</strong></span> <span class='ocrx_word' id='word_1_538' title='bbox 1798 523 1864 557; x_wconf 80' lang='grc' dir='ltr'>λέγει</span> 
     </span>
    </p>
   </div>
   <div class='ocr_carea' id='block_1_73' title="bbox 1079 569 1865 606">
    <p class='ocr_par' dir='ltr' id='par_1_73' title="bbox 1079 569 1865 606">
     <span class='ocr_line' id='line_1_75' title="bbox 1079 569 1865 606; baseline -0.001 -10"><span class='ocrx_word' id='word_1_539' title='bbox 1079 570 1147 606; x_wconf 83' lang='grc' dir='ltr'>πρός</span> <span class='ocrx_word' id='word_1_540' title='bbox 1162 579 1197 606; x_wconf 87' lang='grc' dir='ltr'><strong>με</strong></span> <span class='ocrx_word' id='word_1_541' title='bbox 1209 579 1215 586; x_wconf 76' lang='grc'><em>’</em></span> <span class='ocrx_word' id='word_1_542' title='bbox 1232 580 1241 596; x_wconf 83' lang='grc' dir='ltr'><strong>ι</strong></span> <span class='ocrx_word' id='word_1_543' title='bbox 1255 570 1334 603; x_wconf 90' lang='grc' dir='ltr'>Τινος</span> <span class='ocrx_word' id='word_1_544' title='bbox 1346 569 1370 598; x_wconf 74' lang='lat' dir='ltr'><strong>el</strong></span> <span class='ocrx_word' id='word_1_545' title='bbox 1381 571 1490 604; x_wconf 81' lang='grc' dir='ltr'>δοῦλος;</span> <span class='ocrx_word' id='word_1_546' title='bbox 1508 580 1517 597; x_wconf 72' lang='grc' dir='ltr'><strong>ι</strong></span> <span class='ocrx_word' id='word_1_547' title='bbox 1540 571 1586 597; x_wconf 78' lang='grc' dir='ltr'><strong>καὶ</strong></span> <span class='ocrx_word' id='word_1_548' title='bbox 1598 570 1670 605; x_wconf 76' lang='grc' dir='ltr'>λέγω</span> <span class='ocrx_word' id='word_1_549' title='bbox 1683 569 1763 605; x_wconf 82' lang='grc' dir='ltr'>αὐτῷ</span> <span class='ocrx_word' id='word_1_550' title='bbox 1773 579 1781 584; x_wconf 94' lang='grc'><strong>·</strong></span> <span class='ocrx_word' id='word_1_551' title='bbox 1799 569 1865 596; x_wconf 76' lang='grc' dir='ltr'>«Τῶν</span> 
     </span>
    </p>
   </div>
   <div class='ocr_carea' id='block_1_74' title="bbox 1085 616 1864 653">
    <p class='ocr_par' dir='ltr' id='par_1_74' title="bbox 1085 616 1864 653">
     <span class='ocr_line' id='line_1_76' title="bbox 1085 616 1864 653; baseline -0.003 -9"><span class='ocrx_word' id='word_1_552' title='bbox 1085 617 1297 653; x_wconf 79' lang='grc' dir='ltr'>Ἰσμαηλιτῶν.»</span> <span class='ocrx_word' id='word_1_553' title='bbox 1322 618 1377 645; x_wconf 82' lang='lat' dir='ltr'><strong>Kal</strong></span> <span class='ocrx_word' id='word_1_554' title='bbox 1399 618 1479 645; x_wconf 82' lang='grc' dir='ltr'>πάλιν</span> <span class='ocrx_word' id='word_1_555' title='bbox 1500 617 1573 652; x_wconf 80' lang='grc' dir='ltr'><strong>λέγει</strong></span> <span class='ocrx_word' id='word_1_556' title='bbox 1594 625 1656 652; x_wconf 83' lang='grc' dir='ltr'>μοι·</span> <span class='ocrx_word' id='word_1_557' title='bbox 1676 617 1759 648; x_wconf 74' lang='grc' dir='ltr'><strong>«Πῶς</strong></span> <span class='ocrx_word' id='word_1_558' title='bbox 1779 616 1864 643; x_wconf 79' lang='grc' dir='ltr'>αὐτῶν</span> 
     </span>
    </p>
   </div>
   <div class='ocr_carea' id='block_1_75' title="bbox 1079 661 1864 697">
    <p class='ocr_par' dir='ltr' id='par_1_75' title="bbox 1079 661 1864 697">
     <span class='ocr_line' id='line_1_77' title="bbox 1079 661 1864 697; baseline 0 -9"><span class='ocrx_word' id='word_1_559' title='bbox 1079 662 1172 697; x_wconf 70' lang='grc' dir='ltr'>ἐγένου</span> <span class='ocrx_word' id='word_1_560' title='bbox 1194 663 1304 697; x_wconf 82' lang='grc' dir='ltr'>δοῦλος;</span> <span class='ocrx_word' id='word_1_561' title='bbox 1321 672 1330 690; x_wconf 72' lang='grc' dir='ltr'><strong>ι</strong></span> <span class='ocrx_word' id='word_1_562' title='bbox 1357 663 1405 691; x_wconf 76' lang='grc' dir='ltr'><strong>καὶ</strong></span> <span class='ocrx_word' id='word_1_563' title='bbox 1422 662 1497 690; x_wconf 74' lang='grc' dir='ltr'>εἷπον</span> <span class='ocrx_word' id='word_1_564' title='bbox 1509 672 1516 678; x_wconf 88' lang='grc'><strong>·</strong></span> <span class='ocrx_word' id='word_1_565' title='bbox 1535 672 1544 688; x_wconf 86' lang='grc' dir='ltr'><strong>ι</strong></span> <span class='ocrx_word' id='word_1_566' title='bbox 1558 663 1619 689; x_wconf 89' lang='grc' dir='ltr'>Ὅτι</span> <span class='ocrx_word' id='word_1_567' title='bbox 1639 662 1673 689; x_wconf 85' lang='grc' dir='ltr'><strong>ὲκ</strong></span> <span class='ocrx_word' id='word_1_568' title='bbox 1693 662 1748 697; x_wconf 80' lang='grc' dir='ltr'>γῆς</span> <span class='ocrx_word' id='word_1_569' title='bbox 1761 661 1864 688; x_wconf 66' lang='grc' dir='ltr'>Χαναὰν</span> 
     </span>
    </p>
   </div>
   <div class='ocr_carea' id='block_1_76' title="bbox 1078 707 1869 745">
    <p class='ocr_par' dir='ltr' id='par_1_76' title="bbox 1078 707 1869 745">
     <span class='ocr_line' id='line_1_78' title="bbox 1078 707 1869 745; baseline -0.003 -10"><span class='ocrx_word' id='word_1_570' title='bbox 1078 708 1207 744; x_wconf 85' lang='grc' dir='ltr'>ὲπρίαντό</span> <span class='ocrx_word' id='word_1_571' title='bbox 1222 717 1266 744; x_wconf 85' lang='grc' dir='ltr'>με.</span> <span class='ocrx_word' id='word_1_572' title='bbox 1290 719 1300 735; x_wconf 80' lang='grc' dir='ltr'><strong>ι</strong></span> <span class='ocrx_word' id='word_1_573' title='bbox 1311 709 1340 735; x_wconf 87' lang='grc' dir='ltr'>Ὁ</span> <span class='ocrx_word' id='word_1_574' title='bbox 1352 709 1380 735; x_wconf 85' lang='grc' dir='ltr'><strong>δὲ</strong></span> <span class='ocrx_word' id='word_1_575' title='bbox 1392 709 1538 745; x_wconf 83' lang='grc' dir='ltr'>ὴπίστησε,</span> <span class='ocrx_word' id='word_1_576' title='bbox 1557 708 1656 742; x_wconf 80' lang='grc' dir='ltr'>λέγων,</span> <span class='ocrx_word' id='word_1_577' title='bbox 1670 708 1714 734; x_wconf 78' lang='grc' dir='ltr'>ὅτι</span> <span class='ocrx_word' id='word_1_578' title='bbox 1741 717 1751 733; x_wconf 77' lang='grc' dir='ltr'><strong>ι</strong></span> <span class='ocrx_word' id='word_1_579' title='bbox 1769 707 1869 744; x_wconf 59' lang='grc' dir='ltr'><strong>ψεύδε’»</strong></span> 
     </span>
    </p>
   </div>
   <div class='ocr_carea' id='block_1_77' title="bbox 1078 753 1596 790">
    <p class='ocr_par' dir='ltr' id='par_1_77' title="bbox 1078 753 1596 790">
     <span class='ocr_line' id='line_1_79' title="bbox 1078 753 1596 790; baseline -0.002 -9"><span class='ocrx_word' id='word_1_580' title='bbox 1078 755 1126 781; x_wconf 77' lang='grc' dir='ltr'><strong>καὶ</strong></span> <span class='ocrx_word' id='word_1_581' title='bbox 1138 754 1239 790; x_wconf 74' lang='grc' dir='ltr'>γυμνὸν</span> <span class='ocrx_word' id='word_1_582' title='bbox 1252 754 1378 781; x_wconf 78' lang='grc' dir='ltr'>ἐκέλευσέ</span> <span class='ocrx_word' id='word_1_583' title='bbox 1393 763 1426 790; x_wconf 90' lang='grc' dir='ltr'><strong>με</strong></span> <span class='ocrx_word' id='word_1_584' title='bbox 1438 753 1596 781; x_wconf 77' lang='grc' dir='ltr'>τύπτεσθαι.</span> 
     </span>
    </p>
   </div>
   <div class='ocr_carea' id='block_1_78' title="bbox 1116 799 1863 836">
    <p class='ocr_par' dir='ltr' id='par_1_78' title="bbox 1116 799 1863 836">
     <span class='ocr_line' id='line_1_80' title="bbox 1116 799 1863 836; baseline -0.003 -9"><span class='ocrx_word' id='word_1_585' title='bbox 1116 801 1224 828; x_wconf 82' lang='grc' dir='ltr'><strong>1Δ’.(Ἦ</strong></span> <span class='ocrx_word' id='word_1_586' title='bbox 1243 801 1271 827; x_wconf 81' lang='grc' dir='ltr'><strong>δὲ</strong></span> <span class='ocrx_word' id='word_1_587' title='bbox 1282 800 1394 836; x_wconf 82' lang='grc' dir='ltr'><strong>Μέμφις</strong></span> <span class='ocrx_word' id='word_1_588' title='bbox 1415 799 1489 836; x_wconf 77' lang='grc' dir='ltr'>ἐώρα</span> <span class='ocrx_word' id='word_1_589' title='bbox 1507 800 1552 827; x_wconf 87' lang='grc' dir='ltr'><strong>διὰ</strong></span> <span class='ocrx_word' id='word_1_590' title='bbox 1569 799 1678 835; x_wconf 79' lang='grc' dir='ltr'><strong>θυρίδος</strong></span> <span class='ocrx_word' id='word_1_591' title='bbox 1701 799 1863 835; x_wconf 72' lang='grc' dir='ltr'>τυπτομένω</span> 
     </span>
    </p>
   </div>
   <div class='ocr_carea' id='block_1_79' title="bbox 1082 845 1860 882">
    <p class='ocr_par' dir='ltr' id='par_1_79' title="bbox 1082 845 1860 882">
     <span class='ocr_line' id='line_1_81' title="bbox 1082 845 1860 882; baseline -0.003 -9"><span class='ocrx_word' id='word_1_592' title='bbox 1082 855 1143 882; x_wconf 83' lang='grc' dir='ltr'>μου,</span> <span class='ocrx_word' id='word_1_593' title='bbox 1157 845 1205 873; x_wconf 72' lang='grc' dir='ltr'>καλ</span> <span class='ocrx_word' id='word_1_594' title='bbox 1221 845 1379 873; x_wconf 75' lang='grc' dir='ltr'>ἀποστέλλει</span> <span class='ocrx_word' id='word_1_595' title='bbox 1393 846 1462 882; x_wconf 79' lang='grc' dir='ltr'>πρὸς</span> <span class='ocrx_word' id='word_1_596' title='bbox 1475 846 1519 872; x_wconf 79' lang='grc' dir='ltr'>τὸν</span> <span class='ocrx_word' id='word_1_597' title='bbox 1530 845 1614 881; x_wconf 75' lang='grc' dir='ltr'>ἄνδρα</span> <span class='ocrx_word' id='word_1_598' title='bbox 1627 845 1724 881; x_wconf 78' lang='grc' dir='ltr'>αὐτῆς,</span> <span class='ocrx_word' id='word_1_599' title='bbox 1737 845 1860 879; x_wconf 69' lang='grc' dir='ltr'>λέγουσι·</span> 
     </span>
    </p>
   </div>
   <div class='ocr_carea' id='block_1_80' title="bbox 1044 878 1862 927">
    <p class='ocr_par' dir='ltr' id='par_1_80' title="bbox 1044 878 1862 927">
     <span class='ocr_line' id='line_1_82' title="bbox 1044 878 1862 927; baseline -0.004 -9"><span class='ocrx_word' id='word_1_600' title='bbox 1044 878 1064 908; x_wconf 68' lang='grc' dir='ltr'><strong>Β</strong></span> <span class='ocrx_word' id='word_1_601' title='bbox 1082 878 1209 924; x_wconf 57' lang='grc' dir='ltr'>ι’Ᾱόικός</span> <span class='ocrx_word' id='word_1_602' title='bbox 1230 891 1304 918; x_wconf 77' lang='grc' dir='ltr'>ἐστιν</span> <span class='ocrx_word' id='word_1_603' title='bbox 1325 892 1342 927; x_wconf 85' lang='grc' dir='ltr'>ὴ</span> <span class='ocrx_word' id='word_1_604' title='bbox 1356 878 1448 927; x_wconf 74' lang='grc' dir='ltr'>κρίσις</span> <span class='ocrx_word' id='word_1_605' title='bbox 1468 899 1525 922; x_wconf 81' lang='grc' dir='ltr'>σου,</span> <span class='ocrx_word' id='word_1_606' title='bbox 1539 878 1587 917; x_wconf 47' lang='grc' dir='ltr'>ὅτι.</span> <span class='ocrx_word' id='word_1_607' title='bbox 1600 891 1648 917; x_wconf 78' lang='grc' dir='ltr'><strong>καὶ</strong></span> <span class='ocrx_word' id='word_1_608' title='bbox 1665 878 1712 916; x_wconf 57' lang='grc' dir='ltr'><strong>τον</strong></span> <span class='ocrx_word' id='word_1_609' title='bbox 1732 878 1862 916; x_wconf 73' lang='grc' dir='ltr'>κλαπέντα</span> 
     </span>
    </p>
   </div>
   <div class='ocr_carea' id='block_1_81' title="bbox 1079 937 1862 974">
    <p class='ocr_par' dir='ltr' id='par_1_81' title="bbox 1079 937 1862 974">
     <span class='ocr_line' id='line_1_83' title="bbox 1079 937 1862 974; baseline -0.004 -9"><span class='ocrx_word' id='word_1_610' title='bbox 1079 938 1222 974; x_wconf 76' lang='grc' dir='ltr'>ἐλεύθερον</span> <span class='ocrx_word' id='word_1_611' title='bbox 1243 938 1385 974; x_wconf 81' lang='grc' dir='ltr'>τιμωρεϊς,</span> <span class='ocrx_word' id='word_1_612' title='bbox 1406 937 1444 970; x_wconf 85' lang='grc' dir='ltr'><strong>ὡς</strong></span> <span class='ocrx_word' id='word_1_613' title='bbox 1467 938 1643 973; x_wconf 83' lang='grc' dir='ltr'>ἀδικήσαντα.</span> <span class='ocrx_word' id='word_1_614' title='bbox 1663 946 1672 963; x_wconf 83' lang='grc'><strong>›</strong></span> <span class='ocrx_word' id='word_1_615' title='bbox 1707 937 1753 968; x_wconf 81' lang='grc' dir='ltr'>Ὠς</span> <span class='ocrx_word' id='word_1_616' title='bbox 1774 937 1801 963; x_wconf 75' lang='grc' dir='ltr'><strong>δὲ</strong></span> <span class='ocrx_word' id='word_1_617' title='bbox 1820 937 1862 962; x_wconf 61' lang='grc' dir='ltr'><strong>οὐκ</strong></span> 
     </span>
    </p>
   </div>
   <div class='ocr_carea' id='block_1_82' title="bbox 1079 983 1862 1021">
    <p class='ocr_par' dir='ltr' id='par_1_82' title="bbox 1079 983 1862 1021">
     <span class='ocr_line' id='line_1_84' title="bbox 1079 983 1862 1021; baseline -0.004 -9"><span class='ocrx_word' id='word_1_618' title='bbox 1079 985 1182 1021; x_wconf 78' lang='grc' dir='ltr'>ἧλλαξα</span> <span class='ocrx_word' id='word_1_619' title='bbox 1193 985 1239 1012; x_wconf 71' lang='grc' dir='ltr'><strong>τὸν</strong></span> <span class='ocrx_word' id='word_1_620' title='bbox 1254 985 1332 1019; x_wconf 87' lang='grc' dir='ltr'>λόγον</span> <span class='ocrx_word' id='word_1_621' title='bbox 1351 984 1530 1020; x_wconf 78' lang='grc' dir='ltr'><strong>τυπτόμενος,</strong></span> <span class='ocrx_word' id='word_1_622' title='bbox 1553 983 1681 1010; x_wconf 74' lang='grc' dir='ltr'>ἐκέλευσε</span> <span class='ocrx_word' id='word_1_623' title='bbox 1703 983 1862 1019; x_wconf 53' lang='lat' dir='ltr'><strong>quianam;-</strong></span> 
     </span>
    </p>
   </div>
   <div class='ocr_carea' id='block_1_83' title="bbox 1080 1027 1860 1066">
    <p class='ocr_par' dir='ltr' id='par_1_83' title="bbox 1080 1027 1860 1066">
     <span class='ocr_line' id='line_1_85' title="bbox 1080 1027 1860 1066; baseline -0.005 -8"><span class='ocrx_word' id='word_1_624' title='bbox 1080 1031 1124 1058; x_wconf 86' lang='grc' dir='ltr'>ναι</span> <span class='ocrx_word' id='word_1_625' title='bbox 1141 1030 1198 1066; x_wconf 81' lang='grc'>(55)</span> <span class='ocrx_word' id='word_1_626' title='bbox 1225 1039 1270 1066; x_wconf 84' lang='grc' dir='ltr'>με,</span> <span class='ocrx_word' id='word_1_627' title='bbox 1291 1030 1344 1062; x_wconf 76' lang='grc' dir='ltr'><strong>ἓως</strong></span> <span class='ocrx_word' id='word_1_628' title='bbox 1367 1027 1397 1057; x_wconf 71' lang='grc' dir='ltr'><strong>οὗ</strong></span> <span class='ocrx_word' id='word_1_629' title='bbox 1417 1029 1524 1062; x_wconf 73' lang='grc' dir='ltr'>ἔλθωσι,</span> <span class='ocrx_word' id='word_1_630' title='bbox 1546 1030 1638 1065; x_wconf 83' lang='grc' dir='ltr'>φησὶν,</span> <span class='ocrx_word' id='word_1_631' title='bbox 1665 1029 1690 1055; x_wconf 73' lang='grc' dir='ltr'>οἱ</span> <span class='ocrx_word' id='word_1_632' title='bbox 1712 1028 1801 1064; x_wconf 79' lang='grc' dir='ltr'>κύριοι</span> <span class='ocrx_word' id='word_1_633' title='bbox 1821 1028 1860 1054; x_wconf 71' lang='grc' dir='ltr'>τοῦ</span> 
     </span>
    </p>
   </div>
   <div class='ocr_carea' id='block_1_84' title="bbox 1080 1074 1860 1115">
    <p class='ocr_par' dir='ltr' id='par_1_84' title="bbox 1080 1074 1860 1115">
     <span class='ocr_line' id='line_1_86' title="bbox 1080 1074 1860 1115; baseline -0.003 -12"><span class='ocrx_word' id='word_1_634' title='bbox 1080 1076 1182 1109; x_wconf 84' lang='grc' dir='ltr'>παιδός.</span> <span class='ocrx_word' id='word_1_635' title='bbox 1197 1077 1252 1115; x_wconf 85' lang='lat' dir='ltr'><strong>Kal</strong></span> <span class='ocrx_word' id='word_1_636' title='bbox 1270 1077 1287 1112; x_wconf 84' lang='grc' dir='ltr'>ὴ</span> <span class='ocrx_word' id='word_1_637' title='bbox 1302 1076 1369 1112; x_wconf 81' lang='grc' dir='ltr'>γυνὴ</span> <span class='ocrx_word' id='word_1_638' title='bbox 1382 1076 1455 1111; x_wconf 80' lang='grc' dir='ltr'><strong>λέγει</strong></span> <span class='ocrx_word' id='word_1_639' title='bbox 1468 1076 1536 1112; x_wconf 78' lang='grc' dir='ltr'>πρὸς</span> <span class='ocrx_word' id='word_1_640' title='bbox 1551 1075 1631 1103; x_wconf 77' lang='grc' dir='ltr'>αὐτόν</span> <span class='ocrx_word' id='word_1_641' title='bbox 1644 1085 1651 1092; x_wconf 89' lang='grc'><strong>·</strong></span> <span class='ocrx_word' id='word_1_642' title='bbox 1668 1085 1678 1101; x_wconf 78' lang='grc' dir='ltr'><strong>ι</strong></span> <span class='ocrx_word' id='word_1_643' title='bbox 1691 1075 1742 1102; x_wconf 77' lang='grc' dir='ltr'><strong>Διὰ</strong></span> <span class='ocrx_word' id='word_1_644' title='bbox 1753 1075 1780 1101; x_wconf 76' lang='grc' dir='ltr'><strong>τί</strong></span> <span class='ocrx_word' id='word_1_645' title='bbox 1794 1074 1860 1101; x_wconf 65' lang='grc' dir='ltr'>συνέ-</span> 
     </span>
    </p>
   </div>
   <div class='ocr_carea' id='block_1_85' title="bbox 1079 1121 1863 1158">
    <p class='ocr_par' dir='ltr' id='par_1_85' title="bbox 1079 1121 1863 1158">
     <span class='ocr_line' id='line_1_87' title="bbox 1079 1121 1863 1158; baseline -0.003 -9"><span class='ocrx_word' id='word_1_646' title='bbox 1079 1131 1137 1158; x_wconf 87' lang='grc' dir='ltr'>χεις</span> <span class='ocrx_word' id='word_1_647' title='bbox 1153 1122 1199 1149; x_wconf 83' lang='grc' dir='ltr'><strong>τὸν</strong></span> <span class='ocrx_word' id='word_1_648' title='bbox 1219 1122 1389 1158; x_wconf 75' lang='grc' dir='ltr'>αἰχμάλωτον</span> <span class='ocrx_word' id='word_1_649' title='bbox 1408 1122 1506 1158; x_wconf 77' lang='grc' dir='ltr'>εὐγενῆ</span> <span class='ocrx_word' id='word_1_650' title='bbox 1525 1122 1624 1155; x_wconf 83' lang='grc' dir='ltr'>παῖδα,</span> <span class='ocrx_word' id='word_1_651' title='bbox 1644 1122 1674 1148; x_wconf 74' lang='grc' dir='ltr'>ὃν</span> <span class='ocrx_word' id='word_1_652' title='bbox 1695 1121 1749 1148; x_wconf 72' lang='grc' dir='ltr'>ἔδει</span> <span class='ocrx_word' id='word_1_653' title='bbox 1773 1121 1863 1156; x_wconf 72' lang='grc' dir='ltr'>μᾶλλο-ιν</span> 
     </span>
    </p>
   </div>
   <div class='ocr_carea' id='block_1_86' title="bbox 1079 1166 1863 1204">
    <p class='ocr_par' dir='ltr' id='par_1_86' title="bbox 1079 1166 1863 1204">
     <span class='ocr_line' id='line_1_88' title="bbox 1079 1166 1863 1204; baseline -0.001 -9"><span class='ocrx_word' id='word_1_654' title='bbox 1079 1169 1173 1195; x_wconf 81' lang='grc' dir='ltr'>ἄνετον</span> <span class='ocrx_word' id='word_1_655' title='bbox 1197 1166 1284 1201; x_wconf 76' lang='grc' dir='ltr'>εἶναι,</span> <span class='ocrx_word' id='word_1_656' title='bbox 1304 1169 1352 1195; x_wconf 74' lang='grc' dir='ltr'><strong>καὶ</strong></span> <span class='ocrx_word' id='word_1_657' title='bbox 1373 1168 1519 1204; x_wconf 81' lang='grc' dir='ltr'><strong>ὑπηρετεῖν</strong></span> <span class='ocrx_word' id='word_1_658' title='bbox 1541 1176 1607 1201; x_wconf 82' lang='grc' dir='ltr'>σου;</span> <span class='ocrx_word' id='word_1_659' title='bbox 1625 1177 1635 1194; x_wconf 74' lang='grc' dir='ltr'><strong>ι</strong></span> <span class='ocrx_word' id='word_1_660' title='bbox 1659 1168 1741 1204; x_wconf 68' lang='grc' dir='ltr'>ἤθελε</span> <span class='ocrx_word' id='word_1_661' title='bbox 1760 1168 1813 1203; x_wconf 77' lang='grc' dir='ltr'>γάρ</span> <span class='ocrx_word' id='word_1_662' title='bbox 1834 1176 1863 1202; x_wconf 75' lang='grc' dir='ltr'><strong>με</strong></span> 
     </span>
    </p>
   </div>
   <div class='ocr_carea' id='block_1_87' title="bbox 1079 1213 1863 1250">
    <p class='ocr_par' dir='ltr' id='par_1_87' title="bbox 1079 1213 1863 1250">
     <span class='ocr_line' id='line_1_89' title="bbox 1079 1213 1863 1250; baseline -0.003 -9"><span class='ocrx_word' id='word_1_663' title='bbox 1079 1215 1146 1250; x_wconf 84' lang='grc' dir='ltr'>ὸρᾷν</span> <span class='ocrx_word' id='word_1_664' title='bbox 1166 1215 1195 1241; x_wconf 75' lang='grc' dir='ltr'><strong>ἐν</strong></span> <span class='ocrx_word' id='word_1_665' title='bbox 1209 1214 1285 1250; x_wconf 77' lang='grc' dir='ltr'>πόθῳ</span> <span class='ocrx_word' id='word_1_666' title='bbox 1299 1214 1436 1250; x_wconf 77' lang='grc' dir='ltr'>ἁμαρτίας</span> <span class='ocrx_word' id='word_1_667' title='bbox 1447 1223 1454 1230; x_wconf 67' lang='grc'><strong><em>⁸</em></strong></span> <span class='ocrx_word' id='word_1_668' title='bbox 1478 1215 1525 1241; x_wconf 76' lang='grc' dir='ltr'><strong>καὶ</strong></span> <span class='ocrx_word' id='word_1_669' title='bbox 1538 1215 1652 1250; x_wconf 72' lang='grc' dir='ltr'>ἠγνόουν</span> <span class='ocrx_word' id='word_1_670' title='bbox 1671 1215 1700 1240; x_wconf 81' lang='grc' dir='ltr'>ὲν</span> <span class='ocrx_word' id='word_1_671' title='bbox 1719 1215 1788 1241; x_wconf 72' lang='grc' dir='ltr'>πᾶσι</span> <span class='ocrx_word' id='word_1_672' title='bbox 1807 1213 1863 1240; x_wconf 62' lang='grc' dir='ltr'><strong>τοῦ-</strong></span> 
     </span>
    </p>
   </div>
   <div class='ocr_carea' id='block_1_88' title="bbox 1078 1256 1864 1294">
    <p class='ocr_par' dir='ltr' id='par_1_88' title="bbox 1078 1256 1864 1294">
     <span class='ocr_line' id='line_1_90' title="bbox 1078 1256 1864 1294; baseline 0 -9"><span class='ocrx_word' id='word_1_673' title='bbox 1078 1267 1145 1290; x_wconf 84' lang='grc' dir='ltr'>τοις.</span> <span class='ocrx_word' id='word_1_674' title='bbox 1165 1258 1194 1285; x_wconf 89' lang='grc' dir='ltr'>Ὁ</span> <span class='ocrx_word' id='word_1_675' title='bbox 1212 1258 1241 1286; x_wconf 75' lang='grc' dir='ltr'><strong>δὲ</strong></span> <span class='ocrx_word' id='word_1_676' title='bbox 1260 1256 1320 1285; x_wconf 75' lang='grc' dir='ltr'>εἶπε</span> <span class='ocrx_word' id='word_1_677' title='bbox 1339 1258 1407 1294; x_wconf 83' lang='grc' dir='ltr'>πρὸς</span> <span class='ocrx_word' id='word_1_678' title='bbox 1425 1258 1475 1294; x_wconf 84' lang='grc' dir='ltr'>τὴν</span> <span class='ocrx_word' id='word_1_679' title='bbox 1488 1259 1614 1294; x_wconf 81' lang='grc' dir='ltr'>Μέμφιν·</span> <span class='ocrx_word' id='word_1_680' title='bbox 1633 1269 1642 1285; x_wconf 82' lang='grc' dir='ltr'><strong>ι</strong></span> <span class='ocrx_word' id='word_1_681' title='bbox 1656 1259 1714 1286; x_wconf 71' lang='grc' dir='ltr'><strong>Οὐκ</strong></span> <span class='ocrx_word' id='word_1_682' title='bbox 1733 1259 1791 1285; x_wconf 77' lang='grc' dir='ltr'>ἐστι</span> <span class='ocrx_word' id='word_1_683' title='bbox 1805 1260 1864 1294; x_wconf 74' lang='grc' dir='ltr'>παρ’</span> 
     </span>
    </p>
   </div>
   <div class='ocr_carea' id='block_1_89' title="bbox 1079 1305 1865 1341">
    <p class='ocr_par' dir='ltr' id='par_1_89' title="bbox 1079 1305 1865 1341">
     <span class='ocr_line' id='line_1_91' title="bbox 1079 1305 1865 1341; baseline 0.001 -10"><span class='ocrx_word' id='word_1_684' title='bbox 1079 1305 1254 1340; x_wconf 69' lang='grc' dir='ltr'>Αἰγυπτίοις,</span> <span class='ocrx_word' id='word_1_685' title='bbox 1278 1305 1332 1341; x_wconf 82' lang='grc' dir='ltr'>πρὸ</span> <span class='ocrx_word' id='word_1_686' title='bbox 1349 1305 1512 1338; x_wconf 80' lang='grc' dir='ltr'>ἀποδείξεως</span> <span class='ocrx_word' id='word_1_687' title='bbox 1542 1305 1718 1341; x_wconf 78' lang='grc' dir='ltr'>ἀφαιρεῖσθαι</span> <span class='ocrx_word' id='word_1_688' title='bbox 1739 1306 1774 1332; x_wconf 75' lang='grc' dir='ltr'><strong>τὰ</strong></span> <span class='ocrx_word' id='word_1_689' title='bbox 1794 1306 1865 1332; x_wconf 67' lang='grc' dir='ltr'><strong>ἀλλά-</strong></span> 
     </span>
    </p>
   </div>
   <div class='ocr_carea' id='block_1_90' title="bbox 1079 1348 1865 1388">
    <p class='ocr_par' dir='ltr' id='par_1_90' title="bbox 1079 1348 1865 1388">
     <span class='ocr_line' id='line_1_92' title="bbox 1079 1348 1865 1388; baseline 0 -11"><span class='ocrx_word' id='word_1_690' title='bbox 1079 1360 1152 1386; x_wconf 85' lang='grc' dir='ltr'>τρια.</span> <span class='ocrx_word' id='word_1_691' title='bbox 1169 1360 1178 1376; x_wconf 70' lang='grc' dir='ltr'><strong>ι</strong></span> <span class='ocrx_word' id='word_1_692' title='bbox 1198 1351 1291 1378; x_wconf 87' lang='grc' dir='ltr'>Ταῦτα</span> <span class='ocrx_word' id='word_1_693' title='bbox 1312 1349 1372 1378; x_wconf 81' lang='grc' dir='ltr'>εἶπε</span> <span class='ocrx_word' id='word_1_694' title='bbox 1393 1351 1459 1388; x_wconf 78' lang='grc' dir='ltr'>περὶ</span> <span class='ocrx_word' id='word_1_695' title='bbox 1484 1348 1531 1378; x_wconf 83' lang='grc' dir='ltr'><strong>τὸὖ</strong></span> <span class='ocrx_word' id='word_1_696' title='bbox 1551 1351 1715 1387; x_wconf 70' lang='grc' dir='ltr'>μεταδιῆλου,</span> <span class='ocrx_word' id='word_1_697' title='bbox 1738 1352 1787 1378; x_wconf 81' lang='grc' dir='ltr'><strong>καὶ</strong></span> <span class='ocrx_word' id='word_1_698' title='bbox 1806 1351 1865 1387; x_wconf 74' lang='grc' dir='ltr'>περὶ</span> 
     </span>
    </p>
   </div>
   <div class='ocr_carea' id='block_1_91' title="bbox 1079 1396 1727 1433">
    <p class='ocr_par' dir='ltr' id='par_1_91' title="bbox 1079 1396 1727 1433">
     <span class='ocr_line' id='line_1_93' title="bbox 1079 1396 1727 1433; baseline 0.002 -9"><span class='ocrx_word' id='word_1_699' title='bbox 1079 1397 1157 1433; x_wconf 73' lang='grc' dir='ltr'>ἐμοῦ,</span> <span class='ocrx_word' id='word_1_700' title='bbox 1172 1398 1213 1424; x_wconf 79' lang='grc' dir='ltr'>δτι</span> <span class='ocrx_word' id='word_1_701' title='bbox 1228 1397 1283 1433; x_wconf 73' lang='grc'>(54)</span> <span class='ocrx_word' id='word_1_702' title='bbox 1295 1397 1391 1433; x_wconf 74' lang='grc' dir='ltr'>ὖφειλα</span> <span class='ocrx_word' id='word_1_703' title='bbox 1403 1397 1632 1433; x_wconf 82' lang='grc' dir='ltr'>ὲγκατάχλειστος</span> <span class='ocrx_word' id='word_1_704' title='bbox 1646 1396 1727 1425; x_wconf 67' lang='grc' dir='ltr'>εἰναι.</span> 
     </span>
    </p>
   </div>
   <div class='ocr_carea' id='block_1_92' title="bbox 1115 1441 1865 1480">
    <p class='ocr_par' dir='ltr' id='par_1_92' title="bbox 1115 1441 1865 1480">
     <span class='ocr_line' id='line_1_94' title="bbox 1115 1441 1865 1480; baseline 0 -11"><span class='ocrx_word' id='word_1_705' title='bbox 1115 1443 1180 1470; x_wconf 76' lang='grc' dir='ltr'><strong>ΙΕ’.¹</strong></span> <span class='ocrx_word' id='word_1_706' title='bbox 1189 1442 1266 1470; x_wconf 84' lang='grc' dir='ltr'>Μετὰ</span> <span class='ocrx_word' id='word_1_707' title='bbox 1288 1443 1318 1470; x_wconf 77' lang='grc' dir='ltr'><strong>δὲ</strong></span> <span class='ocrx_word' id='word_1_708' title='bbox 1340 1443 1426 1470; x_wconf 70' lang='grc' dir='ltr'>εἴκοσι</span> <span class='ocrx_word' id='word_1_709' title='bbox 1448 1444 1585 1480; x_wconf 80' lang='grc' dir='ltr'>τέσσαρας</span> <span class='ocrx_word' id='word_1_710' title='bbox 1609 1443 1718 1479; x_wconf 77' lang='grc' dir='ltr'>ἡμέρας</span> <span class='ocrx_word' id='word_1_711' title='bbox 1740 1441 1823 1479; x_wconf 78' lang='grc' dir='ltr'>ἦλθον</span> <span class='ocrx_word' id='word_1_712' title='bbox 1844 1444 1865 1469; x_wconf 72' lang='grc' dir='ltr'>οἱ</span> 
     </span>
    </p>
   </div>
   <div class='ocr_carea' id='block_1_93' title="bbox 1088 1487 1866 1525">
    <p class='ocr_par' dir='ltr' id='par_1_93' title="bbox 1088 1487 1866 1525">
     <span class='ocr_line' id='line_1_95' title="bbox 1088 1487 1866 1525; baseline 0.003 -11"><span class='ocrx_word' id='word_1_713' title='bbox 1088 1487 1257 1524; x_wconf 83' lang='grc' dir='ltr'>Ἱσμαηλίται</span> <span class='ocrx_word' id='word_1_714' title='bbox 1270 1497 1277 1503; x_wconf 94' lang='grc'><strong>·</strong></span> <span class='ocrx_word' id='word_1_715' title='bbox 1299 1489 1346 1516; x_wconf 76' lang='grc' dir='ltr'>καὶ</span> <span class='ocrx_word' id='word_1_716' title='bbox 1365 1489 1541 1523; x_wconf 68' lang='grc' dir='ltr'>ἀκούσαντες,</span> <span class='ocrx_word' id='word_1_717' title='bbox 1564 1491 1605 1517; x_wconf 81' lang='grc' dir='ltr'>ὅτι</span> <span class='ocrx_word' id='word_1_718' title='bbox 1625 1489 1723 1516; x_wconf 81' lang='grc' dir='ltr'>Ίακὼὸ</span> <span class='ocrx_word' id='word_1_719' title='bbox 1743 1489 1758 1516; x_wconf 82' lang='grc' dir='ltr'>ὁ</span> <span class='ocrx_word' id='word_1_720' title='bbox 1778 1490 1866 1525; x_wconf 71' lang='grc' dir='ltr'>πατήρ</span> 
     </span>
    </p>
   </div>
   <div class='ocr_carea' id='block_1_94' title="bbox 1083 1533 1867 1570">
    <p class='ocr_par' dir='ltr' id='par_1_94' title="bbox 1083 1533 1867 1570">
     <span class='ocr_line' id='line_1_96' title="bbox 1083 1533 1867 1570; baseline 0 -11"><span class='ocrx_word' id='word_1_721' title='bbox 1083 1541 1133 1568; x_wconf 89' lang='grc' dir='ltr'><strong>μου</strong></span> <span class='ocrx_word' id='word_1_722' title='bbox 1155 1533 1248 1560; x_wconf 80' lang='grc' dir='ltr'>πενθεῖ</span> <span class='ocrx_word' id='word_1_723' title='bbox 1270 1533 1335 1569; x_wconf 74' lang='grc' dir='ltr'>περὶ</span> <span class='ocrx_word' id='word_1_724' title='bbox 1362 1533 1438 1569; x_wconf 71' lang='grc' dir='ltr'>ἐμοῦ,</span> <span class='ocrx_word' id='word_1_725' title='bbox 1462 1534 1555 1561; x_wconf 80' lang='grc' dir='ltr'>εῖπασι</span> <span class='ocrx_word' id='word_1_726' title='bbox 1580 1534 1648 1570; x_wconf 78' lang='grc' dir='ltr'>πρὸς</span> <span class='ocrx_word' id='word_1_727' title='bbox 1674 1542 1724 1570; x_wconf 85' lang='grc' dir='ltr'>με·</span> <span class='ocrx_word' id='word_1_728' title='bbox 1750 1544 1759 1560; x_wconf 82' lang='grc' dir='ltr'><strong>ι</strong></span> <span class='ocrx_word' id='word_1_729' title='bbox 1775 1534 1810 1560; x_wconf 81' lang='grc' dir='ltr'>Τί</span> <span class='ocrx_word' id='word_1_730' title='bbox 1831 1535 1867 1560; x_wconf 71' lang='lat' dir='ltr'><strong>Em</strong></span> 
     </span>
    </p>
   </div>
   <div class='ocr_carea' id='block_1_95' title="bbox 1081 1576 1866 1616">
    <p class='ocr_par' dir='ltr' id='par_1_95' title="bbox 1081 1576 1866 1616">
     <span class='ocr_line' id='line_1_97' title="bbox 1081 1576 1866 1616; baseline 0 -11"><span class='ocrx_word' id='word_1_731' title='bbox 1081 1576 1160 1611; x_wconf 79' lang='grc' dir='ltr'>εἴπας</span> <span class='ocrx_word' id='word_1_732' title='bbox 1179 1579 1301 1611; x_wconf 76' lang='grc' dir='ltr'>σεαυτὸν,</span> <span class='ocrx_word' id='word_1_733' title='bbox 1324 1579 1365 1606; x_wconf 79' lang='grc' dir='ltr'>ὅτι</span> <span class='ocrx_word' id='word_1_734' title='bbox 1383 1578 1476 1611; x_wconf 84' lang='grc' dir='ltr'>δοῦλός</span> <span class='ocrx_word' id='word_1_735' title='bbox 1494 1581 1568 1615; x_wconf 68' lang='lat' dir='ltr'><strong>siut;</strong></span> <span class='ocrx_word' id='word_1_736' title='bbox 1589 1581 1636 1606; x_wconf 82' lang='grc' dir='ltr'><strong>καὶ</strong></span> <span class='ocrx_word' id='word_1_737' title='bbox 1658 1580 1713 1607; x_wconf 70' lang='grc' dir='ltr'>ἰδοὺ</span> <span class='ocrx_word' id='word_1_738' title='bbox 1734 1580 1866 1616; x_wconf 73' lang='grc' dir='ltr'>ἔγνωμεν,</span> 
     </span>
    </p>
   </div>
   <div class='ocr_carea' id='block_1_96' title="bbox 1079 1621 1868 1659">
    <p class='ocr_par' dir='ltr' id='par_1_96' title="bbox 1079 1621 1868 1659">
     <span class='ocr_line' id='line_1_98' title="bbox 1079 1621 1868 1659; baseline -0.001 -9"><span class='ocrx_word' id='word_1_739' title='bbox 1079 1623 1120 1650; x_wconf 82' lang='grc' dir='ltr'>ὅτι</span> <span class='ocrx_word' id='word_1_740' title='bbox 1141 1623 1197 1656; x_wconf 80' lang='grc' dir='ltr'>υἱὸς</span> <span class='ocrx_word' id='word_1_741' title='bbox 1218 1621 1244 1650; x_wconf 87' lang='grc' dir='ltr'>εἷ</span> <span class='ocrx_word' id='word_1_742' title='bbox 1262 1623 1357 1659; x_wconf 76' lang='grc' dir='ltr'>ἀνδρὸς</span> <span class='ocrx_word' id='word_1_743' title='bbox 1378 1623 1494 1658; x_wconf 77' lang='grc' dir='ltr'>μεγάλου</span> <span class='ocrx_word' id='word_1_744' title='bbox 1515 1624 1544 1650; x_wconf 79' lang='grc' dir='ltr'>ὲν</span> <span class='ocrx_word' id='word_1_745' title='bbox 1562 1625 1595 1659; x_wconf 82' lang='grc' dir='ltr'><strong>τῇ</strong></span> <span class='ocrx_word' id='word_1_746' title='bbox 1618 1625 1652 1659; x_wconf 85' lang='grc' dir='ltr'>γῇ</span> <span class='ocrx_word' id='word_1_747' title='bbox 1669 1624 1793 1651; x_wconf 73' lang='grc' dir='ltr'>Χαναὰν.</span> <span class='ocrx_word' id='word_1_748' title='bbox 1824 1624 1868 1650; x_wconf 75' lang='grc' dir='ltr'><strong>καὶ</strong></span> 
     </span>
    </p>
   </div>
   <div class='ocr_carea' id='block_1_97' title="bbox 1080 1669 1865 1706">
    <p class='ocr_par' dir='ltr' id='par_1_97' title="bbox 1080 1669 1865 1706">
     <span class='ocr_line' id='line_1_99' title="bbox 1080 1669 1865 1706; baseline -0.001 -9"><span class='ocrx_word' id='word_1_749' title='bbox 1080 1669 1173 1697; x_wconf 80' lang='grc' dir='ltr'>πενθεῖ</span> <span class='ocrx_word' id='word_1_750' title='bbox 1183 1670 1246 1706; x_wconf 82' lang='grc' dir='ltr'>περὶ</span> <span class='ocrx_word' id='word_1_751' title='bbox 1258 1669 1305 1696; x_wconf 84' lang='grc' dir='ltr'>σοῦ</span> <span class='ocrx_word' id='word_1_752' title='bbox 1323 1670 1337 1695; x_wconf 83' lang='grc' dir='ltr'>ό</span> <span class='ocrx_word' id='word_1_753' title='bbox 1350 1670 1440 1705; x_wconf 80' lang='grc' dir='ltr'>πατήρ</span> <span class='ocrx_word' id='word_1_754' title='bbox 1453 1677 1499 1696; x_wconf 83' lang='grc' dir='ltr'><strong>σου</strong></span> <span class='ocrx_word' id='word_1_755' title='bbox 1520 1670 1548 1696; x_wconf 76' lang='grc' dir='ltr'>ὲν</span> <span class='ocrx_word' id='word_1_756' title='bbox 1562 1671 1666 1705; x_wconf 83' lang='grc' dir='ltr'><strong>σάκκῳ.</strong></span> <span class='ocrx_word' id='word_1_757' title='bbox 1680 1679 1690 1696; x_wconf 80' lang='grc'><strong>›</strong></span> <span class='ocrx_word' id='word_1_758' title='bbox 1715 1670 1772 1697; x_wconf 86' lang='lat' dir='ltr'><strong>Kal</strong></span> <span class='ocrx_word' id='word_1_759' title='bbox 1785 1671 1865 1697; x_wconf 68' lang='grc' dir='ltr'>πάλιν</span> 
     </span>
    </p>
   </div>
   <div class='ocr_carea' id='block_1_98' title="bbox 1079 1713 1868 1751">
    <p class='ocr_par' dir='ltr' id='par_1_98' title="bbox 1079 1713 1868 1751">
     <span class='ocr_line' id='line_1_100' title="bbox 1079 1713 1868 1751; baseline -0.001 -9"><span class='ocrx_word' id='word_1_760' title='bbox 1079 1714 1173 1751; x_wconf 71' lang='grc' dir='ltr'>ἤθελον</span> <span class='ocrx_word' id='word_1_761' title='bbox 1183 1714 1237 1751; x_wconf 84' lang='lat'><strong>(55)</strong></span> <span class='ocrx_word' id='word_1_762' title='bbox 1244 1713 1385 1750; x_wconf 82' lang='grc' dir='ltr'>δακρῦσαι,</span> <span class='ocrx_word' id='word_1_763' title='bbox 1393 1715 1506 1750; x_wconf 79' lang='grc' dir='ltr'>ἐπέσχον</span> <span class='ocrx_word' id='word_1_764' title='bbox 1515 1714 1641 1750; x_wconf 76' lang='grc' dir='ltr'>ἐμαυτὸν,</span> <span class='ocrx_word' id='word_1_765' title='bbox 1650 1715 1694 1741; x_wconf 79' lang='grc' dir='ltr'>ἵνα</span> <span class='ocrx_word' id='word_1_766' title='bbox 1703 1715 1742 1751; x_wconf 85' lang='grc' dir='ltr'>μὴ</span> <span class='ocrx_word' id='word_1_767' title='bbox 1751 1715 1868 1750; x_wconf 57' lang='lat' dir='ltr'><strong>alexim)</strong></span> 
     </span>
    </p>
   </div>
   <div class='ocr_carea' id='block_1_99' title="bbox 1080 1759 1868 1796">
    <p class='ocr_par' dir='ltr' id='par_1_99' title="bbox 1080 1759 1868 1796">
     <span class='ocr_line' id='line_1_101' title="bbox 1080 1759 1868 1796; baseline -0.001 -8"><span class='ocrx_word' id='word_1_768' title='bbox 1080 1761 1143 1793; x_wconf 83' lang='grc' dir='ltr'>τοὺς</span> <span class='ocrx_word' id='word_1_769' title='bbox 1151 1761 1279 1796; x_wconf 77' lang='grc' dir='ltr'>ἀδελφούς</span> <span class='ocrx_word' id='word_1_770' title='bbox 1293 1769 1353 1796; x_wconf 86' lang='grc' dir='ltr'>μου.</span> <span class='ocrx_word' id='word_1_771' title='bbox 1369 1761 1424 1787; x_wconf 88' lang='lat' dir='ltr'><strong>Kal</strong></span> <span class='ocrx_word' id='word_1_772' title='bbox 1431 1759 1507 1788; x_wconf 76' lang='grc' dir='ltr'>εἶπον</span> <span class='ocrx_word' id='word_1_773' title='bbox 1516 1770 1538 1787; x_wconf 78' lang='grc'><strong>·‹</strong></span> <span class='ocrx_word' id='word_1_774' title='bbox 1550 1760 1620 1795; x_wconf 85' lang='grc' dir='ltr'><strong>Ἐγὼ</strong></span> <span class='ocrx_word' id='word_1_775' title='bbox 1633 1761 1683 1788; x_wconf 80' lang='grc' dir='ltr'><strong>οὐκ</strong></span> <span class='ocrx_word' id='word_1_776' title='bbox 1694 1759 1754 1788; x_wconf 82' lang='grc' dir='ltr'>οῖδα</span> <span class='ocrx_word' id='word_1_777' title='bbox 1762 1770 1768 1776; x_wconf 94' lang='grc'><strong>·</strong></span> <span class='ocrx_word' id='word_1_778' title='bbox 1779 1761 1868 1793; x_wconf 72' lang='grc' dir='ltr'>δοῦλός</span> 
     </span>
    </p>
   </div>
   <div class='ocr_carea' id='block_1_100' title="bbox 1081 1806 1868 1844">
    <p class='ocr_par' dir='ltr' id='par_1_100' title="bbox 1081 1806 1868 1844">
     <span class='ocr_line' id='line_1_102' title="bbox 1081 1806 1868 1844; baseline 0 -10"><span class='ocrx_word' id='word_1_779' title='bbox 1081 1808 1148 1844; x_wconf 80' lang='grc' dir='ltr'>εἰμι.</span> <span class='ocrx_word' id='word_1_780' title='bbox 1161 1817 1171 1834; x_wconf 74' lang='grc' dir='ltr'><strong>ι</strong></span> <span class='ocrx_word' id='word_1_781' title='bbox 1185 1807 1252 1834; x_wconf 85' lang='grc' dir='ltr'>Τότε</span> <span class='ocrx_word' id='word_1_782' title='bbox 1266 1806 1435 1843; x_wconf 61' lang='grc' dir='ltr'>βουλεύονται</span> <span class='ocrx_word' id='word_1_783' title='bbox 1453 1807 1576 1843; x_wconf 79' lang='grc' dir='ltr'>πωλῆσαι</span> <span class='ocrx_word' id='word_1_784' title='bbox 1591 1816 1636 1843; x_wconf 88' lang='grc' dir='ltr'>με,</span> <span class='ocrx_word' id='word_1_785' title='bbox 1650 1807 1694 1834; x_wconf 87' lang='grc' dir='ltr'><strong>ἴνα</strong></span> <span class='ocrx_word' id='word_1_786' title='bbox 1709 1808 1748 1843; x_wconf 80' lang='grc' dir='ltr'>μὴ</span> <span class='ocrx_word' id='word_1_787' title='bbox 1765 1807 1868 1844; x_wconf 74' lang='grc' dir='ltr'>εὗρεθῶ</span> 
     </span>
    </p>
   </div>
   <div class='ocr_carea' id='block_1_101' title="bbox 1081 1855 1868 1893">
    <p class='ocr_par' dir='ltr' id='par_1_101' title="bbox 1081 1855 1868 1893">
     <span class='ocr_line' id='line_1_103' title="bbox 1081 1855 1868 1893; baseline 0 -9"><span class='ocrx_word' id='word_1_788' title='bbox 1081 1858 1109 1885; x_wconf 81' lang='grc' dir='ltr'>ὲν</span> <span class='ocrx_word' id='word_1_789' title='bbox 1130 1857 1223 1893; x_wconf 69' lang='grc' dir='ltr'>χερσὶν</span> <span class='ocrx_word' id='word_1_790' title='bbox 1245 1855 1343 1883; x_wconf 75' lang='grc' dir='ltr'>αὐτῶν.</span> <span class='ocrx_word' id='word_1_791' title='bbox 1375 1855 1538 1890; x_wconf 78' lang='grc' dir='ltr'>Ἐφοῦοῡντο</span> <span class='ocrx_word' id='word_1_792' title='bbox 1555 1855 1609 1891; x_wconf 88' lang='grc' dir='ltr'><strong>γὰρ</strong></span> <span class='ocrx_word' id='word_1_793' title='bbox 1629 1855 1675 1882; x_wconf 81' lang='grc' dir='ltr'>τὸν</span> <span class='ocrx_word' id='word_1_794' title='bbox 1702 1855 1814 1889; x_wconf 76' lang='grc' dir='ltr'><strong>Ἰακὼϐ,</strong></span> <span class='ocrx_word' id='word_1_795' title='bbox 1828 1858 1868 1884; x_wconf 67' lang='grc' dir='ltr'>ἵνα</span> 
     </span>
    </p>
   </div>
   <div class='ocr_carea' id='block_1_102' title="bbox 1083 1899 1867 1938">
    <p class='ocr_par' dir='ltr' id='par_1_102' title="bbox 1083 1899 1867 1938">
     <span class='ocr_line' id='line_1_104' title="bbox 1083 1899 1867 1938; baseline 0.003 -11"><span class='ocrx_word' id='word_1_796' title='bbox 1083 1902 1120 1938; x_wconf 80' lang='grc' dir='ltr'>μὴ</span> <span class='ocrx_word' id='word_1_797' title='bbox 1132 1902 1232 1938; x_wconf 83' lang='grc' dir='ltr'>ποιήσῃ</span> <span class='ocrx_word' id='word_1_798' title='bbox 1252 1901 1281 1927; x_wconf 80' lang='grc' dir='ltr'>ὲν</span> <span class='ocrx_word' id='word_1_799' title='bbox 1303 1901 1394 1932; x_wconf 78' lang='grc' dir='ltr'>αὐτοῖς</span> <span class='ocrx_word' id='word_1_800' title='bbox 1412 1899 1551 1935; x_wconf 78' lang='grc' dir='ltr'>ἐκδίκησιν</span> <span class='ocrx_word' id='word_1_801' title='bbox 1573 1900 1706 1927; x_wconf 79' lang='grc' dir='ltr'>κινδύνου.</span> <span class='ocrx_word' id='word_1_802' title='bbox 1734 1902 1867 1938; x_wconf 72' lang='grc' dir='ltr'><strong>Ἠκούσθη</strong></span> 
     </span>
    </p>
   </div>
   <div class='ocr_carea' id='block_1_103' title="bbox 1081 1946 1866 1984">
    <p class='ocr_par' dir='ltr' id='par_1_103' title="bbox 1081 1946 1866 1984">
     <span class='ocr_line' id='line_1_105' title="bbox 1081 1946 1866 1984; baseline 0.003 -11"><span class='ocrx_word' id='word_1_803' title='bbox 1081 1947 1144 1982; x_wconf 84' lang='grc' dir='ltr'>γὰρ,</span> <span class='ocrx_word' id='word_1_804' title='bbox 1163 1947 1203 1973; x_wconf 82' lang='grc' dir='ltr'>ὅτι</span> <span class='ocrx_word' id='word_1_805' title='bbox 1226 1946 1312 1982; x_wconf 83' lang='grc' dir='ltr'>μέγας</span> <span class='ocrx_word' id='word_1_806' title='bbox 1338 1946 1395 1972; x_wconf 75' lang='grc' dir='ltr'>ἐστὶ</span> <span class='ocrx_word' id='word_1_807' title='bbox 1419 1947 1494 1982; x_wconf 77' lang='grc' dir='ltr'>παρὰ</span> <span class='ocrx_word' id='word_1_808' title='bbox 1520 1947 1615 1982; x_wconf 74' lang='grc' dir='ltr'>Κυρίῳ</span> <span class='ocrx_word' id='word_1_809' title='bbox 1633 1947 1681 1974; x_wconf 72' lang='grc' dir='ltr'><strong>καὶ</strong></span> <span class='ocrx_word' id='word_1_810' title='bbox 1704 1947 1866 1984; x_wconf 76' lang='grc' dir='ltr'>ἀνθρώποις.</span> 
     </span>
    </p>
   </div>
   <div class='ocr_carea' id='block_1_104' title="bbox 1081 1991 1867 2029">
    <p class='ocr_par' dir='ltr' id='par_1_104' title="bbox 1081 1991 1867 2029">
     <span class='ocr_line' id='line_1_106' title="bbox 1081 1991 1867 2029; baseline 0.001 -8"><span class='ocrx_word' id='word_1_811' title='bbox 1081 1994 1148 2021; x_wconf 80' lang='grc' dir='ltr'>Τότε</span> <span class='ocrx_word' id='word_1_812' title='bbox 1160 1992 1260 2028; x_wconf 84' lang='grc' dir='ltr'>λέγειὸ</span> <span class='ocrx_word' id='word_1_813' title='bbox 1274 1991 1419 2028; x_wconf 77' lang='grc' dir='ltr'>μετάϐολος</span> <span class='ocrx_word' id='word_1_814' title='bbox 1430 1992 1521 2025; x_wconf 77' lang='grc' dir='ltr'>αὐτοῖς</span> <span class='ocrx_word' id='word_1_815' title='bbox 1530 2001 1536 2007; x_wconf 93' lang='grc'><strong>·</strong></span> <span class='ocrx_word' id='word_1_816' title='bbox 1554 2004 1564 2020; x_wconf 86' lang='grc'><em>‹</em></span> <span class='ocrx_word' id='word_1_817' title='bbox 1579 1992 1687 2020; x_wconf 63' lang='lat' dir='ltr'><strong>Atia-ars</strong></span> <span class='ocrx_word' id='word_1_818' title='bbox 1703 2003 1738 2029; x_wconf 87' lang='grc' dir='ltr'><strong>με</strong></span> <span class='ocrx_word' id='word_1_819' title='bbox 1753 1995 1810 2022; x_wconf 77' lang='grc' dir='ltr'><strong>ἀπὸ</strong></span> <span class='ocrx_word' id='word_1_820' title='bbox 1823 1995 1867 2029; x_wconf 67' lang='grc' dir='ltr'>τῆς</span> 
     </span>
    </p>
   </div>
   <div class='ocr_carea' id='block_1_105' title="bbox 1081 2035 1867 2074">
    <p class='ocr_par' dir='ltr' id='par_1_105' title="bbox 1081 2035 1867 2074">
     <span class='ocr_line' id='line_1_107' title="bbox 1081 2035 1867 2074; baseline 0 -9"><span class='ocrx_word' id='word_1_821' title='bbox 1081 2038 1197 2074; x_wconf 81' lang='grc' dir='ltr'>κρίσεως</span> <span class='ocrx_word' id='word_1_822' title='bbox 1215 2037 1343 2073; x_wconf 79' lang='grc' dir='ltr'>Πετεφρί.</span> <span class='ocrx_word' id='word_1_823' title='bbox 1357 2048 1371 2061; x_wconf 76' lang='grc' dir='ltr'>ι</span> <span class='ocrx_word' id='word_1_824' title='bbox 1383 2036 1578 2073; x_wconf 76' lang='grc' dir='ltr'>Προσελθόντος</span> <span class='ocrx_word' id='word_1_825' title='bbox 1600 2035 1647 2064; x_wconf 83' lang='grc' dir='ltr'>οὖν</span> <span class='ocrx_word' id='word_1_826' title='bbox 1664 2038 1747 2073; x_wconf 62' lang='grc' dir='ltr'><strong>⁴ᾔτουν</strong></span> <span class='ocrx_word' id='word_1_827' title='bbox 1761 2048 1808 2074; x_wconf 82' lang='grc' dir='ltr'>με,</span> <span class='ocrx_word' id='word_1_828' title='bbox 1830 2039 1867 2065; x_wconf 82' lang='grc' dir='ltr'>λέ-</span> 
     </span>
    </p>
   </div>
   <div class='ocr_carea' id='block_1_106' title="bbox 1082 2083 1865 2121">
    <p class='ocr_par' dir='ltr' id='par_1_106' title="bbox 1082 2083 1865 2121">
     <span class='ocr_line' id='line_1_108' title="bbox 1082 2083 1865 2121; baseline -0.003 -9"><span class='ocrx_word' id='word_1_829' title='bbox 1082 2093 1174 2119; x_wconf 83' lang='grc' dir='ltr'>γοντες</span> <span class='ocrx_word' id='word_1_830' title='bbox 1184 2093 1190 2100; x_wconf 90' lang='grc'><strong>·</strong></span> <span class='ocrx_word' id='word_1_831' title='bbox 1206 2093 1215 2110; x_wconf 80' lang='grc' dir='ltr'><strong>ι</strong></span> <span class='ocrx_word' id='word_1_832' title='bbox 1231 2084 1310 2116; x_wconf 84' lang='grc' dir='ltr'><strong>Εἰπὲ,</strong></span> <span class='ocrx_word' id='word_1_833' title='bbox 1329 2084 1370 2111; x_wconf 79' lang='grc' dir='ltr'>ὅτι</span> <span class='ocrx_word' id='word_1_834' title='bbox 1387 2084 1415 2109; x_wconf 80' lang='grc' dir='ltr'>ὲν</span> <span class='ocrx_word' id='word_1_835' title='bbox 1427 2083 1550 2119; x_wconf 76' lang='grc' dir='ltr'>ἀργυρίῳ</span> <span class='ocrx_word' id='word_1_836' title='bbox 1567 2083 1710 2120; x_wconf 77' lang='grc' dir='ltr'><strong>ἠγοράσθη</strong></span> <span class='ocrx_word' id='word_1_837' title='bbox 1723 2084 1781 2120; x_wconf 78' lang='lat'><strong>(56)</strong></span> <span class='ocrx_word' id='word_1_838' title='bbox 1795 2087 1865 2121; x_wconf 74' lang='grc' dir='ltr'>ἡμῖν,</span> 
     </span>
    </p>
   </div>
   <div class='ocr_carea' id='block_1_107' title="bbox 1082 2129 1541 2164">
    <p class='ocr_par' dir='ltr' id='par_1_107' title="bbox 1082 2129 1541 2164">
     <span class='ocr_line' id='line_1_109' title="bbox 1082 2129 1541 2164; baseline -0.007 -6"><span class='ocrx_word' id='word_1_839' title='bbox 1082 2131 1206 2162; x_wconf 74' lang='grc' dir='ltr'>κάκεῖνος</span> <span class='ocrx_word' id='word_1_840' title='bbox 1219 2129 1353 2157; x_wconf 78' lang='grc' dir='ltr'>ἀπέλυσεν</span> <span class='ocrx_word' id='word_1_841' title='bbox 1366 2129 1420 2164; x_wconf 86' lang='lat'><strong>(57)</strong></span> <span class='ocrx_word' id='word_1_842' title='bbox 1435 2130 1518 2164; x_wconf 74' lang='grc' dir='ltr'>ἡμᾶς.</span> <span class='ocrx_word' id='word_1_843' title='bbox 1531 2138 1541 2154; x_wconf 73' lang='grc' dir='ltr'><strong>ι</strong></span> 
     </span>
    </p>
   </div>
   <div class='ocr_carea' id='block_1_108' title="bbox 1117 2216 1864 2256">
    <p class='ocr_par' dir='ltr' id='par_1_108' title="bbox 1117 2216 1864 2256">
     <span class='ocr_line' id='line_1_110' title="bbox 1117 2216 1864 2256; baseline -0.003 -10"><span class='ocrx_word' id='word_1_844' title='bbox 1117 2220 1191 2253; x_wconf 60' lang='grc' dir='ltr'><strong>ιφ(</strong></span> <span class='ocrx_word' id='word_1_845' title='bbox 1203 2218 1334 2254; x_wconf 83' lang='grc' dir='ltr'>Ἐδήλωσε</span> <span class='ocrx_word' id='word_1_846' title='bbox 1349 2217 1376 2244; x_wconf 80' lang='grc' dir='ltr'><strong>δὲ</strong></span> <span class='ocrx_word' id='word_1_847' title='bbox 1388 2218 1405 2253; x_wconf 84' lang='grc' dir='ltr'>ὴ</span> <span class='ocrx_word' id='word_1_848' title='bbox 1418 2217 1529 2252; x_wconf 80' lang='grc' dir='ltr'>Μέμφις</span> <span class='ocrx_word' id='word_1_849' title='bbox 1539 2216 1578 2254; x_wconf 82' lang='grc' dir='ltr'>τῷ</span> <span class='ocrx_word' id='word_1_850' title='bbox 1591 2218 1669 2255; x_wconf 81' lang='grc' dir='ltr'>ἀνδρὶ</span> <span class='ocrx_word' id='word_1_851' title='bbox 1691 2219 1790 2255; x_wconf 77' lang='grc' dir='ltr'><strong>αὐτῆς,</strong></span> <span class='ocrx_word' id='word_1_852' title='bbox 1805 2218 1864 2256; x_wconf 75' lang='grc' dir='ltr'>πρί-</span> 
     </span>
    </p>
   </div>
   <div class='ocr_carea' id='block_1_109' title="bbox 1085 2263 1867 2300">
    <p class='ocr_par' dir='ltr' id='par_1_109' title="bbox 1085 2263 1867 2300">
     <span class='ocr_line' id='line_1_111' title="bbox 1085 2263 1867 2300; baseline -0.003 -9"><span class='ocrx_word' id='word_1_853' title='bbox 1085 2265 1165 2291; x_wconf 73' lang='grc' dir='ltr'>ασθαι</span> <span class='ocrx_word' id='word_1_854' title='bbox 1199 2272 1251 2300; x_wconf 84' lang='grc' dir='ltr'>με·</span> <span class='ocrx_word' id='word_1_855' title='bbox 1276 2273 1285 2289; x_wconf 80' lang='grc' dir='ltr'><strong>ι</strong></span> <span class='ocrx_word' id='word_1_856' title='bbox 1308 2263 1410 2290; x_wconf 76' lang='grc' dir='ltr'><strong>’Δκούω</strong></span> <span class='ocrx_word' id='word_1_857' title='bbox 1439 2263 1513 2298; x_wconf 82' lang='grc' dir='ltr'>γὰρ,</span> <span class='ocrx_word' id='word_1_858' title='bbox 1534 2264 1637 2298; x_wconf 80' lang='grc' dir='ltr'>φησὶν,</span> <span class='ocrx_word' id='word_1_859' title='bbox 1663 2264 1704 2291; x_wconf 82' lang='grc' dir='ltr'>δτι</span> <span class='ocrx_word' id='word_1_860' title='bbox 1736 2263 1867 2292; x_wconf 69' lang='grc' dir='ltr'>πωλοῦσιν</span> 
     </span>
    </p>
   </div>
   <div class='ocr_carea' id='block_1_110' title="bbox 1083 2309 1865 2347">
    <p class='ocr_par' dir='ltr' id='par_1_110' title="bbox 1083 2309 1865 2347">
     <span class='ocr_line' id='line_1_112' title="bbox 1083 2309 1865 2347; baseline -0.001 -10"><span class='ocrx_word' id='word_1_861' title='bbox 1083 2311 1172 2337; x_wconf 81' lang='grc' dir='ltr'>αὐτόν.</span> <span class='ocrx_word' id='word_1_862' title='bbox 1196 2320 1205 2336; x_wconf 74' lang='grc' dir='ltr'><strong>ι</strong></span> <span class='ocrx_word' id='word_1_863' title='bbox 1231 2310 1286 2337; x_wconf 85' lang='lat' dir='ltr'><strong>Kal</strong></span> <span class='ocrx_word' id='word_1_864' title='bbox 1316 2309 1472 2336; x_wconf 84' lang='grc' dir='ltr'>ἀπέστειλεν</span> <span class='ocrx_word' id='word_1_865' title='bbox 1496 2309 1622 2345; x_wconf 78' lang='grc' dir='ltr'>εὐνοῦχον</span> <span class='ocrx_word' id='word_1_866' title='bbox 1644 2312 1703 2343; x_wconf 77' lang='grc' dir='ltr'>τοῖς</span> <span class='ocrx_word' id='word_1_867' title='bbox 1735 2311 1865 2347; x_wconf 68' lang='grc' dir='ltr'>Ἰσμαηλί-</span> 
     </span>
    </p>
   </div>
   <div class='ocr_carea' id='block_1_111' title="bbox 1082 2356 1865 2394">
    <p class='ocr_par' dir='ltr' id='par_1_111' title="bbox 1082 2356 1865 2394">
     <span class='ocr_line' id='line_1_113' title="bbox 1082 2356 1865 2394; baseline 0 -11"><span class='ocrx_word' id='word_1_868' title='bbox 1082 2366 1142 2389; x_wconf 87' lang='grc' dir='ltr'>ταις</span> <span class='ocrx_word' id='word_1_869' title='bbox 1155 2356 1227 2392; x_wconf 77' lang='grc'>(58),</span> <span class='ocrx_word' id='word_1_870' title='bbox 1244 2357 1337 2391; x_wconf 73' lang='grc' dir='ltr'>ὴτεῖτο</span> <span class='ocrx_word' id='word_1_871' title='bbox 1359 2357 1398 2388; x_wconf 83' lang='grc' dir='ltr'><strong>εις</strong></span> <span class='ocrx_word' id='word_1_872' title='bbox 1418 2357 1517 2391; x_wconf 86' lang='grc' dir='ltr'>πράσιν</span> <span class='ocrx_word' id='word_1_873' title='bbox 1532 2356 1604 2391; x_wconf 83' lang='lat'><strong>(59)&#39;</strong></span> <span class='ocrx_word' id='word_1_874' title='bbox 1624 2357 1672 2383; x_wconf 77' lang='grc' dir='ltr'>καὶ</span> <span class='ocrx_word' id='word_1_875' title='bbox 1693 2356 1733 2394; x_wconf 79' lang='grc' dir='ltr'>μὴ</span> <span class='ocrx_word' id='word_1_876' title='bbox 1753 2357 1865 2393; x_wconf 75' lang='grc' dir='ltr'>θελήσας</span> 
     </span>
    </p>
   </div>
   <div class='ocr_carea' id='block_1_112' title="bbox 1081 2479 1863 2515">
    <p class='ocr_par' dir='ltr' id='par_1_112' title="bbox 1081 2479 1863 2515">
     <span class='ocr_line' id='line_1_114' title="bbox 1081 2479 1863 2515; baseline -0.001 -7"><span class='ocrx_word' id='word_1_877' title='bbox 1081 2480 1119 2508; x_wconf 89' lang='lat' dir='ltr'><strong>ris</strong></span> <span class='ocrx_word' id='word_1_878' title='bbox 1143 2485 1198 2512; x_wconf 80' lang='lat' dir='ltr'><strong>stat</strong></span> <span class='ocrx_word' id='word_1_879' title='bbox 1217 2479 1335 2515; x_wconf 82' lang='lat' dir='ltr'><strong>Moyses,</strong></span> <span class='ocrx_word' id='word_1_880' title='bbox 1360 2479 1458 2507; x_wconf 88' lang='lat' dir='ltr'><strong>Genes.</strong></span> <span class='ocrx_word' id='word_1_881' title='bbox 1472 2487 1568 2515; x_wconf 81' lang='lat' dir='ltr'><strong>xxxix,</strong></span> <span class='ocrx_word' id='word_1_882' title='bbox 1589 2479 1616 2507; x_wconf 72' lang='grc'><strong>1.</strong></span> <span class='ocrx_word' id='word_1_883' title='bbox 1643 2479 1748 2507; x_wconf 79' lang='lat' dir='ltr'><strong>Raschi</strong></span> <span class='ocrx_word' id='word_1_884' title='bbox 1775 2486 1863 2507; x_wconf 81' lang='lat' dir='ltr'><strong>autem</strong></span> 
     </span>
    </p>
   </div>
   <div class='ocr_carea' id='block_1_113' title="bbox 1080 2514 1862 2549">
    <p class='ocr_par' dir='ltr' id='par_1_113' title="bbox 1080 2514 1862 2549">
     <span class='ocr_line' id='line_1_115' title="bbox 1080 2514 1862 2549; baseline -0.004 -6"><span class='ocrx_word' id='word_1_885' title='bbox 1080 2514 1424 2548; x_wconf 31' lang='lat' dir='ltr'><strong>erravit,dum’lsmaelitas</strong></span> <span class='ocrx_word' id='word_1_886' title='bbox 1438 2519 1464 2542; x_wconf 85' lang='lat' dir='ltr'><strong>et</strong></span> <span class='ocrx_word' id='word_1_887' title='bbox 1475 2514 1635 2542; x_wconf 85' lang='lat' dir='ltr'><strong>Madianitas</strong></span> <span class='ocrx_word' id='word_1_888' title='bbox 1646 2516 1756 2549; x_wconf 87' lang='lat' dir='ltr'><strong>ambos,</strong></span> <span class='ocrx_word' id='word_1_889' title='bbox 1767 2515 1862 2543; x_wconf 84' lang='lat' dir='ltr'><strong>Genes.</strong></span> 
     </span>
    </p>
   </div>
   <div class='ocr_carea' id='block_1_114' title="bbox 1080 2550 1865 2584">
    <p class='ocr_par' dir='ltr' id='par_1_114' title="bbox 1080 2550 1865 2584">
     <span class='ocr_line' id='line_1_116' title="bbox 1080 2550 1865 2584; baseline -0.003 -7"><span class='ocrx_word' id='word_1_890' title='bbox 1080 2559 1184 2583; x_wconf 79' lang='lat' dir='ltr'><strong>xxxvn,</strong></span> <span class='ocrx_word' id='word_1_891' title='bbox 1200 2551 1246 2583; x_wconf 71' lang='grc' dir='ltr'><strong>ΞΒ,</strong></span> <span class='ocrx_word' id='word_1_892' title='bbox 1263 2550 1429 2583; x_wconf 81' lang='lat' dir='ltr'><strong>nominatos,</strong></span> <span class='ocrx_word' id='word_1_893' title='bbox 1445 2550 1587 2577; x_wconf 91' lang='lat' dir='ltr'><strong>distinctos</strong></span> <span class='ocrx_word' id='word_1_894' title='bbox 1607 2558 1623 2577; x_wconf 85' lang='lat' dir='ltr'><strong>a</strong></span> <span class='ocrx_word' id='word_1_895' title='bbox 1637 2557 1669 2577; x_wconf 81' lang='lat' dir='ltr'><strong>se</strong></span> <span class='ocrx_word' id='word_1_896' title='bbox 1686 2550 1803 2578; x_wconf 85' lang='lat' dir='ltr'><strong>invicem</strong></span> <span class='ocrx_word' id='word_1_897' title='bbox 1819 2558 1865 2584; x_wconf 82' lang='lat' dir='ltr'><strong>po-</strong></span> 
     </span>
    </p>
   </div>
   <div class='ocr_carea' id='block_1_115' title="bbox 1079 2585 1864 2621">
    <p class='ocr_par' dir='ltr' id='par_1_115' title="bbox 1079 2585 1864 2621">
     <span class='ocr_line' id='line_1_117' title="bbox 1079 2585 1864 2621; baseline 0 -9"><span class='ocrx_word' id='word_1_898' title='bbox 1079 2586 1159 2621; x_wconf 87' lang='lat' dir='ltr'><strong>pulos</strong></span> <span class='ocrx_word' id='word_1_899' title='bbox 1180 2585 1267 2613; x_wconf 88' lang='lat' dir='ltr'><strong>l‘uisse</strong></span> <span class='ocrx_word' id='word_1_900' title='bbox 1285 2586 1401 2620; x_wconf 78' lang='lat' dir='ltr'><strong>putavit,</strong></span> <span class='ocrx_word' id='word_1_901' title='bbox 1424 2592 1494 2621; x_wconf 84' lang='lat' dir='ltr'><strong>quos</strong></span> <span class='ocrx_word' id='word_1_902' title='bbox 1518 2585 1639 2621; x_wconf 70' lang='lat' dir='ltr'><strong>eosdem,</strong></span> <span class='ocrx_word' id='word_1_903' title='bbox 1666 2585 1784 2621; x_wconf 70' lang='lat' dir='ltr'><strong>diversis</strong></span> <span class='ocrx_word' id='word_1_904' title='bbox 1807 2586 1864 2621; x_wconf 68' lang='lat' dir='ltr'><strong>licet</strong></span> 
     </span>
    </p>
   </div>
   <div class='ocr_carea' id='block_1_116' title="bbox 1080 2619 1863 2655">
    <p class='ocr_par' dir='ltr' id='par_1_116' title="bbox 1080 2619 1863 2655">
     <span class='ocr_line' id='line_1_118' title="bbox 1080 2619 1863 2655; baseline 0.004 -8"><span class='ocrx_word' id='word_1_905' title='bbox 1080 2619 1249 2652; x_wconf 80' lang='lat' dir='ltr'><strong>nominibus,</strong></span> <span class='ocrx_word' id='word_1_906' title='bbox 1263 2619 1409 2655; x_wconf 82' lang='lat' dir='ltr'><strong>appellatos</strong></span> <span class='ocrx_word' id='word_1_907' title='bbox 1433 2619 1538 2652; x_wconf 84' lang='lat' dir='ltr'><strong>fuisse,</strong></span> <span class='ocrx_word' id='word_1_908' title='bbox 1565 2627 1598 2648; x_wconf 79' lang='lat' dir='ltr'><strong>ex</strong></span> <span class='ocrx_word' id='word_1_909' title='bbox 1621 2619 1713 2655; x_wconf 81' lang='lat' dir='ltr'><strong>Jud7ic.</strong></span> <span class='ocrx_word' id='word_1_910' title='bbox 1738 2628 1797 2649; x_wconf 72' lang='lat' dir='ltr'><strong>vni.</strong></span> <span class='ocrx_word' id='word_1_911' title='bbox 1821 2620 1863 2650; x_wconf 61' lang='grc' dir='ltr'><strong>ΞΔ.</strong></span> 
     </span>
    </p>
   </div>
   <div class='ocr_carea' id='block_1_117' title="bbox 1080 2654 1863 2690">
    <p class='ocr_par' dir='ltr' id='par_1_117' title="bbox 1080 2654 1863 2690">
     <span class='ocr_line' id='line_1_119' title="bbox 1080 2654 1863 2690; baseline -0.003 -8"><span class='ocrx_word' id='word_1_912' title='bbox 1080 2655 1148 2683; x_wconf 84' lang='lat' dir='ltr'><strong>bene</strong></span> <span class='ocrx_word' id='word_1_913' title='bbox 1163 2654 1287 2690; x_wconf 84' lang='lat' dir='ltr'><strong>probavit</strong></span> <span class='ocrx_word' id='word_1_914' title='bbox 1297 2654 1436 2690; x_wconf 69' lang='lat' dir='ltr'><strong>Abenezra</strong></span> <span class='ocrx_word' id='word_1_915' title='bbox 1454 2655 1480 2681; x_wconf 93' lang='lat' dir='ltr'><strong>in</strong></span> <span class='ocrx_word' id='word_1_916' title='bbox 1493 2655 1582 2682; x_wconf 86' lang='lat' dir='ltr'><strong>locum</strong></span> <span class='ocrx_word' id='word_1_917' title='bbox 1601 2655 1648 2682; x_wconf 87' lang='lat' dir='ltr'><strong>cit.</strong></span> <span class='ocrx_word' id='word_1_918' title='bbox 1664 2654 1816 2683; x_wconf 81' lang='lat' dir='ltr'><strong>Geneseos.</strong></span> <span class='ocrx_word' id='word_1_919' title='bbox 1829 2655 1863 2681; x_wconf 74' lang='lat' dir='ltr'><strong>la.</strong></span> 
     </span>
    </p>
   </div>
   <div class='ocr_carea' id='block_1_118' title="bbox 1114 2689 1864 2727">
    <p class='ocr_par' dir='ltr' id='par_1_118' title="bbox 1114 2689 1864 2727">
     <span class='ocr_line' id='line_1_120' title="bbox 1114 2689 1864 2727; baseline -0.003 -9"><span class='ocrx_word' id='word_1_920' title='bbox 1114 2689 1171 2727; x_wconf 74' lang='lat'><strong>(59)</strong></span> <span class='ocrx_word' id='word_1_921' title='bbox 1194 2689 1493 2727; x_wconf 43' lang='lat' dir='ltr'><strong>fﬂreiroyigatpdo&#39;nj.</strong></span> <span class='ocrx_word' id='word_1_922' title='bbox 1509 2690 1628 2717; x_wconf 77' lang='grc' dir='ltr'>Αἱτοῦσά</span> <span class='ocrx_word' id='word_1_923' title='bbox 1637 2699 1680 2727; x_wconf 27' lang='grc' dir='ltr'>’με</span> <span class='ocrx_word' id='word_1_924' title='bbox 1693 2692 1735 2727; x_wconf 74' lang='grc' dir='ltr'>εἰς</span> <span class='ocrx_word' id='word_1_925' title='bbox 1748 2691 1864 2727; x_wconf 64' lang='grc' dir='ltr'>διάπρα-</span> 
     </span>
    </p>
   </div>
   <div class='ocr_carea' id='block_1_119' title="bbox 1079 2723 1863 2762">
    <p class='ocr_par' dir='ltr' id='par_1_119' title="bbox 1079 2723 1863 2762">
     <span class='ocr_line' id='line_1_121' title="bbox 1079 2723 1863 2762; baseline -0.001 -10"><span class='ocrx_word' id='word_1_926' title='bbox 1079 2723 1130 2762; x_wconf 79' lang='grc' dir='ltr'>σιν.</span> <span class='ocrx_word' id='word_1_927' title='bbox 1150 2723 1274 2757; x_wconf 81' lang='grc' dir='ltr'>Καλέσας</span> <span class='ocrx_word' id='word_1_928' title='bbox 1291 2723 1336 2762; x_wconf 73' lang='grc' dir='ltr'>οὖν</span> <span class='ocrx_word' id='word_1_929' title='bbox 1359 2725 1580 2762; x_wconf 15' lang='grc' dir='ltr'>ὁέἀρχιμάγειρος</span> <span class='ocrx_word' id='word_1_930' title='bbox 1602 2723 1668 2757; x_wconf 64' lang='lat' dir='ltr'><strong>coiit;</strong></span> <span class='ocrx_word' id='word_1_931' title='bbox 1695 2723 1863 2762; x_wconf 63' lang='grc' dir='ltr'>Ἰσμαηλίξας</span> 
     </span>
    </p>
   </div>
   <div class='ocr_carea' id='block_1_120' title="bbox 1079 2760 1862 2836">
    <p class='ocr_par' dir='ltr' id='par_1_120' title="bbox 1079 2760 1862 2836">
     <span class='ocr_line' id='line_1_122' title="bbox 1079 2760 1791 2797; baseline 0 -10"><span class='ocrx_word' id='word_1_932' title='bbox 1079 2761 1139 2796; x_wconf 74' lang='grc' dir='ltr'>ᾔτει</span> <span class='ocrx_word' id='word_1_933' title='bbox 1151 2770 1183 2797; x_wconf 78' lang='grc' dir='ltr'><strong>με</strong></span> <span class='ocrx_word' id='word_1_934' title='bbox 1195 2762 1234 2793; x_wconf 72' lang='grc' dir='ltr'>εὶς</span> <span class='ocrx_word' id='word_1_935' title='bbox 1248 2760 1357 2796; x_wconf 70' lang='grc' dir='ltr'>πρᾶσιν.</span> <span class='ocrx_word' id='word_1_936' title='bbox 1372 2760 1410 2787; x_wconf 80' lang='lat' dir='ltr'><strong>In.</strong></span> <span class='ocrx_word' id='word_1_937' title='bbox 1736 2760 1741 2762; x_wconf 62' lang='grc'>⁷</span> <span class='ocrx_word' id='word_1_938' title='bbox 1788 2760 1791 2761; x_wconf 49' lang='grc'><strong><em>⁷</em></strong></span> 
     </span>
     <span class='ocr_line' id='line_1_123' title="bbox 1099 2795 1862 2836; baseline -0.003 -13"><span class='ocrx_word' id='word_1_939' title='bbox 1099 2796 1171 2836; x_wconf 40' lang='grc'>’(60)</span> <span class='ocrx_word' id='word_1_940' title='bbox 1189 2796 1254 2823; x_wconf 82' lang='lat' dir='ltr'><strong>Cum</strong></span> <span class='ocrx_word' id='word_1_941' title='bbox 1269 2797 1341 2836; x_wconf 44' lang='grc' dir='ltr'><strong>οἰδ...</strong></span> <span class='ocrx_word' id='word_1_942' title='bbox 1356 2795 1534 2836; x_wconf 73' lang='lat' dir='ltr'><strong>Subintellige</strong></span> <span class='ocrx_word' id='word_1_943' title='bbox 1552 2800 1734 2836; x_wconf 61' lang='lat' dir='ltr'><strong>contractum</strong></span> <span class='ocrx_word' id='word_1_944' title='bbox 1747 2795 1862 2836; x_wconf 71' lang='lat' dir='ltr'><strong>emptio—</strong></span> 
     </span>
    </p>
   </div>
   <div class='ocr_carea' id='block_1_121' title="bbox 1078 2830 1865 2867">
    <p class='ocr_par' dir='ltr' id='par_1_121' title="bbox 1078 2830 1865 2867">
     <span class='ocr_line' id='line_1_124' title="bbox 1078 2830 1865 2867; baseline -0.001 -9"><span class='ocrx_word' id='word_1_945' title='bbox 1078 2832 1133 2863; x_wconf 78' lang='lat' dir='ltr'><strong>nis.</strong></span> <span class='ocrx_word' id='word_1_946' title='bbox 1146 2832 1181 2858; x_wconf 88' lang='lat' dir='ltr'><strong>ob</strong></span> <span class='ocrx_word' id='word_1_947' title='bbox 1193 2831 1407 2867; x_wconf 81' lang='lat' dir='ltr'><strong>magnitudinem</strong></span> <span class='ocrx_word' id='word_1_948' title='bbox 1419 2831 1521 2859; x_wconf 83' lang='lat' dir='ltr'><strong>scilicet</strong></span> <span class='ocrx_word' id='word_1_949' title='bbox 1533 2831 1626 2866; x_wconf 87' lang='lat' dir='ltr'><strong>pretii,</strong></span> <span class='ocrx_word' id='word_1_950' title='bbox 1638 2831 1713 2867; x_wconf 90' lang='lat' dir='ltr'><strong>quod</strong></span> <span class='ocrx_word' id='word_1_951' title='bbox 1724 2830 1865 2859; x_wconf 69' lang='lat' dir='ltr'><strong>lsmaelitz</strong></span> 
     </span>
    </p>
   </div>
   <div class='ocr_carea' id='block_1_122' title="bbox 1078 2865 1325 2902">
    <p class='ocr_par' dir='ltr' id='par_1_122' title="bbox 1078 2865 1325 2902">
     <span class='ocr_line' id='line_1_125' title="bbox 1078 2865 1325 2902; baseline -0.004 -8"><span class='ocrx_word' id='word_1_952' title='bbox 1078 2865 1270 2902; x_wconf 82' lang='lat' dir='ltr'><strong>poposcerunt.</strong></span> <span class='ocrx_word' id='word_1_953' title='bbox 1288 2865 1325 2894; x_wconf 85' lang='lat' dir='ltr'><strong>In.</strong></span> 
     </span>
    </p>
   </div>
  </div>
