1916 3099
245 134 313 162 1143

769 135 997 164 TESTAMENTA
1016 135 1062 162 ΧΠ
1079 133 1385 162 PATRIARCHARUM.

1795 132 1858 160 HM

245 192 356 226 Ioseph,
381 193 470 222 vicisti
487 194 592 222 viscera
606 193 690 221 Jacob
704 195 789 229 patris
811 194 862 222 tui.
882 204 891 221 ι
915 194 947 221 Et
969 201 1027 221 am-

1081 192 1137 227 φῶν
1150 192 1239 228 ἡμῶν,
1253 192 1296 218 ἵνα
1315 191 1352 227 μὴ
1366 190 1505 226 λογίσηται
1523 189 1613 221 αὐτοῖς
1624 188 1736 225 Κύριος,
1749 188 1796 215 ὅτε
1808 188 1858 223 (92)

247 240 361 275 plexans
374 247 448 274 cum;
463 248 512 275 per
522 240 591 268 duas
605 239 688 268 horas
703 240 880 267 osculabatur
893 247 969 272 eum,
983 239 1026 266 di-

247 294 312 314 cens
327 296 334 314 :
351 296 360 312 ε
379 286 578 320 Adimplebitur
593 285 621 312 in
637 290 662 312 te
675 286 814 320 prophetia
828 285 891 313 coeli
905 285 938 312 de
950 285 1027 320 Αεηο

249 331 296 360 Dei
310 337 336 359 et
349 332 489 359 Salvatore
506 331 612 364 mundi,
627 332 699 366 quod
711 331 902 358 imniaculatus
918 339 967 366 pro
978 331 1030 358 ini-

248 380 312 414 quis’
333 379 470 412 tradetur;
487 382 515 405 et
539 378 586 413 qui
608 378 667 405 sine
682 384 794 412 peccato
817 381 859 405 est
873 384 923 412 pro
937 377 1029 411 impiis

249 424 382 451 morietur
413 423 440 450 in
470 424 604 458 sanguine
633 421 820 453 Testamenti,
854 420 882 447 in
913 419 1028 447 salutem

249 469 332 497 ls'rael
345 473 372 497 et
387 469 518 504 gentium,
529 473 556 496 et
568 467 690 495 destruet
703 467 790 495 Beliar
805 471 831 494 et
842 465 1029 494 ministrantes

248 516 284 543 ei.
301 525 311 542 ι

249 562 367 589 θανεῖται
389 563 418 589 ἐν
434 562 527 597 αἵματι
547 561 687 598 διαθήκης,
705 560 752 586 ἐπὶ
774 559 893 594 σωτηρία
923 558 1030 594 Ἰσραὴλ

249 608 450 645 ὑπηρετοῦντας
466 608 548 643 αὐτῷ.
562 618 572 634 ι

284 662 328 689 lV.
349 672 358 688 ‹
377 663 480 695 Videte,
505 662 573 696 ﬁlii,
605 662 670 690 boni
698 662 749 689 viri
771 661 865 694 ﬁnem;
883 658 1028 688 imitamini

247 709 276 735 in
292 709 362 735 bona
376 712 466 735 mente
479 708 696 736 misericordiam
713 707 810 742 ipsius,
826 711 896 734 utet
915 713 965 734 vos
982 713 1029 733 co-

248 753 324 781 ronis
343 753 434 788 gloriae
452 753 614 780 induamini.
629 752 722 780 Bonus
736 753 818 780 homo
830 759 884 778 non
896 751 977 778 habet
989 753 1028 777 te-

248 799 395 827 nebrosum
404 799 524 832 oculum;
534 799 678 826 miseretur
687 798 760 825 enim
772 798 911 829 omnibus,
922 795 1028 824 etiamsi

248 845 304 872 sint
322 849 490 880 peccatores,
506 844 635 879 quamvis
658 844 768 871 inierint
784 843 900 870 consilia
921 842 954 869 de
968 842 1026 876 ipso

247 890 329 917 mala.
351 890 401 918 Hie
421 889 595 917 benefaciens
610 889 696 916 vincit
713 889 833 921 malum,
851 892 989 923 protectus
1010 894 1026 914 a

247 936 429 971 bono,justos
444 944 508 964 vero
525 936 623 972 diligit,
637 941 667 963 ut
683 936 802 964 animam
815 942 903 962 suam.
923 933 952 960 Si
965 933 1027 968 quis

247 983 423 1018 gloriﬁcatur,
435 990 490 1011 non
511 983 628 1016 invidet;
641 983 664 1011 si
679 983 740 1018 quis
762 981 874 1014 ditatur,
900 989 954 1008 non
970 980 1027 1008 zelo

246 1034 384 1064 movetur;
394 1029 417 1058 si
425 1030 488 1065 quis
499 1029 576 1057 fortis
585 1033 636 1062 est,
648 1029 723 1056 hunc
736 1027 842 1061 laudat;
853 1031 958 1055 castum
968 1034 1027 1054 cre-

247 1077 325 1110 dens,
341 1077 449 1110 laudat;
474 1076 586 1111 pauperi
606 1075 766 1108 miseretur;
785 1074 894 1101 inﬁrmo
917 1081 1028 1108 compa-

247 1122 331 1155 titur;
353 1122 438 1150 Deum
461 1122 571 1154 laudat;
585 1129 647 1148 eum
661 1121 708 1155 qui
730 1120 811 1148 habet
824 1119 874 1146 Dei
890 1119 1026 1150 timorem,

246 1166 378 1200 protegit;
392 1165 515 1201 diligenti
531 1165 615 1192 Deum
630 1169 811 1199 cooperatnr;
836 1163 1026 1198 reprobantem

245 1211 440 1244 Altissimum,
469 1211 619 1239 admonens
644 1210 800 1243 convertit;
827 1213 855 1236 et
883 1209 1027 1236 habentem

246 1258 362 1293 gratiam
385 1258 496 1292 spiritus
519 1257 595 1291 boni,
621 1257 711 1292 diligit
726 1255 878 1284 secundum
907 1254 1027 1282 animam

247 1311 335 1332 suam.

282 1372 316 1400 ν.
332 1382 341 1398 ι
364 1371 392 1399 Si
419 1371 543 1399 habeatis
559 1371 657 1399 bonam
674 1375 803 1401 mentem.
820 1369 883 1401 ﬁlii,
911 1373 938 1397 et
964 1369 1027 1396 mali

246 1418 373 1446 homines
384 1416 600 1452 paciﬁcabuntur
607 1417 684 1443 vobis
694 1425 701 1449 ;
711 1420 738 1443 et
753 1415 886 1443 luxuriosi
901 1423 1028 1443 reveren-

247 1468 288 1491 tes
299 1470 359 1496 vos,
367 1466 558 1490 corivertentur
570 1462 596 1488 in
612 1462 766 1494 bonum;et
778 1461 852 1487 avari
869 1468 921 1488 non
938 1460 1027 1488 solum

1079 239 1284 275 ἐνεθυμήθησαν
1300 239 1416 274 πονηρὸν
1435 239 1497 274 περὶ
1512 237 1604 265 αὑτοῦ.
1626 237 1681 264 Καὶ
1694 236 1784 268 οὕτως
1802 236 1859 262 tea:

1086 285 1198 313 Ἰακώϐ·
1225 294 1234 311 ι
1260 282 1296 311 Ὦ
1322 284 1416 312 τέκνον
1447 283 1545 318 Ἰωσὴφ
1571 281 1639 318 (95),
1667 281 1801 316 ἐνίκησας
1829 281 1860 307 τὰ

1079 331 1219 366 σπλάγχνα
1239 329 1336 358 Ἰακὼϐ
1352 329 1398 356 τοῦ
1413 329 1514 364 πατρός
1531 337 1587 355 σου.
1605 337 1614 353 ι
1633 327 1691 354 Καὶ
1707 325 1859 362 περιλαϐὼν

1078 375 1168 406 αὑτὸν,
1185 374 1232 401 δύο
1248 374 1321 409 ὥρας
1334 373 1485 408 κατεφίλει,
1503 373 1590 407 λέγων
1601 381 1608 388 ’
1629 382 1638 398 ι
1650 371 1859 407 Πληρωθήσεται

1077 420 1122 447 ἐπὶ
1139 420 1180 447 σοὶ
1191 420 1342 456 προφητεία
1357 419 1470 455 οὖρανοῦ
1487 420 1551 455 περ).
1560 418 1606 445 τοῦ
1615 417 1715 453 Ἀμνοῦ
1721 416 1769 444 τοῦ
1786 416 1858 448 Θεοῦ,

1076 467 1123 493 καὶ
1135 466 1261 502 Σωτῆρος
1281 466 1328 492 τοῦ
1346 465 1458 501 κόσμου,
1472 465 1513 492 ὅτι
1532 465 1646 500 ἄμωμος
1663 463 1737 498 ὑπὲρ
1757 462 1859 497 ἀνόμων

1076 511 1305 548 παραδοθήσεται,
1323 511 1369 537 καὶ
1381 510 1569 546 ἀναμάρτητος
1589 509 1661 544 ὑπὲρ
1673 507 1782 535 ἀσεϐῶν
1798 508 1859 533 ἀπο-

1049 559 1096 585 καὶ
1111 558 1165 585 τῶν
1178 557 1271 590 ἐθνῶν,
1289 558 1336 585 καὶ
1349 559 1515 594 καταργήσει
1540 556 1595 592 (94)
1614 555 1715 591 Βελιὰρ
1737 555 1785 582 καὶ
1804 555 1860 586 rei);

1114 650 1149 675 A’.
1168 658 1177 674 ι
1194 648 1296 680 Εἴδετε,
1313 648 1405 679 τέκνα,
1422 647 1468 674 τοῦ
1485 646 1588 681 ἀγαθοῦ
1606 645 1705 681 ἀνδρὸς
1725 645 1758 672 τὸ
1776 644 1859 676 τέλος·

1081 696 1236 731 μιμήσασθε
1253 695 1281 721 ὲν
1298 694 1386 730 ἀγαθῇ
1404 693 1507 728 διανοίᾳ
1522 693 1572 728 τὴν
1596 690 1801 726 εὑσπλαγχνίαν
1816 690 1861 716 αὑ-

1077 741 1135 773 τοῦ,
1159 742 1203 769 ἵνα
1226 742 1273 768 καὶ
1296 741 1376 775 ὑμεῖς
1401 739 1548 774 στεφάνους
1571 738 1650 772 δόξης
1668 737 1816 773 φορέσητε.
1838 736 1862 762 ’0

1079 787 1179 822 ἀγαθὸς
1193 787 1334 822 ἄνθρωπος
1347 786 1396 812 οὐκ
1409 785 1464 820 ἔχει
1477 783 1612 811 σκοτεινὸν
1625 783 1783 818 ὀφθαλμόν·
1800 783 1863 808 ἐλεεῖ

1043 832 1064 859 Β
1076 833 1130 869 γὰρ
1148 833 1260 864 πάντας,
1280 832 1330 859 κᾶν
1345 829 1410 860 ὦσιν
1427 829 1594 866 ἁμαρτωλοὶ,
1611 829 1664 856 κᾶν
1684 827 1861 864 βουλεύωνται

1077 880 1141 915 περὶ
1153 879 1233 906 αὑτοῦ
1251 879 1290 910 είς
1309 877 1364 914 (95)
1378 877 1458 904 κακά.
1472 873 1557 908 Οὗτος
1572 874 1750 909 ἀγαθοποιῶν
1766 875 1828 908 νικᾷ
1835 873 1862 899 τὸ

1076 925 1171 956 κακὸν,
1187 923 1388 959 σκεπαζόμενος
1407 922 1461 958 (96)
1485 922 1537 949 ὑπὸ
1553 920 1600 948 τοῦ
1614 919 1720 955 ἀγαθοῦ
1732 928 1738 935 ·
1761 919 1824 950 τοὺς
1837 918 1861 945 δὲ

1076 969 1196 1000 δικαίους
1213 969 1316 1003 ἀγαπᾷ,
1332 967 1369 999 ὡς
1385 967 1433 1003 τὴν
1445 966 1532 1001 ψυχὴν
1543 964 1635 992 αὐτοῦ.
1661 964 1727 991 Ἐάν
1740 972 1784 994 τις
1795 963 1863 995 δοξά-

1077 1016 1165 1050 ζηται,
1192 1015 1221 1041 οὐ
1239 1014 1344 1048 φθονεῖ·
1364 1013 1410 1040 ἐάν
1431 1021 1472 1044 τις
1490 1012 1607 1044 πλουτεῖ,
1636 1011 1667 1038 οὺ
1701 1009 1802 1045 ζηλοῖ·
1819 1009 1860 1035 ἐὰν

1076 1069 1118 1092 τις
1145 1059 1284 1095 ἀνδρεῖος,
1316 1059 1440 1085 ἐπαινεῖ·
1471 1057 1516 1084 τὸν
1549 1056 1676 1091 σώφρονα
1709 1054 1861 1085 πιπεύων,

1078 1107 1157 1141 ὑμνεῖ
1164 1106 1229 1141 (97)·
1238 1106 1283 1132 τὸν
1293 1105 1394 1140 πένητα
1404 1103 1481 1130 ἐλεεῖ·
1491 1103 1529 1138 τῷ
1537 1102 1645 1130 ἀσθενεῖ
1652 1101 1797 1137 συμπαθεῖ
1804 1100 1863 1134 (98)'

1077 1150 1122 1176 τὸν
1138 1149 1203 1176 Θεὸν
1217 1149 1329 1184 ἀνυμνεῖ
1338 1157 1344 1163 ·
1358 1149 1403 1175 τὸν
1414 1147 1510 1182 ἔχοντα
1527 1146 1608 1181 φόϐον
1622 1146 1678 1181 (99)
1691 1145 1776 1177 Θεοῦ,
1789 1147 1863 1181 ὑπο

1077 1195 1186 1227 ασπίζει
1218 1194 1312 1221 αὐτοῦ·
1337 1193 1375 1229 τῷ
1394 1193 1536 1228 ἀγαπῶντι
1561 1193 1607 1219 τὸν
1630 1192 1697 1219 Θεὸν
1723 1193 1860 1228 συνεργεῖ·

1077 1239 1122 1266 τὸν
1142 1239 1286 1266 ἀθετοῦντα
1303 1239 1348 1266 τὸν
1368 1239 1507 1274 Ὕψιστον,
1534 1238 1668 1265 νουθετῶν
1686 1237 1861 1273 ἐπιστρέφει·

1079 1285 1125 1311 καὶ
1140 1284 1185 1311 τὸν
1195 1284 1290 1319 ἔχοντα
1301 1285 1379 1319 χάριν
1390 1284 1544 1319 πνεύματος
1558 1283 1671 1318 ἀγαθοῦ,
1685 1283 1786 1318 ἁγαπᾷ
1801 1282 1862 1309 κατὰ

1077 1330 1127 1366 τὴν
1142 1329 1229 1365 ψυχὴν
1245 1329 1336 1355 αὑτοῦ.

1113 1377 1150 1404 E'.
1170 1387 1179 1402 ι
1206 1376 1268 1403 Ἐὰν
1287 1375 1366 1411 ἔχητε
1383 1375 1488 1410 ἀγαθὴν
1513 1374 1642 1405 διάνοιαν,
1668 1374 1768 1404 τέκνα,
1785 1373 1830 1399 καὶ
1843 1372 1863 1398 oi

1078 1422 1190 1458 πονηροὶ
1207 1421 1344 1457 ἄνθρωποι
1361 1421 1564 1457 είρηνεύσουσιν
1576 1421 1650 1455 ὑμῖν,
1668 1420 1717 1446 καὶ
1728 1420 1755 1445 οι
1774 1418 1864 1445 ἄσωτοι

1077 1467 1244 1499 αἰδεσθέντες
1261 1467 1342 1503 ὑμᾶς,
1360 1466 1573 1502 ἐπιστρέφουσιν
1590 1466 1630 1496 εἰς
1647 1464 1766 1498 ἀγαθὸν,
1785 1463 1829 1490 καὶ
1843 1463 1864 1489 οι

247 1509 374 1537 recedent
387 1517 402 1535 a
415 1508 554 1542 passione,
580 1507 628 1534 sed
649 1514 710 1542 qua;
725 1507 958 1540 superabundant,
975 1505 1025 1534 da-

1081 1513 1235 1540 πλεονὲκται
1251 1513 1281 1539 οὐ
1301 1513 1378 1548 μόνον
1390 1512 1590 1547 ἀποστήσονται
1606 1510 1652 1537 τοῦ
1670 1510 1788 1542 πάθους,
1805 1508 1865 1535 ἀλλά

246 1555 315 1583 bunt
336 1554 452 1582 amictis.
469 1553 498 1580 Si
512 1552 699 1585 benefaciatis,
713 1556 741 1579 et
757 1552 890 1579 immundi
914 1552 1027 1586 spiritus

246 1601 351 1637 fugient
372 1609 387 1628 a
403 1601 489 1633 vobis,
511 1605 539 1627 et
554 1600 619 1635 ipsze
633 1599 726 1627 bestia:
741 1598 874 1626 timebunt
892 1606 950 1626 vos.
977 1597 1027 1626 Ubi

247 1648 320 1676 enim
334 1652 375 1674 est
388 1647 524 1674 bonorum
540 1653 653 1680 operum
667 1646 750 1672 timor
771 1645 810 1680 (1)
827 1644 854 1671 in
870 1648 972 1677 mente,
988 1648 1028 1671 te-

246 1694 339 1722 nebrae
356 1693 459 1728 fugient
473 1692 508 1719 ab
519 1699 561 1719 eo.
587 1691 615 1718 Si
630 1691 703 1719 enim
730 1690 829 1725 injuria
853 1690 951 1717 alliciat
966 1689 1028 1724 quis

247 1744 372 1767 sanctum
395 1739 495 1771 virum,
511 1737 639 1772 paenitet;
658 1737 804 1764 miseretur
818 1736 889 1763 enim
917 1740 1028 1762 sanctus

248 1786 360 1822 injuriol
378 1790 405 1813 et
419 1785 490 1812 silet.
506 1784 537 1812 Et
553 1784 575 1812 si
590 1783 652 1819 quis
667 1784 785 1810 animam
799 1783 900 1818 justam
915 1782 1026 1817 prodat,

246 1833 368 1867 etjustus
379 1838 461 1859 orans
470 1831 504 1858 ad
517 1829 828 1861 modicumhumilictur,
841 1832 932 1862 postea
944 1826 1028 1854 multo

247 1879 346 1906 clarior
363 1881 486 1913 apparet,
516 1876 608 1911 qualis
635 1875 724 1902 lactus
754 1878 796 1901 est
822 1872 923 1908 Ioseph
945 1872 1028 1900 frater

246 1933 334 1952 1118115.

286 2023 328 2051 Vl.
347 2033 357 2049 ι
375 2022 527 2050 Consilium
543 2021 609 2048 boni
630 2019 681 2047 viri
697 2027 750 2047 non
765 2024 807 2047 est
828 2019 856 2046 in
871 2026 955 2046 manu
973 2018 1029 2053 spi-

246 2071 317 2098 ritus
330 2070 432 2097 erroris
447 2069 544 2096 Beliar.
561 2067 683 2102 Angelus
697 2066 770 2093 enim
789 2065 865 2100 pacis
878 2066 953 2093 ducit
968 2064 1028 2092 ani-

250 2124 324 2144 mam
344 2116 441 2151 ipsius.
467 2114 526 2141 Non
548 2113 645 2148 aspicit
665 2120 726 2139 cum
749 2112 846 2139 aﬁ'ectu
869 2110 1029 2145 corruptibi-

247 2164 294 2196 lia,
310 2171 398 2198 neque
408 2165 554 2196 congregat
567 2160 676 2188 divitias
690 2159 716 2186 in
727 2158 891 2186 desiderium
907 2158 1029 2192 volupta-

247 2211 299 2243 tis;
315 2217 369 2236 nun
383 2209 535 2236 delectatur
549 2207 696 2240 voluptate,
713 2213 767 2232 non
801 2205 944 2232 contristat
964 2211 1028 2238 pro-

246 2257 364 2289 ximum,
378 2263 433 2282 non
447 2253 576 2288 impletur
587 2253 658 2286 cibo,
673 2259 727 2279 non
737 2255 812 2278 errat
823 2251 849 2277 in
862 2250 1028 2278 elationibus

248 2303 409 2334 oculorum;
427 2300 559 2328 Dominus
579 2299 650 2327 enim
675 2306 739 2333 pars
763 2302 805 2325 est
829 2297 898 2332 ejus.
923 2295 1028 2323 Bonum

248 2349 393 2377 consilium
406 2355 460 2375 non
470 2347 566 2382 recipit
580 2345 671 2382 gloriae
679 2344 853 2372 etdedecoris
868 2343 1008 2370 hominum
1020 2363 1028 2374 ,

248 2401 276 2424 et
292 2396 377 2423 ullum
394 2396 486 2424 dolum
501 2396 542 2423 vel
554 2393 734 2425 mendacium,
748 2398 869 2427 pugnam
880 2389 921 2417 vel
933 2393 1031 2417 contu-

295 2464 341 2491 92i
361 2465 434 2490 Ὅτε.
454 2464 527 2490 Ὀτι.
541 2463 625 2491 ϐιιΑιι.

295 2496 340 2534 95)
366 2499 481 2534 Ἰωσήφ.
499 2499 635 2534 Χρηστόν.

296 2530 340 2568 SM)
361 2530 558 2568 Κατιιργνήσὲιξ
579 2531 743 2559 Καταλύσει.
759 2530 795 2557 In.

284 2568 339 2604 (95)
359 2572 411 2602 Εὶς
434 2570 522 2597 Deest.
538 2568 576 2596 In;

285 2599 341 2639 (96)
360 2599 589 2639 Σφὶεπαζόμενσς.
607 2599 835 2639 Σκεπόμενοςκιι).

286 2632 339 2673 (97)
366 2640 432 2666 Ἐάν
451 2632 497 2672 τὶξ
518 2632 663 2673 ἀνδρεῖος,
684 2632 809 2662 ἐπαινεῖ·
828 2633 881 2660 τὸν
896 2632 1034 2667 σώφρονα

252 2672 407 2706 πιστεύων,
421 2675 515 2708 ὑμνεῖ.
532 2673 643 2700 Desunt.
658 2672 693 2698 In.

297 2710 341 2745 98)
364 2703 406 2742 Τῷ
419 2703 541 2736 ἀσθενεῖ
553 2706 712 2745 συμπαθεῖἶ
729 2705 839 2745 Desunt.
855 2703 892 2730 Ιι).

299 2738 343 2779 99)
366 2738 419 2771 Τὸν
427 2745 534 2777 ἔχοντα
543 2738 645 2779 φόϐοις.
655 2741 762 2768 Omissa
772 2743 835 2767 sunt
848 2738 938 2765 omnia
948 2744 1034 2771 usque

253 2779 286 2805 ad
303 2777 383 2806 linem
400 2779 482 2812 hujus
496 2779 611 2813 periodi.
626 2777 663 2804 In.

289 2813 361 2848 (100)
384 2807 516 2840 ΤὼἮσίν
527 2813 608 2840 habet
629 2811 690 2839 cod.
704 2810 796 2848 Oxon.
810 2817 870 2843 qua:
884 2816 934 2848 vox
944 2807 1034 2846 signi-

255 2843 316 2875 ﬁcit!
339 2843 465 2882 pomum;
484 2849 551 2876 adeo
574 2846 766 2875 utsccundum
791 2846 871 2872 istam
888 2843 1032 2871 lectionem

284 2464 294 2568 Ξ

1043 2188 1066 2216 D

1078 1560 1125 1587 καὶ
1140 1559 1175 1586 τὰ
1186 1558 1258 1594 (100)
1268 1559 1317 1594 τῆς
1329 1557 1484 1589 πλεονεξίας
1495 1557 1610 1583 δώσουσι
1620 1557 1677 1587 τοῖς
1688 1555 1864 1590 θλιϐομένοις.

1084 1605 1146 1634 Ὲάν
1155 1603 1203 1641 ἦτε
1213 1603 1448 1638 ἀγαθοποιοῦντες,
1462 1602 1552 1629 καὶτὰ
1563 1602 1706 1637 ἀκάθαρτα
1727 1600 1865 1635 πνεύματα

1079 1652 1205 1688 φεύξεται
1219 1652 1264 1686 ἀφ’
1277 1650 1364 1686 ὑμῶν,
1378 1650 1424 1676 καὶ
1441 1648 1511 1676 αὑτά
1526 1649 1561 1675 τὰ
1581 1648 1662 1684 θηρία
1683 1647 1864 1682 φοὸηθήσεται

1079 1699 1159 1733 ὑμᾶς.
1186 1698 1271 1724 Ὅπου
1288 1697 1342 1731 γὰρ
1362 1696 1400 1722 ἔνι
1420 1696 1500 1730 φόϐος
1526 1695 1564 1731 (2)
1588 1694 1699 1729 ἀγαθῶν
1716 1693 1809 1729 ἔργων
1831 1693 1865 1723 εἰς

1078 1744 1205 1775 διάνοιαν,
1223 1744 1252 1770 τὸ
1265 1744 1358 1774 σκότος
1371 1742 1562 1776 ἀποδιδράσκει
1579 1739 1722 1775 αὒτοῦ(5),
1744 1740 1808 1765 Ἐὰν
1817 1738 1865 1772 γὰρ

1079 1790 1178 1826 ὑϐρίσῃ
1193 1799 1235 1822 τις
1255 1789 1338 1825 ἄνδρα
1354 1789 1437 1820 ὅσιον,
1457 1789 1597 1823 μετανοεῖ·
1623 1786 1694 1812 ἐλεεῖ
1716 1784 1774 1821 γὰρ
1799 1785 1864 1814 ὅσιος

1078 1837 1124 1863 τὸν
1139 1836 1267 1872 λοίδορον,
1281 1836 1327 1861 καὶ
1344 1834 1443 1869 σιωπᾷ.
1458 1833 1517 1860 Κάν
1533 1841 1574 1864 τις
1585 1831 1674 1867 ψυχὴν
1686 1831 1799 1857 δικαὶαν

1078 1883 1148 1918 δοίη,
1167 1882 1213 1908 καὶ
1230 1883 1244 1908 ὁ
1262 1881 1365 1912 δίκαιος
1381 1879 1597 1916 προσευχόμενος
1618 1878 1687 1914 πρὸς
1709 1877 1803 1910 ὀλίγον
1822 1883 1863 1901 τα-

1079 1927 1208 1963 πεινωθῇ,
1223 1927 1282 1962 μετ’
1293 1927 1323 1953 οὗ
1340 1926 1407 1953 πολὺ
1425 1924 1600 1960 φαιδρότερος
1617 1918 1863 1957 ἀναφαῖνεταιωᾶ

1079 1975 1190 2009 γέγονεν
1213 1972 1310 2009 Ἰωσὴφ
1322 1974 1336 2000 ὁ
1347 1972 1459 2006 αδελφός
1473 1979 1522 2006 μου
1535 1969 1588 2006 (At):

1115 2024 1160 2056 ς’.
1177 2031 1185 2047 ι
1197 2022 1233 2048 Τὸ
1248 2020 1398 2048 διαὸούλιον
1409 2019 1456 2046 τοῦ
1468 2017 1571 2053 ἀγαθοῦ
1585 2017 1681 2052 ἀνδρὸς
1689 2016 1742 2042 οὐκ
1756 2015 1827 2042 ἕπιν
1839 2014 1863 2038 ἐν

1079 2069 1150 2104 χειρὶ¹
1164 2068 1266 2103 πλάνης
1279 2066 1433 2102 πνεύματος
1444 2064 1553 2100 Βελιάρ.
1578 2064 1606 2090 Ὁ
1619 2063 1674 2098 γὰρ
1691 2062 1808 2098 ἄγγελος
1821 2060 1862 2094 τῆς

1080 2116 1190 2152 εἰρήνης
1206 2114 1297 2150 ὁδηγεῖ
1313 2114 1362 2149 τὴν
1380 2112 1469 2147 ψυχὴν
1481 2110 1574 2137 αὐτοῦ.
1594 2110 1651 2145 Οὐχ
1667 2109 1720 2144 ὁρᾷ
1737 2106 1860 2143 ἐμπαθῶς

1080 2163 1136 2193 τοῖς
1147 2161 1274 2197 φθαρτοῖς
1281 2159 1329 2195 (5),
1339 2158 1400 2185 οὐδὲ
1409 2157 1518 2191 συνάγει
1528 2155 1642 2182 πλοῦτον
1651 2156 1691 2186 εἰς
1701 2154 1858 2190 φιληδονὲανε

1079 2208 1109 2234 οὐ
1118 2207 1245 2243 τέρπεται
1257 2206 1347 2241 ἡδονῇ,
1356 2204 1385 2230 οὐ
1395 2204 1474 2229 λυπεῖ
1486 2202 1532 2228 τὸν
1542 2200 1665 2236 πλησίον,
1674 2201 1726 2226 οὐκ
1735 2198 1860 2235 ἐμπιπλᾶ-

1079 2262 1124 2280 ται
1134 2253 1235 2288 τροφῆς
1249 2251 1335 2287 (6),οὑ
1350 2250 1480 2276 πλανᾶται
1498 2247 1696 2284 μετεωρισμοῖς
1711 2244 1858 2280 ὀφθαλμῶν·

1080 2297 1181 2334 Κύριος
1197 2297 1250 2332 γάρ
1267 2297 1324 2322 ἐστι
1341 2295 1418 2330 μερὶς
1435 2292 1526 2319 αὑτοῦ.
1554 2292 1591 2318 Τὸ
1603 2291 1706 2325 ἀγαθὸν
1720 2290 1859 2317 διαὸουλιον

1080 2344 1129 2370 οὐκ
1139 2343 1289 2377 ἐπιδέχεται
1299 2341 1375 2376 δόξης
1384 2341 1430 2366 καὶ
1438 2339 1547 2374 ἀτιμίας
1555 2337 1602 2364 ἀνο
1608 2337 1718 2373 ρώπων,
1728 2338 1775 2364 καὶ
1782 2337 1859 2363 πάντα

1080 2389 1154 2417 δόλον
1174 2389 1191 2424 ἡ
1208 2387 1304 2423 ψεῦδος
1325 2387 1373 2422 (7),
1397 2385 1485 2421 μάχην
1507 2383 1554 2410 καὶ
1570 2383 1705 2419 λοιδορίαν
1731 2383 1780 2409 οὐκ
1795 2379 1857 2408 οἶδε·

1082 2460 1127 2487 hic
1139 2458 1435 2493 signiﬁcetur,avaros,
1444 2455 1489 2481 ubi
1506 2452 1734 2493 pcenituerint._in
1747 2457 1856 2486 pcenam.

1083 2495 1139 2522 sive
1155 2487 1185 2520 ιῖι
1198 2500 1265 2521 voce
1276 2487 1460 2519 ecclesiastica
1475 2487 1545 2518 utar,
1570 2487 1801 2518 satisfactionem,
1815 2493 1858 2519 pro

1103 2529 1199 2556 ristina
1228 2527 1345 2555 habendi
1367 2525 1495 2560 cupidine
1521 2524 1712 2558 eleemosynas
1738 2527 1853 2556 erogare.

1095 2573 1120 2591 Ι).

1119 2600 1157 2632 (l)
1181 2598 1280 2625 Timor.
1292 2595 1504 2632 Lumenkjuxta
1523 2593 1610 2632 Graec.
1626 2591 1718 2632 9x011.
1731 2591 1766 2620 In.

1129 2627 1156 2669 ⁸2)
1177 2634 1279 2669 Φόϐος.
1291 2631 1393 2669 9614A“)
1401 2627 1493 2669 _Q'_xon.
1506 2629 1614 2669 melius.
1629 2627 1668 2655 in.

1130 2664 1156 2696 ὅ)
1175 2664 1282 2695 Αὐτοῦ.
1304 2665 1362 2693 Ἀπ⁶
1375 2665 1507 2692 additum.
1523 2664 1560 2690 In.

1130 2671 1146 2696 3
1175 2671 1282 2695 Αὑτοῦ.
1305 2671 1362 2693 Ἀπ’
1375 2671 1507 2692 additum.
1523 2671 1560 2690 ID.

1130 2671 1156 2736 4)
1174 2703 1237 2730 Κάν
1251 2711 1327 2735 τίς...
1338 2700 1468 2736 ἀδελφός
1479 2708 1547 2736 μου.
1564 2697 1679 2736 Desunt.
1695 2697 1734 2725 In.

1178 2737 1241 2770 Τοῖς
1252 2732 1584 2773 εράαρπςοῖςᾎΤά-ιρθαρτά.
1601 2732 1639 2760 In.

1179 2769 1300 2806 T909539.
1309 2769 1442 2807 ⁷Τρυφῆς.
1462 2769 1498 2809 |_n.

1120 2808 1142 2834 (ι
1180 2808 1212 2834 Τὸ
1228 2807 1382 2834 drawn...
1394 2805 1412 2834 ἢ
1422 2804 1498 2834 ψευδ

1120 2802 1156 2841 (7)
1180 2802 1212 2836 fe
1228 2802 1542 2842 ἆτᾶθὸν.’...’ἣ’ψεῦδος.
1560 2803 1674 2832 Dcsunt.
1688 2802 1729 2831 in.
