1916 3099
59 127 115 156 1115

582 104 591 113 ”
615 121 877 151 TESTAMENTUM
895 121 1070 149 nmmum.

1586 123 1655 150 1166

56 184 143 218 Κύριος
155 182 207 216 γὰρ
219 182 247 208 ὲν
258 181 333 218 αῢτῷ
345 182 476 213 κατοικεῖ,
488 181 534 209 καὶ
547 181 658 217 φωτίζει
672 180 759 216 ψυχὴν
772 180 820 207 αὒ-

880 181 979 209 neliam
990 189 1046 209 non
1059 180 1151 213 novit;
1172 179 1304 208 Dominus
1316 180 1390 208 enim
1405 180 1432 207 in
1449 187 1482 208 eo
1497 180 1614 212 habitat.
1627 187 1655 209 et

55 229 103 259 τοῦ,
125 228 168 254 καὶ
188 228 278 263 χαίρει
301 227 368 263 πρὸς
391 228 494 259 πάντας
520 228 548 254 ὲν
564 227 646 253 παντὶ
666 225 763 261 καιρῷ.
790 225 822 252 Ἡ

55 274 131 310 ἀγαθὴ
153 273 257 300 διάνοια
276 273 328 299 οὐκ
343 273 398 308 ἔχει
416 272 462 299 δύο
482 271 616 307 γλώσσας,
637 271 760 306 εὐλογίας
776 271 823 298 καὶ

55 321 169 356 κατάρας,
181 319 285 355 ὕϐρεως
295 319 341 346 καὶ
351 319 442 354 τιμῆς,
453 319 540 353 λύπης
551 319 597 344 καὶ
604 319 700 353 χαρᾶς,
709 317 822 353 ἡσυχίας

55 367 94 392 καὶ
111 365 241 400 ταραχῆς,
258 364 428 400 ὑποκρίσεως
447 364 494 390 καὶ
514 363 641 399 ἀληθείας
663 362 712 399 (8),
730 362 823 394 πενίας

55 413 92 439 καὶ
107 411 226 438 πλούτου·
237 410 304 438 ἀλλὰ
314 410 378 446 μίαν
386 409 442 445 ἕχει
454 410 516 445 περὶ
526 410 628 440 πάντας
635 408 767 444 εἰλικρινῆ
777 408 824 434 κα)¹

53 457 162 494 καθαρὰν
173 457 301 485 διάθεσιν.
312 457 367 483 Οὐκ
375 455 431 491 ἔχει
439 455 608 491 ὄρασιν,οὑδὲ
618 454 701 490 ἀκοὴν
715 453 819 488 διπλῆν·

53 504 98 529 πᾶν
114 502 175 537 γὰρ,
196 502 211 529 ὃ
230 502 311 535 ποιεῖ,
329 501 345 536 ἢ
363 500 447 532 λαλεῖ,
465 500 481 535 ἢ
498 500 558 536 ὁρᾷ,
578 497 647 526 οἶδεν
660 499 701 525 ὃτι
721 498 823 534 Κύριος

52 548 197 575 ὲπισκὲπτει
217 547 306 583 ψυχὴν
327 545 420 579 αὑτοῦ,
437 546 484 572 καὶ
500 544 624 580 καθαίρει
644 543 693 579 τὴν
705 543 824 570 διάνοιαν

52 594 134 627 αὐτοῦ,
148 594 215 628 πρὸς
226 593 257 620 τὸ
275 594 311 628 μὴ
323 591 546 627 καταγνωσθῆναι
558 591 611 617 ὑπὸ
628 589 697 616 Θεοῦ
719 589 765 616 καὶ
779 590 825 617 ἀν-

52 638 170 675 θρώπων
190 638 238 664 κα).
253 637 301 664 τοῦ
314 636 411 672 Βελιὰρ
426 636 454 662 δὲ
473 636 526 662 πᾶν
540 635 620 670 ἔργον
633 633 742 661 διπλοῦν
755 635 823 666 ἐστι,

52 685 90 711 καὶ
100 684 146 710 οὐκ
158 683 216 718 ἔχει
229 682 367 718 ἁπλότητα
383 681 430 718 (9).

80 773 111 799 Z’.
129 781 138 798 ‹
158 772 208 799 Διὰ
227 771 317 804 τοῦτο,
333 771 418 799 τέκνα
441 779 502 807 μου,
527 770 641 806 φεύγετε
657 769 708 805 τὴν
726 768 825 796 κακίαν

49 818 88 844 τοῦ
97 818 200 854 Βελιὰρ,
213 819 254 844 ὅτι
264 818 397 853 μάχαιραν
405 817 495 844 δίδωσι
505 819 560 849 τοῖς
571 815 739 851 πειθομένοις
745 815 823 850 αὐτῇ.

874 226 1007 254 illuminat
1019 227 1139 255 animam
1157 226 1219 261 ejus
1229 246 1237 258 ,
1266 230 1293 254 et
1305 225 1404 261 gaudet
1418 233 1511 253 coram
1527 227 1655 255 omnibus

873 272 900 298 in
916 273 991 300 omni
1006 278 1139 308 tempore.
1152 272 1227 299 Bona
1239 279 1316 299 mens
1338 279 1392 300 non
1415 272 1497 300 habet
1508 273 1576 300 duas
1601 273 1654 299 lin-

873 327 951 355 guas,
970 319 1167 348 benedictionis
1181 324 1207 347 et
1218 319 1428 352 maledictionis,
1441 320 1613 347 contumelize
1628 325 1655 347 et

873 366 999 399 honoris,
1014 365 1132 393 tristitia:
1157 369 1184 392 et
1196 366 1303 401 gaudii,
1323 366 1424 400 quietis
1437 369 1464 392 et
1475 365 1654 397 turbationis.

874 411 1057 440 simulationis
1071 416 1098 439 et
1113 412 1246 446 veritatis,
1259 412 1359 446 inopiae
1378 417 1405 440 et
1419 411 1594 443 divitiarum;
1608 411 1655 439 sed

873 465 956 484 unam
965 457 1048 485 habet
1063 458 1136 485 circa
1150 465 1247 486 omnes
1258 458 1394 486 sinceram
1417 462 1445 485 et
1456 465 1550 492 puram
1564 456 1656 491 dispo-

875 500 1012 529 sitionem.
1030 500 1088 528 Non
1103 501 1184 530 habet
1203 502 1304 535 visum,
1326 510 1415 537 neque
1430 503 1552 529 auditum
1567 502 1657 536 dupli-

873 554 948 580 cem;
973 547 1000 575 in
1016 549 1091 576 omni
1105 549 1179 576 enim
1202 549 1275 584 quod
1300 548 1377 581 facit,
1397 549 1440 576 vel
1460 548 1590 584 laquitur.
1615 547 1656 574 vel

875 593 957 628 videt,
973 595 1048 622 novit
1059 595 1131 630 quod
1142 594 1215 622 Deus
1230 594 1325 622 visitat
1339 594 1458 621 animam
1472 593 1539 628 ejus,
1551 598 1579 620 et
1590 601 1657 628 pur-

874 644 920 675 gat
935 640 1055 667 animum
1074 641 1146 676 ejus,
1171 644 1202 668 ut
1217 648 1269 667 non
1290 639 1508 674 reprehendatur
1523 646 1539 665 a
1555 638 1610 666 Deo
1630 642 1657 665 et

874 684 1046 719 hominibus;
1063 686 1109 713 sed
1121 693 1201 713 omne
1211 693 1279 721 opus
1289 685 1377 712 Beliar
1389 684 1487 719 duplex
1501 688 1552 717 est,
1566 690 1593 711 ct
1604 692 1656 712 non

875 734 956 762 habet
975 733 1187 767 simplicitatem.

910 777 967 805 νιι.
986 787 995 803 ι
1015 776 1129 811 Propter
1137 777 1201 809 hoc,
1215 776 1262 804 filii
1279 777 1343 809 mei,
1362 776 1448 811 fugite
1463 775 1593 803 malitiam
1607 775 1658 803 Be-

874 824 937 856 liar,
950 823 1080 858 quoniam
1103 822 1222 857 gladium
1237 824 1282 849 dat
1294 822 1481 850 obedientibus
1496 816 1530 849 ei.
1544 820 1659 849 Gladius

55 863 82 889 Ἦ
96 864 121 890 δὲ
137 865 258 899 μάχαιρα
269 864 339 890 ἑπτὰ
357 863 449 891 κακῶν
463 864 552 899 μήτηρ
562 862 629 889 ἐστί.
644 862 754 898 Πρῶτον
765 861 824 888 συλ-

878 874 966 898 autem
979 874 1080 903 septem
1092 868 1227 896 malorum
1242 873 1328 895 mater
1340 874 1391 899 est,
1401 868 1523 895 Primum
1538 867 1658 901 concipit

49 909 194 945 λαμϐάνειὴ
207 910 311 937 διάνοια
322 910 365 936 διὰ
377 909 423 936 τοῦ
438 909 545 945 Βελιάρ.
561 909 639 934 Ἐστι
652 908 679 935 δὲ
698 907 804 944 πρῶτον
817 927 825 939 ,

50 954 134 988 ᾳθόνος
143 964 149 970 ·
162 955 298 991 δεύτερον,
307 954 429 982 ἀπώλεια
438 963 445 969 ·
456 954 558 990 τρίτον,
568 953 656 989 θλίψις
665 962 672 968 '
686 953 823 988 τέταρτον,

49 1001 226 1036 αίχμαλωσία·
240 1001 374 1036 πέμπτον,
387 1001 491 1027 ἔνδεια·
506 999 595 1032 ἕκτον,
610 1000 715 1035 ταραχή
727 1007 734 1013 ⁸
752 998 826 1025 ἕϐδο-

50 1055 100 1080 μον,
113 1047 251 1082 ἐρήμωσις
269 1046 334 1083 (10).
349 1046 397 1072 Διὰ
408 1045 486 1072 τοῦτο
502 1045 548 1072 καὶ
564 1046 578 1072 ὁ
598 1045 667 1071 Κὰῖν
688 1043 757 1070 ἑπτὰ
777 1043 824 1069 ὲκ-

48 1091 137 1124 δικίαις
161 1092 338 1128 παραδίδοται
356 1091 411 1128 (11)
429 1091 481 1118 ὑπὸ
499 1090 545 1117 τοῦ
566 1089 645 1117 Θεοῦ.
672 1089 751 1116 Κατὰ
771 1088 825 1124 γὰρ

49 1137 135 1164 ἑκατὸν
153 1138 200 1174 ἔτη
221 1138 285 1173 μίαν
303 1138 409 1174 πληγὴν
428 1138 565 1173 ἐπήγαγεν
586 1135 659 1171 αὐτῷ
677 1136 691 1162 ὁ
713 1134 824 1170 Κύριος.

48 1183 184 1210 Διακοσίων
203 1183 272 1210 ὲτῶν
287 1184 396 1219 πάσχει,
413 1183 461 1210 καὶ
475 1180 670 1216 ἐννακοσιοστῷ
690 1180 744 1206 ἔτει
766 1181 826 1216 ὲρη-

50 1229 136 1262 μοῦται
154 1230 201 1257 ὲπὶ
221 1229 269 1256 τοῦ
291 1228 482 1264 κατακλυσμοῦ
501 1228 555 1263 (12)
570 1227 614 1254 διὰ
639 1226 720 1262 Ἀὁὴλ
730 1225 775 1252 τὸν
787 1225 826 1252 δί-

49 1283 115 1302 καιον
127 1275 240 1310 ἀδελφὸν
253 1274 345 1302 αὑτοῦ.
363 1274 406 1300 Ἑν
417 1275 473 1305 τοῖς
487 1272 658 1303 ἑπτακοσίοις
669 1271 755 1297 ἐτεσιν
768 1269 824 1305 (15)

49 1320 60 1346 ὁ
73 1321 135 1347 Κάῖν
151 1321 274 1356 ἐκρίνετο
290 1320 379 1355 (14),ὁ
394 1319 422 1345 δὲ
434 1318 530 1354 Λαμὲχ
546 1318 575 1344 ἐν
591 1318 646 1348 τοῖς
664 1316 826 1351 ἑϐδομηκον-

48 1365 117 1398 τάκις
133 1367 216 1393 ἑπτά·
236 1366 277 1393 ὅτι
292 1365 344 1397 ἕως
360 1364 408 1392 τοῦ
426 1364 523 1395 αἰῶνος
546 1363 569 1389 οί
591 1361 763 1397 ὁμοιούμενοι
788 1358 826 1394 τῷ

48 1412 108 1439 Κάῖν
121 1413 148 1439 ὲν
158 1412 248 1448 φθόνῳ
269 1413 308 1444 είς
320 1411 369 1447 τὴν
387 1409 573 1446 μισαδελφίαν,
590 1410 624 1444 τῇ
635 1408 703 1443 αὐτῇ
715 1406 825 1433 κολάσει

49 1458 214 1494 κριθήσονται
227 1457 293 1494 (15).

74 1515 110 1543 H'.
127 1524 136 1540 ι
147 1515 201 1541 Καὶ
216 1514 294 1550 ὑμεῖς
301 1511 356 1546 οὖν,
367 1513 449 1540 τέκνα
462 1521 523 1548 μου,
532 1510 702 1547 ἁποδράσατε
716 1509 765 1544 τὴν
773 1516 825 1534 κα-

49 1558 112 1591 κίαν,
125 1560 221 1596 φθόνον
236 1569 267 1586 τε
287 1561 334 1586 καὶ
348 1559 396 1595 τὴν
415 1557 601 1594 μισαδελφίαν,
621 1557 669 1583 καὶ
692 1554 826 1590 προσκολα

48 1603 120 1632 λᾶσθε
134 1608 166 1642 τῇ
182 1606 328 1641 ἀγαθότητι
342 1606 429 1640 κα).τῇ
445 1603 559 1640 ἀγάπῃ..
579 1602 607 1629 ‘0
624 1601 692 1637 ἔχων
707 1601 826 1628 διάνοιαν

49 1650 159 1686 καθαρὰν
177 1653 206 1678 ὲν
227 1651 332 1687 ἀγάπῃ,
351 1651 400 1685 οὐχ
420 1650 471 1685 ὁρᾷ
491 1649 608 1683 γυναῖκα
624 1647 664 1678 εἰς
679 1645 824 1681 πορνείανσ

49 1695 138 1732 οὐγὰρ
153 1697 210 1732 ἔχει
232 1696 350 1732 μιασμδν
366 1696 394 1722 ὲν
415 1696 448 1730 τῇ
466 1693 573 1729 καρδίᾳ,
594 1692 635 1719 ὅτι
659 1689 825 1719 ἀναπαύεται

49 1740 73 1766 ὲν
85 1741 153 1777 αὐτῷ
165 1742 197 1768 τὸ
212 1741 319 1777 πνεῦμα
334 1740 382 1767 τοῦ
397 1739 476 1766 Θεοῦ.
494 1739 598 1773 ’Ὠσπερ
606 1737 660 1773 γὰρ
676 1737 690 1764 ὁ
707 1735 782 1772 ἥλιος
795 1734 825 1761 οὔ

50 1786 174 1820 μιαίνεται
193 1787 334 1823 προσέχων
352 1786 398 1812 ὲπὶ
418 1785 518 1820 κόπρον
543 1784 590 1810 καὶ
613 1781 742 1817 βόρϐορον
759 1779 824 1816 (16),

48 1831 106 1858 ἀλλὰ
127 1833 226 1868 μᾶλλον
250 1832 392 1868 ἀμφότερα
415 1830 507 1866 ψύχει,
529 1829 576 1856 καὶ
609 1826 752 1854 ἀπελαύνει
775 1825 825 1861 τὴν

49 1877 182 1905 δυσωδίανο
206 1877 292 1909 οὕτως
316 1877 364 1904 καὶ
386 1877 400 1903 ὁ
425 1875 545 1911 καθαρὸς
563 1873 625 1905 νοῦς
644 1874 739 1904 ἐντοῖς
764 1871 826 1907 μιά-

50 1929 123 1955 σμασι
134 1923 183 1959 τῆς
200 1922 252 1958 γῆς
270 1921 455 1957 συνεχόμενος,
471 1920 571 1956 μᾶλλον
584 1919 719 1954 οἰκοδομεῖ
734 1917 823 1949 αὐτὸς,

49 1967 88 1992 καὶ
105 1967 156 2004 (17)
171 1969 202 1995 οὺ
218 1968 363 2004 μιαίνεται.

77 2011 111 2038 6’.
128 2022 138 2038 ε
160 2013 280 2040 ’Υπονοῶ
293 2012 321 2039 δὲ
337 2012 385 2038 καὶ
407 2011 519 2047 πράξεις
542 2010 571 2037 ὲν
595 2009 659 2045 ὑμῖν
684 2008 714 2036 οὐ
739 2007 824 2038 καλὰς

48 2054 156 2090 ἔσεσθαι,
178 2058 233 2085 ἀπὸ
253 2058 339 2092 λόγων
360 2057 444 2092 Ἑνὼχ
459 2056 506 2083 τοῦ
527 2055 641 2082 δικαίου.
659 2053 824 2090 Πορνεύσετε

48 2101 94 2137 γὰρ
106 2104 232 2139 πορνείαν
253 2103 388 2138 Σοδόμων,
413 2103 458 2129 καὶ
481 2101 623 2128 ἀπολεῖσθε
648 2100 701 2131 ἕως
725 2098 822 2134 βραχὺ,

47 2147 88 2173 καὶ
102 2148 281 2176 ἁνανεώσεσΟε
296 2150 325 2176 ὲν
334 2147 440 2184 γυναιξὶ
451 2148 580 2182 στρήνους
594 2146 659 2182 (18),
676 2146 722 2172 καὶ
741 2146 756 2181 ἡ
776 2145 824 2180 βα-

49 2192 125 2220 σιλεία
139 2195 242 2230 Κυρίου
260 2195 309 2221 οὐκ
330 2194 405 2220 ἐσται
427 2194 455 2219 ὲν
478 2193 556 2228 ὑμῖν⁵
573 2193 614 2218 ὅτι
637 2191 718 2222 εὐθὺς
743 2191 823 2222 αὐτὸς

47 2236 149 2273 λήψεται
178 2241 273 2275 αὑτήν.
294 2240 366 2275 Πλὴν
390 2240 419 2266 ὲν
441 2238 529 2274 μερίδι
548 2237 623 2273 ὑμῶν
648 2238 790 2272 γενήσεται
809 2237 824 2263 ὁ

78 2317 112 2352 (8)
137 2319 279 2352 Ἡσυχίας
306 2318 355 2344 καὶ
382 2316 525 2351 ταραχῆςν
554 2316 744 2350 ὑποκρίσεως
775 2313 824 2340 καὶ

47 2350 190 2386 ἀληθείας.
206 2350 318 2380 Desunt.
333 2353 417 2380 Gesn.

78 2361 80 2376 ξ
101 2361 190 2386 (Istuc.
206 2361 318 2380 Desunt.
333 2361 417 2380 unas.

78 2361 113 2423 (ὁ)
138 2389 384 2415 Ἐπισκέπτει.....
422 2387 585 2423 ἁπλότητα.
615 2384 825 2418 Ἐπισκοπεύει,

47 2422 148 2458 omissis
164 2424 278 2457 reliquis
290 2431 376 2458 usque
389 2423 539 2458 ᾴπλότητα,
557 2422 593 2448 In.

78 2456 130 2495 (10)
149 2455 319 2495 ιζίοῷὲον...ἶ
331 2455 689 2495 ’ἐρήμωσιᾲβοτελςτιίκτει
718 2455 825 2495 πρῶτον

48 2490 145 2529 φθόνον,
161 2490 286 2529 δεύτερον
308 2490 455 2529 ἀπώλειαν,
471 2491 560 2529 τριτον
583 2490 681 2524 ϐλέψιν,
697 2490 827 2529 τέταρτον

47 2525 246 2562 αὶχμαλωσίαν,”
254 2528 379 2563 πέμπτον
393 2525 508 2558 ἔνδειαν,
520 2526 598 2553 ἓκτον
608 2526 740 2561 ταραχὴν,
752 2525 826 2551 ἓόδοσ

49 2564 262 2607 μονιξρήμτωίινκ
270 2563 307 2607 lin.

49 2573 92 2595 μυν
106 2573 117 2589 ε
137 2573 252 2607 ημωσιν.
270 2573 307 2590 to.
540 2596 546 2604 I

49 2573 135 2656 11’(11)
159 2596 518 2632 Εκδικίαιςπαραδίδοται.
547 2594 667 2627 Αδικίαις
679 2593 824 2630 παρεδόθη.

50 2666 132 2729 ma?)
159 2668 223 2730 ‘fzzl
237 2668 291 2696 τοῦ
304 2666 530 2702 κατακλυσμοῦ.
547 2665 661 2700 Desunt,
675 2670 702 2693 et
715 2664 825 2700 quidem

74 2710 108 2728 el‘l
122 2712 148 2730 0.
180 2713 206 2730 D.

74 2710 148 2731 ertto.
168 2710 206 2730 ID.

51 2768 58 2795 1
79 2737 131 2774 (13)
156 2739 360 2772 Ἑπτακοσιοις
374 2738 483 2766 ἐτεσιν.
499 2736 595 2770 Ἑπτὰ,
607 2736 709 2764 omisso
726 2735 823 2763 ἐτεσιν.

61 2778 83 2795 D.

61 2778 73 2796 Ι)

68 2791 134 2844 ξ’(λιι)
151 2807 225 2835 Κάτν
238 2808 380 2843 ἐκρίνετο.
394 2808 462 2835 Cum
482 2807 522 2834 eis
545 2815 606 2842 qua:
627 2811 721 2844 auctor
736 2812 827 2834 noster

52 2839 200 2877 dicit,'satis
217 2839 381 2872 conveniunt
394 2847 513 2871 veterum
527 2839 744 2871 ct'rcccntiorum
758 2850 825 2878 quo-

875 925 953 944 mens
977 924 1024 951 per
1038 916 1136 943 Beliar.
1155 915 1203 944 Est
1222 920 1312 942 autem
1329 915 1457 950 primum,
1473 914 1592 946 invidia;
1611 921 1657 940 se-

875 965 1007 997 cundum,
1033 964 1166 999 perditio;
1194 963 1315 997 tertium,
1341 962 1494 995 tribulatio;
1518 966 1656 996 quantum,

876 1009 1030 1045 captivitas;
1046 1009 1183 1044 quintum,
1198 1009 1363 1044 indigentia;
1381 1013 1502 1040 sextum,
1514 1007 1634 1034 turbatio
1649 1016 1656 1039 ;

876 1055 1187 1092 septimum,desolatio,
1210 1060 1321 1091 propter
1340 1055 1391 1082 hoc
1412 1059 1439 1082 et
1460 1053 1530 1081 Cain
1553 1059 1656 1089 septem

875 1101 1002 1130 vindictis
1027 1102 1142 1129 traditur
1157 1109 1172 1129 a
1199 1101 1265 1129 Deo.
1290 1101 1358 1128 Nam
1382 1100 1531 1128 secundum
1547 1104 1657 1127 centum

875 1155 962 1175 annos
973 1155 1055 1176 unam
1073 1148 1181 1183 plagam
1199 1147 1306 1174 induxit
1319 1147 1344 1175 ei
1357 1146 1502 1174 Dominus.
1526 1145 1658 1172 Ducentis

876 1193 954 1221 annis
977 1194 1088 1228 patitur.
1106 1198 1134 1220 et
1149 1192 1360 1227 nongentesimo
1380 1200 1453 1221 anno
1474 1192 1615 1222 tlesolatur
1631 1192 1658 1220 in

876 1238 977 1266 diluvio
987 1243 1096 1274 propter
1110 1238 1288 1273 Abeljustum
1304 1237 1415 1266 fratrem
1429 1239 1500 1274 ejus.
1513 1238 1541 1266 ln
1555 1238 1660 1273 septin-

876 1285 964 1321 gentis
979 1285 1058 1313 annis
1081 1284 1148 1312 Cain
1172 1284 1366 1319 indicabatur,
1395 1283 1514 1311 Lamech
1538 1291 1604 1311 vero
1631 1283 1659 1310 in

876 1332 1031 1368 septuagies
1056 1336 1177 1366 septetn;
1199 1331 1331 1366 quoniam
1361 1338 1448 1366 usque
1475 1332 1503 1358 in
1528 1331 1659 1358 saeculum

876 1379 1016 1405 assimilati
1027 1378 1093 1406 Cain
1103 1380 1129 1406 in
1141 1378 1240 1406 invidia
1252 1379 1280 1406 in
1287 1379 1380 1407 odium
1395 1378 1659 1412 fraternum,eadem

876 1425 1017 1460 punitione
1028 1425 1236 1460 judicabuntur.

911 1510 981 1539 Vlfl.
1003 1520 1013 1537 ί
1030 1510 1064 1538 Et
1079 1519 1129 1540 vos
1144 1512 1236 1547 igitur,
1255 1512 1303 1540 ﬁlii
1325 1513 1389 1545 mei,
1412 1511 1496 1548 fugite
1518 1513 1660 1546 malitiam,

878 1556 1059 1592 invidiamque
1078 1562 1105 1585 et
1123 1559 1216 1585 odium
1233 1558 1395 1591 fraternum,
1410 1563 1439 1586 et
1464 1559 1599 1586 adlrterete
1614 1559 1662 1586 bo-

876 1603 955 1630 nitati
976 1607 1004 1632 et
1023 1603 1172 1632 dilectioni.
1193 1603 1244 1638 Qui
1269 1605 1349 1632 habet
1373 1609 1492 1632 mentem
1513 1613 1608 1640 puram
1632 1606 1660 1633 in

876 1650 1029 1684 dilectione,
1046 1658 1101 1677 non
1127 1651 1201 1678 videt
1219 1652 1359 1679 mulierem
1379 1651 1406 1678 in
1431 1651 1660 1679 fornicationem:

876 1703 931 1722 non
943 1696 1016 1724 enim
1039 1697 1120 1724 habet
1141 1697 1358 1732 inquinationem
1378 1698 1405 1724 in
1423 1698 1515 1729 corde.
1530 1697 1662 1732 quoniam

875 1741 1021 1776 requiescit
1040 1742 1067 1769 in
1082 1749 1116 1769 eo
1130 1742 1241 1777 spiritus
1257 1742 1314 1770 Dei.
1331 1742 1567 1776 Quemadmodum
1587 1743 1661 1770 enim

876 1787 917 1814 sol
932 1795 986 1814 non
1002 1787 1161 1822 inquinatur
1173 1788 1307 1823 attingens
1325 1793 1430 1816 stercus
1452 1788 1495 1816 vel
1514 1789 1660 1823 gurgitem,

876 1833 922 1861 sed
934 1833 1021 1868 magis
1041 1833 1122 1860 ambo
1134 1833 1218 1861 siccat
1229 1838 1257 1861 et
1268 1834 1352 1868 abigit
1363 1832 1494 1867 fetorem;
1509 1834 1545 1861 ita
1554 1839 1581 1861 et
1593 1842 1661 1868 pura

876 1886 953 1906 mens
967 1879 994 1905 in
1010 1879 1245 1913 inquinationibus
1262 1884 1342 1906 terrm
1359 1879 1467 1906 detenta
1486 1879 1574 1914 magis
1596 1878 1662 1906 tedi-

875 1926 948 1960 ticat,
964 1925 1021 1960 ipsa
1037 1933 1103 1952 vero
1119 1932 1175 1952 non
1190 1925 1357 1960 inquinatur.

909 2003 954 2031 1X.
972 2014 981 2031 ι
1001 2004 1124 2039 intelligo
1136 2010 1225 2033 autem
1239 2010 1267 2033 et
1279 2006 1400 2050 actiones
1415 2006 1442 2033 in
1458 2007 1534 2034 vobis
1546 2015 1602 2035 non
1616 2007 1662 2035 bo-

870 2058 921 2078 nas
933 2051 999 2084 fore,
1015 2059 1030 2078 a
1049 2052 1223 2079 sermonibus
1244 2051 1337 2080 Enoclt
1351 2052 1429 2087 justi.
1446 2052 1660 2080 Fornicabimini

871 2097 944 2124 enim
960 2096 1137 2125 fornicatione
1149 2097 1340 2132 Sodomorum,
1353 2103 1381 2126 et
1394 2099 1516 2134 peribitis
1529 2107 1615 2135 usque
1626 2099 1661 2127 ad

871 2142 953 2170 breve
963 2143 1097 2177 (paucos),
1113 2147 1140 2170 et
1160 2144 1328 2172 renovabitis
1348 2137 1552 2173 in'mulieribus
1570 2150 1660 2174 motus

872 2188 1050 2220 inordinatos,
1074 2192 1101 2216 et
1124 2196 1237 2224 regnum
1259 2189 1367 2217 Domini
1383 2198 1437 2218 non
1454 2191 1550 2222 eritin
1563 2191 1659 2224 vobis;

871 2234 1000 2269 quoniam
1012 2233 1156 2262 confestim
1173 2235 1217 2262 ille
1238 2236 1353 2270 accipiet
1371 2236 1449 2264 illud.
1465 2236 1660 2264 Verumtamen

876 2314 1000 2342 rumdam
1015 2313 1169 2341 Judmorum
1185 2313 1335 2344 sententiae.
1351 2314 1385 2341 de
1409 2314 1511 2349 quibus
1529 2313 1589 2340 vide
1609 2313 1663 2340 Fa-

895 2351 961 2382 iutn,
985 2349 1207 2384 Cartwrigbtum,
1228 2349 1351 2383 aliosque
1365 2349 1406 2384 fin
1420 2348 1530 2376 'Genes.
1548 2356 1593 2384 er,
1617 2348 1662 2384 15.

898 2386 930 2414 ed
942 2385 1009 2411 bene
1022 2383 1218 2417 Cartwrightus
1240 2384 1343 2411 notavit
1361 2383 1527 2418 Scripturam
1547 2383 1600 2410 loc.
1614 2383 1661 2410 cit.

877 2425 968 2455 aperte
983 2419 1111 2455 loquirde
1135 2425 1226 2455 plena,
1243 2427 1296 2455 non
1323 2419 1381 2455 ipsi
1392 2417 1487 2450 Gaino,
1505 2417 1554 2445 sed
1576 2418 1601 2445 ei
1616 2418 1663 2452 qui

877 2454 939 2482 eum
956 2454 1096 2486 occiderit,
1110 2454 1265 2488 tnﬂigenda.
1281 2454 1398 2482 Grandis
1412 2461 1521 2488 quoque
1534 2458 1577 2480 est
1588 2461 1665 2480 error

877 2489 1088 2524 chronologicus
1109 2489 1195 2516 nostri
1219 2488 1348 2521 auctoris,
1363 2488 1494 2516 diluvium
1506 2488 1664 2524 [adrannum

876 2523 1113 2559 nongcntesimum
1124 2524 1200 2551 Caini
1218 2524 1370 2556 referentis,
1387 2523 1535 2559 dummodo
1552 2523 1666 2559 ipsemet

877 2560 913 2587 ita
928 2557 1081 2594 scripserit;
1109 2566 1170 2585 nam
1186 2566 1266 2586 voces
1287 2559 1333 2585 ἐπὶ
1352 2558 1399 2585 τοῦ
1422 2557 1613 2593 κατακλυσμοῦ
1637 2559 1664 2594 in

877 2593 1026 2655 Oxonienlsi
1037 2594 1185 2629 exemplari
1196 2593 1290 2621 Graeco
1302 2593 1374 2621 haud
1386 2594 1524 2628 leguntur,
1538 2598 1567 2620 nt
1583 2593 1665 2620 modo

877 2634 980 2655 notavr.
1009 2637 1036 2655 ιι.

877 2634 980 2657 ηοιιινι.
997 2634 1036 2655 ιιι.

926 2665 969 2699 15)
985 2664 1093 2690 ⁸¹οτι....
1116 2663 1316 2698 κριθήσονται.
1331 2663 1443 2691 Desunt.
1458 2663 1497 2691 In.

926 2700 970 2734 16)
983 2699 1140 2732 Βόρϐορον.
1155 2699 1278 2726 Βὸουνον.
1293 2699 1330 2727 In.

892 2734 971 2795 At]?
999 2733 1156 2770 Οἰκοδομεῖ
1179 2735 1289 2768 αὐτὸς,
1315 2734 1374 2762 καί.
1401 2734 1560 2770 Οἰκοδομεῖ,
1585 2733 1666 2765 αὐτὸς

874 2771 914 2798 δέ.
934 2771 971 2796 In.

878 2841 900 2868 Β
913 2805 980 2867 (18)ι
1000 2804 1055 2866 Ilia).
1082 2805 1289 2834 ἀνανεώσεσθε
1316 2805 1350 2832 ἐν
1374 2806 1490 2842 γυναιξὶ
1505 2803 1664 2839 στρήνους.

901 2848 968 2868 esun
983 2859 989 2867 .
1035 2859 1042 2867 .

901 2844 989 2869 esunt.
1006 2844 1042 2867 ID.
