1916 3099
247 117 314 144 1147

750 123 983 153 ΤΕ8ΤΑΜΕΝΤΑ
1002 125 1049 155 XII
1069 127 1378 160 PATRIARCHARUM.

1805 138 1870 164 HIS

235 177 260 203 in
277 180 353 210 parte
371 180 461 204 vestra
482 177 530 205 ﬁet
552 176 683 214 templum
698 180 756 214 Dei,
772 186 800 209 et
811 183 962 217 gloriosum
977 185 1015 213 eri

1080 186 1142 219 ναὸς
1154 187 1200 215 τοῦ
1218 188 1296 222 Θεοῦ,
1315 190 1362 217 καὶ
1382 189 1485 224 ἔνδοξος
1506 192 1581 219 ἔσται
1601 194 1630 220 ἐν
1649 194 1715 230 ὑμῖν
1729 195 1797 230 (l9).
1812 196 1863 223 ’οτ

232 222 260 248 iu
274 221 362 249 vobis.
382 221 517 255 Quoniam
535 225 593 259 ipse
613 225 746 255 Dominus
770 229 886 263 accipiet
900 238 1025 265 regnum,

232 271 260 294 et
277 268 420 296 duodecim
439 270 527 297 tribus
543 270 599 299 illic
620 274 870 308 congregabuntur,
888 280 915 303 et
930 284 1026 305 omnes

232 319 340 350 gentes;
361 323 504 350 usquequo
522 317 680 347 Altissimus
694 320 783 348 mittat
805 321 925 350 salutare
945 331 1025 351 suum

232 360 260 387 in
275 362 432 389 visitatione
453 361 601 398 Unigeniti.
627 364 660 392 Et
681 365 848 402 ingredietur
863 368 890 395 in
904 369 1024 404 primum

233 407 374 442 templum,
387 412 414 435 et
429 409 484 437 illic
498 409 631 439 Dominus
648 412 748 447 injuria
765 406 946 448 aﬂlcietur,‘et
956 424 1024 443 con-

231 459 378 488 temnetur,
397 459 424 483 et
449 456 523 492 ligno
537 459 711 486 exaltabitur.
729 460 762 487 Et
781 461 833 488 erit
848 462 937 489 velum
953 466 1023 489 tem-

231 499 268 534 pli
282 500 411 534 scissum,
427 506 454 529 et
469 503 614 532 descendet
628 504 745 540 Spiritus
760 506 807 534 Dei
823 515 905 542 super
917 513 1022 555 geptes,

231 550 262 572 ut
277 546 348 581 ignis
364 547 477 576 elfusus.
491 549 525 576 Et
540 551 691 578 ascendens
715 559 748 579 ex
761 552 878 586 inferno,
893 546 1023 582 ascendet

231 599 246 618 a
263 597 334 620 terra
350 593 376 620 in
392 595 502 622 corium.
517 595 650 631 Cognovit
666 602 755 626 autem
773 607 856 635 quam
870 600 952 628 fuerit
969 601 1022 630 bu-

231 639 304 666 milis
320 639 346 666 in
361 644 442 674 terra,
458 647 485 669 et
499 650 581 677 quam
596 643 732 678 gloriosus
745 645 772 672 in
786 647 866 675 caelo.

264 728 299 756 Χ.
316 739 326 756 ‹
345 729 459 763 Quando
473 735 562 759 autem
577 731 677 767 Ioseph
693 738 751 762 erat
765 735 792 762 in
806 728 933 771 Egypto,
946 735 1020 763 desi-

229 775 358 803 derabam
373 777 465 804 videre
488 779 605 813 speciem
627 780 696 813 ejus,
716 785 743 808 et
755 781 869 809 formam
893 786 1019 817 aspectus

229 821 305 855 ejus;
320 827 347 849 et
365 831 413 857 per
430 824 566 851 orationes
581 823 664 852 Jacob
685 826 771 860 patris
790 827 843 854 mei
864 827 919 854 vidi
942 835 1016 861 eum,

229 866 256 893 in
270 867 314 894 die
325 868 452 902 vigilans,
466 869 614 896 secundum
635 871 706 905 quod
722 876 781 898 erat
802 873 892 900 omnis
911 874 1016 908 species

228 911 299 945 eius.
315 912 479 948 Cognoscite
493 915 585 950 igitur,
597 915 645 942 ﬁlii
660 916 724 950 mei,
739 918 812 951 quod
835 917 948 945 morior.
961 917 1015 945 Fa-

228 958 280 985 cite
293 958 374 994 igitur
385 960 524 988 veritatem
543 967 570 989 et
583 962 717 997 justitiam
742 965 930 1001 unusquisque
953 972 1015 994 cum

227 1005 352 1038 proximo
364 1013 424 1038 suo,
438 1011 464 1033 et
478 1007 611 1042 judicium
638 1011 664 1037 in
689 1011 751 1038 ﬁdei
778 1013 975 1046 operationem,
989 1019 1016 1040 et

227 1050 312 1085 legem
327 1050 433 1079 Domini
445 1057 471 1081 et
486 1055 613 1083 mandata
626 1057 686 1091 ejus
703 1057 846 1085 custodite.
863 1057 925 1085 Haec
942 1058 1014 1086 enim

226 1103 275 1123 vos
288 1104 337 1131 pro
348 1099 421 1125 omni
445 1099 602 1128 haereditate
616 1101 713 1129 doceo.
734 1101 768 1130 Et
786 1111 835 1130 vos
854 1103 937 1139 igitur
954 1103 1016 1131 date

227 1142 285 1170 haec
311 1143 374 1172 liliis
396 1146 495 1173 vestris
521 1147 548 1174 in
578 1148 781 1182 possessionem
811 1150 1013 1184 sempiternam.

227 1187 284 1216 Hoc
297 1190 369 1217 enim
383 1189 505 1219 fecerunt
517 1192 666 1227 Abraham,
681 1193 756 1221 Isaac
770 1199 797 1222 et
812 1194 905 1222 Jacob.
918 1194 1015 1222 Omnia

227 1235 285 1262 haec
299 1236 435 1264 dederunt
459 1238 538 1265 nobis
560 1239 757 1274 haereditatem,
771 1240 910 1268 dicentes:
931 1251 940 1266 ι
958 1240 1015 1268 Cu-

226 1281 324 1308 stodite
351 1283 478 1310 mandata
505 1283 563 1317 Dei,
590 1293 734 1320 usquequo
758 1287 858 1314 revelet
885 1287 1016 1315 Dominus

226 1325 346 1353 salutare
371 1334 451 1354 suum
476 1329 605 1357 omnibus
628 1330 763 1365 gentibus.
789 1331 865 1360 Tunc
889 1332 1016 1360 videbitis

226 1370 331 1404 Enoch,
345 1372 410 1406 Noe,
430 1378 457 1401 et
469 1372 543 1406 Sem,
559 1379 587 1403 et
601 1376 750 1411 Abraham,
763 1382 790 1405 et
805 1379 880 1406 Isaac
891 1383 918 1406 et
931 1378 1015 1406 Jacob

225 1424 396 1453 resurgentes
413 1427 428 1446 a
443 1420 546 1448 dextris
568 1421 596 1448 in
612 1423 803 1452 exsultatione.
820 1424 897 1452 Tunc
917 1429 944 1453 et
965 1434 1015 1454 nos

227 1471 413 1499 resurgemus,
426 1469 614 1504 unusquisque
627 1469 653 1496 in
667 1475 803 1505 sceptrum
818 1476 952 1506 nostrum,
966 1473 1015 1501 ad-

1079 234 1160 266 αὺτὺς
1172 234 1284 270 λήψεται
1295 236 1378 272 αὐτὴν
1388 237 1454 273 (20),
1466 238 1513 265 καὶ
1524 238 1628 266 δώδεκα
1640 241 1723 275 φυλαὶ
1735 242 1795 267 ἐκεῖ
1810 251 1856 268 συν

1077 279 1251 315 αχθήσονται,
1267 281 1314 308 καὶ
1334 283 1423 309 πάντα
1437 283 1471 310 τὰ
1486 283 1564 321 ἔθνη·
1587 285 1639 317 ἕως
1656 283 1687 313 οὗ
1709 286 1724 312 ό
1740 287 1867 321 ’Ὕψιστος

1077 325 1223 362 ἀποστείλῃ
1245 326 1312 363 (2i)
1338 328 1369 354 τὸ
1396 330 1526 364 σωτήριον
1554 330 1648 363 αὑτοῦ,
1676 332 1706 358 ὲν
1733 333 1868 369 ἐπισκοπῇ

1075 371 1245 406 Μονογενοῦς
1267 373 1332 409 (22).
1358 375 1414 401 Kal
1432 375 1613 403 εἰσελεύσεται
1631 378 1671 410 είς
1694 378 1741 405 τὸν
1763 379 1868 414 πρῶτον

1075 418 1138 445 ναὸν
1155 418 1220 456 (25),
1239 421 1287 446 καὶ
1304 421 1362 447 ἐκεῖ
1382 420 1482 457 Κύριος
1499 422 1703 458 ὑϐρισθήσεται,
1729 424 1778 451 καὶ
1795 425 1868 458 ἐξου-

1075 463 1257 500 θενωθήσεται
1273 466 1339 501 (24),
1363 467 1410 494 καὶ
1434 468 1480 495 ἐπὶ
1506 468 1584 500 ξύλου
1608 469 1794 505 ὑψωθήσεται.
1815 472 1868 498 Καὶ

1073 510 1149 537 ἔσται
1165 510 1196 537 τὸ
1210 511 1327 547 ἂπλωμα
1347 512 1394 539 τοῦ
1415 513 1480 540 ναοῦ
1496 514 1662 550 σχιζόμενον,
1680 516 1729 542 καὶ
1748 518 1867 552 καταεή-

1074 565 1150 584 σεται
1165 557 1196 584 τὸ
1217 558 1327 594 Πνεῦμα
1337 558 1384 585 τοῦ
1399 559 1466 586 Θεοῦ
1479 560 1524 587 ἐπὶ
1539 560 1573 587 τὰ
1590 561 1653 597 ἔθνη
1672 561 1741 598 (25),
1759 562 1797 594 ὼς
1814 563 1867 597 πῦρ

1072 603 1264 638 ὲκχυνόμενον.
1280 605 1334 631 Kal
1350 605 1468 632 ἀνελθὼν
1483 607 1514 633 ἐκ
1525 606 1572 633 τοῦ
1587 607 1650 643 ᾅδου
1666 608 1745 634 ἔσται
1758 609 1868 635 ἀναεαί-

1073 656 1124 674 νων
1141 648 1195 675 ἀπὸ
1213 649 1266 683 γῆς
1281 650 1322 681 εἰς
1337 650 1458 685 οὐρανόν.
1480 651 1570 685 Ἔγνω
1590 652 1628 684 δὲ,
1647 649 1704 684 οἷος
1726 653 1806 680 ἔσται
1823 661 1868 680 τα-

1071 703 1105 721 πε
1110 695 1163 727 tvo;
1173 695 1220 721 ἐπὶ
1230 695 1281 730 τῆς
1292 695 1353 730 γῆς,
1366 696 1414 723 καὶ
1424 695 1478 729 οἶος
1489 697 1591 731 ἔνδοξος
1602 699 1630 724 ὲν
1641 700 1671 725 οὗ
1676 699 1760 735 ρανῷ.

1105 741 1134 768 I'.
1151 741 1236 768 (Ὅτε
1262 741 1290 769 δὲ
1312 741 1410 777 Ἰωσὴφ
1436 743 1464 770 ὲν
1491 743 1620 780 Αἰγύπτῳ
1639 742 1684 780 ἦν,
1710 745 1868 781 ἐπεθύμουν

1071 787 1135 814 ἰδεῖν
1147 787 1196 823 τὴν
1211 787 1281 814 ίδέαν
1301 787 1383 814 αὐτοῦ
1408 788 1455 815 καὶ
1476 789 1525 825 τὴν
1550 790 1691 825 μόρφωσιν
1703 791 1756 825 τῆς
1777 792 1867 826 ὂψεως

1068 833 1165 860 αὐτοῦ’
1180 834 1227 860 καὶ
1239 833 1272 860 δι’
1285 833 1372 869 εὐχῶν
1385 833 1432 860 τοῦ
1453 835 1555 869 πατρὸς
1573 835 1670 862 Ἰακὼὸ
1688 835 1756 863 εἶδον
1774 837 1855 864 αὑτὸν

1067 881 1095 906 ἐν
1111 880 1203 916 ἡμέρᾳ
1217 880 1370 916 γρηγορῶν,
1393 881 1453 908 καθ’
1470 881 1485 907 ὃ
1508 879 1542 917 ἧν
1565 883 1639 909 πᾶσα
1654 883 1672 918 ἡ
1694 883 1752 910 ἰδέα
1772 884 1856 910 αὑτοῦ

1066 926 1215 953 Γινώσκετε
1230 924 1286 959 οὖν,
1302 927 1383 953 τέκνα
1398 936 1458 962 μου,
1483 928 1523 954 ὅτι
1539 928 1710 968 ἀποθνήσκω.
1731 930 1866 968 Ποιήσατε

1065 970 1112 1000 οὖν
1126 972 1253 1010 ἀλήθειαν
1266 973 1312 1002 καὶ
1328 972 1498 1012 δικαιοσύνην
1511 974 1628 1009 ἕκαστος
1643 977 1713 1013 μετὰ
1731 978 1778 1004 τοῦ
1802 978 1866 1013 πλη-

1067 1021 1123 1046 σίον
1139 1020 1231 1047 αὑτοῦ.
1245 1021 1292 1047 καὶ
1313 1023 1399 1057 κρῖμα
1416 1023 1456 1054 είς
1475 1023 1664 1058 πιστοποίησιν
1677 1023 1744 1058 (26),
1758 1024 1809 1050 καὶ
1823 1024 1866 1050 τὸν

1065 1064 1148 1100 νόμον
1160 1065 1263 1101 Κυρίου
1276 1066 1381 1098 καὶτὰς
1393 1066 1501 1098 ἐντολὰς
1510 1067 1592 1094 αὑτοῦ
1606 1067 1755 1101 φυλάξατε.
1771 1068 1866 1094 Ταῦτα

1066 1111 1120 1147 γὰρ
1145 1111 1217 1146 ὑμᾶς
1242 1112 1302 1138 ἀντὶ
1326 1112 1417 1147 πάσης
1443 1113 1626 1148 κληρονομίας
1648 1112 1779 1140 διδάσκω.
1813 1114 1865 1140 Καὶ

1066 1157 1144 1191 ὑμεῖς
1156 1155 1202 1184 οὖν
1211 1157 1269 1184 δότε
1282 1157 1350 1184 αὐτὰ
1366 1159 1420 1190 τοῖς
1430 1158 1535 1190 τέκνοις
1550 1157 1626 1193 ὑμῶν
1641 1159 1681 1189 είς
1697 1159 1864 1194 κατάσχεσιν

1066 1203 1182 1230 αίώνιον.
1211 1204 1298 1230 Τοῦτο
1312 1203 1367 1240 γὰρ
1382 1205 1511 1240 ἐποίησαν
1540 1203 1674 1239 Ἀϐραὰμ,
1695 1205 1743 1230 καὶ
1760 1204 1862 1236 Ἰσαὰκ,

1066 1250 1112 1275 καὶ
1133 1249 1239 1276 Ἰακώϐ.
1258 1249 1352 1276 Ταῦτα
1375 1250 1463 1276 πάντα
1482 1250 1556 1285 ἡμᾶς
1575 1250 1862 1285 κατεκληρονόμησεν,

1065 1294 1202 1326 εἰπόντες·
1224 1303 1233 1320 ι
1256 1294 1412 1327 Φυλάξασθε
1437 1294 1486 1326 τὰς
1506 1294 1616 1325 ἐντολὰς
1634 1293 1682 1320 τοῦ
1707 1293 1791 1326 Θεοῦ,
1814 1295 1863 1324 ἕως

1065 1340 1126 1366 ὅτου
1140 1340 1154 1367 ὁ
1174 1339 1275 1376 Κύριος
1295 1340 1463 1375 ἀποκαλύψει
1483 1339 1512 1367 τὸ
1534 1339 1666 1375 σωτήριον
1691 1340 1777 1366 αὑτοῦ
1798 1341 1863 1366 πᾶσι

1065 1387 1120 1418 τοῖς
1136 1386 1233 1413 ἔθνεσι.
1255 1386 1321 1413 Τότε
1340 1387 1438 1422 ὄψεσθε
1455 1386 1549 1421 Ἑνὼχ,
1566 1386 1638 1418 Νῶε,
1655 1386 1702 1412 καὶ
1725 1387 1802 1422 Σὴμ,
1820 1388 1863 1413 καὶ

1072 1433 1206 1468 Ἀϐραὰμ,
1231 1434 1278 1460 καὶ
1299 1434 1400 1467 Ἰσαὰκ,
1423 1434 1468 1460 καὶ
1488 1432 1585 1460 Ἰακὼϐ
1604 1432 1808 1468 ἀνισταμένους
1833 1435 1863 1460 ἐκ

1065 1479 1159 1512 δεξιῶν
1183 1481 1212 1506 ὲν
1226 1479 1393 1514 ἀγαλλιάσει.
1412 1480 1466 1516 (27)
1487 1481 1552 1507 Τότε
1571 1481 1618 1508 καὶ
1638 1481 1721 1517 ἡμεῖς
1741 1481 1863 1514 ἀναστη-

228 1515 341 1539 orantes
358 1511 457 1547 Regem
479 1515 622 1548 caelorum,
636 1516 682 1550 qui
704 1517 730 1543 in
753 1521 824 1544 terra
841 1519 967 1552 apparuit
987 1519 1014 1546 in

1072 1511 1179 1561 τόμεθα,
1193 1511 1306 1558 ἕκαστος
1320 1527 1367 1553 ἐπὶ
1387 1511 1523 1563 σκῆπτρον
1537 1529 1624 1563 ἡμῶν,
1640 1511 1862 1563 προσκυνοῦντες

224 1555 312 1583 forma
320 1557 446 1586 humanm
453 1559 625 1588 humilitatis.
635 1561 806 1597 thuotquot
815 1564 1016 1592 credideruntei

223 1602 341 1636 interra,
349 1605 556 1639 congaudebunt
565 1607 600 1639 ei,
608 1607 717 1642 quando
723 1614 749 1635 ct
760 1616 856 1636 omnes
862 1615 1013 1645 resurgant,

224 1649 251 1676 hi
263 1650 373 1685 quidem
392 1651 419 1678 in
441 1652 566 1686 gloriam,
584 1653 629 1681 isti
645 1662 710 1682 vero
729 1655 756 1682 in
775 1655 963 1691 ignominiam.
982 1657 1015 1685 Et.

223 1694 355 1730 iudicabit
370 1696 502 1726 Dominus
525 1699 552 1725 in
576 1700 672 1733 primis
694 1700 788 1733 Israel,
807 1701 841 1730 de
856 1710 887 1729 ea
905 1710 965 1738 quae
985 1704 1013 1730 in

223 1741 324 1775 ipsum,
346 1743 491 1778 injustitia,
512 1745 642 1780 quoniam
665 1746 854 1775 advenientem
878 1748 962 1776 Deum
986 1749 1014 1776 in

222 1798 305 1818 carne
319 1791 491 1820 liberatorem
512 1801 566 1820 non
583 1793 765 1822 crediderunt.
786 1795 818 1822 Et
832 1800 897 1824 tunc
908 1796 1013 1831 judica-

222 1836 263 1864 bit
277 1844 372 1865 omnes
387 1842 492 1873 gentes,
507 1844 643 1875 quotquot
665 1848 720 1868 non
736 1841 912 1869 crediderunt
934 1842 959 1869 ei
984 1843 1012 1870 in

222 1887 294 1912 terra
309 1886 448 1920 apparenti
461 1896 468 1920 ;
489 1890 516 1915 et
529 1893 624 1923 arguet
636 1888 664 1915 in
678 1889 771 1917 electis
786 1890 906 1924 gentium
917 1890 1011 1925 Israel,

221 1931 452 1965 quemadmodum
468 1934 607 1969 redarguit
630 1935 701 1962 Esau
722 1936 748 1963 in
768 1935 917 1970 Madinwis,
930 1938 1011 1966 sedu-

221 1976 346 2004 centibus
361 1982 391 2004 ut
410 1977 494 2006 frater
505 1986 598 2006 eorum
618 1981 693 2008 lieret
708 1988 755 2015 per
767 1981 973 2010 fornicationem
984 1987 1012 2010 et

221 2022 421 2057 idololatriam;
438 2028 466 2051 et
487 2024 633 2052 abalienati
656 2029 720 2054 sunt
734 2034 750 2054 a
766 2026 833 2061 Deo,
854 2028 1010 2056 excidentes

221 2071 256 2097 ab
268 2070 424 2098 haereditate
436 2071 566 2104 ﬁliorum,
586 2073 632 2107 qui
655 2082 709 2101 non
731 2074 828 2101 timent
841 2074 926 2102 Deum
941 2076 1008 2112 (51).

222 2113 277 2143 Vos
291 2120 381 2144 autem
394 2117 416 2145 si
430 2118 576 2146 ambuletis
590 2119 617 2146 in
632 2119 847 2148 sanctificatione
859 2121 1008 2150 secundum

257 2260 314 2296 (19)
333 2260 427 2296 Ὑμῖν.
455 2262 541 2298 ’Υπὲρ
562 2263 608 2290 τδν
628 2263 736 2300 πρῶτον
754 2264 816 2292 add.
836 2265 897 2293 cod.
920 2264 1008 2294 Oxon.
1026 2256 1049 2284 ι)

220 2295 305 2323 σω.

255 2330 313 2368 (20)
328 2332 392 2359 Ὅτι
409 2333 501 2366 αὐτὸς
516 2333 647 2367 λήψεται
657 2335 762 2368 αὑτήν.
777 2335 890 2364 Desunt.
904 2336 942 2364 In.

254 2367 313 2401 (2i)
335 2368 524 2402 Ἀποστείλῃ.
546 2369 702 2396 Ἀνατείλει.
718 2370 756 2397 Id.

253 2401 311 2440 (22)
325 2403 524 2440 Μοῖογενοῦς.
543 2405 687 2440 Προφήτω
707 2405 769 2434 add.
789 2407 850 2434 cod.
869 2406 955 2435 Oxon.
973 2407 1011 2435 In.

250 2437 308 2477 (23)
321 2437 442 2472 Πρῶτον
457 2439 541 2477 ναόν,
562 2437 618 2477 York
633 2437 740 2476 πρῶτος
754 2450 807 2469 non
827 2443 861 2470 de
879 2447 1011 2477 tempore,

219 2473 266 2499 sed
292 2473 352 2500 loco
375 2478 418 2500 est
439 2474 598 2535 explicanda
616 2483 624 2507 ;
639 2473 726 2510 neque
741 2478 812 2504 enim
832 2482 927 2505 auctor
936 2473 1010 2505 'temé

219 2508 294 2535 tilum
313 2509 430 2535 primum
445 2516 459 2535 a
494 2510 620 2535 alomone
640 2511 778 2535 conditum
799 2513 843 2535 hin
863 2513 1010 2535 ίηωιιίσριιρ

219 2508 294 2548 plum
313 2509 430 2548 primum
445 2516 459 2535 a
473 2508 620 2548 Salomone
640 2508 778 2538 conditum
798 2513 843 2540 hic
862 2513 1011 2548 intelligere

219 2543 318 2582 potuit,
336 2545 383 2571 sed
398 2545 431 2571 ad
446 2544 561 2582 primam
579 2549 692 2582 partem
708 2547 799 2581 templi
817 2555 878 2582 qua
901 2543 1012 2576 dicha-

221 2581 265 2604 tur
287 2578 428 2611 Sanctum,
448 2578 567 2613 digitum
592 2580 742 2609 intendisse
764 2578 881 2610 videiur.
909 2582 1009 2611 Cedam

220 2616 310 2675 tatrinen
327 2614 379 2675 Illac
390 2615 569 2649 expositione,
586 2615 632 2642 ubi
652 2616 733 2643 aliam
747 2618 886 2645 meliorem
901 2618 1009 2646 allatam

220 2655 245 2674 γι
265 2656 322 2675 ero.
351 2658 377 2675 ι).

218 2655 322 2676 ηοω-ο.
339 2655 377 2676 ID.

219 2716 242 2744 0
256 2683 314 2717 (2t)
327 2685 392 2745 lKal
413 2685 694 2721 ἐξουθεγωθήσεται.
728 2687 832 2715 Desunt
853 2687 886 2723 lin
918 2687 1011 2717 Graeco

244 2726 307 2744 ΧΟΠ.
339 2728 364 2745 D.
807 2743 809 2745 ι

244 2726 307 2744 Χοη.
327 2726 364 2746 ID.
806 2743 809 2747 ι

252 2753 310 2793 (τε)
330 2755 534 2793 Καταὸήσεται
559 2756 675 2793 πνεῦμα
700 2758 773 2785 Θεοῦ
796 2758 845 2785 ἐπὶ
868 2757 904 2785 τὰ
926 2759 1007 2793 ἔθνη.

219 2787 310 2815 Innuit
325 2795 419 2828 aucto]
433 2787 514 2818 verbo
529 2787 729 2828 καταϐήσεται,
755 2793 812 2820 fore
836 2797 866 2820 ut
891 2787 1008 2828 Spiritus

220 2828 331 2863 sationis
356 2833 371 2851 a
395 2825 535 2863 Synagoga
548 2825 703 2855 .ludaebrum
717 2828 866 2863 auferatur,
885 2825 919 2857 ct‘
930 2829 1007 2858 dctur

219 2856 346 2887 Ecclesiae
360 2856 490 2895 gentium.
505 2856 544 2888 In.

1065 1572 1111 1599 τὸν
1126 1572 1242 1599 Βασιλέα
1260 1572 1314 1600 τῶν
1336 1573 1467 1609 οὐρανῶν,
1494 1574 1540 1601 τὸν
1560 1574 1606 1600 ἐπὶ
1626 1574 1679 1609 γῆς
1694 1565 1820 1608 φανέντα
1836 1573 1863 1598 ἐν

1067 1619 1157 1654 μορφῇ
1183 1618 1325 1654 ἀνθρώπου
1349 1618 1540 1651 ταπεινώσεως
1557 1619 1623 1655 (28).
1647 1619 1703 1645 Kal
1726 1619 1786 1645 ὂσοι
1806 1617 1863 1644 επί-

1066 1673 1180 1691 στευσαν
1192 1665 1267 1700 αὑτῷ
1278 1665 1324 1691 ἐπὶ
1336 1664 1398 1700 γῆς,
1411 1667 1630 1701 συγχαρήσονται
1645 1665 1731 1701 αὐτῷ,
1742 1666 1792 1691 ὅτε
1808 1664 1862 1698 (29)

1064 1709 1111 1736 κα).
1124 1710 1223 1741 πάντες
1236 1710 1441 1746 ἀναστήσονται,
1458 1711 1482 1737 οί
1497 1710 1547 1746 μὲν
1559 1712 1599 1742 είς
1617 1710 1708 1744 δόξαν,
1724 1711 1749 1736 οἱ
1770 1710 1802 1736 δὲ
1823 1711 1862 1740 εἰς

1064 1756 1186 1792 ἀτιμίαν.
1201 1757 1256 1783 Καὶ
1268 1757 1356 1792 κρινεῖ
1374 1756 1475 1792 Κύριος
1494 1758 1523 1783 ὲν
1543 1757 1662 1792 πρώτοις
1673 1757 1721 1784 τὸν
1740 1758 1861 1793 Ἰσραὴλ.

1063 1803 1126 1838 περὶ
1137 1803 1186 1838 τῆς
1198 1803 1238 1834 εἰς
1257 1803 1337 1830 αὐτὸν
1358 1802 1474 1835 ἀδικίας,
1487 1803 1529 1830 ὅτι
1552 1804 1776 1839 παραγενόμενον
1793 1804 1859 1830 Θεὸν

1062 1850 1091 1875 ὲν
1107 1850 1188 1884 σαρκὶ
1199 1848 1383 1885 ὲλευθεραπὴν
1395 1850 1446 1876 οὐκ
1462 1850 1634 1876 ἐπίστευσαν.
1650 1848 1706 1876 Kal
1725 1850 1787 1876 τότε
1802 1859 1859 1884 κρι-

1061 1894 1102 1920 νεῖ
1115 1893 1203 1920 πάντα
1214 1894 1248 1921 τὰ
1260 1893 1333 1930 ἔθνη,
1346 1895 1396 1921 ὅσα
1416 1895 1466 1921 οὐκ
1481 1894 1643 1922 ἐπίστευσαν
1661 1894 1738 1930 αὐτῷ
1750 1895 1799 1921 ἐπὶ
1809 1895 1859 1930 γῆς

1062 1939 1188 1973 φανέντι·
1201 1941 1248 1967 καὶ
1260 1940 1363 1975 ἐλέγξει
1382 1941 1410 1968 ἐν
1422 1943 1480 1973 τοῖς
1493 1941 1632 1972 ἐκλεκτοῖς
1644 1940 1700 1967 τῶν
1715 1941 1802 1967 ἐθνῶν
1816 1942 1858 1967 τὸν

1068 1985 1183 2021 Ἰσραὴλ,
1196 1985 1290 2022 ὥσπερ
1301 1986 1398 2022 ἤλεγξε
1410 1987 1456 2014 τὸν
1470 1987 1554 2013 Ἠσαῦ
1567 1988 1595 2014 ὲν
1608 1987 1664 2018 τοῖς
1676 1986 1856 2021 Μαδηναίοις,

1060 2033 1117 2064 τοῖς
1129 2033 1301 2069 ἀπατήσασιν
1313 2033 1367 2069 (50)
1382 2033 1494 2068 ἀδελφὺν
1507 2033 1598 2061 αὐτῶν
1610 2033 1741 2068 γενέσθαι
1752 2033 1799 2060 διὰ
1810 2033 1857 2068 τῆς

1061 2077 1198 2113 πορνείας,
1217 2078 1326 2114 καὶτῆς
1346 2079 1582 2116 εἰδωλολατρείας·
1601 2079 1649 2106 καὶ
1667 2079 1855 2115 ἀπηλλοτριώ-

1061 2122 1148 2158 θησαν
1159 2123 1237 2151 Θεοῦ.
1252 2124 1394 2160 Γενόμενοι
1416 2122 1474 2158 οὖν,
1494 2125 1587 2158 τέκνα,
1599 2126 1629 2152 ὲν
1653 2125 1746 2161 μερίδι
1760 2125 1856 2160 φοϐου-

1097 2267 1153 2302 (26)
1168 2267 1223 2294 Kal
1232 2267 1320 2302 κρῖμα
1330 2268 1373 2301 εις
1386 2266 1721 2301 πιστοποίησινθωὶεςε
1733 2273 1806 2296 sunt.
1816 2268 1851 2296 In.

1100 2303 1156 2337 (27)
1176 2304 1244 2338 Τότε
1255 2303 1303 2329 καὶ
1316 2303 1400 2337 ἡμεῖς
1415 2303 1691 2338 ἀναστησόμεθα,...
1713 2305 1763 2330 καὶ
1783 2304 1852 2331 πάν-

1063 2346 1110 2369 τες
1126 2337 1360 2370 ἀναστήσονται,
1383 2339 1410 2364 ιι
1431 2338 1489 2372 μὲν
1511 2339 1554 2370 εὶς
1572 2337 1682 2370 δόξαν,
1705 2341 1734 2365 οἱ
1757 2339 1792 2365 δὲ
1811 2341 1851 2372 εις

1062 2373 1189 2407 ἀτιμίαν.
1207 2372 1306 2400 Ultima
1322 2373 1404 2400 verba
1427 2374 1569 2407 desumpta
1583 2379 1695 2401 suntex
1721 2373 1788 2401 Dan.
1803 2383 1849 2407 xu,

1060 2407 1089 2443 2,
1102 2408 1202 2442 quibus
1217 2409 1286 2435 hanc
1302 2408 1328 2435 in
1341 2415 1397 2434 rem
1409 2408 1499 2436 citatis
1513 2415 1622 2443 quoque
1632 2409 1660 2435 in
1676 2408 1783 2436 Midrm
1798 2409 1851 2436 Til-

1061 2442 1108 2469 lim
1121 2451 1200 2477 super
1217 2443 1312 2477 parum.
1331 2451 1408 2475 xcnl,
1423 2451 1449 2469 ν.
1465 2443 1493 2474 2,
1509 2442 1585 2470 idem
1593 2444 1627 2470 de
1642 2445 1850 2472 resuscitatione

1061 2483 1231 2506 mortuorum
1255 2486 1301 2512 per
1314 2477 1439 2505 Messiam
1462 2479 1575 2506 docetur
1591 2479 1666 2513 quod
1682 2484 1780 2507 auctor
1803 2489 1849 2507 no-

1060 2517 1115 2539 ster
1129 2514 1207 2540 dixit.
1221 2513 1309 2540 Verba
1334 2513 1371 2540 ibi
1393 2521 1422 2540 se
1444 2513 1547 2541 habent
1570 2518 1731 2548 sequentem
1752 2515 1779 2542 in
1794 2524 1846 2542 mo—

1059 2548 1124 2575 dum
1138 2558 1144 2575 :
1163 2557 1174 2574 ‹
1188 2548 1321 2576 Futurum
1344 2552 1385 2575 est
1401 2552 1431 2584 ut
1451 2548 1776 2584 nasciﬁfaciatitMessias)
1792 2559 1848 2577 om-

1059 2591 1109 2610 nes
1134 2584 1300 2611 dormientes
1323 2583 1351 2610 in
1379 2583 1498 2617 pulvere.
1525 2583 1598 2611 Dixit
1621 2583 1656 2610 Il.
1684 2584 1845 2612 Nacbman:

1060 2618 1230 2646 Dormientes
1240 2619 1267 2645 in
1280 2618 1389 2653 pulvere
1401 2619 1583 2649 suntmortui,
1593 2619 1779 2647 sicutdictum
1792 2626 1826 2648 est
1840 2631 1845 2646 :

1060 2653 1093 2680 Et
1106 2654 1183 2681 multi
1195 2655 1229 2682 de
1240 2654 1284 2681 bis
1297 2654 1344 2689 qui
1355 2654 1495 2681 dormiunt
1508 2654 1535 2681 in
1546 2658 1626 2682 terrae
1637 2656 1761 2690 pulvere,
1776 2665 1784 2681 ι
1797 2661 1844 2683 etc.

1061 2690 1098 2716 In.

1095 2724 1151 2759 (28)
1169 2724 1383 2757 Ταπεινὼσεως.
1399 2723 1488 2752 Deest.
1505 2724 1544 2752 In.

1092 2760 1149 2795 (29)
1178 2761 1255 2786 Ὅτε.
1271 2760 1337 2786 Τότε
1354 2767 1406 2786 ms.
1423 2759 1499 2787 Trin.
1516 2761 1553 2787 Io.

1092 2796 1149 2830 (30)
1168 2795 1381 2828 Ἀπατήσασιγ.
1392 2794 1582 2831 Ἀπιατήσασιν
1596 2796 1678 2824 habet
1687 2797 1750 2825 cod.
1763 2797 1843 2825 Oxon.

1057 2829 1094 2857 In.

1095 2866 1150 2902 (51)
1166 2865 1323 2894 Euidentes
1348 2865 1380 2894 ab
1404 2866 1557 2894 hazrcditale
1578 2867 1710 2904 ﬁliorum,
1729 2869 1774 2904 qui
1797 2875 1841 2895 non
