1916 3099
58 136 116 165 ΗΜ

87 194 118 222 Et
131 192 250 228 primum
263 191 375 228 quidem
384 193 452 221 satis
465 198 559 229 aperte
572 194 665 229 prodit
677 200 774 224 auctor
782 195 833 231 (5),
848 203 872 233 Α

55 239 237 275 apostolorum
258 238 411 274 disciplinas
436 247 498 268 sese
521 240 670 274 addixisse,
683 249 834 277 eorumque

55 284 186 313 exstitisse
199 282 363 312 auditorem.
372 284 539 312 Ἀποστόλων
549 285 693 322 γενόμενος
703 286 836 323 μαθητὴς,

56 331 157 366 γίνομαι
171 330 330 363 διδάσκαλος
343 330 453 359 ὲθνῶν.ι
465 330 534 359 Cum
545 330 642 359 fuerim
654 332 837 367 apostolorum

55 377 211 411 discipulus,
223 377 260 405 tio
274 377 394 413 gentium
408 377 513 405 doctor.
529 387 538 402 ι
551 377 629 411 Quod
640 386 707 406 sane
717 386 772 407 non
783 379 836 407 nisi

56 423 196 451 admodum
219 423 367 458 improprie
381 423 415 452 de
428 423 535 452 Iustino
546 424 609 459 quis
622 424 730 452 dixerit.

85 469 185 497 Deinde
202 469 386 498 Christianam
411 470 571 506 religionem
593 478 690 499 recens
712 474 835 499 exortam

56 515 150 550 sapius
168 515 289 543 inculcat
303 521 398 543 noster
410 515 581 551 Anonymus.
596 516 747 551 Alloquens
761 517 835 544 enim

55 560 212 597 Diognetum
228 561 279 589 sub
299 561 407 589 initium
428 561 556 596 Epistolas
578 561 616 596 (6)
633 570 641 589 :
660 570 669 587 ι
689 561 775 590 Video
796 566 834 595 te,

55 606 147 641 inquit,
170 607 306 635 acerrimo
329 607 421 635 studio
447 607 534 635 teneri
561 607 694 639 discendi,
714 607 776 643 quis
799 608 836 636 sit

54 652 156 681 divinus
182 653 400 682 Christianorum
421 654 521 686 cultus,
539 657 568 682 et
593 661 644 681 cur
666 662 765 681 novum
781 654 834 682 hoc

55 707 133 734 genus
147 703 197 727 aut
209 699 362 727 institutum
375 699 402 727 in
418 699 643 728 consuetudinem
658 700 751 728 venire
761 707 834 727 nunc

54 744 171 780 ceperit,
187 749 216 772 et
231 753 284 772 non
299 745 408 781 prius...
428 753 437 771 ι
456 744 488 771 Τι
513 744 544 780 δή
559 753 622 771 ποτε
643 745 735 772 καινὸν
754 744 833 771 τοῦτο

53 791 124 825 γένος
145 790 163 827 ἢ
186 791 356 828 ἐπιτήδευμα
382 791 507 827 εἰσῆλθεν
523 792 562 824 εἰς
575 791 620 818 τὸν
634 791 690 826 βίον
713 791 771 824 νῦν,
785 791 832 818 καὶ

54 836 82 863 οὺ
108 836 250 873 πρθτερον.
275 836 310 864 Ει
326 844 389 864 mox
405 837 431 864 in
445 837 569 865 eamdem
590 837 751 865 sententiam
770 837 808 870 (7)
822 847 829 864 :

57 891 65 907 ι
77 882 223 918 Postquam
237 882 324 911 lactus
339 882 434 916 fueris,
449 883 522 912 velut
535 883 570 911 ab
579 883 666 917 initio,
679 891 764 913 novus
773 885 825 912 ho-
841 884 864 914 Β

54 935 105 960 mo,
119 933 212 963 utpote
234 928 368 957 sermonis
394 929 468 960 novi.
487 929 559 957 sicut
572 934 598 957 et
616 930 673 965 ipse
687 929 829 958 confessus

55 981 92 1005 es,
99 973 207 1001 auditor
217 973 326 1002 futurus
336 983 395 1002 »....
402 974 482 1009 λόγου
493 974 587 1002 καινοῦ
594 975 730 1012 ἀκροατὴς
738 975 834 1012 ἐσόμε-

53 1027 103 1051 νος.
118 1018 317 1055 Nonnullisque
344 1020 503 1056 interjectis,
533 1021 634 1049 clarius
654 1021 743 1050 adhuc
759 1022 829 1061 idem

53 1065 194 1092 continuat
208 1065 251 1093 his
265 1065 353 1094 verbis
365 1065 426 1102 (8):
445 1075 454 1092 ι
473 1065 540 1093 Cum
564 1066 697 1102 superiori
712 1071 832 1102 tempore

53 1109 120 1137 Deus
133 1118 184 1138 nos
195 1111 369 1144 convicisset,
383 1119 437 1139 non
449 1119 531 1148 posse
545 1111 627 1140 vitam
641 1113 770 1148 consequi
784 1121 833 1141 na-

53 1160 136 1184 turam
157 1161 291 1190 nostram.
307 1165 379 1186 nunc
398 1163 488 1186 autem
504 1158 675 1187 Servatorem
695 1159 830 1188 ostendis-

53 1206 100 1235 set,
115 1203 163 1238 qui
190 1210 301 1231 servare
324 1209 417 1239 posset
439 1213 471 1232 ea
494 1205 574 1233 etiam
586 1213 647 1240 qua:
662 1205 765 1233 servari
776 1213 830 1233 non

53 1251 186 1282 poterant,
198 1253 252 1277 etc.
273 1259 281 1275 I
299 1249 357 1276 Νῦν
369 1249 414 1276 τὸν
425 1249 538 1286 Σωτῆρα
551 1250 651 1284 δείξας,
663 1251 773 1278 δυνατὸν
784 1250 832 1278 σώ-

53 1292 104 1324 ζειν
128 1294 175 1321 καί
196 1294 232 1321 τὰ
256 1295 383 1327 ἀδύνατα,
405 1304 432 1323 κ.
451 1304 477 1322 τ.
493 1296 516 1323 λ.
535 1296 568 1324 Et
588 1297 670 1333 paulo
691 1303 752 1333 post
768 1297 828 1334 (9):

56 1348 64 1365 ι
85 1338 133 1368 Hic
153 1340 200 1376 qui
218 1349 335 1378 semper,
350 1342 430 1370 hodie
446 1342 532 1370 Filius
556 1342 675 1377 habitus,
688 1351 735 1379 per
749 1352 829 1379 quem

52 1382 169 1412 Ecclesia
196 1385 307 1414 ditatur.
324 1395 334 1413 ν
352 1383 435 1419 Οὗτος
460 1387 474 1414 ὁ
493 1387 546 1419 ἀεὶ,
573 1388 691 1424 σήμερον
707 1387 771 1421 Υἱὸς
791 1389 832 1416 λο-

52 1429 160 1464 γισθεὶς
171 1431 205 1458 δι’
217 1429 249 1459 οὗ
259 1432 428 1466 πλουτίζεται
443 1433 459 1469 ἡ
474 1433 630 1470 Ἐκκλησία.
643 1433 709 1468 Quae
719 1434 829 1469 quidem

52 1477 138 1505 omnia
150 1478 200 1506 rite
214 1486 358 1514 perpensa,
375 1480 447 1507 aetati
464 1479 564 1508 Justini
581 1481 715 1516 quadrare
737 1481 782 1508 vix
796 1488 829 1508 ac

53 1529 84 1549 ne
95 1523 140 1550 vix
155 1523 266 1559 quidem
281 1525 443 1560 putaverim.

84 1567 153 1602 Quid
164 1557 250 1605 quod,
258 1557 359 1605 templo
368 1570 616 1607 Hierosolymitano
629 1571 719 1600 adhuc
730 1575 829 1606 stante,
843 1557 865 1587 θ

53 1612 118 1642 hanc
131 1615 165 1642 ab
176 1623 207 1644 se
220 1616 349 1651 scriptam
357 1616 505 1652 Epistolam
518 1622 614 1645 auctor
629 1618 701 1646 haud
715 1618 830 1647 obscure

52 1659 184 1688 declarat?
199 1661 237 1689 De
250 1661 352 1690 ludatis
367 1670 485 1698 namque
506 1663 588 1691 verba
604 1663 717 1697 faciens,
729 1671 830 1700 eosque

53 1713 110 1734 cum
118 1707 234 1736 ethnicis
242 1707 385 1737 conferens
393 1714 419 1737 et
425 1709 598 1744 Christianis,
607 1710 664 1738 haec
671 1710 751 1738 habet
757 1710 827 1746 (l0):

55 1760 64 1777 ι
81 1751 212 1781 Judaei....
226 1754 273 1789 qui
288 1762 337 1789 per
353 1756 513 1791 sanguinem
529 1760 556 1783 et
570 1755 694 1783 nidorem
710 1760 736 1784 et
750 1756 828 1784 holo-

52 1803 152 1832 causta,
168 1799 257 1827 facere
280 1808 310 1828 se
326 1800 381 1829 Deo
405 1801 538 1830 sacriﬁcia
560 1806 667 1837 putant,
682 1801 749 1829 nihil
761 1802 828 1830 mihi

51 1843 154 1872 dill‘erre
171 1846 299 1874 videntur
314 1846 349 1874 ab
372 1846 418 1880 iis,
431 1847 478 1882 qui
499 1855 582 1875 sensu
596 1847 715 1875 carentia
733 1848 827 1875 eodem

52 1889 151 1918 honore
162 1891 286 1920 studiose
296 1897 510 1928 prosequuntur.
532 1902 542 1919 ι
557 1892 708 1929 Subditque
718 1893 826 1921 statim:

53 1943 62 1960 ι
77 1935 109 1963 At
123 1944 220 1964 eorum
243 1937 316 1965 circa
338 1938 416 1966 cibos
432 1938 618 1966 meticulosam
635 1939 788 1967 cautionem
800 1943 828 1966 et

51 1982 267 2016 superstitionem
285 1984 358 2011 circa
373 1983 501 2017 Sabbata,
516 1988 543 2012 et
553 1984 714 2020 jactantiam
727 1984 760 2012 de
773 1984 828 2011 cir-

50 2027 224 2062 cumcisione,
240 2033 267 2056 et
281 2036 342 2064 qua:
363 2030 396 2057 de
407 2029 512 2065 jejunio
526 2037 558 2057 ac
574 2029 721 2058 noviluniis
739 2030 826 2057 simu-

50 2071 112 2106 lant,
127 2081 190 2109 quat
203 2074 317 2103 ridicula
337 2079 402 2103 sunt
427 2080 454 2103 et
475 2075 562 2103 relatu
579 2075 699 2110 indigna,
714 2079 739 2103 te
755 2083 770 2103 a
783 2084 826 2104 me

50 2117 150 2147 discere
171 2127 284 2148 necesse
304 2120 404 2149 habere
416 2128 469 2148 non
490 2121 617 2149 arbitror.
635 2130 644 2147 ι
659 2121 721 2148 Mox
736 2129 800 2149 vero
816 2131 823 2149 :

51 2173 61 2189 ι
71 2165 214 2194 Communi
223 2166 448 2203 igitur(gentium)
454 2167 572 2195 vanitate
586 2171 613 2194 et
625 2167 788 2202 impostura,
798 2171 825 2194 et

48 2209 199 2240 Judeorum
224 2212 383 2240 curiositate
409 2217 492 2248 atque
512 2212 654 2248 jactantia,
668 2213 730 2248 jure
743 2212 823 2240 Chri-
840 2225 862 2252 ι)

48 2258 147 2287 stianos
176 2259 322 2293 abstinere,
337 2264 363 2287 te
388 2260 496 2288 abunde
518 2260 646 2288 didicisse
664 2260 790 2288 arbitror.
811 2269 821 2285 ›

53 2303 199 2333 Ἰουδαῖοι...
235 2306 425 2342 “texendi”...
446 2299 596 2339 ἀξιοῦσι...
611 2306 662 2342 τὴν
675 2305 824 2342 θρησκείαν

47 2350 210 2385 προσάγουσι
226 2351 266 2387 τῷ
274 2351 334 2387 Θιῷ
349 2351 484 2387 ταύτην...
500 2349 756 2387 διαμαρτάνουσι....
780 2350 824 2378 δο-

47 2394 130 2423 κοῦσι.
145 2396 240 2424 Viden‘
255 2397 300 2425 hic
325 2397 416 2424 omnia
439 2397 476 2424 ita
496 2397 597 2429 ellerri,
610 2402 683 2425 uteo
702 2402 824 2432 tempore

46 2449 98 2476 quo
117 2443 254 2471 scribebat
275 2444 451 2479 Anonymus,
465 2443 557 2471 cultus
578 2441 708 2471 Judaicus
731 2443 821 2470 adhuc

47 2487 161 2523 viguisse
187 2489 355 2524 oportuerit?
370 2488 505 2523 Loquitur
521 2488 592 2516 enim
608 2488 680 2516 haud
695 2496 774 2516 secus
789 2496 822 2516 ac

46 2533 165 2562 Clemens
186 2535 325 2563 Romanus
346 2534 373 2562 in
388 2534 507 2569 Epistula
529 2533 702 2561 lCorinthiis
725 2533 823 2561 inscri-

78 2592 86 2608 ¹
97 2593 246 2627 liebmmt,
260 2593 302 2621 l5.
357 2593 368 2609 ²
383 2591 404 2618 ll
418 2592 471 2620 Cor
490 2599 527 2624 xi,
544 2590 590 2617 22.

46 2626 56 2642 ⁵
67 2627 148 2663 Apoc.
162 2626 338 2662 n,9;’tn,9.-

127 2686 215 2729 Amen.
231 2684 320 2729 Epist.-
333 2684 367 2712 ad
379 2684 514 2720 Diognet.,
529 2691 588 2719 cap.
603 2683 646 2711 ll.

79 2723 116 2756 (6)
133 2721 217 2754 Ibid.,
233 2729 293 2756 cap.
310 2721 336 2748 l.

79 2756 116 2789 (Ἰ)
131 2755 215 2790 Ibid.,
230 2763 291 2790 cap.
303 2755 332 2783 2.

79 2791 116 2825 (8)
135 2791 216 2824 lbid.,
233 2798 294 2825 cap.
307 2793 334 2819 9.

79 2826 116 2859 (9)
131 2826 214 2859 ιδιά..
226 2833 285 2860 cap.
302 2827 345 2854 ll.

79 2862 132 2898 (l0)
148 2861 232 2895 lbid.,
246 2869 326 2896 capp.
341 2861 394 2889 δεῖ
405 2861 432 2889 ι.

196 2910 344 2949 Ρλτιιοιη
361 2909 420 2940 Gn.
439 2909 476 2940 ιι.

539 136 705 165 EPISTOLA
727 137 774 165 AD
796 137 1007 169 DIOGNETUM.
1026 155 1062 162 —-
1078 140 1257 172 PROG'ZMIA.

1603 148 1672 178 H62

886 201 934 232 pta
949 197 1025 233 (ll);
1040 202 1071 226 ut
1083 198 1199 234 proinde
1211 204 1400 235 argumentum
1416 199 1482 230 illud
1497 203 1569 240 quod
1583 213 1616 233 cx
1637 215 1672 234 eo

887 241 1058 270 Clementiae
1076 243 1138 271 loco
1152 243 1187 272 ad
1208 246 1340 280 temporis
1353 247 1520 276 notationem
1535 249 1670 278 delinien-

887 287 950 315 dam
970 288 1096 323 superlus
1109 289 1232 317 eruimus
1243 289 1309 324 (1'2),
1322 290 1392 318 idem
1403 299 1522 328 quoque,
1536 295 1568 322 ad
1580 297 1668 324 nostri

887 332 1023 369 Anonymi
1038 338 1144 362 aetatem
1157 335 1230 370 quod
1245 335 1351 369 attinet,
1360 338 1510 373 urgendum
1523 341 1647 369 videatur
1659 351 1667 370 :

887 379 1009 414 adeoque
1021 379 1107 415 ipsius
1122 379 1241 416 Epistula
1254 385 1284 408 ut
1298 383 1416 411 maxime
1426 383 1527 412 Christi
1541 387 1665 421 ann069,

886 424 1026 461 illiganda,
1059 430 1106 453 aut
1128 426 1205 454 ocius
1227 426 1309 454 etiam
1333 427 1458 462 fortasse,
1481 432 1555 465 quod
1582 434 1668 469 magis

885 470 983 506 placet,
999 475 1029 499 ut
1042 478 1076 499 ex
1093 479 1155 499 mox
1175 471 1299 501 dicendis
1314 479 1481 509 compertum
1495 475 1550 504 ﬁet.

920 517 1001 545 Aliud
1027 518 1149 553 insuper,
1166 522 1193 546 et
1206 526 1268 547 meo
1282 520 1391 554 quidem
1407 521 1509 556 animo,
1524 522 1596 550 baud
1610 524 1669 552 leve

885 561 1015 591 indicium
1037 565 1155 599 suppetit
1173 572 1206 592 ex
1222 565 1314 593 eadem
1332 565 1462 601 Epistola,
1477 569 1578 596 nemini
1594 570 1669 605 quod

885 608 970 636 sciam
986 608 1119 638 hactenus
1132 610 1364 646 animadversum,
1373 620 1427 648 quo
1438 614 1592 648 conjectura
1605 623 1669 650 pro-

883 653 973 688 posita
993 654 1026 682 de
1047 654 1132 690 ipsius
1152 660 1263 684 auctore
1273 657 1332 684 viro
1348 659 1497 693 apostolico
1512 660 1599 696 magis
1610 668 1669 688 ma-

884 699 981 735 gisque
994 701 1136 729 astruitur.
1150 701 1215 729 Belli
1231 703 1359 731 nimirum
1372 705 1445 739 quod
1461 710 1526 733 tunc
1537 707 1668 742 temporis

882 742 968 772 Judaei
995 745 1078 773 simul
1101 750 1129 773 et
1152 746 1238 775 Gnaei
1259 748 1390 776 adversus
1402 748 1574 779 Christianos
1588 758 1667 786 gete-

883 790 958 823 bant.
973 791 1097 819 meminit
1115 797 1208 820 noster
1220 792 1379 829 Anonymus
1395 794 1470 822 hisee
1482 796 1572 824 verbis
1587 796 1644 830 (l3)
1658 805 1665 824 :

888 835 956 862 Ὑπὸ
975 835 1108 864 Ἰουδαίων
1122 836 1160 869 ὡς
1186 836 1327 872 ἀλλόφυλοι
1343 838 1532 874 πολεμοῦνται,
1548 841 1594 868 καὶ
1614 841 1668 868 ὑπὸ

880 871 1016 917 Ἐλλήνων
1026 881 1177 909 διώχονταιο
1188 883 1235 910 καὶ
1245 871 1293 919 silv
1307 883 1395 911 αἰτίαν
1406 871 1457 920 si];
1465 885 1565 922 ἔχθρας
1577 887 1666 914 εἰπεῖν

884 926 909 953 οι
923 927 1064 962 μισοῦντες
1081 928 1131 954 οὐκ
1143 928 1260 964 ἔχουσιν.
1277 939 1287 955 ι
1304 929 1442 958 Adversus
1456 939 1503 959 eos
1517 931 1666 968 (Christian

883 972 946 1008 nos)
962 977 1091 1008 tanquam
1114 974 1282 1010 alienigenas
1298 975 1383 1004 Judsi
1399 976 1499 1004 bellum
1514 982 1622 1013 gerunt,
1637 984 1666 1006 et

882 1017 969 1047 Graeci
992 1027 1040 1047 eos
1057 1025 1256 1056 persequuntur
1271 1030 1277 1048 :
1292 1026 1319 1049 et
1334 1029 1429 1050 osores
1442 1030 1536 1051 eorum
1551 1031 1663 1052 causam

884 1064 1089 1093 inimicitiarum
1113 1066 1205 1094 dicere
1228 1072 1376 1101 nequeunt.
1393 1078 1402 1094 ι
1415 1068 1664 1105 Paucisqueinter-

880 1111 1039 1147 positis(l4)
1053 1111 1136 1148 :(Obx
1144 1112 1480 1150 ὁρᾷς)παρα6αλλομένους
1495 1115 1608 1152 θηρίοις,
1621 1116 1665 1145 ἵνα

881 1157 1051 1194 ἁρνήσωνται
1072 1158 1116 1185 τὸν
1139 1158 1251 1194 Κύριον,
1272 1161 1318 1187 καὶ
1338 1159 1376 1197 μὴ
1404 1162 1586 1197 νικωμένους
1607 1163 1663 1198 Οὐχ

880 1201 957 1238 ὁρᾷς,
972 1203 1026 1239 ὅσῳ
1035 1203 1154 1236 πλείονες
1167 1204 1334 1237 κολάζοντες,
1342 1204 1460 1241 τοσούτῳ
1468 1205 1662 1240 πλεονάζοντας

880 1248 990 1282 ἄλλους
1007 1258 1016 1275 ι
1032 1248 1090 1278 Non
1107 1249 1180 1278 vides
1193 1249 1313 1285 objectos
1323 1249 1404 1284 feris;
1417 1255 1447 1278 ut
1458 1251 1591 1288 abnegent
1607 1252 1663 1280 Do—

881 1294 997 1327 minum,
1010 1299 1037 1322 et
1062 1302 1116 1322 non
1140 1295 1229 1323 vinci?
1243 1294 1302 1322 Non
1326 1295 1412 1330 vides,
1437 1304 1491 1331 quo
1506 1297 1596 1332 plures
1615 1298 1662 1333 qui

881 1339 1022 1375 suppliciis
1038 1339 1166 1372 adiciunt,
1178 1347 1211 1368 eo
1225 1340 1357 1375 majorem
1370 1341 1487 1369 aliorum
1501 1349 1561 1370 esse
1571 1350 1664 1371 nume-

882 1386 962 1413 rum?
979 1395 989 1412 ›
1007 1385 1154 1420 ρυίὺιιε,ἱιι
1170 1386 1258 1414 verbis
1274 1386 1329 1414 duo
1350 1386 1521 1420 potissimum
1546 1388 1662 1416 ttotanda

880 1431 1041 1466 putaverim.
1062 1431 1095 1459 Et
1118 1431 1235 1467 primum
1256 1432 1365 1467 quidem
1387 1433 1508 1468 loquitur
1522 1438 1616 1461 auctor
1629 1434 1663 1462 de

880 1479 1045 1508 Christianis
1067 1479 1212 1514 exjudteis,
1239 1480 1296 1508 sive
1322 1480 1355 1509 de
1381 1481 1416 1509 iis
1443 1482 1491 1517 qui
1517 1487 1661 1518 postquam

880 1525 1010 1554 exiissent
1021 1525 1056 1554 ad
1076 1524 1169 1554 Jesum
1186 1530 1262 1554 extra
1277 1532 1377 1562 castra,
1393 1528 1586 1564 improperium
1602 1530 1662 1565 ejus

880 1571 1034 1607 portabant,
1050 1576 1080 1599 ut
1096 1572 1188 1607 phrasi
1204 1576 1265 1600 utar
1279 1572 1392 1601 Paulina
1403 1574 1411 1589 ¹
1427 1583 1433 1601 :
1450 1578 1565 1602 testatur
1587 1583 1650 1604 nam

880 1623 944 1653 que,
959 1616 1090 1644 adversus
1114 1624 1162 1645 eos
1186 1621 1316 1653 tanquam
1343 1619 1504 1654 alienigenas
1525 1628 1541 1648 a
1557 1619 1660 1649 Iudicis

880 1662 980 1690 bellum
999 1662 1067 1698 geri.
1090 1661 1208 1696 Scilicet,
1223 1662 1321 1698 inquit,
1334 1664 1379 1699 qui
1392 1665 1564 1700 exagitantur
1583 1666 1663 1694 Chri-

879 1707 1091 1741 stiani,llebraei
1111 1713 1182 1742 sunt,
1201 1707 1334 1737 Israelita:
1351 1715 1423 1743 sunt,
1441 1719 1528 1738 semen
1549 1712 1661 1740 Abralue

878 1754 967 1787 sunt',
982 1753 1131 1790 eodemque
1145 1754 1277 1790 sanguine
1288 1754 1339 1781 sati
1353 1762 1408 1789 quo
1423 1759 1450 1782 et
1462 1763 1557 1783 eorum
1569 1764 1662 1792 persc-

877 1803 986 1827 cutores
1005 1798 1107 1833 Judaei;
1125 1799 1172 1835 qui
1188 1804 1276 1828 tamen
1288 1807 1336 1827 eos
1350 1799 1516 1828 insectantur
1531 1809 1563 1829 ac
1585 1801 1657 1830 bello

877 1845 1024 1879 lacessunt,
1032 1846 1141 1881 perinde
1149 1854 1181 1874 ac
1188 1846 1211 1874 si
1222 1846 1382 1881 alienigenw,
1391 1845 1544 1881 ἀλλόφυλοι,
1554 1854 1657 1877 essent.

877 1890 912 1919 Et
926 1892 978 1920 hoc
990 1899 1056 1920 sane
1068 1900 1149 1920 sensu
1166 1892 1238 1919 illam
1251 1891 1371 1920 auctoris
1389 1892 1475 1920 nostri
1494 1893 1657 1922 sententiam

877 1945 937 1966 esse
947 1938 1143 1973 accipiendam,
1157 1942 1283 1969 nemo,ut
1298 1937 1422 1973 equidem
1438 1938 1543 1973 opinor,
1553 1939 1657 1968 inﬁcias

876 1982 1005 2011 ierit.Hic
1016 1983 1072 2019 jam
1088 1990 1192 2018 quaero,
1206 1983 1272 2018 quid
1289 1983 1362 2010 aliud
1379 1982 1413 2010 iis
1427 1983 1517 2011 verbis
1533 1983 1658 2013 innuissc

876 2029 1014 2064 putandus
1039 2034 1133 2056 noster
1154 2028 1329 2065 Anonymus,
1358 2036 1538 2065 praeterquam
1562 2031 1657 2059 turbas

876 2075 937 2104 illas
961 2082 994 2103 ao
1021 2074 1169 2103 seditiones
1190 2082 1259 2110 quas
1283 2076 1318 2102 ab
1340 2074 1468 2103 Ecclesiae
1485 2076 1656 2105 incunabulis

876 2122 1007 2150 adversus
1024 2121 1116 2150 ﬁdeles
1128 2129 1162 2149 ex
1175 2121 1383 2149 circumcisione
1397 2121 1506 2149 ciebant
1518 2123 1658 2151 incessan-

875 2171 916 2194 ter
931 2165 1018 2194 «ἰυάωί
1038 2167 1266 2201 quemadmodum
1294 2170 1352 2193 tum
1376 2174 1410 2194 ex
1423 2166 1499 2195 Actis
1517 2169 1655 2203 apostolo~

875 2219 936 2240 rum
956 2212 1057 2247 passim
1067 2212 1088 2245 ⁸,
1104 2215 1161 2239 tum
1185 2220 1217 2240 ex
1234 2211 1415 2247 Apocalypsi‘
1428 2213 1507 2248 plane
1534 2220 1654 2248 constat;

875 2265 944 2292 quas
966 2257 1029 2286 item
1055 2258 1180 2293 deinceps
1195 2265 1390 2294 nonnunquam
1405 2259 1538 2287 excitasse
1561 2261 1654 2296 perhi-

874 2302 983 2336 bentur,
999 2307 1030 2331 ut
1047 2311 1080 2331 ex
1096 2302 1223 2330 Ecclesiae
1238 2302 1410 2338 Smyrnettsis
1424 2304 1537 2338 epistola
1555 2305 1582 2332 in
1598 2306 1655 2340 pri-

874 2348 927 2377 mis
939 2349 1023 2384 liquet
1034 2349 1108 2385 (15)?
1122 2348 1224 2385 Harum
1242 2348 1325 2384 igitur
1334 2347 1511 2377 Judaicarum
1529 2359 1655 2385 persecu-

874 2396 979 2423 tionum
1003 2395 1139 2431 αὺτόπτης
1165 2394 1282 2430 scriptor
1302 2395 1415 2429 ipsemet
1431 2396 1605 2430 apostolicus,
1621 2405 1654 2425 ea

874 2441 972 2470 litteris
993 2441 1162 2477 consignavit
1184 2448 1244 2476 qua:
1262 2440 1342 2468 modo
1362 2441 1522 2475 retulimus;
1539 2449 1654 2477 quisque

873 2489 986 2524 proinde
1004 2488 1076 2515 haud
1095 2488 1219 2523 equideut
1240 2487 1358 2523 intelligo
1367 2495 1422 2523 qua
1436 2488 1541 2516 ratione
1552 2487 1653 2517 Justini

874 2534 1041 2569 temporibus
1055 2534 1142 2569 aptari
1156 2534 1270 2569 possint.

647 2590 658 2606 ³
675 2590 735 2618 Act.
758 2598 820 2625 xm,
835 2593 888 2625 50;
904 2599 958 2623 uv,
978 2591 1012 2624 2;
1029 2598 1113 2624 xvut,
1129 2590 1177 2624 1‘2;
1193 2597 1250 2624 ut,
1273 2598 1329 2617 χιιι
1343 2610 1351 2623 ,
1368 2599 1450 2625 xxttt,
1476 2599 1556 2624 xxtv,
1586 2600 1650 2621 xxv.

903 2680 926 2716 (l
934 2680 959 2715 Ι)
973 2680 1060 2708 Clem.
1072 2679 1156 2715 Epist.
1172 2679 1187 2707 1
1203 2679 1237 2716 ad
1250 2679 1324 2716 (Ion,
1339 2687 1399 2715 cap.
1416 2688 1470 2707 xu.

904 2717 960 2752 (l2)
970 2716 1132 2752 Prolegom.,
1144 2723 1210 2752 cap.»
1222 2715 1282 2752 ινδ
1300 2716 1326 2742 9.

918 2749 1060 2786 15)Αιιοηῖ
1077 2750 1167 2786 Epist:
1176 2749 1210 2776 ed
1225 2749 1358 2785 Diognet”
1374 2758 1433 2785 cap.

917 2784 960 2820 l4)
980 2785 1062 2817 Ιὺὶά..
1077 2793 1137 2819 cap.
1152 2784 1178 2812 7.

918 2822 961 2856 l5)
975 2820 1048 2857 Eccl.
1058 2820 1166 2857 _St_nvrn.
1177 2819 1262 2854 Epist.
1277 2820 1308 2847 de
1323 2819 1353 2848 8.
1371 2819 1511 2856 Polymrp.
1525 2826 1649 2856 Μαι-ωτι,

1493 2902 1528 2933 37

868 2865 928 2892 cap.
942 2854 987 2890 η,
1002 2856 1045 2889 l5,
1056 2854 1105 2884 ⁸17.
