1916 3099
229 135 297 164 1163

806 121 959 151 ANONYMI
981 120 1049 149 Villi
1062 118 1264 148 APOSTOLICI

1748 123 1751 126 '
1781 116 1849 143 1161

263 194 385 221 Alterum
411 196 475 218 vero
497 187 606 216 duobus
629 186 658 213 in
675 184 743 212 locis
757 182 847 211 allatis
859 185 954 209 notatu
970 179 1011 208 di-
1025 182 1049 210 Α
1063 177 1186 205 attribui.
1195 176 1341 204 Enimvero
1352 179 1413 210 post
1426 174 1533 203 divinos
1545 173 1708 209 scriptores,
1721 179 1737 199 a
1750 172 1850 208 quibus

228 247 311 277 gnum
321 237 386 266 illud
396 235 525 267 occurrit,
533 234 607 270 quod
620 232 714 277 eodem
723 234 842 277 tempore
848 235 902 264 quo
910 227 1008 277 Judaei,

229 273 315 312 Dranci
345 288 454 318 quoque
487 279 618 306 adversus
642 275 812 304 Christianos
837 273 1007 309 pugnabant;

229 337 299 365 quos
312 333 340 356 et
357 328 420 363 {eris
436 326 549 361 objector
568 322 666 351 asserit
677 321 804 357 Epistulae
821 324 928 352 auctor,
940 323 966 346 et
980 326 1009 344 eo

229 364 356 411 majorem
369 374 477 400 illorum
490 379 545 399 esse
560 377 697 397 numerum
708 366 878 403 pronuntiat,
887 372 938 400 quo
953 364 1011 398 plu-

230 429 270 448 res
292 420 337 455 qui
353 427 397 446 eos
414 417 551 452 suppliciis
571 416 698 451 afﬁciunt.
714 413 814 448 Ecquis
826 419 908 447 porro
919 417 1012 445 perse<

230 467 367 494 cutionem
393 463 576 491 Neronianam
600 461 642 488 his
667 457 870 487 cbaracterihus
888 455 1012 491 apprime

229 513 397 547 designatam
417 518 470 538 non
482 507 588 537 videat?
602 506 724 534 Primum
740 503 874 539 siquidem
887 501 1010 528 eamdem

229 559 446 594 persecutionem
469 555 618 590 respiciens
645 551 776 583 Hermas,
803 549 919 584 scriptor
944 547 1012 575 alter

230 593 396 640 apostolicus
414 602 563 636 eademque
583 602 741 634 tempestate
755 597 854 624 ﬁorens
873 602 927 630 qua
943 593 1013 621 scri-

229 652 318 688 psisse
331 655 456 678 censetur
466 652 558 676 noster
565 647 734 681 Anonymus,
742 648 773 671 ut
785 642 908 678 superius
921 644 1013 668 osten-

230 698 320 726 dimus
334 695 402 732 (16),
413 701 507 723 eorum
526 692 650 721 meminit
665 691 722 726 (17)
735 689 779 725 qui
789 689 847 723 jam
862 689 1012 714 meruerunt

230 744 326 776 Deum,
337 747 362 770 et
375 742 446 777 passi
461 744 520 767 sunt
534 747 614 766 causa
626 737 739 765 nominis
750 735 807 770 ejus
818 733 890 761 feras
900 733 1012 765 bestias,

231 789 347 825 ﬂagella,
365 795 492 821 carceres,
514 793 613 813 cruces.
639 782 741 811 Deinde
764 789 798 809 ex
812 780 908 808 Tacito
921 779 1013 807 erudi-

231 823 292 864 mur
308 834 376 870 (l8),
386 833 545 869 religionem
562 830 744 858 Christianam
769 827 821 855 sub
848 826 942 854 eodem
964 823 1014 852 Ne

230 891 297 911 rone
309 889 364 918 quo
377 881 464 916 magis
479 883 615 912 vexatam,
631 885 664 905 eo
678 876 783 911 majora
806 875 833 902 in
847 873 906 902 dies
925 873 1013 900 incre-
1029 873 1049 901 Β

231 933 321 957 menta
336 928 450 963 cepisse.
475 926 613 961 Repressa,
625 923 725 958 inquit.
737 923 765 949 in
785 928 900 956 praesens
913 919 1010 947 exitia-

231 976 292 1004 bilis
317 973 480 1010 superstitio,
507 979 599 999 rursus
620 968 781 1004 erumpebat,
799 975 851 994 non
871 966 948 992 modo
967 973 1013 1000 per

230 1022 355 1050 Judteam
369 1021 497 1055 originem
510 1018 588 1053 hujus
601 1017 676 1049 mali,
688 1015 732 1042 sed
747 1022 793 1050 per
813 1012 908 1040 Urbem
919 1012 1010 1045 etiam,

231 1077 281 1105 quo
299 1072 394 1095 cuncta
420 1065 533 1100 undique
546 1063 650 1090 atrocia
664 1067 710 1089 aut
735 1060 858 1095 pudenda
876 1059 1012 1093 conﬂuunt

232 1116 446 1149 celebranturque
458 1120 467 1139 :
484 1117 513 1140 ut
527 1109 642 1146 proinde
655 1109 763 1137 locutus
777 1115 837 1135 esse
848 1106 882 1134 de
897 1106 941 1133 illa
954 1105 1012 1140 ipsa

232 1160 421 1197 persecutione
445 1158 507 1193 jure
534 1163 567 1184 ac
592 1155 690 1184 merito
704 1154 875 1182 existimetur
885 1151 1013 1187 Epistolte

232 1211 338 1235 auctor.

267 1262 316 1290 llis
326 1262 434 1290 demum
451 1259 555 1288 accedit
567 1258 687 1294 ejusdem
697 1257 823 1292 Epistolte
838 1256 934 1291 stylus,
942 1254 1014 1282 mul-

232 1314 261 1337 to
285 1308 407 1336 ﬂoridior
427 1314 460 1334 eo
475 1310 502 1333 et
517 1305 674 1341 elegantior,
690 1311 745 1340 quo
757 1302 787 1331 S.
803 1307 905 1338 martyr
919 1302 946 1329 in
956 1301 1014 1329 suis

233 1358 367 1390 quotquot
395 1351 626 1380 circumferuntur
652 1349 766 1378 sinceris
794 1348 921 1384 operibus
947 1354 1014 1375 usus

233 1399 408 1434 comperitur.
425 1397 463 1425 De
477 1397 546 1432 ston
563 1395 697 1431 siquidem
708 1394 809 1423 Justini
824 1401 948 1422 summus
961 1392 1015 1421 cri-

233 1445 304 1472 ticus
320 1443 434 1471 Photius
456 1443 492 1469 ita
507 1442 613 1470 censuit
625 1441 680 1477 (19)
695 1449 702 1468 :
720 1440 889 1476 Ῥητορικαίς
906 1438 1014 1474 τέχναις

232 1491 283 1518 sine
306 1489 368 1526 ἔσχε
393 1489 508 1524 σπουδὴν
529 1487 679 1524 ὲπιχρῶσαι
695 1487 726 1513 τδ
740 1486 857 1522 ἔμφυτον
871 1485 952 1512 αὑτοῦ
964 1485 1014 1520 τῆς

234 1535 390 1571 φιλοσοφίας
401 1534 507 1566 κάλλος.
516 1533 560 1560 Διὸ
573 1533 620 1560 καὶ
630 1534 655 1559 οι
667 1532 739 1566 λόγοι
751 1531 832 1558 αὑτοῦ
845 1530 930 1562 ἄλλως
940 1530 1014 1561 ὄντες

233 1582 349 1613 δυνατοὶ,
364 1580 411 1607 καὶ
424 1579 454 1606 τὺ
465 1578 671 1614 ἐπιστημονικὸν
681 1575 868 1608 διασώζοντες,
878 1575 932 1602 τῶν
945 1575 1016 1601 ὲκεϊ-

235 1629 297 1656 σθεν
323 1628 373 1655 hinc
398 1627 466 1654 εῑσῒν
495 1625 690 1658 ἀποστάζον-τες
711 1624 881 1660 ἡδυσμάτων,
897 1622 958 1650 οὐδὲ
976 1622 1016 1658 τῷ

235 1674 371 1710 ἐπαγωγῷ
391 1675 438 1701 καὶ
462 1672 613 1708 Θελκτηρίῳ
631 1672 693 1703 τοὺς
717 1670 830 1702 πολλοὺς
847 1669 901 1696 τῶν
916 1670 1017 1705 ἀκροα-

233 1721 288 1747 τῶν
303 1720 486 1756 ἐφελκόμενοι.
505 1727 514 1744 ι
533 1717 679 1746 Rethorico
694 1716 818 1750 artiﬁcio,
834 1716 932 1751 inquit,
946 1716 1017 1743 nati-

235 1774 296 1794 vam
310 1766 488 1802 philosophiae
497 1772 553 1793 suae
569 1763 797 1799 pulchritudinem
811 1763 935 1791 colorare
947 1762 1016 1789 nihil

234 1813 311 1848 pensi
323 1812 428 1840 habuit.
441 1810 624 1845 Quamobrem
636 1809 718 1837 etiam
731 1808 791 1844 ejus
802 1808 901 1841 oratio,
913 1808 1016 1843 pollens

236 1859 338 1894 alioqui
361 1866 394 1886 ac
414 1858 515 1890 valida,
531 1855 765 1890 scientiﬁcumque
779 1862 891 1882 servans
905 1854 1015 1890 stylum,

235 1905 372 1934 rhetorica
395 1905 440 1932 illa
460 1904 633 1931 condimenta
645 1909 698 1929 non
713 1901 809 1936 spirat,
822 1908 872 1928 nec
881 1900 1017 1928 illecebris

235 1957 263 1980 et
281 1950 474 1980 blandimentis
489 1949 586 1984 vulgus
602 1947 758 1975 auditorum
770 1946 894 1973 attrahit.
915 1955 924 1972 ι
939 1944 1017 1978 Quod

237 2005 303 2025 sane
318 1995 450 2031 judicium
474 1995 496 2023 si
520 1995 583 2030 quis
598 1992 723 2021 conferre
733 1992 797 2020 velit
813 1999 876 2019 cum
890 1991 935 2018 illa
950 1997 1018 2026 prae-

237 2043 319 2071 stanti
333 2042 485 2070 elocutione
499 2048 553 2076 qua
565 2040 651 2068 utitur
661 2043 756 2067 auctor
771 2037 910 2073 Epistolas.
923 2044 1018 2072 quam-

237 2090 279 2117 vis
299 2089 416 2116 fortasse
432 2088 538 2123 reliqua
561 2086 688 2114 deessent
700 2089 871 2120 argumenta,
888 2084 961 2111 illam
977 2089 1018 2110 ta-

237 2142 300 2162 men
325 2133 433 2161 Justino
462 2132 671 2167 abjudicandam
699 2131 742 2159 vel
771 2130 873 2158 invitus
901 2129 1018 2157 fateatur

239 2183 356 2215 oportet.
368 2179 402 2206 Et
417 2178 470 2205 hac
493 2177 602 2212 quidem
617 2176 772 2204 difficultate
788 2175 856 2202 adeo
877 2177 1017 2209 permotus

239 2213 291 2253 fuit
313 2226 408 2253 doctus
423 2223 511 2251 editor
524 2222 725 2255 Benedictinus,
738 2226 767 2249 ut
784 2221 854 2249 inter
867 2220 1019 2249 certissima
1035 2213 1058 2241 Β

239 2271 268 2299 S.
285 2270 412 2306 martyris
427 2277 508 2304 opera
528 2268 650 2296 eamdem
669 2267 811 2303 epistolam
826 2274 858 2295 eo
869 2267 930 2294 loco
947 2266 1019 2294 haud

238 2317 398 2350 collocarit,
429 2323 510 2351 quem
536 2313 658 2349 alioquin
681 2314 733 2349 ipsi
757 2313 938 2349 assignasset,
965 2312 1020 2341 nisi

239 2363 374 2392 dubitatio
399 2367 509 2398 pectore
535 2360 616 2388 inﬁxa
649 2360 709 2388 viro
738 2360 890 2389 clarissimo
914 2360 1021 2388 .haesis-

239 2410 354 2446 set(20).

279 2478 288 2493 ι
301 2467 396 2502 Neque
409 2474 484 2499 vero.
498 2471 529 2494 ut
543 2466 643 2502 optime
657 2465 790 2494 Nourrius
804 2466 872 2501 (2i),
884 2465 947 2493 inde
956 2472 1022 2492 con-

241 2514 318 2540 tinuo
335 2513 398 2548 quis
413 2517 518 2548 arguat,
533 2513 631 2548 stylum
645 2516 720 2539 tanto
734 2512 824 2539 studio
842 2511 1021 2542 elaboratum,

242 2559 277 2586 ab
300 2566 407 2586 summa
432 2559 564 2586 orationis
580 2558 736 2593 apostolica:
748 2558 921 2592 simplicitate
936 2557 1023 2591 magis

243 2607 401 2640 abhorrere,
421 2613 503 2640 quam
518 2609 548 2632 ut
561 2605 643 2632 alicui
663 2612 758 2632 eorum
783 2604 918 2639 discipulo
938 2603 1024 2638 possit

278 2683 335 2718 (l6)
351 2683 500 2718 Prolegom.
517 2690 577 2717 cap.
593 2683 622 2715 2,
640 2683 654 2718 §
680 2683 707 2710 4.

277 2719 334 2752 (17)
351 2717 444 2746 Ιίθινιιι.
460 2718 548 2748 Past.,
563 2718 610 2745 lib.
623 2717 709 2751 t,’vis.
725 2718 752 2749 5,
766 2725 843 2752 capp.
860 2717 873 2744 1
887 2721 915 2744 et
928 2717 955 2744 3.

278 2752 335 2787 (18)
350 2752 437 2780 Tacit.
457 2753 556 2780 Annal.
576 2753 624 2780 lib.
639 2761 683 2784 xv,
697 2761 757 2788 cap.
772 2753 817 2780 44.

281 2788 337 2815 (19)
350 2787 429 2815 Phot.
445 2788 528 2815 Bibl..
542 2787 603 2815 cod.
623 2787 684 2815 125.

281 2788 337 2821 (19)
350 2788 429 2815 Phot.
445 2788 528 2819 Bibl.,
542 2788 603 2815 cod.
623 2788 684 2815 125.

282 2823 337 2857 (20)
349 2822 452 2857 Maron.
469 2822 589 2854 Praef-aL,
600 2827 670 2856 part.
687 2830 795 2857 tu.cap,
807 2823 835 2855 3,
851 2822 864 2857 §
877 2822 902 2854 5,
911 2829 970 2856 pag.
980 2821 1023 2849 75.

281 2856 338 2894 (21)
353 2856 451 2885 Nourr.
473 2857 566 2892 Appar.
579 2857 613 2885 ad
624 2857 686 2886 bibl.
696 2856 844 2890 PP..’tom.
853 2856 878 2885 'l.
891 2865 950 2887 una.
961 2857 1022 2886 146.

1060 228 1155 252 sancto
1175 223 1283 250 aillante
1301 221 1404 257 Spiritu
1425 221 1497 248 edita
1514 224 1579 248 sunt
1597 227 1677 247 sacra
1693 218 1850 254 Scriptura-

1059 278 1120 298 rum
1136 269 1287 302 volumina,
1302 268 1411 304 ingenio
1426 267 1542 302 quisque
1556 265 1672 293 indulsit
1688 273 1754 298 suo,
1769 270 1851 300 atque

1061 315 1264 344 lucubrationes
1278 322 1343 342 suas
1354 313 1424 349 stylo
1438 313 1484 341 alii
1495 311 1669 348 elcgantiori,
1687 311 1734 338 alii
1744 310 1851 345 simpli-

1061 363 1130 391 ciori
1153 367 1311 390 exararuut.
1330 361 1480 388 Fatendum
1502 364 1594 387 tamen
1611 363 1665 390 cst,
1679 365 1729 385 eos
1753 357 1852 392 saepius

1061 408 1228 443 simplicitati
1253 407 1403 440 studuisse;
1432 413 1482 433 nec
1503 409 1600 432 auctor
1624 407 1721 430 noster
1747 402 1852 437 absque

1062 456 1139 491 gravi
1156 456 1249 490 aliqua
1263 462 1356 487 causa,
1372 452 1498 480 fortassis
1518 456 1547 479 ut
1559 451 1704 478 veritatem
1719 449 1851 484 Diogneto

1062 501 1172 529 facilius
1193 500 1381 536 persuaderet,
1398 499 1441 526 bis
1455 498 1620 533 eloquentiae
1632 497 1760 525 artiﬁciis
1772 500 1851 529 atque

1063 547 1234 575 ornamentis
1258 554 1324 574 usus
1349 545 1441 572 fuerit.
1461 554 1469 571 ι
1493 543 1633 571 Hactenus
1654 543 1697 570 vir
1714 542 1851 569 eruditus.

1062 594 1121 628 Qua
1144 594 1177 622 de
1198 601 1228 621 re
1249 594 1378 629 pleraque
1403 591 1498 625 habes,
1519 589 1702 618 solertissime
1725 586 1851 615 Fabricio

1062 641 1131 669 scite
1145 640 1289 668 observata
1302 638 1370 674 (22).

1165 700 1197 728 ll.
1217 698 1360 727 Nonnullis
1375 697 1563 732 objectionibus
1579 695 1743 723 occurritur.

1098 755 1165 790 Quae
1189 760 1280 784 autem
1306 755 1360 783 huc
1383 762 1470 790 usque
1491 751 1750 783 animadvertimus,
1766 750 1791 778 si
1805 749 1848 778 cui

1063 809 1143 837 atquo
1158 802 1252 830 animo
1269 801 1421 836 expendere
1437 800 1532 833 libeat,
1546 800 1593 826 vix
1606 798 1703 826 dubito
1714 796 1783 833 quin
1803 803 1850 824 eo-

1063 855 1125 875 rum
1152 847 1314 875 sententiam
1340 845 1537 881 amplectatur,
1554 844 1601 879 qui
1622 843 1706 879 huius
1727 842 1850 878 epistolae

1064 900 1202 924 auctorem
1222 892 1330 921 Justiuo
1350 891 1386 920 Μ.
1403 892 1490 920 multo
1509 890 1688 919 vetustiorem
1702 897 1766 917 esse
1783 888 1848 916 deii-

1063 941 1152 968 niunt.
1176 938 1319 967 Nonnullis
1343 938 1453 974 quidem
1474 937 1542 965 viris
1562 936 1667 965 criticis
1679 935 1762 964 exiis
1781 934 1849 962 locis

1062 994 1148 1015 unum
1157 986 1199 1013 vel
1211 986 1324 1013 alterum
1340 985 1418 1012 aliter
1429 983 1552 1019 accipere
1564 983 1664 1018 placet,
1673 989 1729 1017 quo
1739 980 1848 1008 Iustino

1062 1033 1203 1069 epistolam
1219 1035 1359 1064 asseram;
1375 1030 1423 1059 sed
1443 1030 1498 1058 vim
1515 1028 1614 1057 inferre
1638 1028 1732 1056 verbis
1751 1027 1848 1054 viden-

1063 1083 1119 1111 tur,
1127 1083 1158 1106 ut
1170 1085 1201 1105 ea
1213 1085 1323 1106 sensum
1341 1077 1417 1104 illum
1435 1075 1577 1104 eﬂ‘nndant
1591 1082 1674 1109 quem
1686 1073 1846 1105 intendunt;

1063 1132 1124 1152 cum
1141 1129 1235 1152 contra
1248 1122 1408 1158 aequabilius
1423 1121 1508 1149 ﬂuant
1526 1120 1629 1153 omnia,
1644 1119 1691 1147 ubi
1704 1119 1740 1146 ad
1753 1127 1788 1146 ea
1806 1127 1847 1147 re-

1063 1171 1187 1200 ferantur
1202 1176 1325 1207 tempora
1338 1178 1399 1206 qua:
1412 1178 1445 1197 ex
1461 1169 1519 1204 ipso
1535 1171 1662 1196 contextu
1679 1166 1845 1194 extudimus.

1063 1218 1156 1254 Neque
1176 1217 1286 1245 demum
1304 1217 1366 1252 quis
1378 1216 1440 1251 jure
1456 1215 1508 1243 sibi
1531 1213 1694 1250 persuadeat
1709 1211 1847 1239 Justinum

1063 1263 1100 1291 Μ.
1116 1267 1164 1291 aut
1187 1263 1271 1291 alium
1290 1262 1414 1298 quemvis
1432 1262 1492 1297 ipso
1514 1260 1706 1292 recentiorem,
1727 1266 1789 1286 eam
1810 1257 1848 1284 lo-

1064 1310 1165 1346 quendi
1182 1310 1316 1337 rationem
1335 1309 1363 1336 in
1385 1313 1441 1336 tota
1455 1307 1501 1335 illa
1520 1307 1634 1342 epistola
1655 1312 1791 1340 usurpare
1806 1311 1849 1330 vo-

1064 1357 1159 1390 luisse,
1181 1363 1241 1392 quze
1263 1355 1387 1383 ultimam
1407 1354 1598 1389 antiquitatem
1622 1352 1722 1386 sapiat,
1736 1356 1766 1379 ut
1785 1351 1849 1378 viris

1067 1402 1181 1431 eruditis
1193 1406 1264 1430 recte
1282 1405 1405 1429 notatum
1417 1399 1484 1436 (23).

1098 1459 1133 1487 At
1142 1459 1214 1486 enim
1228 1463 1331 1492 auctor,
1344 1457 1427 1486 tacito
1443 1456 1553 1485 nomine
1570 1455 1659 1488 Pauli,
1686 1459 1850 1482 antonoma-

1066 1505 1132 1532 stice
1143 1505 1264 1540 Apustoli
1274 1504 1353 1532 titulo
1362 1503 1450 1538 ipsum
1456 1502 1589 1538 designat,
1600 1509 1719 1536 quonon
1727 1500 1780 1528 nisi
1791 1506 1852 1534 post

1028 1544 1049 1573 (ἶ
1065 1551 1157 1586 priora
1169 1550 1296 1578 Ecclesia
1307 1549 1405 1578 sazcula
1416 1548 1563 1584 insignitus
1575 1547 1664 1575 fuisse
1675 1546 1849 1582 comperimr.

1066 1596 1152 1629 Quam
1162 1596 1328 1631 facultatem,
1341 1594 1505 1630 (24)inquit,
1520 1602 1580 1620 cum
1594 1592 1769 1628 perspexisset
1783 1592 1853 1626 Apo-

1066 1643 1160 1676 stolus,
1172 1643 1187 1669 ὁ
1203 1641 1482 1674 ¹Απόστολος....άὶεὶι
1493 1648 1501 1667 :
1511 1639 1730 1675 Cognitioinﬂat,
1745 1638 1852 1665 dilectio

1067 1693 1154 1715 autem
1168 1687 1296 1722 aediﬁcat.
1309 1685 1391 1721 Atqui
1413 1685 1447 1713 ad
1466 1685 1536 1713 hanc
1549 1684 1738 1712 difﬁcultatem
1753 1682 1851 1710 tollen-

1066 1734 1128 1762 dam
1144 1742 1198 1761 non
1213 1741 1246 1761 eo
1259 1740 1326 1761 sane
1339 1736 1401 1760 utar
1420 1731 1530 1766 eﬂugio,
1551 1738 1608 1766 quo
1624 1735 1776 1758 extremam
1791 1728 1853 1764 Ept-

1067 1781 1145 1808 stola’.
1163 1784 1280 1815 partem,
1297 1779 1332 1807 ab
1355 1779 1398 1807 his
1417 1778 1509 1806 verbis
1530 1775 1606 1809 οὗτος
1620 1778 1634 1804 ὁ
1654 1777 1703 1804 ἀπ’
1718 1775 1807 1812 ἀρχῆς
1820 1775 1853 1802 ad

1066 1826 1148 1854 tinem
1175 1833 1272 1860 usque,
1289 1825 1324 1852 ab
1347 1825 1402 1852 alio
1433 1824 1550 1852 fortasse
1573 1828 1697 1851 assutam
1714 1831 1779 1851 cum
1795 1821 1854 1849 Ste-

1066 1870 1158 1906 phano
1171 1874 1197 1897 et
1210 1869 1354 1905 Sylburgio
1365 1868 1423 1904 (25)
1438 1869 1572 1904 suspicer.
1584 1867 1656 1895 Leve
1670 1875 1792 1903 namque
1806 1867 1854 1894 ad-

1067 1917 1178 1945 modum
1194 1917 1260 1944 illud
1274 1921 1315 1944 est
1330 1916 1402 1951 quod
1418 1919 1578 1951 praetexunt,
1588 1923 1598 1941 ε
1610 1914 1739 1950 Epistolze
1748 1914 1853 1941 auctori

1067 1971 1124 1991 rem
1148 1971 1202 1991 non
1227 1962 1311 1990 fuisse
1331 1969 1394 1990 cum
1419 1961 1588 1994 Christiano,
1612 1960 1660 1995 qui
1679 1959 1722 1991 εἰς
1743 1959 1854 1986 τοιαῦτα.

1068 2007 1122 2034 τῶν
1146 2007 1232 2042 λόγων
1253 2007 1322 2043 βάοη
1338 2011 1480 2042 penetrare
1492 2009 1600 2042 posset;
1628 2005 1676 2033 sed
1702 2012 1768 2032 cum
1792 2003 1852 2031 Dio-

1067 2059 1162 2090 gneto,
1178 2054 1340 2081 Christianae
1351 2054 1481 2081 doctrinae
1498 2053 1588 2081 adhuc
1604 2052 1676 2080 rudi.
1689 2061 1700 2078 ι
1715 2052 1853 2087 Siquidem

1067 2101 1127 2128 viro
1153 2100 1193 2127 illi
1219 2100 1382 2128 Christiana
1405 2099 1545 2135 religionis
1565 2098 1765 2133 cognoscenda:
1782 2098 1853 2133 cupi-

1067 2146 1193 2179 dissimo,
1207 2146 1337 2181 pleraque
1351 2146 1384 2173 iis
1399 2145 1559 2181 afﬁniaquat
1572 2145 1624 2173 sub
1631 2144 1765 2180 Epistolz
1776 2145 1852 2172 linem

1069 2196 1228 2225 occurrunt,
1247 2191 1274 2218 in
1293 2190 1481 2225 superioribus
1493 2190 1621 2225 proponit
1633 2194 1731 2218 auctor
1744 2199 1752 2217 :
1765 2191 1853 2224 cujus-

1070 2237 1143 2265 modi
1158 2242 1222 2266 sunt
1235 2245 1278 2271 ea,
1289 2237 1363 2272 quod
1380 2236 1452 2264 Deus
1467 2244 1521 2264 non
1536 2244 1592 2264 rem
1604 2241 1726 2264 creatam
1740 2237 1850 2269 miserit,

1071 2283 1117 2312 sed
1126 2283 1265 2319 proprium
1276 2283 1374 2311 Filium
1383 2292 1390 2317 ;
1399 2283 1471 2318 quod
1483 2290 1545 2312 sero
1556 2283 1658 2311 missus
1668 2282 1752 2311 fuerit
1761 2283 1850 2315 Filius,

1071 2338 1125 2366 quo
1138 2334 1335 2365 cognoscerent
1349 2330 1476 2357 homines
1492 2338 1526 2357 ex
1548 2330 1669 2364 peccatis
1687 2330 1748 2358 suis
1764 2330 1851 2357 sev-ita

1071 2376 1198 2411 indignos
1211 2383 1290 2409 esse;
1307 2376 1380 2411 quod
1391 2375 1418 2402 in
1434 2375 1487 2402 alio
1501 2382 1584 2410 quam
1596 2374 1625 2402 in
1635 2374 1749 2403 Christo
1757 2375 1851 2409 justiﬁ~

1072 2421 1128 2449 cari
1143 2421 1225 2449 homo
1239 2428 1294 2448 non
1312 2424 1429 2455 poterat,
1438 2427 1502 2454 etc.,
1517 2426 1548 2447 ut
1561 2419 1678 2455 proinde
1700 2420 1850 2455 hujcsmodi

1072 2466 1203 2501 mysteria
1216 2466 1330 2494 edoctus
1342 2464 1502 2500 Diognetus,
1515 2465 1568 2492 illis
1579 2472 1692 2499 quoque
1707 2465 1795 2499 ipsum
1807 2466 1850 2492 im-

1073 2511 1120 2539 bui
1149 2511 1222 2539 haud
1242 2511 1424 2546 incongruum
1438 2514 1507 2544 erat,
1521 2517 1582 2545 quae
1608 2510 1752 2538 subdititia
1775 2510 1851 2546 gratis

1073 2557 1273 2586 existimantur.

1108 2602 1156 2630 His
1167 2603 1259 2638 itaque
1274 2601 1376 2636 missis,
1389 2601 1455 2628 illud
1469 2601 1559 2636 potius
1569 2608 1632 2629 cum
1645 2602 1707 2629 viro
1718 2601 1799 2630 docto
1813 2602 1850 2629 di-

1109 2681 1167 2716 (22)
1192 2680 1273 2708 Fabr.
1299 2679 1388 2707 Salut.
1417 2678 1464 2705 tua:
1493 2677 1594 2714 Evang.
1629 2686 1693 2714 cap.
1721 2679 1749 2713 9,
1775 2679 1789 2716 ς
1813 2680 1850 2713 10,

1073 2716 1267 2792 Eaésiiiérat.
1283 2749 1398 2792 llisq'uis
1414 2749 1504 2792 πετριε..
1514 2757 1575 2792 cap.
1597 2756 1636 2792 ξε.
1657 2749 1683 2785 ς.
1694 2750 1799 2792 ﬁpag.
1811 2750 1848 2778 76.

1108 2757 1164 2792 (ξύ)
1176 2757 1267 2778 uarat.
1283 2757 1398 2790 unquis
1414 2757 1504 2776 cnron.
1514 2757 1575 2784 cap.
1597 2757 1636 2779 vr.
1657 2757 1683 2785 θ.
1694 2757 1723 2782 4,

1075 2785 1135 2814 0rsr
1151 2785 1233 2813 Istor.
1248 2785 1311 2813 eccl.
1327 2785 1374 2812 lib.
1392 2792 1423 2817 tt,
1435 2783 1450 2819 ξ
1462 2784 1508 2817 26,
1523 2790 1590 2811 tom.
1605 2783 1637 2816 ll,
1654 2793 1681 2819 p.

1182 2821 1270 2848 Anon.
1285 2820 1368 2861 _Epist.
1387 2820 1422 2847 ad
1435 2820 1558 2867 Diognet.
1577 2827 1639 2860 cap.
1653 2820 1699 2846 12.
1827 2856 1840 2862 -

1140 2858 1167 2891 υ)
1182 2856 1275 2891 Steph.
1287 2863 1313 2884 In
1331 2860 1387 2884 not.
1402 2860 1428 2884 ct
1442 2853 1566 2890 Sylburg.
1582 2863 1610 2882 In
1624 2855 1734 2890 aduot.,
1744 2856 1840 2891 ρας-ια

1140 2857 1167 2892 5)
1182 2856 1275 2892 Steph.
1287 2853 1313 2884 in
1331 2860 1387 2884 not.
1402 2860 1428 2884 ct
1442 2853 1566 2890 Sylburg.
1582 2853 1734 2890 inaduot.,
1744 2856 1851 2892 pag.“-
