1916 3099
69 149 147 177 “65"

552 148 719 177 EPISTOLA
734 149 780 176 AD
795 147 1009 177 DIOGNETUM.
1026 165 1060 171 —
1083 149 1263 178 PROOEMIA.

1632 155 1700 184 H66

66 209 180 237 ocndum
204 207 359 244 putaverim
371 207 429 243 (26)
447 217 457 233 ι
473 207 547 243 quod
577 215 640 236 cum
661 207 689 235 in
709 212 766 236 tota
787 206 851 242 Epi-
865 209 890 238 Α
902 215 962 234 oens
984 208 1081 242 spiritu
1099 207 1265 242 loquebatur,
1280 213 1305 235 et
1320 209 1428 236 docebat
1442 210 1582 246 diligenter
1597 221 1628 240 ea
1639 221 1699 248 quia

66 255 132 283 stola
153 254 228 282 varii
246 259 395 282 occurrant
411 254 503 282 hiatus
516 254 652 288 varieque
666 253 780 287 lacunae,
795 253 855 281 alite

50 297 216 333 breviores,
239 300 377 336 longiores
398 300 473 332 alite;
486 304 627 335 propterea
651 306 705 327 non
722 299 759 327 ita
779 304 855 327 certo

64 347 169 376 deliniri
184 351 287 382 potest,
296 354 422 382 quanam
438 345 539 374 ibidem
553 345 652 378 desint,
662 353 723 381 quae
738 345 854 373 aliorum

64 401 128 422 mss.
144 401 199 428 ope
221 397 350 428 poterunt
366 391 514 427 aliquando
526 391 658 427 suppleri.
669 391 704 419 Et
727 399 792 419 vero
818 391 854 418 ibi

65 440 178 468 forsitan
202 440 312 473 abrasa,
337 439 380 467 vel
399 439 503 467 omissa
529 444 582 472 est,
605 442 653 466 aut
675 438 786 466 evanuit
803 446 853 466 vox

64 487 179 518 Paulus.
196 494 259 522 quae
283 493 393 514 omnem
416 485 511 520 procul
531 485 614 513 dubio
633 485 715 513 solvit
739 485 855 520 hujusce

63 532 233 560 difﬁcultatis
248 532 361 559 nodum.
379 541 389 557 ι
407 530 513 564 Quibus
528 531 613 559 addas
628 531 746 559 maxime
761 531 853 564 velim,

63 587 109 607 cur
116 579 229 606 demum
236 577 427 605 antonomasia
439 577 482 604 illa
496 578 534 604 uti
545 577 616 604 haud
630 577 748 612 potuerit
762 581 853 604 noster

62 623 323 660 Anonymus?Quod
332 623 529 658 posterioribus
536 622 663 650 Patribus
670 622 854 658 Ecclesiatque

61 672 243 708 scriptoribus
271 671 329 699 sive
352 671 429 699 licuit
455 670 512 699 sive
526 670 616 703 libuit,
631 669 725 705 quidni
743 674 770 697 et
792 670 853 696 viro

61 718 231 753 apostolico?
242 716 364 752 Denique
377 716 442 752 quid
454 715 701 750 obstatquom-inus
711 714 848 750 ejusmodi

60 764 190 799 loquendi
207 771 313 794 morem
333 763 368 791 ab
382 770 416 791 eo
438 763 557 798 primum
572 762 710 789 invectum
732 761 853 796 reliquos

60 818 213 845 usurpasse
238 809 386 846 putemus?
413 808 483 836 Vere
508 815 627 843 namque
655 815 688 835 ac
716 807 854 842 sapienter

59 856 278 892 Chrysostomus
291 856 351 892 (27)
364 865 373 885 :
385 856 469 883 Ὅταν
477 853 638 881 Ἀπόστολον
649 853 739 890 εἴπῃς,
751 853 852 885 εὐθέως

906 257 966 280 sunt
977 253 1010 280 de
1017 253 1258 289 Domino....qui...
1267 255 1378 282 contulit
1385 256 1497 283 multum
1508 257 1548 284 his
1559 258 1604 293 qui
1614 261 1701 286 credi-

906 299 1009 327 derant.
1014 319 1034 327 ..
1043 299 1210 327 Vehementer
1215 302 1285 327 enim
1291 300 1398 328 Judteos
1406 302 1577 337 redarguebat
1583 304 1696 338 publice,

907 347 1044 374 ostendens
1065 355 1112 381 per
1128 346 1280 382 Scripturas
1305 355 1360 375 esse
1381 347 1516 376 Christum
1526 349 1627 377 Iesum.
1644 351 1699 378 lla-

907 401 961 429 que
972 393 995 421 si
1007 398 1099 421 tantus
1113 393 1155 421 vir
1168 398 1227 421 erat
1239 393 1347 428 Apollo,
1360 401 1421 421 cum
1436 394 1525 423 adhuc
1539 395 1606 423 solis
1617 396 1698 424 Chri-

907 440 1003 467 stianae
1021 439 1081 467 ﬁdei
1094 439 1257 467 rudimentis
1281 444 1353 467 esset
1375 440 1508 474 imbutus,
1529 445 1556 468 et
1583 441 1697 471 Joannis

906 486 1070 521 baptismate
1085 485 1380 519 duntaxat'intinctus;
1397 491 1517 521 quantus
1529 495 1611 522 porro
1631 495 1698 516 eva-

907 532 976 559 sisse
994 532 1144 567 putandus.
1159 537 1304 567 postquam
1319 532 1448 567 deinceps
1470 533 1612 561 altioribus
1632 533 1698 561 reli-

907 577 998 612 gionis
1016 578 1154 613 mysteriis
1168 585 1184 605 a
1199 577 1342 613 discipulis
1359 578 1478 612 Domini,
1497 583 1580 614 atque
1595 579 1622 606 in
1638 580 1696 615 pri-

907 623 960 650 mis
978 622 1012 650 ab
1027 623 1087 658 ipso
1107 623 1227 658 gentium
1242 623 1354 651 doctore
1370 623 1421 652 luit
1433 624 1594 652 institutus?
1608 624 1646 652 De
1663 633 1697 652 eo

909 675 976 696 sane
991 672 1106 696 testatur
1120 668 1269 703 Apostolus
1280 669 1464 702 “,Ecclesiam
1491 669 1696 698 Corinthiacam

906 721 922 741 a
934 721 963 741 se
971 714 1132 749 plantatam,
1144 714 1220 742 illum
1234 715 1348 749 copioso
1364 715 1506 750 sapientia:
1520 722 1553 743 ac
1562 716 1696 751 cloquen-

906 756 952 784 tiae
967 764 1024 784 sua:
1038 757 1124 785 imbre
1140 758 1208 785 adeo
1230 757 1371 793 irrigasse,
1386 763 1416 785 ut
1428 759 1596 786 uberrimam
1619 767 1697 794 sege-

907 805 961 829 tcm
981 802 1112 836 referens,
1130 803 1286 831 schismatis
1306 803 1415 831 occasio
1426 803 1519 837 fuerit,
1535 804 1694 832 Corinthio-

905 856 968 877 rum
991 849 1053 878 aliis
1079 849 1267 877 dictitantibus
1285 859 1291 876 :
1309 849 1366 885 Ego
1388 850 1493 885 quidem
1513 859 1573 878 sum
1597 850 1694 884 Pauli;

59 888 160 935 κάνειες
174 903 258 930 αὐτὸν
276 888 422 930 ἐννοοῦσιν·
434 901 528 938 ὥσπερ
545 901 609 928 ὅταν
621 888 788 936 Βαπτιοτὴν,
805 899 846 926 εὑ-

902 893 963 921 aliis
986 902 1073 922 vero:
1096 894 1152 930 Ego
1175 899 1264 922 autent
1290 895 1395 930 Apollo.
1411 890 1512 929 Quidni
1536 904 1602 932 ergo
1616 897 1694 925 lucu-
1747 920 1750 922 .

59 950 127 982 θὲως
147 949 198 976 τὸν
229 950 366 986 Ἰωάννην.
394 959 405 976 ε
421 948 536 982 Quando
557 948 717 983 Apostolum
737 947 850 980 dixeris,

58 999 150 1026 statim
176 998 307 1026 omnibus
331 997 376 1024 ille
396 995 521 1032 (Paulus)
542 997 570 1024 in
600 1000 719 1023 mentem
745 995 818 1023 venit
841 1004 848 1022 :

58 1044 294 1080 quemadmodum
308 1043 333 1071 si
345 1042 509 1078 Baptistam,
525 1042 616 1071 statim
627 1040 761 1069 Joannem
776 1039 853 1067 intel-

57 1089 154 1125 ligunt.
178 1098 188 1115 ι
213 1088 284 1122 Quid
300 1088 373 1123 quod
393 1087 550 1122 Apostolant
574 1085 736 1121 simpliciter
750 1085 843 1112 nomi-

57 1140 104 1163 nat
117 1136 310 1171 Athenagoras
322 1134 361 1161 De
375 1134 484 1162 Resurr.
500 1133 514 1169 §
529 1139 677 1168 “nuptis.
691 1132 738 1160 55.

57 1214 98 1243 ill.
115 1215 185 1248 Quit
207 1214 324 1250 ejusdem
342 1213 470 1249 Epistolas
483 1217 577 1250 auctor
589 1212 850 1250 fuerit,rinqu_iritur.

90 1247 133 1278 An
155 1247 277 1278 Clemens
309 1247 463 1277 Romanus?
486 1247 613 1276 Fortasse
634 1247 732 1283 potius
745 1247 850 1282 Apollo,

88 1294 130 1314 nr
157 1285 374 1318 Alexandrinus,
387 1285 512 1320 eloquens
518 1284 691 1320 indisertus
705 1283 812 1320 {cujus
823 1283 852 1309 in

89 1322 166 1348 Actis
191 1320 372 1355 apostolorum
393 1318 475 1355 fet'in
498 1319 629 1355 Epistolis
653 1318 777 1355 Paulim's
798 1318 852 1355 [re-

89 1365 174 1391 quens
195 1353 303 1383 mentio.
328 1355 364 1382 De
372 1354 514 1391 _Diogneto
528 1355 571 1381 cui
587 1353 717 1391 Epistula)
728 1353 851 1391 inscrilgi—

90 1389 146 1425 tur,
165 1392 249 1426 deque
269 1391 352 1426 ipsius
367 1389 497 1425 Epistula:
508 1390 674 1424 praestantia,
691 1389 849 1416 observatio.

89 1457 154 1487 llaec
169 1465 236 1486 vero
246 1457 280 1485 de
293 1457 392 1493 quibus
410 1457 545 1484 hactenus
564 1455 772 1490 edisseruimus,
789 1455 849 1483 ani-

56 1513 130 1533 mum
147 1505 275 1533 alliciunt
293 1509 321 1532 et
333 1504 537 1540 quodammodo
557 1503 701 1539 impellunt
714 1503 748 1531 ad
764 1503 851 1538 inqui-

56 1551 183 1584 rendum,
200 1551 329 1586 quisnam
356 1550 392 1578 sit
416 1554 511 1578 auctor
523 1549 652 1585 Epistolas
668 1558 675 1576 :
693 1556 748 1584 quo
764 1548 848 1576 semel
861 1558 884 1589 ο

56 1598 124 1626 forte
137 1599 256 1631 detecto,
269 1597 326 1632 jam
352 1596 432 1624 dictis
447 1597 494 1624 lux
516 1596 604 1631 major
631 1596 752 1623 accedet.
768 1594 846 1622 linus

56 1643 215 1672 Baraterius
242 1643 408 1670 Clementem
436 1641 591 1669 Romanum
619 1641 690 1669 hanc
724 1639 846 1675 perscri-

55 1689 271 1725 psisseconjecit
292 1688 361 1724 (28),
378 1695 412 1716 eo
437 1688 612 1723 potissimum
638 1687 760 1719 nomine,
773 1686 846 1721 quod

56 1736 98 1764 ille
121 1736 158 1764 iis
181 1734 351 1770 temporibus
379 1734 464 1762 vitam
491 1733 581 1769 egisse
604 1737 774 1768 compertum
799 1732 862 1772 sit,_

55 1782 154 1817 quibus
169 1781 296 1809 ﬂoruisse
322 1780 481 1816 perhibetur
493 1784 587 1808 noster
609 1778 780 1815 Anonymus.
793 1772 859 1805 γε]

55 1835 117 1855 reor
130 1832 235 1860 tamen,
245 1831 275 1854 ut
286 1826 352 1854 illud
367 1826 434 1854 satis
445 1826 554 1853 ﬁrmum
568 1830 714 1860 ratumque
729 1823 845 1860 sitquod

54 1875 164 1902 censuit
179 1874 223 1901 vir
241 1874 380 1906 eruditus,
395 1872 542 1908 epistolam
561 1879 659 1907 nempe
671 1879 726 1907 qua
739 1871 772 1898 de
787 1870 845 1905 agi—

54 1927 127 1954 mus,
143 1919 245 1956 stylum
263 1918 408 1947 Paulinum
431 1919 469 1946 ita
486 1917 588 1946 referre
599 1921 630 1944 ut
642 1916 718 1944 Pauli
730 1923 792 1944 esse
803 1915 845 1943 vi-

54 1965 166 1999 deatur;
184 1966 307 2000 adeoque
319 1965 486 1993 Clementem
500 1969 638 1992 auctorem
654 1971 710 1999 prae
723 1970 752 1991 se
762 1962 843 1994 l'erre,

54 2012 133 2047 cujus
149 2012 252 2047 stylum
273 2019 336 2039 cum
354 2011 470 2039 Paulino
486 2017 611 2045 magnam
635 2009 737 2036 habere
751 2007 842 2036 aliini-

54 2063 136 2086 tatem
160 2058 242 2092 plane
264 2062 382 2086 constat.
396 2057 431 2084 At
441 2064 503 2092 ego,
515 2056 539 2084 si
557 2055 623 2091 quid
639 2055 727 2091 sapio,
741 2055 769 2082 in
782 2062 844 2083 eam

54 2105 146 2140 potius
174 2104 339 2133 sententiam
368 2103 475 2136 iverim,
492 2102 590 2137 Apollo
600 2101 660 2138 ejus
680 2102 843 2137 scriptorem

53 2159 115 2179 esse
136 2151 355 2187 agnoscendum,
366 2149 401 2177 de
423 2155 480 2184 quo
498 2148 556 2176 haec
572 2147 661 2176 Lucas
681 2147 709 2175 in
724 2147 799 2175 Actis
810 2147 841 2174 ἐ

60 2198 242 2230 Ἀπολλὼςη..
257 2196 327 2233 ἀνὴρ
347 2196 468 2232 λόγιος...
484 2195 595 2227 δυνατὸς
607 2194 645 2222 ὢν
655 2195 686 2221 ὲν
696 2195 757 2226 ταῖς
772 2194 843 2226 Γρα-

902 940 1082 968 lentissimum
1112 941 1253 976 scripserit
1266 941 1409 976 epistolam
1424 942 1466 969 vir
1481 942 1693 977 Alexandrinus,

902 987 1032 1022 eloquens,
1044 990 1135 1021 potens
1146 987 1174 1014 in
1186 986 1346 1022 Scripturis,
1359 987 1460 1021 fervens
1474 988 1571 1022 spiritu
1585 993 1611 1016 et
1622 989 1692 1017 viam

902 1031 1013 1060 Domini
1032 1033 1159 1061 edoctus?
1179 1033 1280 1067 Quidni
1294 1034 1337 1061 vir
1352 1034 1397 1062 ille
1414 1034 1591 1070 apostolicus,
1603 1036 1693 1063 scien-

903 1080 953 1113 tia,
967 1080 1018 1107 lide
1031 1088 1063 1108 ac
1077 1080 1178 1115 pietate
1191 1084 1338 1115 praestans;
1355 1080 1401 1115 qui
1417 1089 1448 1107 ea
1459 1080 1599 1116 diligenter
1611 1081 1691 1109 doce-

902 1126 946 1153 bat
968 1134 1026 1161 qute
1049 1130 1110 1153 sunt
1125 1126 1157 1153 de
1174 1123 1302 1160 Domino,
1316 1135 1362 1161 per
1384 1126 1538 1161 Scriptura:
1552 1127 1692 1155 ostendens

904 1172 990 1207 ipsum
1002 1180 1056 1199 esse
1071 1171 1224 1202 Christum;
1237 1171 1338 1207 quique
1350 1176 1411 1200 erat
1425 1171 1515 1207 λόγιος
1532 1174 1547 1200 ὁ
1561 1173 1692 1209 mucci);

901 1217 954 1244 τῶν
961 1217 1079 1254 Χριστοῦ
1089 1217 1218 1253 μαθητῶν
1226 1227 1235 1244 ι
1245 1210 1376 1253 eloquens
1385 1218 1690 1255 t'igatordiscipulorum

901 1260 1006 1288 Christi
1024 1271 1034 1288 ›
1052 1267 1082 1289 ut
1103 1260 1134 1289 S.
1157 1261 1210 1289 Nili
1229 1262 1310 1290 verba
1335 1270 1464 1298 usurpem
1474 1263 1546 1299 (29);
1562 1264 1690 1293 sublimia

901 1306 947 1334 illa
965 1308 1093 1343 mysteria
1105 1307 1138 1335 de
1151 1308 1220 1335 Filio
1236 1307 1282 1335 Dei
1297 1300 1483 1343 edisseruerit,
1500 1317 1561 1344 qua:
1582 1311 1689 1338 suavis-

901 1352 973 1380 simo
985 1353 1096 1388 eloquio
1110 1353 1273 1389 Diognetum
1283 1362 1315 1382 ea
1329 1354 1356 1382 in
1370 1355 1484 1390 epistola
1499 1356 1596 1384 edocet
1612 1357 1690 1392 (50)?

901 1397 998 1433 Apollo
1005 1399 1146 1426 enimvero
1156 1403 1255 1426 caetera
1263 1399 1356 1427 omnia
1367 1404 1531 1436 congruunt,
1538 1409 1599 1436 quae
1608 1402 1690 1430 modo

901 1453 935 1472 ex
958 1445 1046 1480 ipsius
1069 1445 1198 1480 Epistolas
1213 1450 1343 1474 contextu
1360 1446 1519 1482 deprompta
1538 1448 1688 1476 illustravi-

901 1498 978 1524 mus;
992 1491 1114 1527 illudque
1127 1492 1314 1526 potissimum,
1330 1493 1403 1527 quod
1414 1492 1528 1521 Paulum
1541 1501 1689 1529 suppresso

902 1536 1013 1564 nomine
1040 1537 1198 1572 Apostolum
1226 1537 1387 1572 simpliciter
1419 1538 1579 1574 appellarit;
1606 1547 1688 1575 quem

898 1590 984 1610 unum
997 1583 1103 1611 scilicet
1115 1582 1214 1618 Ephesi
1231 1584 1413 1612 conveniens"
1431 1592 1494 1612 cum
1508 1592 1597 1620 eoque
1615 1587 1687 1614 ami-

897 1626 1006 1656 cissime
1014 1636 1108 1664 agens,
1120 1629 1192 1658 illius
1205 1629 1412 1658 sollicitudinem
1427 1632 1544 1658 omnium
1552 1631 1687 1662 Ecclesia-

897 1674 974 1700 rum“
987 1675 1072 1709 probe
1088 1675 1207 1702 tenebat.

890 1723 909 1738 τ’
931 1718 1024 1755 Neque
1043 1719 1110 1748 illud
1136 1720 1248 1748 omittas
1271 1722 1352 1749 velim
1367 1722 1402 1750 ad
1423 1723 1554 1758 temporis
1569 1725 1688 1752 notatio-

897 1773 958 1793 nem
973 1765 1060 1802 magis
1076 1767 1166 1794 adhuc
1177 1767 1355 1796 astruendam
1369 1768 1460 1796 virum
1481 1769 1556 1797 hunc
1572 1775 1686 1806 aposto—

895 1812 977 1841 licum
989 1814 1017 1841 in
1031 1814 1099 1842 vivis
1111 1814 1200 1850 egisse
1211 1823 1285 1842 anno
1296 1815 1407 1851 64(51),
1420 1816 1463 1843 vel
1474 1816 1566 1851 potius
1577 1817 1622 1848 65.
1635 1818 1685 1846 de-

895 1860 1001 1888 sinente
1017 1860 1087 1897 (52),
1101 1868 1157 1896 quo
1176 1869 1254 1889 suam
1284 1862 1393 1897 scripsit
1412 1861 1514 1890 Paulus
1535 1863 1569 1891 ad
1591 1863 1683 1892 Titum

895 1906 1042 1941 Epistolam
1055 1917 1062 1935 :
1075 1907 1103 1934 in
1116 1915 1148 1935 ea
1163 1908 1236 1935 enim
1247 1908 1295 1936 dat
1309 1909 1360 1944 ipsi
1374 1909 1532 1937 mandatum
1547 1909 1684 1944 deApollo

894 1952 974 1980 Creta
996 1952 1146 1988 Nicopolim
1162 1954 1361 1988 praemittendo,
1375 1954 1420 1982 ubi
1438 1954 1560 1983 hiemare
1575 1959 1683 1982 statue-

893 2003 951 2033 rat;
966 2003 998 2026 ut
1019 1999 1134 2034 proinde
1158 2000 1269 2028 ineunte
1292 2008 1365 2028 anno
1385 2000 1547 2036 insequente
1566 2001 1612 2035 66,
1634 2009 1682 2029 co-

895 2046 987 2073 mitem
1017 2053 1078 2074 sese
1106 2046 1262 2081 adjunxerit
1284 2047 1409 2082 apostolo
1431 2047 1547 2083 ipsemet
1565 2048 1680 2083 Apollo,

895 2092 1018 2128 adeoque
1037 2100 1116 2121 suam
1139 2092 1270 2128 Diogneto
1285 2092 1436 2129 Epistolam
1451 2094 1503 2122 sub
1521 2094 1592 2122 idem
1612 2099 1682 2123 tem—

892 2146 945 2173 pus
960 2142 1008 2166 aut
1020 2138 1101 2174 paulo
1112 2139 1200 2167 serius
1214 2139 1395 2175 inscripserit.

928 2185 996 2220 Quis
1011 2193 1094 2221 porro
1109 2185 1192 2214 fuerit
1205 2186 1354 2222 Diognetus
1370 2187 1426 2220 ille,
1439 2187 1519 2223 plane
1527 2188 1681 2223 incomper-

54 2247 127 2280 φαῑς.
153 2229 238 2277 Οὗτος
252 2242 287 2280 ἦν
302 2229 492 2280 διατηέημένος
511 2242 560 2278 τὴν
580 2241 638 2268 ὁδὸν
659 2241 706 2268 τοῦ
726 2239 841 2276 Κυρίου,

901 2240 962 2260 :um.
977 2231 1071 2267 Neque
1084 2232 1168 2266 enim,
1180 2232 1203 2260 si
1216 2233 1282 2268 quid
1296 2233 1376 2268 pretii
1390 2233 1508 2261 habeant
1523 2242 1585 2269 quae
1599 2234 1680 2262 modo

54 2295 100 2321 καὶ
118 2292 190 2326 ζέων
212 2291 252 2328 τῷ
273 2291 419 2327 πνεύματι,
434 2290 522 2318 ἐλάλει
545 2289 592 2317 καὶ
613 2288 751 2315 ἐδίδασκεν
765 2287 845 2322 ἀκρι-

53 2339 107 2370 ϐῶς
118 2337 155 2365 τὰ
166 2337 230 2373 περὶ
242 2336 289 2363 τοῦ
300 2336 448 2372 Κυρίου....
459 2335 522 2367 ὃς...
532 2332 691 2360 συνεϐάλετο
705 2331 772 2359 πολὺ
788 2332 843 2362 τοῖς

53 2384 292 2411 πεπιστευκόσι...
302 2382 423 2413 Εὑτόνως
432 2381 486 2417 γὰρ
499 2382 555 2412 τοῖς
572 2379 706 2410 Ἰουδαίοις
719 2378 844 2414 διακατη-

53 2429 166 2466 λέγχετο
186 2429 314 2465 δημοσίᾳ,
327 2427 480 2459 ἐπιδεικνὺς
499 2426 543 2453 διὰ
562 2425 616 2452 τῶν
637 2424 763 2461 Γραφῶν,
775 2422 842 2451 εἶναι

52 2477 98 2503 τὸν
114 2475 232 2513 Χριστὸν
250 2475 363 2510 Ἰησοῦν.
376 2473 503 2509 Apollo...
520 2473 560 2500 vir
575 2472 732 2507 eloquens...
751 2475 841 2506 potens

53 2521 80 2547 in
94 2519 259 2555 Scripturis.
271 2519 324 2546 Hic
337 2523 395 2547 erat
407 2518 514 2546 edoctus
530 2518 601 2544 uiam
614 2516 734 2550 Domini,
751 2521 776 2543 et
789 2516 842 2551 fer-

109 2609 191 2638 ‘Act.
207 2618 286 2643 xvm,
302 2608 388 2637 24-28
443 2608 476 2636 ‘l
501 2607 566 2636 Cor.
578 2615 598 2642 ι,
623 2606 678 2640 l2;
705 2613 750 2639 ut,
777 2606 836 2633 4-6.

87 2700 146 2735 (26)
159 2698 259 2726 Nourr.
274 2698 374 2735 Appar.
387 2697 422 2724 ad
435 2696 498 2735 bibl.
510 2694 580 2735 PR,
593 2698 659 2722 tom.
671 2693 692 2726 l,
705 2700 765 2728 pag.

89 2730 402 2771 (27))Chrysostzllom.
417 2740 451 2760 LV
466 2732 495 2759 ir.
510 2732 588 2764 Acta,
604 2737 666 2765 opp.
685 2737 749 2756 nov.
772 2730 838 2756 edit.

54 2769 122 2800 tom.
139 2769 186 2807 lx.
199 2769 261 2805 pag.
275 2769 339 2807 Alﬁ.
357 2805 362 2807 _
422 2802 428 2807 _
598 2801 613 2807 η
647 2799 659 2807 η
684 2799 699 2807 υ
794 2799 809 2807 _

89 2806 148 2842 (ἒξ)
165 2799 390 2842 ilahtiﬂisquis.
403 2802 508 2842 chron,
522 2808 583 2842 cap.
596 2801 624 2842 fit,
683 2799 710 2832 5,
719 2807 780 2835 pag.
794 2799 837 2828 Π.

93 2836 150 2876 (ἳθ)
165 2840 230 2873 Nil.,
242 2839 290 2876 lib.
299 2836 336 2872 η’,
349 2839 434 2876 epist.
442 2838 488 2876 ᾴῦ,
499 2845 560 2873 pag.
574 2836 634 2863 MO.

92 2872 149 2910 (30)
161 2877 251 2904 Anon.
268 2875 354 2911 Epist.
367 2872 402 2902 ad
415 2872 547 2908 Diognet.,
561 2880 639 2908 capp.
656 2872 732 2899 7-l‘2.

894 2279 1085 2314 expendimus,
1110 2279 1195 2307 fuisse
1214 2279 1239 2307 is
1268 2279 1467 2308 existimandus
1494 2288 1575 2315 quem
1607 2281 1679 2316 apud

892 2325 929 2354 M.
937 2326 1080 2353 Aurelium
1091 2325 1261 2355 Antoninum
1274 2326 1422 2362 plurimum
1433 2327 1552 2355 valuisse
1562 2332 1679 2355 testatur

892 2371 1062 2406 Capitolinus
1082 2372 1152 2408 (55).
1178 2371 1208 2399 ld
1230 2380 1316 2400 unum
1342 2373 1470 2401 novimus
1493 2380 1527 2401 ex
1548 2373 1677 2408 Epistolas

892 2423 1003 2446 auctore
1017 2418 1084 2454 (5i),
1115 2419 1190 2446 illum
1212 2419 1298 2447 fuisse
1318 2420 1407 2447 virum
1431 2420 1585 2456 κράτιστον,
1609 2428 1678 2454 prte-

892 2465 1097 2497 stantissimum,
1109 2466 1155 2500 qui
1179 2474 1279 2502 magno
1294 2465 1456 2494 Christiana:
1470 2466 1610 2501 religionis
1628 2475 1677 2494 co-

891 2510 1054 2546 gnoscendae
1078 2511 1216 2540 desiderio
1242 2512 1383 2548 ﬂagrabat.
1404 2512 1438 2540 Et
1459 2513 1551 2548 plures
1565 2512 1676 2548 quidem

890 2613 900 2628 "
914 2611 925 2638 ι
943 2612 1005 2641 Cor.
1032 2621 1087 2646 xvr,
1101 2613 1144 2641 l2.
1215 2614 1226 2630 ⁸
1238 2613 1260 2642 ll
1280 2613 1385 2644 Gonxt.
1398 2614 1448 2648 27;
1463 2614 1516 2643 Ttt.
1535 2623 1578 2647 Ill,
1595 2615 1640 2645 l3.

923 2700 980 2770 (5|)
998 2700 1065 2729 Mill.
1079 2701 1227 2737 Prolegom.
1245 2703 1279 2728 ad
1298 2702 1332 2730 N.
1348 2702 1392 2735 Τ..
1410 2702 1423 2738 §
1451 2702 1512 2734 122,
1527 2710 1553 2737 p.
1567 2703 1600 2729 li

935 2735 981 2769 32;
996 2736 1089 2764 Pears.
1099 2737 1197 2765 Annal.
1211 2737 1336 2770 Paul.,p.
1349 2739 1394 2770 22,
1406 2743 1433 2765 et
1444 2737 1512 2770 Opp.
1523 2739 1600 2770 pasti:

932 2735 981 2796 ἐξ)
996 2736 1089 2764 Pears.
1099 2735 1197 2765 Annal.
1211 2737 1336 2773 Paul.,p.
1349 2739 1394 2771 22,
1406 2735 1433 2765 et
1444 2737 1512 2773 Opp.
1523 2735 1650 2773 posthum
1665 2756 1674 2771 ,

989 2779 1047 2798 seu.

889 2778 916 2806 p.
936 2778 963 2796 ιι
989 2779 1047 2806 seq.

995 2805 1155 2849 Capitol-ain
1171 2809 1297 2849 Antoniu.
1313 2809 1372 2841 νὴ..
1385 2817 1445 2843 cap.

924 2841 1078 2871 l5llAnon.
1096 2842 1181 2878 Epist.
1192 2844 1226 2870 ad
1246 2843 1380 2879 Diounet.,
1396 2841 1455 2880 cap.
1472 2844 1496 2871 l.
