1916 3099
76 163 142 191 “69

653 160 824 190 EPISTOLA
839 161 886 189 AD
901 159 1111 190 DIOGNETUM.

1621 163 1691 192 “70

74 223 193 260 νόμενος,
216 221 312 258 ὥσπερ
335 220 365 254 ἐξ
393 221 499 258 ἀρχῆς,
522 221 614 255 καινδς
638 222 796 259 ἄνθρωπος,
821 221 857 254 ὡς

911 219 1098 256 pedimentum
1124 219 1237 256 aliquod
1249 241 1258 254 ,
1274 220 1417 256 rejcccris,
1433 224 1462 249 et
1482 220 1571 249 factus
1593 220 1688 254 fueris,

75 268 106 296 ἀν
135 267 183 294 καὶ
205 266 284 301 λόγου
319 266 414 294 καινοῦ
451 267 599 303 (καθάπερ
623 268 670 294 καὶ
691 267 772 300 αὐτὸς
787 267 857 303 ὡμο-

73 312 207 349 λόγησας)
232 312 370 348 ἀκροατὴς
398 312 544 349 ἐσόμενος·
570 313 608 340 ἴδε
635 313 672 350 μὴ
700 313 779 349 μόνον
801 315 858 346 τοῖς

73 358 228 394 ὀφθαλμοῖς,
254 357 323 385 ἀλλά
347 359 395 385 καὶ
418 359 452 394 τῇ
478 359 626 394 φρονήσει,
651 358 724 391 τίνος
737 358 857 386 ὑποστά-

75 413 140 436 σεως
152 404 208 441 (42)
220 403 237 439 ἢ
257 403 330 436 τίνος
351 403 438 436 ετδους
451 404 630 440 τυγχάνουσιν
650 404 697 436 οὒς
711 405 798 441 ἐρεῖτε
811 404 858 431 καὶ

73 450 196 486 νομίζετε
219 450 308 483 θεους.
322 450 380 486 οὐχ
401 451 416 477 ὁ
430 449 480 486 μέν
503 458 555 482 τις,
569 450 642 482 λίθος
662 451 735 477 ἐστὶν
745 471 752 483 ,
766 451 858 486 ὅμοιος

71 495 109 530 τῷ
134 496 316 532 πατουμένῳς
341 497 356 524 ὸ
387 495 431 528 δ’,
463 496 523 523 ἐστὶ
557 495 674 532 χαλκὸς,
708 496 738 522 οὐ
763 496 857 532 κρείσ-

73 549 126 568 σων
137 541 193 568 τῶν
205 542 246 574 εἰς
256 541 306 578 τὴν
315 542 413 578 χρῆσιν
423 542 489 578 ἡμῖν
498 541 724 577 κεχαλκευμένων
736 542 840 569 σκευῶν
849 551 856 576 ς

72 587 145 620 ὁδὶ,
181 587 278 622 ξύλον,
312 588 363 624 ἢδη
400 588 448 615 καὶ
481 587 619 624 σεσηπός;
652 589 667 615 δ
689 588 737 620 δὲ,
771 588 857 624 ἀργυ-

74 643 136 670 ρος,
163 634 272 671 χρῄζων
292 633 437 670 ἀνθρώπου
461 632 508 660 τοῦ
533 632 697 668 φυλάξοντος
718 633 790 669 (45),
814 634 857 660 ἴνα

74 681 110 717 μὴ
134 681 248 716 κλαπῇ;
271 681 287 708 ό
310 680 338 706 δὲ
352 700 360 713 ,
385 680 513 716 σίδηρος,
539 679 592 706 ὑπὸ
624 679 665 707 toﬁ
691 679 857 715 διεφθαρμέ-

74 733 131 758 voc;
155 726 171 752 ὁ
192 725 240 758 δὲ,
264 725 413 761 ὄστρακον,
437 725 513 752 οὐδὲν
536 724 584 752 τοῦ
605 725 856 761 κατεσκευασμένου

73 770 139 806 πρὸς
150 770 201 806 τὴν
212 771 378 806 ἀτιμοτάτην
392 771 544 807 ὑπηρεσίαν
565 770 801 807 εύπρεπέστερον;
824 770 857 798 ού

73 816 194 852 φθαρτῆς
215 815 281 851 ὕλης
298 816 386 843 ταῦτα
406 817 511 850 πάντα;
536 817 586 853 οὐχ
608 816 661 843 ὑπὸ
678 816 785 852 σιδήρου
810 815 858 843 καὶ

73 859 158 895 πυρὸς
189 860 409 896 κεχαλκευμένας
441 861 491 897 οὐχ
521 861 536 888 δ
566 861 615 897 μὲν
647 860 754 893 αὐτῶν,
789 860 857 887 λιθο-

906 266 981 293 velut
997 265 1032 293 ab
1044 265 1134 299 initio,
1151 272 1239 293 novus
1255 265 1354 298 homo,
1365 269 1458 300 utpote
1474 265 1610 294 sermonis
1622 266 1685 294 novi

906 313 991 347 (sicut
1006 316 1034 339 et
1057 311 1115 347 ipse
1141 311 1286 339 confessus
1306 311 1348 346 es)
1363 311 1471 339 auditor
1488 311 1689 345 futurus;vide

906 366 961 386 non
981 358 1071 386 solum
1087 358 1186 392 oculis,
1203 358 1250 386 sed
1267 357 1349 385 etiam
1363 357 1506 392 prudentia
1519 379 1526 392 ,
1541 352 1619 392 cujus
1634 358 1690 386 sint

907 403 1079 435 substantiae,
1109 407 1158 430 aut
1183 403 1263 437 cujus
1275 402 1388 436 formae,
1415 402 1434 430 ii
1448 410 1519 438 quos
1538 403 1643 430 vocatis
1662 406 1689 429 et

906 449 1073 478 existimatis
1096 449 1172 476 deos.
1193 447 1289 476 Nonne
1316 456 1412 476 eorum
1438 448 1508 476 alius
1521 448 1631 484 quidem
1647 452 1690 476 est

906 495 985 531 lapis,
996 495 1021 523 ei
1030 495 1077 530 qui
1087 495 1207 523 calcatur
1217 494 1336 522 similis?
1348 494 1419 522 alius
1434 498 1524 521 autem
1538 498 1580 521 est
1590 501 1637 526 ars.
1650 493 1690 520 ni-

906 541 963 569 hilo
979 541 1076 569 melius
1093 548 1176 576 quam
1195 548 1257 576 quae
1269 541 1297 568 in
1320 548 1400 568 usum
1416 545 1541 568 nostrum
1558 539 1689 567 fabricata

905 587 1061 616 suntvasa?
1072 587 1144 615 alius
1154 587 1268 623 lignum,
1281 590 1308 613 et
1318 586 1427 621 quidem
1439 586 1520 614 etiam
1535 585 1690 626 putridum?

905 633 986 665 alius,
1003 637 1155 668 argentum.
1170 633 1214 659 cui
1232 639 1300 667 opus
1318 636 1358 660 est
1384 631 1493 660 homine
1507 631 1689 666 custodituro,

906 686 941 706 ne
956 678 1029 706 furto
1045 678 1202 706 auferatur?
1217 678 1298 711 alius,
1317 678 1420 706 ferrum
1438 678 1564 714 rubigine
1592 684 1692 705 corru-

904 723 998 760 ptum?
1010 722 1081 750 alius
1096 727 1176 755 testa,
1192 723 1278 750 nihilo
1291 723 1442 757 speciosior
1466 730 1498 750 ea
1517 730 1578 757 quae
1593 723 1627 750 ad
1640 723 1690 750 ah-

903 768 1084 804 jectissimum
1099 768 1282 796 ministerium
1295 768 1365 796 facta
1378 768 1440 796 est?
1453 767 1550 796 Nonne
1558 775 1592 795 ex
1603 772 1691 796 mate—

905 815 947 844 ria
960 815 1129 851 corruptioni
1137 815 1254 842 obnoxia
1268 815 1399 843 sunttunc
1407 815 1518 842 omnia?
1526 822 1615 842 nonne
1624 813 1689 842 ferri

905 866 933 889 et
947 861 1018 897 ignis
1032 869 1083 896 ope
1097 860 1248 889 fabricata?
1263 868 1354 888 nonne
1370 868 1465 888 eorum
1481 860 1555 888 aliud
1571 860 1691 895 sculptor

73 903 141 938 ξόος’
165 905 180 932 ὃ
205 905 244 937 δὲ,
269 905 404 942 χαλκεύς·
426 906 442 934 ὃ
465 906 513 939 δὲ,
538 907 743 943 ἀργυροκόπος·
774 906 788 933 δ
808 906 854 939 δὲ,

908 907 1123 943 lapidum,aliud
1139 907 1215 936 faber
1228 907 1353 940 aerarius,
1361 906 1434 934 aliud
1451 906 1622 941 argentarius
1649 905 1692 934 fa-

73 951 210 986 κεραμ-εὺς
232 951 365 986 έπλασεν;
390 953 420 980 οὐ
449 954 513 989 πρὶν
544 952 599 988 (44)
623 953 639 989 ἢ
663 954 724 985 ταῖς
747 953 855 988 τέχναις

72 995 174 1022 τούτων
188 996 228 1029 εἰς
239 997 288 1033 τὴν
303 997 409 1033 μορφὴν
421 997 522 1025 τούτων
535 997 735 1033 ὲκτυπωθῆναι,
747 995 781 1033 ἦν
793 998 857 1024 ἐκα-

73 1048 135 1073 cto;
147 1042 238 1070 αὐτῶν
251 1043 357 1079 ἑκάστῳ
373 1043 413 1070 ἔτι
424 1044 471 1070 καὶ
484 1043 531 1070 νῦν
551 1043 835 1080 μεταμεμορφωμένον
847 1051 855 1077 ;

72 1087 101 1114 οὗ
126 1087 163 1115 τὰ
187 1087 234 1115 νῦν
261 1089 294 1116 ὲκ
318 1089 368 1125 τῆς
380 1090 466 1125 αὐτῆς
479 1089 546 1125 ὕλης
567 1089 632 1116 ὄντα
652 1089 736 1125 σκεύη
755 1089 855 1124 γένοιτ’

72 1133 124 1166 ἄν,
150 1134 176 1160 εί
201 1134 278 1170 τύχοι
307 1135 362 1162 τῶν
386 1135 476 1163 αὐτῶν
497 1136 644 1172 τεχνιτῶν,
668 1136 748 1172 ὅμοια
768 1135 856 1163 τοιού-

73 1187 129 1211 τοις
143 1179 221 1216 (45);
244 1180 275 1207 οὺ
288 1180 374 1207 ταῦτα
397 1181 478 1208 πάλιν
497 1181 532 1208 τὰ
553 1181 601 1208 νῦν
614 1181 659 1216 ὑφ’
672 1181 749 1217 ὑμῶν
769 1190 854 1217 προσ-

73 1225 227 1261 κυνούμενα
238 1246 246 1258 ,
259 1226 358 1253 δύναιτ’
380 1226 414 1254 ἂν
435 1227 488 1254 ὑπὸ
503 1226 654 1263 ἀνθρώπων
674 1226 758 1263 σκεύη
775 1227 856 1264 ὅμοια

73 1273 197 1308 γενέσθαι
220 1274 277 1305 τοῖς
307 1273 430 1307 λοιποῖςς
453 1274 483 1301 οὺ
508 1274 589 1309 κωφά
617 1274 722 1307 mina;
750 1274 781 1301 οὐ
805 1283 854 1302 τυ-

73 1319 144 1354 φλάς
162 1319 214 1346 οὐκ
225 1319 334 1355 ἁψυχας
353 1320 403 1347 οὐκ
420 1319 588 1356 ἀναίσθητα;
609 1320 659 1346 οὐκ
678 1320 793 1356 ἀκίνητα
804 1329 811 1354 ;
824 1322 855 1348 οὐ

73 1365 160 1392 πάντα
173 1365 314 1401 σηπόμενα
326 1373 332 1398 ;
346 1365 376 1392 οὑ
391 1365 478 1392 πάντα
492 1365 670 1401 φθειρόμενα;
681 1365 767 1393 ταῦτα
779 1366 856 1399 θεοὺς

71 1410 190 1442 καλεῖτε,
204 1410 308 1443 τούτοις
321 1410 469 1443 δουλεύετε,
491 1410 596 1442 τούτοις
607 1412 783 1446 προσκυνεῖτε
793 1419 800 1426 ·
813 1410 857 1438 τέ-

72 1455 131 1483 λεόν
141 1465 172 1483 τε
185 1456 251 1493 (46).
265 1476 273 1484 .
288 1476 295 1484 .
316 1456 506 1493 ὲξομοιοῦσθε·
518 1456 563 1483 διὰ
575 1456 655 1483 τοῦτο
674 1458 776 1492 μισεῖτε
788 1457 855 1493 Χρι-

73 1504 206 1536 στιανοὺς,
215 1503 256 1530 eu
267 1502 378 1535 τούτους
390 1503 439 1538 οὐχ
452 1502 580 1538 ἡγοῦνται
593 1502 680 1535 θεούς.
700 1503 793 1539 Ὑμεῖς
803 1503 857 1539 γὰρ

73 1551 96 1576 οἱ
111 1549 161 1576 νῦν
173 1549 329 1585 νομίζοντες
339 1548 386 1575 καὶ
399 1548 528 1584 οἰόμενοι,
541 1548 570 1575 οὐ
589 1548 656 1575 πολὺ
679 1548 760 1575 πλέον
767 1548 857 1575 αὐτῶν
871 1569 892 1598 c

73 1597 270 1631 καταφρονεῖτε
283 1603 291 1628 ;
304 1595 334 1622 οὐ
350 1594 417 1621 πολὺ
433 1594 533 1630 μᾶλλον
544 1594 643 1627 αὐτοὺς
656 1594 799 1630 χλευάζετε
811 1595 858 1621 καὶ

73 1640 214 1676 ὑδρίζετε;
232 1641 295 1672 τοὺς
310 1640 360 1675 μὲν
378 1638 494 1671 λιθίνους
512 1639 559 1666 καὶ
573 1638 748 1673 ὀστρακίνους
769 1639 860 1666 σέϐον-

72 1693 117 1718 τες
126 1684 299 1720 ἀφυλάκτους
311 1683 377 1720 (47),
388 1684 452 1715 τοὺς
462 1683 490 1710 δὲ
503 1682 642 1720 ἀργυροῦς
675 1683 723 1710 καὶ
742 1683 860 1719 χρυσοῦς

73 1730 243 1766 ὲγκλείοντες
260 1731 319 1762 ταῖς
339 1729 416 1764 νυξὶ,
443 1729 490 1757 καὶ
512 1730 573 1762 ταῖς
594 1729 711 1767 ἡμέραις
737 1729 859 1765 φύλακας

73 1776 321 1813 παρακαθίσαντες,
340 1776 383 1803 ῐνα
405 1776 442 1812 μὴ
465 1775 615 1803 κλαπῶσιν.
639 1772 688 1807 Δίς
708 1774 736 1802 δὲ
757 1775 859 1802 δοκεῖτε

72 1825 166 1859 τιμαῖς
189 1823 362 1859 προσφέρειν,
387 1823 411 1850 ει
441 1823 489 1859 μὲν
518 1821 707 1854 αἰσθάνονται,
731 1820 859 1853 κολάζετε

75 1869 177 1905 μᾶλλον
199 1869 314 1901 αὐτούς·
337 1869 361 1896 εἰ
381 1868 410 1895 δὲ
433 1868 639 1904 ἀναισθητοῦσιν
652 1887 660 1901 ,
686 1867 860 1904 ἐλέγχοντες,

74 1915 170 1951 αἵματι
193 1915 241 1942 καὶ
257 1915 385 1948 «νίσσαις
404 1915 502 1947 αὐτοὺς
523 1914 705 1951 θρησκεύετε·
727 1913 805 1941 ταῦθ’
830 1914 861 1942 ὑ-

75 1962 133 1998 μῶν
157 1961 199 1994 τίς
221 1961 411 1997 ὑπομεινάτω;
430 1961 518 1988 ταῦτα
548 1960 707 1997 ἀνασχέσθω
728 1961 772 1993 τίς
795 1961 860 1988 ἑαυ-

73 2010 112 2046 τῷ
124 2010 271 2046 γενέσθαις
296 2010 365 2037 ἀλλά
385 2010 528 2046 ἅνθρωπος
549 2010 599 2047 μὲν
622 2010 682 2037 οὐδὲ
700 2008 741 2043 εἷς
758 2011 861 2048 ταύτης

73 2055 122 2090 τῆς
147 2055 284 2086 κολάσεως
310 2054 381 2082 ἑκὼν
410 2055 534 2089 ἀνέξεται
561 2055 699 2091 (αἴσθησιν
723 2055 777 2092 γὰρ
804 2056 861 2092 ἔχει

74 2101 121 2127 καὶ
137 2100 296 2137 λογισμόν·)
311 2101 326 2127 ὁ
343 2101 371 2128 δὲ
383 2100 457 2134 λίθος
470 2100 612 2137 ἀνέχεται·
627 2101 784 2138 ἀναισθητεῖ
794 2102 858 2138 γάρ.

74 2146 180 2173 οὐκοῦν
191 2147 242 2182 τὴν
255 2146 383 2183 αἴσθησιν
403 2147 470 2184 (48).
491 2167 500 2175 .
520 2167 529 2175 .
549 2167 558 2175 .
579 2167 587 2175 .
609 2167 617 2175 .
638 2167 646 2175 .
668 2167 677 2175 .
698 2167 706 2175 .
728 2167 735 2175 .
757 2167 766 2175 .
785 2148 861 2183 ἐλέγ-

73 2201 146 2229 χετε.
180 2193 249 2230 Περὶ
283 2194 333 2230 μὲν
365 2192 412 2221 οὖν
446 2193 494 2221 τοῦ
521 2194 559 2231 μὴ
585 2193 763 2222 δεδουλῶσθαι
791 2195 860 2231 Χρι-

904 953 965 986 her,
981 953 1055 981 aliud
1072 953 1171 989 ﬁgulus
1184 953 1279 980 ﬁnxit?
1307 953 1474 988 minimeque
1490 952 1517 979 in
1533 952 1614 980 talem
1631 952 1690 980 for-

904 1005 978 1026 mam
989 999 1204 1033 unumquodque
1221 1002 1356 1025 mutatum
1371 1002 1441 1030 erat,
1455 998 1614 1033 priusquam
1631 1003 1691 1026 arte

905 1045 1023 1081 alicujus
1051 1045 1150 1072 horum
1177 1044 1235 1072 haec
1265 1045 1398 1079 impressa
1415 1044 1439 1071 ci
1457 1043 1572 1072 fuisset?
1595 1043 1692 1071 Nonne

905 1099 966 1127 quae
981 1099 1055 1119 nunc
1069 1091 1163 1119 eadem
1187 1098 1202 1118 e
1216 1091 1331 1118 materia
1348 1094 1413 1118 sunt
1429 1098 1512 1123 vasa,
1530 1090 1630 1119 similia
1647 1090 1691 1118 his

905 1138 982 1167 reddi
1007 1142 1120 1174 queant,
1147 1137 1170 1166 si
1195 1137 1306 1165 eosdem
1332 1137 1452 1166 artiﬁces
1480 1137 1692 1165 nanciscantur?

905 1192 997 1212 nonne
1022 1185 1080 1212 haec
1104 1191 1166 1220 quae
1180 1191 1195 1211 a
1212 1183 1289 1211 vobis
1303 1183 1471 1216 adorantur.
1484 1183 1518 1211 ab
1533 1184 1692 1211 hominibus

905 1240 970 1260 vasa
991 1231 1104 1267 reliquis
1131 1231 1233 1259 similis
1250 1231 1309 1258 ﬁeri
1331 1238 1443 1258 rursum
1459 1229 1587 1265 possint?
1601 1237 1692 1258 nonne

905 1278 988 1308 surda
997 1278 1157 1306 suntomnia
1164 1277 1270 1304 lnoune
1278 1284 1348 1305 caeca
1354 1276 1366 1303 ?
1372 1284 1461 1304 nonne
1475 1276 1596 1303 inanima
1604 1276 1616 1303 ?
1623 1284 1692 1304 non-

905 1332 940 1352 ne
949 1331 1047 1352 sensus
1058 1323 1148 1351 omnis
1161 1322 1298 1358 expertia?
1312 1330 1403 1350 nonne
1415 1321 1586 1350 immobilia?
1597 1329 1690 1349 nonne

905 1370 998 1398 omnia
1024 1368 1203 1405 putrescunt?
1219 1376 1310 1396 nonne
1336 1367 1429 1396 omnia
1454 1367 1691 1402 corrumpuntur!

906 1414 970 1443 Bato
986 1415 1053 1443 deos
1072 1415 1188 1448 vocatis,
1218 1413 1261 1442 his
1286 1413 1405 1446 servitis,
1425 1413 1482 1440 haec
1502 1411 1641 1446 adoratis;
1665 1416 1693 1440 et

907 1461 1021 1489 omnino
1040 1461 1144 1489 similes
1160 1459 1220 1488 istis
1236 1458 1392 1486 reddimini.
1411 1457 1515 1486 Idcirco
1535 1463 1599 1486 sunt
1615 1458 1693 1486 vobis

907 1507 970 1535 odio
981 1507 1141 1540 Christiani,
1151 1505 1280 1542 quoniam
1289 1505 1338 1532 hos
1348 1511 1409 1532 esse
1418 1504 1485 1532 deos
1495 1511 1550 1531 non
1559 1503 1695 1531 arbitrar-

908 1557 963 1581 tur.
976 1552 1060 1588 Atqui
1075 1560 1124 1580 vos
1138 1551 1186 1587 qui
1200 1558 1261 1579 esse
1272 1550 1430 1579 deos.nunc
1442 1549 1605 1577 existimatis
1617 1569 1625 1582 ,
1641 1557 1692 1576 an-

911 1606 966 1626 non
986 1598 1072 1626 multo
1089 1598 1177 1634 magis
1187 1605 1269 1633 quam
1281 1597 1319 1624 illi
1330 1596 1502 1631 contemptui
1511 1596 1635 1624 habetis?
1645 1603 1694 1623 an-

911 1652 966 1672 non
982 1644 1068 1672 multo
1080 1644 1168 1680 magis
1182 1650 1266 1678 quam
1285 1643 1335 1676 illi,
1353 1642 1475 1670 irridetis
1490 1646 1517 1670 et
1541 1642 1640 1677 injuria
1653 1641 1694 1669 al-

909 1690 1010 1718 ﬁcitis?
1026 1690 1090 1718 dum
1112 1689 1233 1725 lapideos
1253 1688 1365 1724 quidem
1381 1692 1409 1716 et
1429 1693 1564 1716 testaceos
1577 1695 1693 1716 venera-

908 1737 986 1770 mini,
1002 1735 1161 1764 custodibus
1173 1740 1298 1763 carentes
1312 1743 1319 1768 ;
1338 1739 1481 1770 argenteos
1497 1738 1587 1761 autem
1602 1738 1629 1761 et
1643 1741 1694 1761 au-

908 1790 971 1811 reos
985 1781 1125 1810 includitis
1140 1785 1234 1814 noctu,
1251 1788 1284 1808 ac
1301 1780 1418 1808 interdiu
1435 1779 1564 1807 custodes
1578 1780 1694 1815 apponi-

908 1829 954 1862 tis,
969 1835 1003 1855 ne
1014 1827 1087 1855 furto
1098 1826 1267 1855 auferantur.
1282 1825 1315 1854 Et
1326 1834 1390 1854 vero
1402 1826 1456 1854 illis
1471 1825 1622 1853 honoribus
1632 1825 1694 1860 qui-

908 1875 960 1903 bus
977 1881 1025 1902 vos
1042 1872 1170 1908 prosequi
1191 1879 1239 1900 eos
1253 1872 1429 1905 existimatis.
1447 1871 1540 1907 potius
1555 1870 1692 1906 supplicio

910 1920 1026 1955 adicitis,
1033 1921 1057 1949 si
1064 1919 1175 1955 quidem
1201 1926 1283 1947 sensu
1295 1917 1401 1954 praediti
1413 1922 1495 1952 sunt;
1510 1917 1552 1945 sin
1568 1921 1693 1952 expertes

909 1973 973 1996 sunt
990 1974 1098 1998 sensus,
1115 1965 1209 2000 (hujus
1224 1965 1275 1999 rei)
1292 1965 1497 1997 convincentes,
1513 1964 1646 2000 sanguine
1661 1967 1691 1991 et

909 2013 1052 2042 nidoribus
1067 2019 1115 2041 eos
1131 2011 1231 2039 colitis.
1255 2010 1323 2044 Quis
1339 2015 1461 2038 vestrum
1478 2009 1536 2037 haec
1560 2008 1694 2037 sull‘erat?

910 2061 973 2097 quis
987 2060 1045 2088 haec
1056 2059 1108 2087 sibi
1128 2058 1186 2086 ﬁeri
1201 2057 1338 2093 patiatur?
1348 2057 1394 2085 sed
1407 2056 1500 2084 nullus
1515 2055 1626 2090 quidem
1643 2055 1694 2083 ho-

910 2107 1017 2135 minum
1031 2107 1084 2134 hoc
1091 2105 1254 2141 supplicium
1263 2104 1316 2132 nisi
1327 2103 1584 2139 invitus,patietur;
1598 2103 1693 2139 (sensu

909 2154 982 2181 enim
998 2157 1028 2181 et
1044 2152 1149 2180 ratione
1170 2155 1213 2178 est
1231 2150 1362 2186 praeditus
1379 2159 1386 2178 :
1402 2150 1411 2186 )
1432 2155 1460 2178 at
1483 2150 1553 2185 lapis
1575 2149 1692 2185 patitur.

911 2206 994 2228 sensu
1001 2198 1075 2226 enim
1083 2201 1167 2226 caret.
1180 2196 1364 2230 Quamobrem
1380 2196 1444 2224 illos
1456 2203 1555 2224 sensus
1568 2199 1694 2230 expertes

90 2284 171 2348 e352)
192 2284 415 2326 ςΥποστάσεως.
423 2284 510 2326 Vertit
521 2284 652 2320 Stephan.
664 2285 857 2326 subsistentia;

75 2328 89 2348 s
135 2320 246 2348 melius.
263 2327 375 2348 omnor.
401 2320 574 2348 reddidisset.
589 2320 755 2348 substantiae.
773 2320 857 2348 Paulo

910 2296 958 2317 cra
973 2287 1152 2316 stabilitatem
1164 2284 1323 2321 quamdam,
1336 2287 1431 2320 utpote
1452 2283 1505 2312 diis
1516 2288 1692 2314 consecrata.

911 2323 1102 2348 acnuisiv'tsse.
1120 2322 1211 2348 Ouare
1237 2321 1364 2348 observat
1381 2323 1477 2346 auctor
1497 2319 1619 2348 epistolae
1643 2319 1692 2345 hoc

135 2320 246 2353 melius,
263 2320 375 2355 opinor,
399 2320 574 2355 reddidisset,
589 2320 755 2348 substantia.
773 2320 858 2348 Paulo

73 2359 138 2417 post
165 2355 253 2391 ἐρεῖτε
279 2360 353 2396 recte
389 2354 444 2382 dici
477 2355 617 2395 contendit
628 2376 635 2388 ,
661 2356 792 2397 'videlicet
825 2356 859 2384 ab

91 2390 146 2417 οέω
158 2398 165 2417 :
180 2397 235 2417 auo
250 2390 360 2417 quidem
371 2389 406 2417 de
417 2390 536 2417 themate
551 2391 715 2417 disseruisse
725 2399 755 2417 se
767 2396 859 2417 monet

91 2390 146 2426 ρέερ
158 2398 165 2423 ;
180 2389 235 2425 quo
250 2390 360 2426 quidem
371 2389 406 2417 de
417 2390 536 2418 themate
551 2390 715 2419 disseruisse
725 2399 755 2419 se
767 2396 859 2419 monet

74 2425 102 2453 in
116 2425 264 2452 Thesauro
275 2432 335 2452 suo.

109 2460 168 2496 (ιδ)
184 2459 384 2494 Φυλάξοντος.
410 2459 455 2488 Sic
466 2460 558 2496 posuit
583 2459 738 2496 Stephanus
753 2468 804 2496 pro
824 2468 858 2489 eo

74 2495 150 2531 quod
165 2500 225 2522 erat
239 2496 265 2522 in
281 2497 341 2531 cod.
357 2504 424 2523 mss.
445 2495 619 2531 φυλάξαντος.

111 2530 169 2566 (Ml
189 2530 321 2564 οὐπρὶν,
339 2536 390 2558 etc.
404 2531 449 2558 Sic
467 2535 553 2558 totum
569 2531 642 2558 hunc
656 2531 747 2558 locum
761 2531 859 2558 immu-

75 2565 121 2594 tat
131 2566 313 2602 Stephanus:
331 2567 388 2602 Kal
395 2566 425 2592 ού
442 2567 516 2602 πρὶν,
533 2565 549 2601 ἢ
564 2567 623 2602 ταῖς
637 2566 747 2602 τέχναις
756 2566 858 2593 τούτων

76 2603 116 2633 εἰς
136 2599 192 2637 τὴν
214 2600 331 2637 μορφὴν
344 2601 446 2628 τούτων
466 2599 653 2637 ὲκτυτιωθῆναι
665 2599 723 2637 ζ’ἧν
745 2601 859 2628 ἕκαστον

75 2635 368 2672 αὐτῶνὲκάοτῳεῐδει
383 2636 422 2672 ὡς
439 2636 486 2663 καὶ
500 2635 547 2663 νῦν
564 2635 857 2672 μεταμεμορφωμὲνον.

77 2662 131 2699 scd
147 2678 262 2706 prorsus
274 2662 368 2699 inutile
381 2662 487 2699 videtur
503 2662 544 2698 tot
557 2662 640 2698 voces
651 2662 798 2698 εἱιάὲὲέὶξι
807 2662 859 2698 ini;

76 2711 194 2738 mutare,
218 2706 264 2733 ubi
295 2707 377 2734 unius
392 2707 489 2734 littera:
509 2706 663 2733 emendatio
685 2706 858 2734 commodam

77 2742 156 2769 aﬂ‘ert
182 2742 355 2777 sententiam.
378 2741 447 2768 Nam
465 2742 487 2769 si
508 2741 711 2777 legasﬁxacmv
730 2749 779 2776 pro
797 2741 859 2768 ἐκα-

78 2785 153 2808 στος,
168 2775 208 2803 sic
231 2776 306 2804 locus
329 2777 405 2804 reddi
419 2777 518 2811 poterit
532 2775 545 2803 Ξ
568 2775 662 2803 Nonne
682 2775 754 2811 prius
777 2785 857 2811 quam

77 2811 172 2838 horum
188 2811 291 2847 artibus
307 2812 335 2838 in
356 2812 403 2838 has
419 2812 519 2847 forma:
541 2811 728 2847 efﬁngerentur
738 2831 746 2842 .
763 2819 858 2838 unum-

77 2847 197 2882 quodque
217 2846 250 2872 ab
275 2846 429 2882 unoquoque
450 2847 646 2882 urtiﬁreparii;
667 2847 763 2878 modis.
779 2847 858 2881 idque

77 2884 158 2910 etiam
170 2881 311 2917 hactenus,
327 2881 537 2911 immutabatur?
556 2881 722 2912 Videbantur
743 2882 857 2910 simula-

911 2323 1102 2358 acquisivisse.
1120 2319 1214 2358 Quare
1223 2319 1477 2358 _observat’_auctor
1497 2319 1619 2358 epistolae
1643 2319 1694 2345 hoc

912 2353 1074 2386 beneﬁcium
1091 2353 1151 2384 esse
1166 2356 1320 2387 artiﬁcum,
1336 2355 1436 2390 quibus
1454 2353 1574 2390 quandiu
1595 2360 1694 2390 carue-

912 2398 976 2421 runt
1001 2393 1158 2424 simulacra,
1177 2391 1272 2418 tandiu
1299 2389 1396 2417 iisdem
1421 2389 1620 2417 mutationibus
1640 2389 1694 2415 oh-

911 2429 994 2456 noxia
1010 2428 1120 2456 fuerunt
1139 2435 1172 2454 ac
1187 2426 1248 2453 aliae
1261 2433 1305 2453 res
1323 2426 1418 2454 eadem
1440 2432 1477 2452 ex
1503 2424 1617 2451 materia
1628 2431 1694 2450 con-

912 2468 1204 2533 ειῖἳὲδῆοιούτοιςη
1229 2495 1383 2533 Stephanus
1418 2494 1564 2533 legendum
1602 2497 1695 2533 monet

910 2528 1026 2574 τούτοίς.
1040 2533 1119 2566 Quod
1142 2528 1252 2567 quidem
1273 2528 1385 2558 minime
1400 2528 1585 2558 necessarium
1603 2528 1696 2556 existi-

910 2576 1141 2639 ωᾘῗὶςιωῶἐλεόν
1152 2611 1195 2630 τε.
1210 2601 1238 2629 in
1263 2601 1376 2628 Benreri
1407 2600 1563 2662 δνοφερὴο
1583 2598 1695 2626 additur

910 2639 1018 2662 αὑτοῖει
1037 2644 1119 2662 mam».
1136 2638 1172 2662 ita
1202 2637 1267 2662 lauit
1283 2636 1448 2662 Stephanus.
1481 2644 1496 2662 n
1512 2635 1607 2662 eodem
1626 2633 1695 2660 Beu-

910 2633 1019 2671 αὑτοίς;
1037 2644 1119 2673 atque
1136 2638 1173 2665 ita
1202 2637 1267 2670 legit
1283 2633 1448 2673 Stephanus.
1462 2633 1607 2673 1n»:80dt:ll_'l
1626 2633 1695 2660 Beu-

911 2675 964 2702 reri
981 2669 1131 2708 exemplari
1146 2674 1200 2700 alia
1218 2669 1299 2708 manu
1311 2669 1455 2708 rlégehatur
1471 2670 1562 2697 τέλεον
1570 2669 1613 2708 δέ.

946 2709 1002 2743 (47)
1026 2703 1242 2744 Ἀέτυλάκτους.
1261 2706 1290 2734 In
1308 2703 1419 2735 Beureri
1448 2705 1605 2741 apograplto
1629 2703 1696 2738 ἀφυ-

909 2744 1184 2814 λάῗῖῧςᾎισθησιν.
1219 2777 1248 2805 1η
1283 2777 1394 2805 Benreri
1423 2775 1579 2814 apographo
1611 2772 1694 2814 αὐτοῦ

910 2809 1046 2849 usus“.
1064 2809 1185 2848 Conjicit
1210 2814 1368 2849 Stephanus
1384 2809 1514 2848 scriptum
1527 2809 1628 2844 fuisse,
1644 2809 1695 2844 τὴν

910 2849 1036 2886 αἴσθησιν
1048 2849 1098 2876 οὐκ
1114 2849 1185 2885 ἐχειν
1200 2849 1335 2884 ἐλέγχετε.
