1916 3099
232 143 296 172 1171
788 141 938 170 ANONYMI
958 141 1014 169 Vili

1073 140 1250 170 POSTOLICI
1784 138 1845 165 H72

228 204 289 224 esse
305 196 476 224 convincitis.
494 196 533 224 Ae
545 197 578 225 de
595 205 629 225 eo
639 197 712 233 quod
727 197 879 224 Christiani
893 197 946 224 diis
958 196 1011 224 ltu-

1072 197 1190 230 πιανοὺς
1215 196 1346 230 τοιούτοις
1361 196 1447 229 θεοῖς,
1473 196 1557 226 πολλὰ
1576 197 1625 232 μὲν
1650 196 1700 224 καὶ
1726 194 1794 222 ἄλλα
1816 196 1847 221 el-

225 243 346 279 jusmodi
364 242 391 269 in
408 243 565 270 servitutem
582 243 681 271 addicti
691 251 744 270 non
763 247 838 274 sunt,
852 243 938 270 multa
951 242 1013 277 qui-

1072 243 1126 269 rts't'v
1149 242 1255 278 ἔχοιμι*
1276 243 1300 270 εί
1331 242 1361 270 δέ
1382 252 1436 270 τινι
1461 243 1499 279 μὴ
1525 243 1615 280 δοκοίη
1645 243 1695 270 καὶ
1719 241 1804 268 ταῦτα
1827 243 1848 267 l-

227 289 289 316 dem
312 293 338 316 et
354 288 406 315 alia
425 288 540 316 habeam
563 296 624 324 quae
639 289 727 316 dicam
739 297 746 321 ;
760 288 783 316 si
803 289 847 316 cui
864 293 954 315 tamen
969 287 1012 314 vel

1072 288 1147 321 ιιανὰ,
1178 289 1307 324 περισσὸν
1331 289 1451 325 ἡγοῦμαι
1473 289 1520 316 καὶ
1550 289 1587 316 τὰ
1617 289 1707 316 πλείω
1732 288 1788 324 (ιθ)
1810 287 1848 314 λι-

228 334 287 362 haec
301 335 359 370 ipsa
375 335 498 362 sullicere
522 342 578 362 non
596 335 758 368 videantur.
777 342 1012 370 supervacaneum

1072 342 1135 368 γειν.

229 381 349 409 arbitror
357 386 384 409 et
397 381 474 417 plura
492 381 593 410 dicere.

229 460 294 488 CAP.
312 458 357 486 Ill.
380 459 467 495 Negat
489 460 559 495 ipso:
589 460 669 486 etiam
684 458 830 495 Juda'asra
851 459 1036 495 superstitione
1056 459 1183 495 immunes
1211 467 1282 495 esse,
1294 459 1356 485 dum
1379 459 1413 486 iis
1435 457 1518 485 Deum
1533 457 1649 494 indigere
1671 461 1778 492 putant.
1795 465 1846 491 qua

739 494 835 521 ethnici
851 493 926 521 rebus
943 502 1018 521 sensu
1033 494 1184 522 carentibus
1202 493 1347 521 donabant.

261 573 395 608 Deinceps
418 577 510 600 autem
539 573 573 600 de
595 579 627 600 eo
641 572 714 608 quod
735 579 790 599 non
808 577 850 599 est
872 572 926 600 illis
942 571 1014 600 idem

229 620 319 649 cultus
343 620 454 648 divinus
478 619 526 655 qui
554 618 673 652 Iudaeis,
699 623 726 646 te
742 619 862 646 maxime
884 619 1015 654 cupidum

229 673 292 694 esse
311 665 438 693 audiendi
458 671 534 701 puto.
556 664 642 692 Judaei
666 665 766 700 igitur,
783 665 909 700 quamvis
932 664 1012 692 absti-

229 719 314 740 neant
331 720 364 740 eo
379 713 413 740 de
430 720 485 748 quo
501 712 584 739 verba
605 711 656 739 feci
676 711 763 744 cultu,
784 715 811 738 et
827 710 910 738 Deum
929 718 1014 738 unum

229 758 368 792 venerari,
384 758 587 793 Dominumque
600 758 723 785 omnium
740 757 900 785 existimare
915 757 1014 790 velint;

1107 572 1185 608 Ἑξῆς
1207 572 1253 605 δὲ,
1266 572 1330 609 περὶ
1346 572 1394 599 τοῦ
1409 572 1447 609 μὴ
1474 572 1546 600 κατὰ
1566 573 1600 600 τὰ
1615 573 1688 601 αὐτὰ
1716 573 1847 605 Ἰουδαίοις

1066 618 1200 646 θεοσεϐεῖν
1211 619 1320 652 αὐτοὺς,
1333 617 1409 654 οἶμαί
1423 627 1453 645 σε
1466 618 1584 655 μάλιστα
1607 619 1704 647 ποθεῖν
1726 620 1846 649 ἀκοῦσαι.

1072 663 1193 691 Ἰουδαῖοι
1210 664 1300 692 τοίνυν
1311 665 1335 691 sl
1356 665 1405 700 μὲν
1424 665 1570 700 ἀπέχονται
1579 665 1684 701 ταύτης
1698 666 1750 702 τῆς
1762 674 1849 701 προει-

1067 711 1189 747 ρημένης
1215 710 1352 747 λατρείας,
1375 711 1424 737 καὶ
1448 711 1490 743 εις
1513 711 1580 738 Θεὸν
1601 712 1650 738 ἕνα
1669 712 1725 739 τῶν
1745 712 1849 739 πάντων

1068 758 1158 785 σέϐειν
1170 758 1217 785 καὶ
1234 758 1368 793 δεσπότην
1384 757 1489 791 ἀξιοῦσι
1504 760 1613 794 φρονεῖν
1623 759 1681 795 (50)
1691 768 1697 774 ·
1716 759 1743 786 εί
1756 759 1785 786 δὲ
1796 760 1849 791 τοῖς

230 804 253 832 si
270 808 359 831 tamen
370 803 464 832 eodem
480 811 535 839 quo
550 804 568 831 ii
583 804 617 831 de
629 804 729 839 quibs
743 803 847 831 dictum
870 807 913 831 est
923 802 1014 836 modo,

1072 805 1276 842 προειρημένοις
1305 805 1490 842 ὁμοιοτρόπως
1505 807 1555 842 τὴν
1575 806 1726 842 θρησκείαν
1747 807 1849 842 προσά-

229 848 304 876 cultu
323 849 369 876 illo
380 856 441 876 eum
454 852 668 884 prosequuntur,
681 848 708 876 in
716 855 810 876 errore
823 849 1014 876 versabuntur.

229 893 297 921 Nam
310 902 371 930 quae
384 894 471 923 Graeci
499 903 597 923 sensus
618 894 778 930 expertibus
799 898 829 922 et
843 894 934 922 surdis
949 893 1016 922 oii‘e-

229 945 334 973 rentes,
355 939 500 968 dementia:
527 940 594 968 dant
623 946 834 976 argumentum;
853 940 881 968 hi
908 940 973 967 dum
985 948 1015 969 se

229 984 286 1013 Deo
300 986 421 1021 praebere
442 994 474 1014 ea
493 987 634 1022 cogitant,
649 992 781 1022 tanquam
804 988 838 1015 iis
862 987 1014 1022 indigenti,

229 1031 374 1059 stultitiam
406 1033 500 1068 potius
531 1040 614 1068 quam
643 1034 749 1061 cultum
774 1033 898 1061 divinum
918 1033 1015 1061 merito

228 1079 388 1107 existiment
411 1079 449 1115 (id
474 1080 548 1114 quod
572 1079 699 1115 faciunt.)
717 1080 769 1114 Qui
789 1081 863 1108 enim
874 1080 974 1108 caelum
988 1084 1015 1109 et

228 1129 340 1157 terram,
354 1130 437 1161 atque
456 1126 548 1153 omnia
570 1134 633 1161 quae
654 1126 682 1153 in
702 1125 736 1153 iis
752 1130 816 1153 sunt
840 1126 971 1159 condidit,
989 1130 1016 1153 et

227 1171 308 1200 nobis
331 1171 460 1200 omnibus
487 1179 519 1199 ea
542 1172 697 1207 suppeditat
713 1172 815 1207 quibus
841 1172 1013 1207 indigemus,

1065 859 1158 887 γουσιν
1180 850 1253 886 αὐτῷ
1275 850 1390 887 ταύτην,
1413 851 1655 888 διαμαρτάνουσιν·
1680 853 1715 879 ’Δ
1725 851 1781 888 γὰρ
1798 853 1850 884 ⁴σοῖς

1065 897 1237 934 ἀναισθήτοις
1257 897 1306 924 καὶ
1324 898 1427 932 κωφοῖς
1454 898 1653 934 προσφέροντες
1673 899 1697 925 οἱ
1723 898 1849 933 Ἕλληνες

1065 943 1219 980 ἀφροσύνης
1247 945 1346 980 δεῖγμα
1374 944 1539 980 παρέχουσι,
1571 944 1646 971 ταῦθ’
1672 942 1746 972 οὗτοι
1766 945 1849 972 καθά-

1066 998 1119 1026 περ
1139 991 1328 1026 προσδεομένῳ
1350 990 1389 1026 τῷ
1414 991 1473 1026 Θεῷ
1502 991 1672 1027 λογιζόμενοι
1702 992 1848 1027 παρέχειν,

1067 1036 1171 1071 μωρίαν
1188 1036 1261 1068 εἰκὸς
1278 1036 1334 1072 (51)
1351 1036 1450 1072 μᾶλλον
1464 1038 1565 1071 ἡγοῖντ’
1583 1036 1627 1069 ἂν,
1641 1037 1672 1064 οὐ
1687 1037 1849 1064 θεοσέϐειαν.

1071 1081 1100 1108 '0
1113 1081 1167 1118 γὰρ
1185 1082 1300 1118 ποιήσας
1323 1081 1368 1108 τὸν
1388 1082 1500 1118 οὐρανὸν
1515 1083 1562 1109 καὶ
1580 1083 1630 1118 τὴν
1645 1083 1708 1118 γῆν,
1726 1083 1774 1110 καὶ
1786 1084 1850 1110 πάν-

1064 1136 1099 1154 τα
1114 1127 1149 1154 τὰ
1163 1128 1192 1154 ὲν
1207 1127 1298 1160 αὐτοῖς
1309 1147 1316 1160 ,
1332 1128 1379 1155 καὶ
1399 1129 1482 1155 πᾶσιν
1493 1129 1558 1164 ἡμῖν
1574 1129 1700 1165 χορηγῶν
1716 1126 1755 1155 ὧν
1770 1137 1850 1165 προα-

1064 1173 1191 1209 δεόμεθα,
1209 1173 1315 1205 οὐδενὸς
1337 1174 1370 1200 ἂν
1394 1174 1475 1206 αὐτὸς
1503 1173 1662 1209 προσδέοιτο
1687 1173 1793 1200 τούτων
1815 1170 1850 1200 ὧν

228 1217 288 1245 ﬁeri
321 1225 378 1246 non
402 1218 489 1253 possit
518 1218 616 1245 utullo
642 1225 738 1245 eorum
753 1218 873 1254 indigeat
883 1227 943 1254 qum
956 1219 1014 1254 ipse

1072 1220 1120 1251 εοῖς
1154 1219 1286 1254 οἰομένοις
1315 1219 1413 1246 διδόναι
1444 1219 1558 1255 παρέχει
1588 1219 1680 1251 αὑτός.
1709 1220 1742 1246 Οἱ
1768 1219 1797 1245 δέ
1820 1227 1850 1254 γε

228 1263 264 1291 iis
283 1263 386 1299 praebet
398 1264 447 1299 qui
465 1271 495 1291 se
511 1263 548 1291 illi
563 1263 630 1292 dare
642 1264 814 1292 existimant.
831 1264 866 1292 At
877 1265 896 1292 ii
909 1265 955 1300 qui
966 1271 1014 1300 per

1072 1263 1158 1294 iusta:
1179 1263 1252 1299 αὺτῷ
1275 1263 1309 1291 δι’
1321 1264 1434 1300 αἵματος
1456 1264 1503 1291 καὶ
1521 1264 1633 1300 κνίσσης
1661 1264 1711 1291 καὶ
1740 1264 1849 1292 ὁλοκαυ-

229 1311 389 1346 sanguinem
410 1315 437 1338 et
455 1310 579 1338 nidorem
596 1315 624 1339 ct
645 1311 804 1339 holocausta
822 1311 914 1340 iacere
930 1319 960 1340 se
975 1313 1013 1340 illi

229 1358 364 1385 sacriﬁcia
381 1361 497 1393 putant,
529 1362 611 1393 atque
637 1358 680 1386 his
707 1366 770 1386 eum
788 1359 940 1387 honoribus
967 1367 1014 1387 or-

229 1413 306 1438 nare,
332 1405 400 1432 mihi
417 1405 555 1436 videntur,
579 1405 646 1432 dum
666 1409 764 1440 putant
781 1413 810 1433 se
825 1406 918 1441 aliqua
946 1414 1014 1441 prae-

228 1453 294 1480 bere
313 1452 350 1484 ei,
367 1451 414 1487 qui
428 1452 531 1480 nullius
554 1452 593 1479 rei
610 1452 738 1487 indiguus
753 1456 805 1484 est,
821 1453 890 1480 nihil
905 1453 1014 1482 diﬁ'erre

229 1498 265 1526 ob
283 1498 317 1526 iis
330 1497 378 1533 qui
401 1505 486 1525 sensu
504 1498 625 1526 carentia
645 1497 740 1525 eodem
762 1498 867 1526 honore
892 1498 1014 1526 studiose

229 1551 453 1587 prosequuntur,
469 1554 531 1582 qua:
550 1546 689 1582 percipere
717 1547 849 1574 honorem
867 1547 941 1576 hunc
960 1552 1013 1573 non

229 1597 355 1633 possunt,

1063 1309 1200 1345 ’πωμάτων
1222 1309 1353 1336 ἐπιτελεῖν
1372 1310 1509 1345 οἰόμενοι,
1531 1311 1577 1337 καὶ
1595 1310 1713 1342 ταύταις
1740 1312 1800 1342 ταῖς
1816 1319 1852 1336 τι-

1066 1357 1130 1392 μαῖς
1153 1355 1234 1383 αὑτὸν
1255 1356 1410 1392 γεραίρειν,
1433 1356 1510 1383 οὐδέν
1533 1365 1578 1391 μοι
1595 1356 1706 1383 δοκοῦσι
1718 1356 1852 1392 διαφέρειν

1063 1401 1118 1429 τῶν
1141 1403 1181 1434 είς
1193 1402 1228 1429 τὰ
1247 1402 1326 1437 κωφὰ
1337 1402 1393 1438 (52)
1410 1403 1460 1439 τὴν
1476 1403 1560 1439 αὐτὴν
1579 1403 1801 1439 ὲνδεικνυμένοις
1813 1412 1853 1437 φε-

1064 1449 1206 1484 λοτιμίαν,
1225 1449 1279 1476 τῶν
1307 1449 1344 1484 μὴ
1368 1449 1524 1485 δυναμένων
1545 1449 1595 1484 τῆς
1608 1448 1694 1484 τιμῆς
1720 1449 1854 1484 μεταλαμ-

1067 1495 1169 1527 ϐάνειν,
1182 1495 1213 1522 τὸ
1231 1495 1260 1522 δὲ
1278 1495 1366 1522 δοκεῖν
1381 1494 1436 1531 (55)
1457 1494 1518 1523 τινὰ
1540 1495 1674 1531 παρέχειν
1691 1495 1734 1530 τῷ
1748 1495 1856 1532 μηδενὸς

1068 1541 1266 1577 προσδεομένῳ.

461 1663 526 1690 CAP.
543 1662 587 1690 Ν.
604 1663 705 1691 Cretera
717 1662 873 1691 Juda'orum
888 1664 1012 1692 instituta
1032 1672 1083 1694 non
1099 1665 1204 1700 aptiora
1219 1664 1254 1692 ad
1269 1663 1353 1692 Deum
1369 1663 1507 1693 colendum
1520 1665 1626 1693 evincit.

266 1741 300 1771 At
313 1747 409 1769 eorum
427 1741 500 1769 circa
517 1741 594 1769 cibos
615 1742 807 1770 meticulosam
833 1742 990 1770 cautionem
1003 1762 1012 1776 ,

230 1791 259 1815 et
273 1788 496 1823 superstitionem
512 1788 585 1816 circa
602 1788 719 1817 Sabbata
730 1808 738 1821 ,
760 1793 787 1816 et
807 1789 968 1824 iactantiam
981 1789 1016 1817 de

231 1835 451 1868 circumcisione,
476 1840 502 1863 et
527 1843 588 1870 quae
612 1835 646 1863 de
671 1836 778 1871 jejunio
803 1843 836 1863 ac
864 1835 1015 1864 noviluniis

231 1881 380 1914 simulant,
406 1889 467 1917 quae
490 1881 609 1909 ridicula
636 1887 699 1910 sunt
726 1887 753 1910 et
774 1882 861 1909 relatu
884 1881 1015 1917 indigna,

232 1932 258 1954 te
281 1934 297 1954 a
318 1935 362 1954 me
390 1927 496 1955 discere
519 1935 632 1955 necesse
662 1928 763 1955 habere
793 1928 922 1955 arbitror.
946 1926 1015 1955 Nam

231 1981 325 2000 eorum
336 1981 396 2008 qua!
411 1981 427 2001 a
444 1973 498 2001 Deo
515 1974 542 2001 in
565 1982 646 2003 usum
665 1974 807 2002 hominum
827 1979 918 2002 creata
937 1978 1017 2007 sunt,

231 2020 284 2049 alia
303 2019 411 2055 quidem
436 2024 565 2055 tanquam
590 2026 662 2048 recte
685 2025 774 2048 creata
790 2020 948 2054 admittere;
964 2020 1018 2047 alia

233 2072 298 2093 vero
321 2069 350 2092 ut
370 2066 474 2093 inutilia
491 2071 518 2094 et
531 2074 756 2102 ,supervacanea,
782 2074 925 2100 recusare,
946 2074 1017 2101 quo-

232 2112 315 2141 modo
330 2111 371 2139 fas
386 2117 428 2140 est
438 2113 449 2139 ’ἶ
459 2112 497 2140 De
507 2112 563 2140 Deo
576 2117 665 2141 autem
686 2113 739 2140 hoc
753 2113 877 2146 mentiri,
895 2120 957 2140 eum
972 2120 1019 2140 ve-

232 2161 292 2185 tare
305 2157 407 2192 aliquid
422 2158 493 2192 quod
510 2158 653 2186 honestum
677 2160 712 2186 sit
727 2158 816 2186 facere
828 2158 872 2186 die
890 2157 1018 2191 Sabbati,

233 2204 371 2239 quomodo
387 2204 501 2239 impium
519 2212 575 2232 non
599 2205 653 2232 sit?
671 2205 727 2240 jam
744 2213 809 2232 vero
837 2210 864 2232 et
877 2205 910 2232 de
924 2205 1017 2233 carnis

1109 1742 1189 1770 Ἀλλὰ
1211 1743 1264 1780 μὴν
1283 1744 1347 1780 τόγε
1371 1743 1434 1780 περὶ
1456 1743 1506 1775 τὰς
1526 1742 1643 1779 βρώσεις
1668 1743 1764 1770 αὐτῶν
1777 1743 1857 1779 ψοφο-

1067 1789 1142 1822 δεὲς,
1169 1791 1215 1817 καὶ
1240 1790 1289 1826 τὴν
1315 1790 1380 1826 περὶ
1410 1788 1445 1816 τὰ
1470 1789 1596 1818 Σάϐϐατα
1623 1789 1855 1826 δεισιδαιμονίαν,

1068 1837 1116 1864 καὶ
1135 1837 1186 1873 τὴν
1200 1836 1250 1872 τῆς
1276 1836 1426 1873 περιτομῆς
1453 1836 1510 1872 (54)
1531 1835 1695 1868 ἀλαζονείαν
1707 1857 1716 1869 ,
1735 1838 1784 1864 καὶ
1809 1839 1856 1874 τὴν

1068 1882 1118 1916 τῆς
1132 1882 1257 1917 νηστείας
1270 1883 1317 1909 καὶ
1339 1882 1486 1918 νουμηνίας
1502 1882 1653 1918 είρωνειαν,
1665 1883 1857 1918 καταγέλαστα

1068 1928 1116 1955 καὶ
1136 1928 1211 1956 οὐδὲν
1221 1928 1285 1962 ἄξια
1307 1928 1388 1963 λόγου
1400 1948 1408 1961 ,
1421 1928 1524 1965 νομίζω
1544 1937 1574 1955 σε
1583 1928 1697 1964 χρῄζειν
1712 1930 1781 1966 παρ’
1792 1930 1856 1965 ἐμοῦ

1067 1973 1174 2010 μαθεῖν.
1199 1973 1235 2000 Τό
1259 1982 1290 2000 τε
1319 1973 1373 2010 γὰρ
1397 1973 1451 2000 τῶν
1479 1974 1532 2000 ὑπὸ
1552 1973 1600 2001 τοῦ
1635 1974 1704 2001 Θεοῦ
1734 1975 1858 2002 κτισθέν-

1066 2028 1121 2047 των
1141 2021 1181 2052 είς
1207 2020 1302 2056 χρῆσιν
1323 2019 1492 2056 ἀνθρώπων,
1517 2019 1534 2047 ἃ.
1560 2021 1610 2056 μὲν
1624 2020 1663 2053 ὡς
1689 2021 1784 2053 καλῶς
1802 2030 1858 2048 κτι-

1066 2067 1163 2094 σθέντα
1188 2066 1404 2102 παραδέχεσθαι,
1429 2066 1447 2094 ἃ
1471 2066 1504 2099 δ’,
1527 2066 1565 2099 ὡς
1587 2067 1716 2103 ἄχρηστα
1741 2068 1792 2094 καὶ
1812 2077 1858 2094 ττι-

1066 2112 1165 2149 ρισσὰ,
1187 2111 1394 2147 παραιτεῖσθαι,
1417 2112 1476 2145 πῶς
1493 2113 1523 2139 οὐ
1547 2112 1625 2148 θέμις
1649 2113 1707 2149 (55)
1727 2114 1808 2146 tati;
1823 2113 1858 2140 τδ

1065 2158 1093 2185 δὲ
1116 2157 1329 2193 καταψεύδεσθαι
1349 2157 1416 2186 Θεοῦ
1429 2177 1436 2190 ,
1459 2159 1496 2190 ὼς
1523 2158 1676 2191 κωλύοντος
1701 2160 1731 2185 ὲν
1751 2161 1787 2195 τῇ
1805 2158 1857 2185 τῶν

1066 2204 1211 2231 Σαϐϐάτων
1233 2203 1327 2240 ἡμέρᾳ
1347 2203 1427 2231 καλόν
1449 2212 1476 2231 τι
1500 2206 1586 2232 ποιεῖν
1600 2224 1607 2237 ,
1630 2204 1691 2237 πῶς
1715 2206 1770 2232 οὐκ
1795 2206 1857 2232 ὰπ-

233 2250 440 2285 imminutione,
452 2255 580 2286 tanquam
599 2251 740 2279 electionis
760 2251 947 2279 testimonium
962 2250 1014 2285 sit,

1072 2250 1132 2284 6ές;
1154 2250 1185 2277 τδ
1205 2250 1234 2277 δὲ
1253 2250 1300 2277 καὶ
1319 2250 1370 2286 τὴν
1397 2250 1509 2286 μείωσιν
1539 2250 1590 2285 τῆς
1621 2251 1726 2287 σαρκδς
1754 2251 1855 2288 μαρτύ-

272 2331 330 2367 (49)
347 2332 454 2359 Πλείω.
474 2330 552 2359 llanc
567 2338 661 2359 vocem
677 2331 753 2367 addit
767 2330 883 2367 VBeureri
898 2338 1015 2367 apogra-

233 2368 330 2404 phum,
352 2368 444 2402 sicque
457 2367 600 2404 legendum
618 2367 686 2404 vidit
701 2366 854 2404 Stephanus
871 2375 904 2393 ex
918 2366 1016 2393 litteris

232 2402 254 2430 ῖπ
270 2408 296 2431 et
312 2403 337 2434 λ,
354 2410 472 2438 quarum
488 2402 601 2438 vestigia
619 2402 645 2429 in
666 2402 729 2429 eod.
751 2409 826 2438 mss,
845 2405 1015 2438 supererant.

269 2438 326 2474 (50)
344 2437 477 2474 Φρονεῖν.
497 2437 567 2465 Post
585 2438 656 2474 hanc
672 2444 765 2465 vocem
793 2437 895 2472 aliquid
920 2437 1016 2464 deesse

232 2472 373 2501 existimat
385 2472 551 2508 Stephanus,
563 2473 605 2499 vel
620 2473 733 2506 liguram
748 2479 809 2499 esse
825 2480 887 2506 qua;
903 2477 1017 2498 vocatur

232 2508 421 2548 ἀπαπρδοτοχ.
437 2507 620 2548 _Sy_l_b'nrgius
640 2508 800 2548 addendum.
827 2511 904 2548 putat
930 2506 1017 2548 ρρθῷς

234 2543 374 2580 φρονοῦσι.
391 2543 444 2571 Sed
462 2541 531 2584 nihil
547 2541 763 2570 desiderabimus
780 2543 803 2569 si
827 2541 897 2583 illud
913 2541 951 2568 et'
964 2541 1015 2582 μεν

233 2580 330 2606 eodem
349 2579 430 2606 modo
447 2586 624 2612 accipiamus,
641 2586 673 2605 ac
694 2579 719 2604 st
737 2578 797 2609 καί,
809 2582 868 2610 etsi,
885 2585 1014 2612 quamvis,

234 2619 266 2641 ut
284 2615 311 2641 in
340 2614 565 2648 interpretatione
581 2613 797 2640 emendavimns.
818 2613 942 2639 Similem
966 2612 1015 2640 ha-

235 2649 332 2675 bemus
353 2649 499 2675 verborum
527 2648 758 2675 constructiOnem
777 2647 855 2674 initio
875 2647 1015 2675 Aoolozize

265 2656 332 2674 emus
353 2656 499 2674 verborum
527 2656 758 2674 constructionem
777 2656 855 2674 ililllo
875 2656 989 2674 λοοιοιζι

235 2655 332 2676 nemus
353 2655 499 2676 verborum
527 2655 758 2676 consuucttonem
777 2655 855 2674 liiillO
875 2655 1015 2682 Apomgtae

235 2684 330 2717 prima!
356 2683 468 2718 Justini,
499 2682 675 2718 lbide'mrpro
696 2684 736 2714 εἰς
755 2682 821 2709 Θεὸν
836 2683 884 2709 ἕνα
910 2681 1015 2718 malunt

236 2716 395 2753 Stephanus
413 2722 440 2744 et
457 2717 532 2753 Sylb.
549 2720 584 2746 ει.
607 2716 658 2746 sed
673 2719 780 2753 φρονεῖν
797 2718 850 2745 hoc
867 2718 927 2746 loco
944 2716 1014 2744 idem

235 2758 278 2780 est
291 2762 323 2780 ac
341 2753 488 2780 πιστεύειν.

271 2788 326 2822 (51)
345 2789 453 2823 Εἰκόςη
463 2788 617 2823 Legendum
628 2793 722 2816 censet
733 2787 888 2822 Stephanus
897 2788 934 2820 ὡς
944 2787 1017 2820 εἰκός

241 2822 288 2862 vel
301 2823 417 2862 εἰκότως
440 2821 540 2862 ibidem
561 2824 578 2858 ἢ
595 2831 645 2862 pro
662 2824 692 2850 οὺ
721 2821 865 2859 legendum
892 2823 1012 2858 conjicit.

239 2856 289 2884 Sed
308 2857 365 2885 haec
383 2859 493 2885 minime
501 2856 662 2886 necessaria.

1103 2331 1159 2366 (52)
1177 2332 1230 2365 Εἷς
1242 2330 1383 2366 τὰνκωςρά.
1404 2329 1480 2366 Hanc
1501 2330 1727 2365 prepositionem
1755 2331 1856 2359 adden-

1067 2367 1129 2395 dam
1147 2365 1259 2406 monent
1276 2365 1441 2406 Stephanus,
1461 2365 1541 2394 Beur.
1566 2366 1748 2406 etSylhurg.
1771 2367 1856 2406 Paulo

1068 2406 1131 2438 post
1153 2401 1316 2438 legendum,
1342 2405 1372 2428 ut
1396 2401 1477 2429 iidem
1501 2404 1622 2435 monent,
1640 2401 1857 2438 ἐνδεικνυμένων

1068 2410 1129 2437 post
1153 2410 1176 2429 te
1197 2410 1316 2433 ennum,
1342 2410 1372 2428 ιιι
1396 2410 1477 2429 noem
1501 2410 1564 2428 mon

1067 2442 1094 2465 et
1105 2437 1139 2463 τὰ
1156 2410 1195 2472 pg
1207 2437 1355 2498 δυνάμενοιΖ
1558 2470 1564 2477 _

1104 2472 1161 2498 (551
1181 2472 1214 2498 Τὸ
1229 2471 1263 2498 δὲ
1291 2480 1381 2498 ous/1'.
1401 2470 1514 2498 Frustra
1537 2470 1564 2498 Ιιι

1104 2470 1162 2507 (55)
1181 2470 1214 2499 Τὸ
1229 2471 1263 2498 δὲ
1272 2470 1381 2498 δοκεῖν.
1391 2470 1514 2507 AFrustra
1537 2470 1588 2507 hic
1605 2470 1738 2500 lacunam
1766 2473 1856 2507 suspi-

1069 2505 1165 2534 cantur
1177 2506 1332 2541 Stephanus
1344 2511 1372 2533 et
1388 2505 1560 2548 Sylburgius.
1572 2505 1646 2534 Satis
1659 2512 1704 2534 est
1715 2508 1807 2542 legere
1817 2505 1858 2542 τῷ

1069 2542 1097 2569 δὲ
1111 2542 1210 2570 δοκεῖν.
1227 2542 1270 2569 vel
1301 2542 1447 2569 subaudire
1466 2550 1539 2569 κατα
1562 2546 1626 2569 ante
1660 2543 1722 2570 haec
1753 2543 1836 2570 verba
1849 2563 1857 2570 .

1203 2562 1210 2575 ,
1233 2562 1270 2569 n.-
1301 2562 1447 2569 unuuuullv
1467 2562 1539 2569 ..ιο-.-
1562 2562 1626 2569 ..υ-ν
1661 2562 1722 2570 ..ων
1757 2562 1857 2574 ’νιν-θ

1067 2585 1184 2612 quorum
1206 2577 1229 2604 is
1257 2581 1300 2604 est
1316 2584 1413 2604 sensus
1425 2585 1433 2607 :_
1446 2585 1523 2611 :eque
1546 2576 1661 2604 stultum
1676 2585 1759 2609 esse.
1777 2579 1858 2604 rebus

1067 2611 1147 2648 sensu
1166 2612 1320 2639 carentibus
1336 2611 1628 2648 sacriticiaoil‘erre.et
1639 2611 1698 2648 Deo
1718 2613 1769 2648 qui
1785 2614 1857 2640 nulla

1067 2655 1097 2674 re
1111 2647 1222 2687 indiget.
1240 2651 1337 2687 putare
1351 2654 1380 2674 se
1394 2647 1497 2687 aliquid
1508 2646 1640 2687 praebere.
1655 2647 1720 2682 Ipse
1729 2646 1856 2687 Stepha-

1068 2690 1120 2710 nus
1137 2682 1236 2710 fatetur
1249 2682 1300 2717 legi
1315 2689 1394 2716 posse
1411 2682 1450 2717 τῷ
1465 2682 1493 2708 δὲ
1509 2683 1608 2714 δοκεῖν,
1622 2682 1682 2710 haec
1694 2683 1781 2711 verba
1791 2682 1857 2711 con-

1065 2717 1273 2757 jungendocum
1283 2717 1513 2757 prateedentibjis.

1104 2752 1161 2787 (51)
1180 2752 1238 2787 Τὴν
1259 2751 1316 2787 τῆς
1336 2751 1505 2786 περιτομῆς.
1523 2751 1682 2787 Slephanus
1701 2753 1857 2781 addendum

1067 2787 1288 2824 existimatiowe
1304 2787 1345 2824 vel
1359 2787 1468 2824 οὐδενὸς
1483 2787 1546 2824 ἀξια
1556 2787 1642 2824 λόγου
1657 2788 1690 2814 οὺ
1703 2789 1826 2824 νομίζω.

1104 2823 1159 2857 (55)
1178 2823 1243 2856 Πῶς
1259 2823 1300 2860 οὐ⁴
1312 2822 1402 2858 θέμις.
1417 2821 1492 2851 Delet
1505 2823 1535 2850 οὗ
1554 2823 1649 2858 Steph.
1665 2823 1710 2852 vel
1724 2821 1791 2861 legit
1801 2824 1858 2855 ἀϐἑε

1070 2867 1154 2893 μιτον.
