1916 3099
73 154 133 189 M73

600 159 769 188 EPISTOLA
789 159 835 187 AD
853 159 1063 188 DIOCNETUM.

1619 157 1687 185 il”

70 225 122 252 ριον
141 216 197 252 (56)
219 215 334 252 ἐκλογῆς
347 213 572 247 ἀλαζονεύεσθαι,
585 215 623 247 ὡς
635 215 680 242 διὰ
690 215 768 242 τοῦτο
778 215 852 248 ἐξαι-

906 215 1026 249 gloriari,
1041 219 1068 242 et
1083 220 1212 249 tanquam
1223 221 1283 241 eam
1300 213 1335 240 ob
1352 221 1408 241 rem
1421 213 1494 241 Deus
1508 214 1609 242 eximio
1626 214 1688 242 illos

70 262 148 298 ρέτικ
161 262 357 298 ὴγαπημένους
371 260 424 288 ὑπὸ
435 260 513 292 Θεοῦ,
532 260 590 292 πῶς
601 261 631 288 οὐ
645 261 744 296 χλεύης
758 261 851 295 ἄξιον;

68 308 96 335 τὸ
107 308 134 335 δὲ
147 307 363 344 παρεδρεύοντας
374 308 474 340 αὐτοὺς
493 309 602 344 ἄστροις
618 307 665 335 καὶ
678 308 778 344 σελήνῃ
800 316 852 335 πα-

70 354 215 390 ρατήρησιν
240 353 295 380 τῶν
319 353 411 390 μηνῶν
436 354 491 390 (57)
502 354 550 381 καὶ
566 353 620 380 τῶν
643 353 754 390 ἡμερῶν
768 355 850 380 ποιεῖ-

69 399 135 431 σθαι,
148 400 197 426 καὶ
218 399 268 431 τὰς
286 399 441 435 οἰκονομίας
462 398 530 427 Θεοῦ
548 399 595 426 καὶ
615 399 664 431 τὰς
681 399 734 426 τῶν
746 399 850 435 καιρῶν

68 444 182 479 ἀλλαγὰς
195 445 383 481 κατά(58).....
398 446 466 482 πρὸς
477 445 526 478 τὰς
536 445 624 472 αὐτῶν
635 445 733 481 ὁρμὰς,
741 445 775 477 ἃς
789 445 848 480 μὲν,

68 491 103 522 είς
128 490 236 526 ἑορτὰς,
258 491 350 524 ἃςδὲ,
374 493 414 524 είς
437 492 538 527 πένθη·
563 492 605 524 τίς
632 491 665 519 ἂν
695 490 849 522 θεοσεσείας

68 537 111 564 καὶ
122 537 172 564 οὐκ
193 537 349 574 ἀφροσύνης
375 539 442 565 πολὺ
460 538 541 565 πλέον
563 539 695 574 ἡγήσεται
720 537 752 564 τὸ
781 538 851 572 δεῖγ-

69 591 121 618 μα;
133 583 182 618 τῆς
196 583 245 618 μὲν
255 581 301 611 οὖν
321 584 413 619 κοινῆς
426 583 594 619 εἰκαιότητος
607 584 654 610 καὶ
665 583 784 619 ἀπάτης,
801 584 849 611 καὶ

67 626 113 662 τῆς
135 626 269 655 Ἰουδαίων
287 628 549 664 πολυπραγμοσύνης
569 628 615 655 καὶ
630 627 788 661 ἀλαζονείας
808 630 850 657 ὅτι

68 672 150 706 ὀρθῶς
171 673 319 709 ἀπέχονται
341 675 514 710 Χριστιανοὶ,
536 674 693 710 ἀρκούντως
720 683 750 702 σε
773 676 849 711 νομί-

68 717 104 749 ζω
117 718 314 754 μεμαθηκέναι.
329 720 365 746 Τὸ
385 720 414 747 δὲ
427 720 476 756 τῆς
497 720 564 752 ιδίας
575 720 674 755 ξαὺτῶν
696 721 851 754 θεοσεϐείας

69 765 214 801 μυστήριον
231 766 269 801 μὴ
291 766 480 803 προσδοκήσῃς
501 766 629 794 δύνασθαι
649 766 726 802 παρὰ
745 767 850 804 ἀνθρώ·

69 819 118 839 που
131 811 238 847 μαθεῖν.

902 268 994 288 amore
1020 264 1211 295 prosequatur,
1232 258 1371 294 quomodo
1398 258 1610 287 subsannatione
1631 268 1686 288 non

902 306 939 333 sit
953 306 1090 341 dignum?
1110 305 1263 338 Quinetiam
1290 311 1348 338 eos,
1371 305 1522 339 (tanquam)
1536 304 1687 333 assidentes

901 353 983 380 astris
1000 356 1028 379 et
1041 352 1122 385 lunae,
1136 350 1321 378 observationi
1336 350 1473 378 mensium
1483 354 1510 377 et
1521 350 1627 377 dierum
1639 351 1687 378 de-

900 398 972 426 ditos
988 405 1064 431 esse,
1082 401 1109 424 et
1124 396 1170 424 Dei
1185 395 1359 429 oeconomias
1377 402 1409 422 ac
1421 399 1610 430 tempestatum
1623 403 1686 423 mu-

898 445 1014 473 tationes
1025 444 1058 472 ad
1066 451 1096 471 ea
1109 443 1316 471 accommodare
1326 441 1358 469 ad
1367 448 1427 476 quae
1437 445 1542 468 mentes
1556 449 1612 469 suae
1624 449 1687 476 pro-

897 498 989 527 pensae
1007 490 1070 524 sint,
1084 490 1152 517 alias
1167 488 1276 524 quidem
1293 488 1326 515 ad
1350 487 1435 515 festos
1455 487 1526 521 dies,
1542 487 1609 516 alias
1622 495 1687 515 vero

898 537 931 564 ad
947 537 1053 569 luctus;
1066 536 1128 570 quis
1143 534 1227 563 divini
1240 534 1329 562 cultus
1341 537 1368 561 et
1382 540 1436 560 non
1448 532 1591 560 dementia:
1601 532 1687 560 multo

898 583 986 618 magis
1010 582 1140 610 indicium
1163 579 1349 609 existimabit?
1369 578 1516 606 Communi
1542 578 1626 614 igitur
1640 586 1687 605 va-

901 630 985 657 nitate
996 633 1023 656 et
1037 628 1200 664 impostura,
1215 631 1241 654 et
1251 626 1409 654 Judaeorum
1426 625 1585 653 curiositate
1607 629 1688 660 atque

899 675 1040 711 iactantia,
1052 673 1293 710 jureChristianos
1307 672 1459 705 abstinere,
1478 676 1503 698 te
1521 670 1629 698 abunde
1643 670 1688 697 div

901 722 1002 751 dicisse
1014 720 1152 749 existimo.
1173 719 1225 747 Sed
1241 718 1326 746 divini
1340 718 1494 746 cultus‘illis
1512 718 1616 754 proprii
1628 726 1687 754 my<

901 768 1016 798 sterium
1029 774 1063 795 ne
1078 770 1103 795 te
1116 766 1150 794 ab
1167 765 1278 794 homine
1296 764 1352 793 ullo
1367 764 1460 793 doceri
1485 772 1566 800 posse
1584 771 1685 800 speres.

519 891 584 920 CAP.
612 891 642 919 V.
660 890 872 920 Christianorum
892 898 976 918 mores
993 890 1113 926 graphice
1128 889 1255 924 depingit.

100 968 256 1003 Χριστιανοὶ
277 969 332 1006 γὰρ
352 969 413 997 οὔτε
431 971 487 1007 γῇ,
502 970 564 998 οὔτε
587 972 673 1007 φωνῇ,
697 971 761 998 οὔτε
777 971 850 998 ἔθεσι

936 969 1083 998 Christiani
1099 969 1172 997 enim
1191 976 1280 1004 neque
1292 968 1418 1003 regione,
1434 974 1522 1001 neque
1537 973 1663 995 sermone
1673 987 1682 999 ,

68 1014 266 1051 διακεκριμένοι
278 1016 332 1042 τῶν
344 1015 446 1042 λοιπῶν
464 1017 534 1043 εἰσιν
546 1015 705 1052 ἀνθρώπων.
719 1016 787 1044 Οὔτε
797 1017 852 1053 γάρ

68 1069 117 1087 που
139 1061 232 1093 πόλεις
256 1061 324 1094 ιδίας
343 1061 533 1094 κατοικοῦσιν,
558 1061 621 1088 οὔτε
657 1062 788 1098 διαλέκτῳ
810 1071 852 1090 τι-

68 1107 92 1133 νὶ
111 1107 324 1144 παρηλλαγμένῃ
352 1107 490 1143 χρῶνται,
519 1107 581 1135 οὔτε
609 1107 666 1143 βίον
690 1109 852 1145 παράσημον

68 1153 209 1180 ἀσκοῦσινα
236 1153 266 1180 οὐ
292 1153 346 1189 μὴν
379 1153 486 1190 ἐπινοίᾳ
504 1154 558 1181 τινὶ
588 1154 635 1181 καὶ
659 1155 779 1190 φροντίδι
806 1164 852 1182 πσ-

68 1198 266 1235 λυπραγμόνων
289 1199 441 1235 ἀνθρώπων
462 1199 602 1235 μαθήματι
624 1199 678 1236 (59)
700 1200 772 1227 τοῦτ’
796 1201 852 1237 (60)

67 1245 155 1278 αὐτοῖς
172 1247 250 1272 ὲστιν
270 1245 429 1281 εἰρημένον·
446 1246 507 1273 οὐδὲ
528 1246 662 1282 δόγματος
682 1247 851 1283 ἀνθρωπίνου

68 1292 247 1326 προεστᾶσιν,
281 1291 375 1328 ὥσπερ
406 1292 489 1319 ἔνιοι·
528 1293 718 1326 κατοικοῦντες
750 1293 779 1321 δὲ
804 1294 853 1320 πό-

68 1337 121 1369 λεις
149 1338 305 1374 Ἑλληνίδας
326 1347 357 1365 τε
392 1339 439 1365 καὶ
475 1338 649 1375 βαρϐάρους,
672 1340 709 1372 ὡς
739 1340 853 1373 ἕκαστος

67 1382 218 1420 ἐκληρώθη,
238 1384 285 1411 καὶ
311 1385 340 1412 ὲν
360 1385 416 1416 τοῖς
438 1383 493 1420 (61)
516 1384 660 1421 ἐγχωρίοις
682 1385 770 1413 ἔθεσιν
790 1386 854 1413 ἀκο-

68 1428 222 1462 λουθοῦντες
245 1430 274 1456 ἐν
291 1439 321 1457 τε
342 1430 434 1466 ἐσθῆτι
457 1430 504 1456 καὶ
519 1430 610 1468 διαίτῃ
634 1431 682 1458 καὶ
707 1431 746 1467 τῷ
768 1432 854 1468 λοιπῷ

70 1473 116 1510 βίῳ
128 1495 135 1507 ,
152 1475 312 1512 θαυμαστὴν
326 1475 374 1503 καὶ
396 1476 620 1513 ὁμολογουμένως
641 1477 789 1514 παράδοξον
813 1479 855 1505 ὲν-

69 1519 217 1548 δείκνυνται
239 1522 290 1557 τὴν
312 1522 479 1550 κατάστασιν
506 1523 557 1558 τῆς
577 1523 679 1550 ἑαυτῶν
706 1523 851 1556 πολιτείας.

70 1565 201 1602 Πατρίδας
221 1567 340 1594 οἰκοῦσιν
369 1567 445 1599 ιδίας,
472 1567 529 1595 ἀλλ’
554 1568 592 1600 ὡς
620 1567 759 1603 πάροικον
792 1576 854 1603 μετ-

70 1610 156 1646 έχουσι
187 1611 307 1644 πάντων,
336 1612 374 1645 ὥς
411 1613 539 1646 πολῖται,
566 1613 614 1641 καὶ
637 1613 716 1641 πάνθ’
748 1614 852 1649 ὑπομέ-

902 1022 991 1050 neque
1007 1014 1125 1050 politicis
1142 1014 1201 1042 vitae
1225 1014 1356 1042 institutis
1373 1021 1390 1040 ιδ
1403 1013 1507 1041 caeteris
1530 1012 1688 1040 hominibus

903 1065 967 1089 sunt
983 1061 1114 1089 distincti.
1139 1059 1209 1088 Nam
1226 1067 1316 1095 neque
1330 1059 1458 1095 proprias
1471 1059 1596 1087 civitates
1612 1058 1688 1086 inco-

902 1106 978 1139 lunt,
999 1113 1087 1141 neque
1112 1112 1238 1133 sermone
1258 1108 1376 1132 utuntur
1388 1105 1435 1140 qui
1447 1104 1482 1131 ab
1501 1103 1617 1131 aliorum
1631 1111 1688 1131 ser~

902 1159 983 1180 mone
995 1151 1111 1184 diﬂ‘erat,
1125 1158 1214 1186 neque
1229 1151 1300 1178 vitm
1311 1158 1398 1186 genus
1413 1150 1514 1178 habent
1524 1149 1598 1185 quod
1613 1149 1647 1177 de
1660 1157 1688 1176 re

902 1199 993 1233 aliqua
1015 1199 1067 1226 sibi
1083 1197 1214 1233 peculiari
1230 1198 1267 1225 sit
1281 1198 1421 1231 notabile;
1439 1204 1527 1232 neque
1544 1196 1648 1231 aliquid
1672 1203 1687 1223 a

903 1245 1019 1273 curiosis
1040 1244 1199 1272 hominibus
1218 1245 1401 1280 excogitatum
1415 1248 1571 1279 proponunt
1582 1243 1634 1271 sibi
1647 1243 1688 1270 di-

903 1291 1055 1319 scendum:
1082 1296 1171 1324 neque
1185 1289 1265 1316 alicui
1287 1288 1405 1324 dogmati
1427 1289 1548 1316 humano
1568 1287 1689 1322 patroci-

903 1343 1014 1371 nantur,
1032 1337 1103 1365 sicut
1115 1336 1237 1363 nonnulli
1253 1345 1260 1362 :
1277 1335 1324 1363 sed
1339 1335 1487 1362 incolentes
1502 1334 1601 1369 partim
1614 1333 1689 1361 Gm-

903 1392 960 1418 eas,
978 1384 1074 1420 partim
1087 1384 1218 1411 barbaras
1232 1382 1366 1414 civitates,
1384 1385 1464 1416 prout
1481 1380 1615 1415 cujusque
1628 1387 1688 1407 sors

903 1430 975 1463 tulit,
991 1434 1019 1458 et
1031 1429 1220 1464 indigenarum
1241 1428 1364 1456 instituta
1386 1430 1531 1461 sequentes
1548 1426 1575 1453 in
1590 1425 1689 1454 vestitu

903 1477 1048 1511 victuque,
1061 1479 1089 1504 et
1099 1475 1204 1503 caeteris
1219 1482 1281 1510 quae
1293 1473 1327 1501 ad
1342 1474 1428 1500 vitam
1443 1472 1591 1508 pertinent,
1608 1471 1690 1498 mira-

903 1522 985 1550 bilem
1001 1527 1028 1550 et
1042 1521 1116 1549 haud
1138 1520 1221 1549 dubie
1240 1519 1426 1548 incredibilem
1443 1526 1500 1546 sua
1517 1518 1617 1553 politiae
1635 1521 1691 1545 sta-

904 1572 962 1595 tum
981 1567 1070 1596 oculis
1081 1567 1184 1595 nostris
1200 1570 1365 1601 proponunt.
1382 1565 1488 1593 Patrias
1501 1564 1628 1600 proprias
1639 1564 1690 1591 ha-

905 1614 1011 1647 bitant;
1039 1614 1085 1641 sed
1109 1618 1239 1648 tanquam
1266 1612 1403 1648 inquilini.
1425 1611 1523 1639 Omnia
1546 1618 1609 1638 cum
1623 1610 1692 1646 :aliis

69 1665 156 1684 νουσιν
184 1657 223 1690 ὡς
253 1658 332 1691 ξένοι.
358 1659 436 1686 Πᾶσα
477 1659 560 1695 ξένη,
582 1659 682 1695 πατρίς
706 1660 778 1686 ἐστιν
805 1660 854 1686 αὺ-

906 1660 1061 1689 eommunia
1089 1659 1200 1692 habent,
1226 1662 1356 1693 tanquam
1375 1659 1448 1686 cives
1463 1667 1471 1692 ;
1485 1661 1512 1685 et
1536 1657 1629 1685 omnia
1643 1665 1692 1692 pa-

70 1702 134 1729 τῶνο
159 1704 206 1731 καὶ
226 1705 301 1731 πᾶσα
323 1705 442 1741 πατρὶς,
467 1704 540 1742 ξένη.
565 1705 701 1741 Γαμοῦσιν
727 1705 765 1738 ὡς
787 1705 854 1736 πάν-

69 1756 127 1780 τες·
148 1750 373 1785 τεκνογονοῦσιν,
406 1750 462 1778 ἀλλ’
485 1751 514 1780 οὺ
544 1751 667 1786 ῥίπτουσι
690 1751 725 1779 τὰ
755 1752 855 1787 γεννώ-

72 1801 144 1829 μενα.
159 1795 410 1832 Τράπεζαντκοινὴν
431 1796 638 1832 παρατίθενται,
667 1797 723 1825 ἀλλ’
736 1797 851 1834 (62).....

70 1840 168 1876 κοινήν.
201 1841 245 1868 Ἑν
281 1842 364 1878 σαρκὶ
396 1842 593 1878 τυγχάνουσιν,
623 1842 681 1870 ἀλλ’
714 1843 745 1870 οὐ
780 1843 851 1870 κατὰ

72 1885 157 1921 σάρκα
179 1886 273 1919 ζῶσιν.
292 1888 354 1915 Ἐπὶ
380 1888 432 1924 γῆς
457 1888 655 1924 διατρίϐουσιν,
679 1889 737 1917 ἀλλ’
759 1891 787 1917 ἐν
807 1891 853 1917 οὑ-

73 1931 140 1967 ρανῷ
170 1932 363 1960 πολιτεύονται.
388 1933 528 1961 Πείθονται
559 1935 615 1966 τοῖς
628 1934 790 1970 ὡρισμένοις
811 1935 854 1962 νό-

73 1985 148 2012 μοις,
183 1980 231 2007 καὶ
263 1981 320 2012 τοῖς
357 1979 432 2012 ἰδίοις
454 1980 521 2015 βίοις
541 1980 636 2007 νικῶσι
657 1981 721 2013 τοὺς
744 1981 853 2017 νόμους.

77 2025 215 2060 Ἀγαπῶσι
240 2027 365 2060 πάντας,
400 2027 448 2054 καὶ
473 2027 526 2054 ὑπὸ
561 2028 669 2056 πάντων
700 2028 853 2057 διώκονται.
875 2062 882 2066 υ

77 2071 264 2108 ’Λγνοοῦνται,
282 2073 329 2100 καὶ
358 2073 575 2109 κατακρίνονται.
588 2073 786 2107 Θανατοῦνται,
807 2075 854 2102 καὶ
873 2070 879 2077 ’

72 2115 260 2149 ξωοποιοῦνται
269 2127 276 2133 ·
289 2118 459 2154 ¹ιστωχεύουςςι
473 2117 539 2154 (65),
551 2119 598 2145 καὶ
609 2118 780 2150 πλουτίζουσι
794 2120 856 2146 πολ-

72 2162 142 2196 λούς.
166 2164 280 2193 Πάντων
312 2164 507 2200 ὑστεροῦνται,
535 2164 582 2191 καὶ
609 2164 638 2191 ὲν
660 2165 727 2191 πᾶσι
756 2173 852 2200 περισ-

906 1707 1021 1740 tiuntur,
1034 1710 1162 1740 tanquam
1180 1705 1326 1740 peregrini.
1336 1703 1431 1732 Omnis
1444 1703 1588 1740 peregrina
1604 1702 1690 1738 regio,

906 1752 993 1788 patria
1003 1756 1045 1780 est
1059 1759 1172 1784 eorum;
1187 1755 1214 1778 et
1236 1751 1327 1778 omnis
1349 1750 1435 1785 patria
1445 1770 1456 1782 ,
1470 1753 1513 1777 est
1536 1749 1690 1785 peregrina.

907 1797 1012 1826 Uxores
1031 1798 1144 1830 ducunt,
1171 1802 1203 1825 ut
1227 1805 1334 1830 omnes,
1348 1801 1375 1824 et
1399 1796 1499 1824 liberos
1525 1799 1690 1831 procreant;

906 1844 953 1872 sed
968 1851 1022 1872 non
1037 1843 1169 1879 abjioiunt
1184 1843 1268 1870 fetus.
1286 1842 1407 1870 Mensam
1420 1849 1593 1869 communem
1608 1848 1693 1876 appo-

907 1892 994 1921 nunt;
1013 1888 1127 1915 minime
1139 1896 1204 1916 vero
1219 1888 1319 1916 cubile.
1331 1887 1360 1915 lu
1376 1894 1461 1915 carne
1480 1890 1558 1919 sunt;
1575 1885 1621 1914 sed
1635 1892 1691 1912 non

908 1933 1057 1961 secundum
1074 1941 1184 1961 carnem
1209 1933 1313 1960 vivunt.
1344 1932 1374 1960 In
1397 1937 1469 1960 terra
1493 1932 1628 1967 deguntﬁ
1644 1930 1691 1958 sed

907 1980 936 2008 in
953 1980 1022 2008 ctelo
1036 1980 1157 2016 politiam
1170 1988 1249 2008 suam
1261 1980 1372 2008 habent.
1382 1979 1576 2014 Obsequuntur
1587 1977 1693 2012 legibus

907 2033 968 2060 quae
979 2026 1089 2053 sancitze
1101 2030 1175 2059 sunt,
1191 2030 1218 2053 et
1232 2033 1283 2053 suo
1293 2025 1354 2053 vitae
1361 2033 1459 2061 genere
1468 2025 1540 2060 leges
1552 2028 1691 2059 superant.

906 2069 1007 2098 Amant
1019 2079 1124 2105 omnes,
1139 2076 1167 2099 et
1179 2078 1274 2099 omnes
1299 2070 1360 2099 illos
1385 2073 1595 2106 persequuntur.
1613 2068 1692 2104 lgne—

907 2122 1001 2145 rantur
1012 2122 1039 2145 et
1050 2117 1267 2145 eoudemnantur
1281 2126 1288 2150 ;
1309 2121 1397 2145 morte
1419 2116 1571 2144 afﬁciuntur
1583 2120 1611 2143 et
1627 2115 1693 2143 vivi-

906 2164 1031 2193 ﬁeantur.
1049 2164 1162 2192 Mendici
1173 2168 1245 2198 sunt,
1254 2164 1388 2192 etmultos
1400 2163 1497 2191 ditant.
1506 2162 1597 2191 Rebus
1610 2161 1694 2190 omni-

93 2254 162 2296 '(56)
177 2253 354 2296 Μαρτιξριοπς.
380 2253 409 2281 ιιι
420 2252 481 2296 eod.
506 2261 561 2296 ms:
587 2257 647 2296 erat
667 2257 771 2296 tantum
787 2262 856 2290 μαρ-

907 2253 1163 2296 ιιιιίῇιιυεδεξθαιξοηε
1185 2253 1300 2296 quatiant
1326 2257 1362 2296 ει.
1373 2252 1511 2294 hominum
1527 2252 1693 2296 curiosorum

70 2289 119 2325 τὺρ
134 2310 141 2322 ,
159 2289 391 2325 quemadmodum
403 2288 488 2325 etiam
501 2288 581 2325 paulo
590 2288 697 2323 ροδιχλ.
710 2288 858 2325 Utramque

73 2324 164 2367 vocem
191 2324 309 2359 explevit
334 2324 466 2360 Stephau.
501 2324 615 2359 legendo
648 2324 798 2359 μαρτύριον
830 2328 858 2351 et

71 2368 176 2386 nso-nc.

312 2394 359 2422 Sic
373 2402 423 2430 pro
434 2403 454 2430 μ
464 2393 629 2429 Stephanus,
644 2393 725 2422 Beur.
741 2400 768 2422 et
781 2393 856 2430 Sylb.

87 2439 146 2458 men
170 2439 202 2457 an
218 2450 227 2457 ε

71 2435 227 2458 emendant.

106 2466 161 2501 (58)
179 2465 270 2501 Κατοξ.
286 2465 314 2492 ln
335 2465 497 2501 apographo
511 2465 622 2493 Beureri
645 2465 859 2501 ετοινκαταδιαι-

74 2503 136 2536 ρεῖν.
157 2501 233 2536 Legit
251 2500 612 2536 διοριιζκαταρρυθμίζειη
630 2501 670 2526 ὅτι
687 2500 809 2528 additum
824 2507 857 2536 ex

74 2535 211 2572 Stephano
229 2541 256 2563 et
272 2535 352 2572 [ξοην.
374 2535 612 2572 Mox'ludzeorumr
622 2535 770 2572 curiositas
782 2535 858 2572 intel-

73 2570 177 2606 ligenda
189 2575 231 2599 est
248 2580 254 2598 :
270 2571 411 2599 Curiosum
423 2572 541 2598 studium
554 2571 630 2597 varia
642 2571 676 2597 ad
685 2570 734 2597 Dei
745 2571 855 2603 cultant,

72 2605 174 2640 qualem
185 2607 235 2642 sibi
248 2607 380 2641 ﬁngebant
401 2605 558 2642 pertinentia
574 2606 714 2632 acervandi
723 2614 733 2639 ;
748 2606 787 2634 sic
799 2606 858 2640 ipse

72 2643 188 2677 explicat
203 2641 366 2677 Stephanus.

105 2675 161 2712 (59)
177 2675 343 2711 Madrig/tn.
361 2677 443 2705 iidem
456 2680 547 2710 tegunt
558 2675 673 2712 μάθημά
685 2684 722 2712 τι,
734 2680 760 2703 et
773 2676 856 2711 paulo

73 2717 131 2752 post
141 2713 300 2752 .sﬁgnpév‘ov
327 2720 376 2747 pro
387 2711 563 2752 εἰρημένον(
575 2711 634 2752 Non
650 2711 782 2752 displicet
797 2712 856 2752 Syl-

74 2748 168 2787 burgio
185 2746 341 2787 ᾕρημένοχξ,
364 2746 489 2787 etet-tuin.
511 2746 672 2787 Legendum
684 2746 855 2787 crediderim

76 2781 291 2819 μάθῆμίὼῦτο.
305 2782 371 2810 ll'lud
389 2782 528 2819 μαθήματι
544 2781 634 2809 ortum
648 2781 754 2809 videtur
772 2789 806 2808 cx
818 2783 856 2809 si-

74 2819 127 2845 mili
140 2817 215 2846 casu
235 2825 332 2845 vocum
349 2817 573 2853 pricedentium.

107 2853 162 2887 (60)
177 2853 333 2887 Μαοήματι
349 2851 447 2879 τοῦτ’.
469 2851 594 2886 chcndo
626 2851 740 2888 μάθημα
765 2851 853 2888 refero,

76 2886 378 2926 utlegendummouui,
398 2887 437 2915 sic
451 2888 605 2916 reddendus
624 2886 668 2916 hic
686 2886 782 2916 locus:
801 2886 854 2915 Ne-

911 2287 1088 2315 iollicitudine
1102 2289 1157 2315 Itwc
1176 2288 1317 2323 disciplina
1336 2290 1367 2315 ab
1387 2288 1424 2315 eis
1446 2290 1563 2314 inventa.
1585 2287 1692 2314 Manu.

911 2323 938 2351 in
957 2323 1149 2351 Emendandis.

957 2359 1074 2394 6l)7‘Er
1085 2359 1158 2392 τοῖς.
1175 2358 1251 2386 Delet
1265 2358 1396 2394 Stephan.
1414 2358 1646 2394 praepositionem.

957 2393 1120 2429 62)’A./t.1‘...
1141 2394 1295 2429 Stephanus
1314 2398 1341 2421 ct
1364 2393 1499 2429 Beurerus
1517 2393 1610 2429 legunt
1635 2393 1693 2420 ἀλλ’

909 2429 939 2456 οὺ
955 2428 1059 2465 κοινήν.
1072 2429 1162 2457 Mallet
1189 2428 1421 2465 Sylburgiusﬁﬂ‘
1438 2429 1468 2454 οὺ
1491 2428 1578 2465 πάντη
1602 2430 1694 2465 κοινήν

908 2465 956 2500 vel
965 2463 1117 2497 ἀλλ”ὁσίως
1126 2463 1228 2500 κοινήν.
1240 2463 1402 2500 θοαίιῇςίᾶο
1419 2471 1532 2500 prorsus
1548 2463 1693 2500 Ineter-jus-

908 2499 971 2527 dem
997 2500 1072 2527 vocis
1102 2498 1246 2535 repetitio,
1275 2504 1303 2527 et
1331 2498 1383 2526 hoc
1404 2498 1694 2535 perpolitoAscriptore

908 2542 1023 2595 prorsus
1041 2533 1161 2569 indigna.
1182 2535 1377 2568 Quamobrem,
1395 2533 1422 2562 iii
1443 2535 1533 2565 fallor,
1548 2533 1694 2568 legendum

927 2569 966 2595 λλ’
983 2570 1012 2595 οὺ
1028 2570 1121 2595 κοίτην
1136 2579 1142 2595 :
1159 2579 1276 2595 meitsam
1292 2577 1454 2595 communem
1470 2570 1640 2595 aononimus.
1666 2574 1694 2595 at

927 2569 966 2596 λλ’
983 2570 1012 2596 οὺ
1028 2570 1121 2604 κοίτην
1136 2579 1142 2597 :
1159 2579 1276 2597 mensam
1292 2577 1454 2598 communem
1470 2570 1640 2605 opponimus,
1666 2574 1694 2595 at

908 2604 994 2640 cubile
1020 2613 1196 2640 nequaquam.
1219 2606 1325 2639 Quibus
1351 2606 1442 2632 verbis
1472 2609 1499 2632 et
1524 2604 1638 2640 iniquos
1661 2607 1695 2640 tle

907 2639 1072 2668 Christianis
1090 2639 1216 2668 rumores
1233 2642 1350 2675 repellit.
1364 2644 1391 2667 et
1408 2644 1541 2675 quantum
1554 2639 1589 2666 ab
1605 2639 1695 2675 ethni;

907 2682 1004 2702 corum
1025 2676 1150 2703 moribus
1174 2673 1373 2710 discreparent,
1397 2673 1589 2710 demonstrat,
1604 2673 1694 2700 Simili

907 2717 1021 2744 prorsus
1037 2711 1172 2738 sententia
1180 2709 1366 2739 Tertullianus
1378 2720 1384 2738 :
1399 2710 1507 2743 Omnia,
1516 2709 1605 2744 inquit
1614 2709 1692 2744 Apol.

907 2743 953 2778 39,
965 2746 1109 2772 indiscreta
1122 2751 1183 2772 sunt
1206 2746 1276 2781 apud
1289 2755 1334 2774 nos
1354 2752 1451 2781 prauer
1474 2743 1579 2772 uxoris.
1594 2743 1626 2781 In
1640 2743 1695 2781 ista

906 2781 963 2807 solo
980 2782 1143 2808 consortium
1157 2780 1295 2815 solvimus,
1311 2782 1339 2808 in
1354 2790 1405 2816 quo
1429 2781 1487 2809 solo
1504 2781 1591 2808 cwleri
1610 2780 1695 2807 Itami—

907 2824 951 2842 ηαδ
966 2817 1127 2843 consortium
1142 2821 1272 2844 exercent.

943 2851 1000 2887 (65)
1021 2851 1223 2886 Πτωχεύουσι.
1238 2851 1333 2887 Dicere
1351 2852 1443 2880 malim
1461 2853 1494 2880 de
1505 2852 1669 2880 Christianis
1687 2861 1693 2878 :

907 2887 1041 2922 Paupertas
1069 2891 1128 2914 sunt
1151 2893 1174 2915 et
1199 2886 1295 2915 multos
1310 2888 1410 2921 ditant,
1425 2896 1518 2923 quam,
1538 2893 1568 2916 ut
1580 2888 1696 2916 reddidit
