1916 3099
211 135 280 163 H75

780 137 934 167 ANONYMI
948 139 1018 168 VIBI
1039 138 1240 168 APOS'I'OLICI

1765 144 1835 172 1176

211 197 264 221 bus
277 192 409 228 indigent,
421 197 449 221 et
460 194 551 222 omnia
571 194 625 223 illis
640 195 803 226 redundant.
826 197 994 225 Dedecoran—

1049 196 1182 225 ustionem
1221 197 1411 234 Ἁτιμοῦνιαι,
1445 201 1492 228 καὶ
1513 201 1543 227 ἐν
1564 201 1627 233 ταῖς
1643 200 1774 237 ἀτιμίαις
1794 202 1836 227 6ο-

211 245 266 274 ιιπ,
275 244 302 267 et
315 240 386 268 inter
395 241 527 268 dedecora
539 242 624 276 gloria
636 242 799 272 aﬂiciuntur.
809 243 910 272 Eorum
921 244 994 272 fama

210 288 357 319 laceratur,
376 291 403 314 et
420 287 535 322 justitiae
556 295 651 316 eorum
667 289 854 317 testimonium
869 290 994 326 perhibe-

210 338 265 361 tur.
287 332 437 361 Maledictis
456 341 488 361 ac
507 334 639 362 conviciis
661 335 852 370 incessuntur,
872 340 900 364 et
911 336 992 364 bonis

208 378 301 405 verbis
315 384 530 414 prosequuntur.
545 377 647 414 Injuria
666 380 831 412 adiciuntur,
848 386 875 408 et
888 381 993 409 honore

209 428 420 459 prosequuntur.
435 423 503 451 Cum
519 432 549 453 se
568 431 662 460 gerant
679 430 708 453 ut
722 426 822 461 probos
833 425 922 459 decet,
933 432 994 454 lan-

209 478 292 505 quam
310 468 427 504 improbi
441 470 606 504 puniuntur:
623 471 687 498 dum
702 471 862 506 puniuntur,
876 472 995 508 gaudent

210 520 340 551 tanquam
352 517 534 546 viviﬁcentur.
547 517 686 545 Adversus
702 526 750 546 eos
760 538 768 552 ,
780 522 910 553 tanquam
925 518 994 545 alie-

1047 243 1187 276 ξάζονται·
1222 244 1463 280 βλασφημοῦνται,
1496 247 1543 274 καὶ
1570 247 1739 274 δικαιοῦνται
1753 256 1760 264 ·
1787 247 1838 274 λοι-

1045 289 1196 326 δοροῦνται,
1223 292 1271 319 καὶ
1294 292 1466 327 εὐλογοῦσιν·
1505 293 1679 330 ὑϐρίζωνται.
1717 295 1771 322 καὶ
1798 303 1838 321 τυ-

1046 335 1144 372 μῶσιν.
1171 336 1408 371 Ἀγαθοποιοῦντες
1419 357 1427 370 ,
1443 337 1483 370 ὡς
1494 340 1575 366 κακοὶ
1592 339 1754 372 κολάζονται
1770 349 1778 355 -
1796 349 1840 367 ηιμ

1044 381 1185 418 λαζόμενοι
1203 383 1357 419 χαίρουσιν,
1377 384 1416 416 ὡς
1434 383 1655 421 ζωοποιούμενοι.
1679 386 1750 413 Tuo
1780 386 1839 413 1w

1044 428 1127 456 δαίων
1138 429 1176 461 ὡς
1198 429 1341 465 ἀλλόφυλοι
1355 430 1546 466 πολεμοῦνται,
1561 432 1609 459 καὶ
1626 432 1681 459 ὑπὸ
1701 433 1839 469 Ἑλλήνων

1046 473 1208 502 διώκονται·
1232 476 1278 502 καὶ
1303 475 1352 512 τὴν
1378 477 1468 504 αίτιαν
1488 477 1539 513 τῆς
1559 477 1658 514 ἔχθρας
1685 480 1776 505 εἰπεῖν
1800 487 1840 513 μο-

1049 520 1158 554 σοῦντες
1176 521 1226 548 οὐκ
1243 521 1357 557 ἔχουσιν.

210 563 334 598 nigenas,
347 563 431 592 Judaei
447 564 548 592 bellum
563 569 674 599 gerunt,
685 569 712 592 et
733 564 820 592 Graeci
837 571 886 592 eos
911 571 1130 600 persequuntur;
1159 571 1186 595 et
1200 574 1296 596 osores
1318 575 1412 596 eorum
1428 576 1538 597 causam
1565 570 1775 599 inimicitiarum
1795 571 1836 599 di-

210 617 273 637 cere
290 615 438 645 nequeunt.

489 666 553 695 CAP.
571 665 616 695 VI.
640 666 713 694 Velut
729 668 847 694 animum
865 668 891 695 in
908 676 1026 703 corpore,
1043 668 1208 697 Christianos
1225 669 1253 696 in
1267 669 1364 696 mundo
1379 670 1478 697 versari
1492 673 1594 706 probat.

247 727 337 762 Atque
353 731 382 754 ut
397 713 481 754 semel
501 727 593 754 omnia
615 727 792 762 complectar,
809 727 883 762 quod
905 732 948 756 est
964 727 991 754 in

1086 727 1192 760 Ἀπλῶς
1212 728 1235 755 δ’
1249 729 1346 762 εἰπεῖν,
1369 729 1437 764 ὅπερ
1460 729 1532 756 ἐστὶν
1557 729 1587 756 ὲν
1611 728 1720 764 σώματι
1742 728 1834 764 ψυχὴ,

210 781 324 808 corpore
349 774 459 806 anima,
486 773 537 801 hoc
565 778 629 800 sunt
654 773 681 800 in
707 773 810 800 mundo
832 772 992 800 Christiani.

1049 774 1115 803 τοῦτ’
1138 775 1207 801 είσὶν
1229 775 1259 801 ὲν
1271 775 1365 811 κόσμῳ
1379 774 1544 811 Χριστιανοί.
1577 774 1733 809 Ἔσπαρται
1766 782 1838 801 κατα

211 819 337 854 Dispersa
356 823 398 847 est
412 826 459 854 per
475 819 567 846 omnia
589 819 715 854 corporis
739 819 861 846 membra
887 819 995 853 anima;

210 870 237 892 et
256 864 406 892 Christiani
430 871 478 899 per
506 863 599 891 mundi
622 864 747 892 civitates
762 864 888 900 (dispersi
910 866 996 901 sunt.)

211 911 321 939 Habitat
345 910 456 945 quidem
486 910 513 937 in
535 918 651 945 curpore
679 911 783 943 anima,
810 911 857 938 sed
879 918 933 938 non
956 915 998 938 est

209 966 225 986 e
241 963 356 993 corpore
369 964 376 983 :
389 956 451 991 (sic)
468 960 496 983 et
511 955 663 984 Christiani
685 956 712 983 in
730 955 834 983 mundo
859 955 996 988 habitant,

209 1003 256 1031 sed
281 1011 297 1030 e
324 1002 427 1030 mundo
456 1010 511 1030 non
540 1002 637 1029 sunt'.
667 1001 814 1030 Invisibilis
845 1002 937 1029 anima
968 1001 997 1029 in

210 1048 311 1076 visibili
326 1055 453 1083 corpore,
479 1051 609 1082 tanquam
627 1047 656 1075 in
682 1047 822 1082 praesidio,
848 1047 995 1075 constituta

209 1098 277 1122 est:
295 1093 374 1129 (tie)
400 1097 428 1120 et
453 1092 603 1120 Christiani
628 1097 843 1128 cognoscuntur,
868 1093 934 1120 dum
959 1093 989 1121 in

209 1140 314 1168 mundo
337 1144 562 1173 commorantur;
589 1139 636 1167 sed
663 1139 812 1168 invisibilis
836 1144 879 1167 est
900 1147 996 1167 eorum

209 1187 301 1214 cultus
323 1186 443 1214 divinus.
478 1185 548 1214 0dio
570 1186 746 1221 prosequitur
766 1186 888 1213 animam
911 1193 994 1219 caro,

209 1238 238 1260 et
255 1233 356 1260 bellum
380 1233 407 1260 ei
434 1237 524 1260 movet
552 1232 626 1259 nulla
650 1231 747 1261 ali'ecta
777 1231 896 1266 injuria,
922 1232 994 1267 quod

209 1279 397 1314 voluptatibus
429 1277 484 1307 frui
512 1279 693 1313 prohibeatur
721 1286 728 1305 :
758 1277 821 1305 odio
853 1278 996 1312 prosequi-

209 1331 255 1353 tur
271 1330 299 1353 et
323 1325 443 1353 mundus
467 1324 661 1356 Christianos,
687 1323 762 1351 nulla
783 1323 897 1352 allectus
922 1323 996 1358 iujuo

209 1373 262 1406 ria,
277 1372 408 1408 quoniam
428 1370 617 1406 voluptatibus
632 1374 797 1406 repugnant.
811 1369 910 1397 Anima
933 1378 994 1398 car-

210 1426 272 1446 nem
291 1423 381 1452 amat,
403 1425 465 1453 quae
490 1418 578 1453 ipsam
607 1416 674 1450 odit,
690 1420 718 1444 et
731 1416 827 1451 (amat)
854 1417 991 1445 membra:

211 1465 271 1501 (sic)
289 1465 373 1492 etiam
392 1463 542 1491 Christiani
564 1467 658 1492 amant
676 1469 782 1491 οδω-οε.
808 1461 915 1491 Inclusa
930 1463 994 1498 qui-
1009 1454 1030 1483 ο

210 1511 272 1538 dem
288 1515 329 1538 est
341 1509 434 1538 anima
449 1516 572 1544 corpore,
587 1508 635 1536 sed
651 1508 709 1544 ipsa
725 1516 825 1544 corpus
839 1513 995 1537 conservat:

211 1556 272 1591 (sic)
293 1560 320 1583 et
338 1555 488 1583 Christiani
516 1554 673 1582 detinentur
696 1554 805 1589 quidem
829 1554 857 1582 in
880 1555 994 1588 mundo,

211 1606 341 1636 tanquam
356 1602 383 1628 in
395 1600 529 1634 custodia,
544 1600 591 1628 sed
604 1600 655 1635 ipsi
670 1600 802 1628 mundum
818 1605 994 1629 conservant.

212 1647 376 1676 Immortalis
398 1649 489 1675 anima
506 1646 658 1675 inmortali
679 1646 856 1676 tabernaculo
873 1648 994 1676 habitat:

210 1701 240 1723 et
257 1695 407 1722 Christiani
432 1695 478 1723 illa
502 1703 563 1730 quae
588 1695 759 1731 corruptioni
788 1699 852 1722 sunt
876 1695 996 1723 obnoxia

211 1746 344 1778 tanquam
376 1742 504 1777 inquilini
533 1742 675 1775 incolunt,
712 1742 995 1778 iucorruptibilitatem

211 1789 351 1818 calestem
371 1793 571 1824 exspectantes.
591 1788 701 1821 Anima,
719 1788 784 1815 dum
806 1788 868 1815 cibo
889 1792 916 1816 et
930 1793 995 1824 potu

212 1835 284 1862 male
303 1838 444 1867 tractatur,
460 1834 491 1861 tit
511 1834 628 1863 melior:
641 1837 668 1861 et
683 1833 748 1860 dum
766 1833 915 1861 Christiani
931 1841 997 1869 sup-

1049 820 1157 848 πάντων
1178 820 1232 847 τῶν
1254 820 1299 847 τοῦ
1319 819 1444 856 σώματος
1465 821 1556 856 μελῶν
1579 820 1597 856 ἡ
1610 819 1694 856 ψυχὴ,
1709 820 1758 847 καὶ
1772 820 1838 854 Χρι-

1049 867 1153 894 στιανοὶ
1174 866 1245 894 κατὰ
1261 865 1311 898 τὰς
1330 866 1378 893 τοῦ
1399 867 1503 902 κόσμου
1525 865 1625 898 πόλεις.
1648 867 1726 892 Οίκεῖ
1740 866 1790 901 μὲν
1808 867 1836 892 ἐν

1048 913 1087 950 τῷ
1110 913 1216 949 σώματι
1241 913 1336 949 ψυχὴ,
1359 913 1410 940 οὐκ
1434 913 1491 940 ἐστι
1519 912 1546 939 δὲ
1570 912 1603 939 ἐκ
1626 911 1674 938 τοῦ
1699 911 1835 947 σώματος·

1048 960 1095 986 καὶ
1113 960 1268 995 Χριστιανοὶ
1286 959 1316 986 ὲν
1336 959 1431 994 κόσμῳ
1451 958 1581 990 οἰκοῦσιν,
1603 957 1655 984 οὐκ
1678 957 1733 983 είσὶ
1753 956 1783 983 δὲ
1805 957 1838 982 ἐκ

1046 1005 1094 1035 τοῦ
1113 1006 1226 1042 κόσμου.
1245 1006 1373 1042 ’Δὸρατος
1395 1006 1411 1041 ἡ
1429 1005 1501 1040 ψυχὴ
1520 1005 1549 1031 ὲν
1565 1003 1656 1040 ὁρατῷ
1678 1003 1837 1038 φρουρεῖται

1046 1051 1086 1088 τῷ
1111 1051 1234 1087 σώματι·
1266 1051 1314 1079 καὶ
1345 1050 1503 1087 Χριστιανοὶ
1531 1049 1711 1084 γινώσκονται
1742 1049 1837 1084 μένον-

1045 1106 1092 1130 τες
1104 1097 1159 1133 (64)
1171 1099 1200 1124 ὲν
1211 1097 1251 1133 τῷ
1264 1097 1370 1133 κόσμῳ,
1385 1097 1500 1133 ἀόρατος
1513 1096 1542 1123 δὲ
1555 1095 1646 1123 αὐτῶν
1665 1096 1682 1131 ὴ
1697 1093 1838 1122 Θεοσέεειει

1048 1142 1134 1179 μένει.
1152 1143 1236 1170 Μισεῖ
1253 1142 1303 1178 τὴν
1321 1142 1410 1178 ψυχὴν
1426 1143 1444 1178 ἡ
1458 1141 1534 1178 σὰρξ,
1550 1142 1597 1169 καὶ
1614 1141 1739 1176 πολεμεῖ,
1755 1140 1836 1176 μηδὲν

1046 1189 1209 1226 ἀδικουμένη
1221 1210 1229 1222 ,
1249 1190 1316 1217 διότι
1337 1191 1398 1222 ταῖς
1416 1190 1524 1226 ἡδοναῖς
1545 1189 1679 1216 κωλύεται
1703 1188 1835 1224 χρῆσθαι

1047 1236 1122 1270 μισεί
1141 1235 1189 1261 καὶ
1200 1235 1379 1271 Χριστιανοὺς
1395 1236 1410 1262 ὁ
1426 1235 1527 1270 κόσμος
1547 1235 1631 1271 μηδὲν
1650 1233 1835 1269 ἀδικούμενος,

1045 1281 1085 1307 ὅτι
1099 1282 1159 1313 ταῖς
1173 1280 1281 1316 ἡδοναῖς
1302 1281 1517 1309 ἀντιτάσσονται.
1547 1281 1578 1307 Ἦ
1590 1280 1664 1316 ψυχὴ
1681 1280 1733 1314 τὴν
1747 1279 1838 1314 μισοῦ-

1045 1335 1097 1354 σαν
1107 1327 1204 1362 ἀγαπᾷ
1217 1327 1317 1362 σάρκα,
1330 1327 1378 1354 καὶ
1393 1326 1430 1353 τὰ
1442 1327 1510 1363 μέλη
1519 1335 1526 1341 ·
1543 1326 1589 1353 καὶ
1602 1325 1763 1362 Χριστιανοὶ
1776 1326 1837 1357 τοὺς

1046 1372 1194 1408 μισοῦντας
1210 1372 1364 1407 ἀγαπῶσιν.
1391 1372 1597 1407 Ἐγκέχλεισται
1618 1372 1667 1408 μὲν
1684 1373 1702 1408 ὴ
1713 1371 1788 1408 ψυχὴ
1800 1371 1838 1406 τῷ

1045 1418 1161 1455 σώματι,
1183 1419 1289 1455 συνέχει
1309 1418 1339 1446 δὲ
1360 1418 1427 1446 αὐτὸ
1445 1419 1476 1446 τὸ
1495 1418 1593 1454 σιῖιμα·
1613 1419 1661 1446 καὶ
1679 1418 1838 1454 Χριστιανοὶ

1046 1465 1206 1501 κατέχονται
1227 1465 1276 1501 μὲν
1293 1465 1332 1498 ὼς
1354 1465 1383 1492 ὲν
1403 1466 1509 1501 φρουρᾷ
1524 1464 1564 1500 τῷ
1581 1464 1687 1500 κόσμῳ,
1709 1464 1789 1491 αὐτοὶ
1809 1463 1837 1490 δὲ

1048 1512 1189 1547 συνέχουσι
1297 1511 1343 1538 τὸν
1365 1511 1477 1546 κόσμον.
1507 1511 1653 1542 Ἀθάνατος
1676 1511 1694 1545 ὴ
1712 1509 1787 1545 ψυχὴ
1808 1510 1837 1535 ὲν

1046 1557 1135 1594 θνητῷ
1155 1558 1312 1594 σκηνώματι
1336 1559 1474 1585 κατοικεῖ·
1496 1558 1543 1584 καὶ
1564 1557 1724 1593 Χριστιανοὶ
1743 1564 1838 1591 παροι-

1045 1606 1141 1633 κοϋσιν
1170 1607 1200 1633 ὲν
1225 1606 1372 1642 φθαρτοῖς,
1397 1604 1449 1640 τὴν
1471 1605 1501 1631 ὲν
1527 1604 1652 1639 οὐρανοῖς
1683 1602 1839 1638 ἀφθαρσίαν

1047 1653 1271 1689 προσδεχόμενοι.
1296 1650 1530 1687 Κακουργουμένη
1556 1649 1650 1681 σιτίοις
1674 1649 1724 1676 καὶ

1046 1701 1064 1734 ὴ
1087 1699 1179 1735 ψυχὴ,
1202 1698 1373 1735 βελτιοῧται·
1405 1697 1453 1724 καὶ
1474 1696 1631 1734 Χριστιανοὶ
1660 1694 1838 1730 κολαζόμενοι

1046 1745 1107 1772 καθ’
1126 1745 1251 1782 ἡμέραν,
1281 1743 1457 1776 πλεονάζουσι
1630 1743 1679 1774 Εἰς
1703 1741 1837 1775 τοσαὺτην

1049 1791 1148 1824 αὐτοὺς
1170 1791 1246 1824 τάξιν
1269 1790 1345 1819 ἔθετο
1366 1792 1381 1817 ὀ
1396 1790 1472 1822 Θεὸς,
1500 1790 1535 1826 ἢν
1557 1789 1587 1816 οὐ
1610 1788 1722 1822 θεμιτὸν
1746 1788 1837 1818 αὐτοῖς

1047 1837 1279 1873 παραιτήσασθαι.

212 1881 302 1916 pliciis
332 1880 488 1909 adiciuntur
515 1879 648 1914 quotidie,
662 1886 793 1908 numerus
819 1886 915 1907 eorum
929 1879 1038 1912 crescit.
1057 1881 1129 1910 Deus
1144 1883 1205 1911 illos
1219 1888 1274 1910 tam
1288 1882 1421 1918 insignem
1435 1885 1528 1908 tenere
1544 1879 1633 1908 locum
1647 1879 1746 1913 voluit,
1757 1886 1836 1915 quem

213 1926 252 1954 illi
268 1925 346 1954 nefas
357 1930 400 1952 est
411 1924 548 1960 defugere.

215 1980 285 2009 Cn.
304 1980 361 2008 VII.
375 1979 440 2008 Haec
452 1979 544 2015 religio
556 1988 573 2007 a
586 1978 638 2006 Deo
651 1979 842 2014 instituta,qui
857 1987 909 2007 non
921 1987 974 2015 rent
992 1984 1119 2012 creatam,
1134 1979 1179 2006 sed
1191 1979 1325 2014 proprium
1339 1978 1443 2006 Filium
1454 1978 1526 2006 misit
1536 1984 1566 2006 ιιι
1576 1978 1693 2006 saltaret
1708 1978 1837 2005 hominum

773 2015 919 2050 Manifesta
934 2014 1001 2042 Filii
1018 2015 1143 2042 adventus
1160 2015 1268 2042 iudicia.

249 2073 308 2101 Non
329 2073 401 2101 enim
424 2077 573 2103 terrenum.
588 2077 618 2100 ut
635 2073 704 2106 dixi,
718 2073 858 2101 inventum
873 2074 925 2102 hoc
940 2074 994 2102 illis

1081 2074 1118 2101 οὒ
1142 2074 1197 2110 γὰρ
1216 2073 1346 2108 ἐπίγειον,
1367 2073 1406 2106 ὡς
1425 2072 1503 2109 ἔφην,
1524 2072 1635 2108 εὕρημα
1652 2071 1728 2098 τοῦτ’
1747 2072 1837 2103 αὐτοῖς

215 2119 345 2147 traditum
371 2122 430 2151 est;
456 2125 545 2153 neque
571 2118 698 2147 mortalis
723 2122 765 2146 est
791 2119 997 2153 commentatio,

213 2173 296 2201 quam
319 2164 387 2193 adeo
409 2168 535 2191 accurate
561 2163 767 2191 custodiendam
791 2165 842 2192 sibi
869 2170 996 2199 censent;

215 2219 304 2247 neque
328 2211 512 2238 humanorum
539 2210 732 2245 mysteriorum
759 2212 911 2241 monomia
943 2212 997 2240 illis

213 2257 362 2285 commissa
377 2260 436 2288 est;
459 2255 506 2282 sed
524 2255 582 2290 ipse
595 2263 658 2282 vere
672 2255 756 2288 Deus,
772 2256 820 2291 qui
841 2261 884 2285 est
904 2257 996 2284 omni-

214 2307 325 2337 potens,
343 2305 370 2328 et
392 2300 514 2328 omnium
537 2299 673 2334 conditor,
689 2308 722 2328 ac
737 2301 891 2335 invisibilis,
909 2310 925 2330 e
941 2310 998 2331 cte-

213 2348 248 2377 lis
262 2347 411 2375 Veritatem
433 2351 461 2374 et
472 2345 591 2374 Verbum
607 2345 710 2375 factum
733 2356 765 2375 ac
785 2348 997 2384 incomprehen-

213 2396 292 2424 sibile
307 2396 378 2423 inter
390 2395 516 2423 homines
531 2393 642 2428 locavit,
661 2399 690 2422 et
708 2395 736 2423 in
749 2396 879 2424 cordibus
899 2404 996 2424 eorum

213 2443 320 2471 ﬁrmam
338 2443 439 2471 habere
460 2442 551 2470 sedem
565 2443 672 2473 voluit:
686 2451 752 2476 non,
764 2444 996 2479 quemadmodum

214 2490 314 2525 aliquis
326 2490 464 2526 conjicere
479 2490 579 2525 possit,
595 2490 681 2518 misso
694 2489 854 2518 hominibus
871 2489 998 2518 ministro

246 2580 257 2598 ³
270 2579 350 2608 Joan.
366 2587 433 2613 imi,
452 2579 494 2614 ll,
511 2579 614 2613 14,16.

215 2659 380 2695 Stephanus,
397 2659 511 2687 Mendici
526 2664 598 2686 sunt.
609 2658 794 2695 Mansuripigl.
807 2656 906 2695 -Ηεες
917 2657 991 2695 scci-

214 2692 281 2723 Iiens
295 2702 390 2722 auctor
398 2695 519 2730 epistolae
536 2695 653 2730 respexit
671 2694 705 2721 ad
723 2693 744 2720 ll
759 2693 823 2721 Cor.
836 2701 873 2730 vt,
891 2692 943 2730 ML:
955 2692 993 2730 ᾡς

214 2731 328 2765 πτωχοὶ,
341 2727 453 2762 πολλοὺς
464 2730 493 2756 δὲ
509 2727 715 2765 πλουτίζονταις
733 2736 795 2764 quat
818 2728 901 2765 verba
916 2727 995 2762 Vulg.

215 2763 350 2800 interpres
375 2766 413 2792 ita
436 2764 533 2800 reddit
547 2763 646 2800 :VSt'cul
660 2763 775 2800 egentet,
796 2763 894 2800 multos
908 2767 997 2800 autem

215 2797 415 2834 locupletum“.
432 2799 478 2826 Sic
487 2807 550 2826 mox
561 2798 630 2834 infra
641 2797 697 2833 prie
706 2799 794 2826 oculis
812 2797 995 2834 habuitidem

217 2832 413 2870 auctorICor.
439 2842 475 2870 Iv,
493 2832 776 2870 12,}msopo'ipevot,
809 2832 995 2869 εὐλογοῦμενε

218 2868 412 2902 Μαίεαὶςίηιιιν,
425 2875 448 2896 ct
465 2868 647 2896 benedicimus.

1051 2119 1204 2156 παρεδόθη·
1228 2119 1288 2146 οὐδὲ
1313 2118 1412 2154 θνητὴν
1436 2119 1557 2146 ἐπίνοιαν
1582 2117 1731 2152 φυλάσσειν
1755 2117 1838 2149 οὕτως

1049 2165 1170 2199 ἀξιοῦσιν
1199 2165 1355 2201 ἐπιμελῶς,
1385 2165 1445 2192 οὐδὲ
1475 2163 1651 2199 ἀνθρωπίνων
1683 2164 1837 2199 οἰκονομίαν

1051 2211 1207 2247 μυστηρίων
1221 2212 1416 2239 πεπίστευνται
1428 2219 1434 2226 ·
1444 2210 1501 2237 ἀλλ’
1515 2210 1596 2242 αὐτὸς
1609 2210 1623 2236 ὁ
1637 2210 1837 2245 παντοκράτωρ

1049 2258 1096 2284 καὶ
1115 2258 1311 2293 παντοκτίστης
1332 2257 1379 2284 καὶ
1398 2256 1512 2292 ἀόρατος
1527 2256 1603 2287 θεὸς,
1622 2254 1706 2287 αὐτὸς
1726 2255 1775 2282 ἀπ’
1793 2254 1836 2281 eiu

1049 2305 1137 2341 ρανῶν
1156 2304 1206 2340 τὴν
1222 2304 1362 2339 Ἀλήθειαν
1383 2303 1430 2330 καὶ
1449 2302 1496 2329 τὸν
1514 2302 1600 2336 Λόγον
1620 2301 1668 2328 τὸν
1691 2302 1770 2341 ᾷγιον
1785 2300 1834 2336 (66)

1049 2351 1096 2378 καὶ
1116 2350 1293 2386 ἀπερινόητον
1315 2348 1468 2384 ἀνθρώποις
1491 2347 1637 2382 ἐνίδρυται,
1656 2347 1705 2374 καὶ
1723 2348 1834 2381 ἐγκατε-

1049 2395 1158 2431 στήριξε
1179 2397 1238 2427 ταῖς
1258 2394 1381 2430 καρδίαις
1401 2393 1509 2421 αὐτῶν·
1532 2393 1574 2425 οὐ,
1596 2392 1724 2428 καθάπερ
1746 2393 1780 2419 ἄν
1798 2399 1836 2422 τις

1048 2442 1192 2474 εἰκάσειεν,
1215 2440 1367 2476 ἀνθρώποις
1387 2438 1528 2474 ὑπηρέτην
1539 2437 1603 2465 τινὰ
1620 2437 1748 2474 πέμψας,
1762 2438 1779 2473 ἢ
1792 2439 1836 2470 ἂγ-

1050 2489 1138 2524 γελον,
1157 2489 1174 2524 ἢ
1186 2488 1316 2524 ἄρχοντα,
1335 2487 1353 2523 ἢ
1367 2486 1429 2514 τινὰ
1441 2486 1495 2513 τῶν
1512 2485 1659 2516 διεπύνιων
1671 2485 1707 2515 τὰ
1718 2486 1833 2520 ἐπίγεια,

1093 2656 1136 2693 6t)
1156 2656 1313 2693 Μὲνοντες.
1335 2656 1430 2693 Steph.
1443 2655 1546 2693 mavult
1563 2656 1612 2691 μὲν
1623 2655 1712 2693 ὄντες.

1094 2690 1138 2727 65)
1158 2691 1336 2726 Συνέχσυσι.
1366 2692 1467 2720 Eadem
1505 2690 1641 2719 habemus
1676 2691 1706 2718 in
1735 2690 1830 2719 Justiui

1045 2727 1217 2798 Αιὶῗὲμῖἕθ·
1228 2727 1334 2798 Ὶάγιον.
1345 2797 1349 2798 γ
1362 2761 1454 2790 Monet
1472 2761 1631 2798 Stephanus
1647 2761 1685 2798 jn
1708 2762 1769 2789 cod.
1781 2769 1826 2798 ms.

1045 2796 1187 2870 giihgligid
1204 2796 1286 2834 quam
1309 2797 1426 2834 primam
1445 2798 1527 2833 huius
1548 2797 1627 2824 vocis
1647 2796 1770 2825 litteram
1786 2796 1828 2824 de-

1065 2842 1092 2862 re
1129 2842 1147 2862 n
1177 2853 1185 2861 .
