1916 3099
580 121 748 150 EPISTOLA
767 122 812 149 AD
839 120 1051 150 DIOGNETUM.

1613 118 1684 146 “se

44 175 146 203 halm
159 175 350 213 δικαιοσύνη;
369 177 400 205 ἔν
410 177 463 205 τίνι
476 177 653 214 δικαιωθῆναι
665 178 721 214 (80)
737 179 839 206 δυνατὺπ

897 183 992 212 erant;
1018 177 1087 205 nihil
1111 177 1204 205 minus
1224 184 1308 212 quam
1330 177 1432 205 malum
1454 175 1616 212 protpaiis,
1632 176 1680 211 ju—

44 222 103 255 τοὺς
123 222 254 259 ἀνόμους
278 224 353 259 ἡμᾶς
366 224 415 251 καὶ
429 224 547 257 ἀσεϐεῖς,
568 224 626 260 ῆὲν
644 225 717 260 μόνῳ
730 224 769 260 τῷ
788 225 844 261 Υίῴ

43 267 87 294 eo;
101 267 192 301 Θεοῦ;
214 267 242 295 ὣ
262 269 315 305 τῆς
324 269 454 304 γλυκείας
465 269 646 306 ἀπαλλαγῆς,
662 270 685 297 ὣ
701 270 751 306 τῆς
766 270 844 304 ἀνεξ-

44 313 184 349 ιχνιάπου
209 314 417 352 δημιουργίας,
440 315 464 343 ὥ
487 315 543 343 τῶν
567 316 779 352 ἀπροσδοκήτων
799 317 845 344 εύ-

30 359 199 393 ςεργεσιῶνί
226 360 277 387 [va
297 360 397 397 ἀνομία
424 361 475 397 μὲν
501 361 607 388 πολλῶν
632 362 662 388 ἐν
686 361 782 398 δικαίῳ
803 363 844 390 ἑνὶ

26 397 34 403 ’
43 404 140 441 κρυῦῇ,
154 405 326 443 δικαιοσύνη
340 407 369 434 δὲ
379 407 438 440 ἑνὸς
449 407 563 440 πολλοὺς
572 407 688 444 ἀνόμους
701 397 843 442 δικαιώσῃ.

49 450 179 485 Ἑλέγξας
194 450 250 480 οὖν
266 454 296 480 ὲν
315 453 364 489 μὲν
375 453 415 490 τῷ
435 453 552 489 πρόσθεν
569 454 657 490 χρόνῳ
673 453 704 481 τὸ
716 453 845 480 ἀδύνατον

42 497 89 532 τῆς
105 497 261 534 ἡμετέρας
291 499 399 534 φύσεως
418 500 458 531 εις
478 499 509 526 τὸ
527 500 618 535 τυχεῖν
639 499 729 534 ζωῆς,
750 498 798 526 νῦν
814 497 844 524 δὲ

42 545 85 571 τὸν
99 544 224 581 Σωτῆρα
238 545 331 579 δείξας
340 566 348 579 ,
357 546 471 574 δυνατὸν
483 545 580 578 σώζειν
592 544 639 572 καὶ
656 544 693 578 τά
710 544 843 577 ἀδύνατα,

42 590 70 623 ἐξ
88 591 268 628 ἀμφοτέρων
290 592 422 629 ἐϐουλήθη
445 592 582 620 πιστεύειν
595 592 668 629 ἡμᾶς
681 593 715 628 τῇ
735 591 845 628 χρηστό-

42 644 101 672 τητι
121 637 229 670 αὐτοῦ,
244 638 326 666 αὑτὸν
348 639 473 675 ἡγεῖσθαι
488 638 589 674 τροφέα
600 658 608 672 ,
631 637 756 674 πατέρα,
779 637 846 664 διδά-

44 683 155 716 σκαλον,
177 684 360 721 σύμϐουλον,
382 686 473 722 ιατρὸν
485 705 492 718 ,
512 685 584 718 νοῦν,
604 684 671 720 φῶς,
687 683 780 720 τιμὴν,
792 684 835 711 δό-

896 229 969 253 stum
988 231 1038 260 pro
1056 223 1182 258 injustis,
1204 222 1390 258 corruptionis
1416 223 1540 251 nescium
1561 230 1611 258 pro
1631 222 1682 249 ob-

895 270 988 298 noxiis
1010 269 1199 304 corruptioni,
1227 268 1412 296 immortalem
1435 275 1485 302 pro
1505 267 1680 295 mortalibus.

895 316 966 350 Quid
983 316 1055 344 enim
1067 315 1141 343 aliud
1152 319 1262 350 peccata
1277 319 1370 342 nostra
1387 314 1479 349 potuit
1497 318 1586 349 tegere
1597 321 1682 348 quam

895 361 957 396 ejus
975 359 1100 396 justitia‘i
1121 360 1222 394 inquo
1243 359 1299 387 alio
1313 367 1364 387 nos
1381 359 1469 394 iniqui
1486 363 1514 386 et
1534 358 1610 393 impii
1634 358 1681 393 ju-

897 406 1010 434 stilicari
1024 413 1172 441 possumus
1185 413 1266 441 quam
1293 405 1321 432 in
1337 405 1397 433 solo
1413 404 1460 432 Dei
1474 404 1563 432 Filio?
1584 404 1606 431 0
1621 403 1683 431 dul-

898 461 956 481 cem
971 452 1217 488 permutationem!
1231 460 1248 479 o
1261 451 1510 488 impervestigabile
1523 450 1680 480 artiﬁcium!

896 508 914 527 υ
930 498 1063 527 beneﬁcia
1077 500 1311 535 exspectationem
1333 505 1443 526 omnem
1459 497 1630 532 superantia!
1653 501 1684 524 ut

896 546 1027 582 iniquitas
1046 546 1158 582 quidem
1179 546 1328 574 multorntn
1354 545 1382 572 in
1399 544 1474 580 justo
1495 551 1550 571 uno
1564 543 1681 570 abscon-

897 593 989 626 datur,
1000 593 1107 628 justitia
1123 598 1213 621 autem
1232 592 1314 620 unius
1343 591 1428 620 iaciat
1442 595 1470 618 ut
1488 590 1567 618 multi
1586 589 1682 624 injusti

895 638 1089 674 justiiicentur.
1106 639 1176 667 Cum
1194 639 1277 675 igitur
1293 637 1428 674 superiori
1443 642 1565 672 tempore
1578 635 1684 671 (hujus)

897 691 949 712 nos
961 684 1024 720 (rei)
1041 684 1223 718 eonvicisset,
1247 692 1302 712 non
1316 691 1397 719 posse
1415 687 1536 710 nostram
1557 686 1683 712 naturam

43 729 89 763 ξαν
101 749 109 762 ,
129 731 348 769 ίσχῦν,,ζωήν·
375 733 442 769 περὶ
462 731 595 764 ἐνδύσεως
617 731 666 759 καὶ
682 732 786 767 τροφῆς
806 730 839 766 μὴ

897 730 981 758 vitam
996 730 1141 766 consequi,
1155 737 1229 758 nunc
1251 734 1343 757 autem
1355 728 1528 757 Servatorem
1550 726 1685 755 ostendis-

45 778 198 813 μεριμνᾷν.

897 781 950 810 set,
964 777 1012 813 qui
1032 784 1142 805 servare
1161 781 1254 812 posset
1271 783 1303 804 ea
1319 776 1401 804 etiam
1419 783 1479 810 qua:
1501 773 1606 802 servari
1628 780 1685 800 non

32 827 197 857 poterant;
224 822 356 859 utrinque
400 831 452 852 nos
473 822 634 859 benignitati
662 830 720 851 sua:
744 823 825 851 fidem
858 822 961 851 habere
986 823 1086 857 voluit,
1120 823 1211 859 ipsum
1247 822 1406 850 existimare
1427 821 1552 854 altorem.
1586 828 1686 856 paren-

44 873 108 902 tem,
127 870 314 906 magistrum,
329 871 530 905 consiliarium,
560 869 707 902 medicum,
737 873 867 904 mentem,
882 869 983 904 lucem,
1009 870 1153 904 honorem,
1169 869 1295 906 gloriam,
1314 868 1409 902 robur,
1424 867 1507 896 vitam
1521 875 1529 893 :
1541 867 1574 895 de
1585 867 1685 896 vestitu

45 919 71 942 et
80 915 157 944 victu
178 917 319 946 sollicitos
334 925 390 946 non
403 925 476 946 esse.

137 1001 213 1031 CAP.
232 1001 267 1030 X.
285 1003 419 1039 Diogneto
436 1002 549 1030 ostendit
560 1006 664 1037 auctor,
678 1007 740 1038 quot
752 1006 777 1030 ct
793 1006 895 1038 quanta
913 1001 948 1028 ad
967 1009 1026 1029 eum
1041 1005 1151 1029 ventura
1166 1000 1219 1028 sint
1236 1000 1315 1031 bona.
1329 1000 1353 1027 si
1369 999 1448 1035 ﬁdem
1466 998 1604 1034 suscipiat.

78 1079 198 1115 Ταύτην
223 1079 272 1106 καὶ
300 1079 333 1105 σὺ
360 1079 410 1114 τὴν
427 1078 518 1106 πίστιν
543 1079 591 1108 ἐὰν
608 1079 694 1116 ποθῇς
715 1079 770 1115 (81)
797 1079 845 1106 καὶ

47 1124 151 1160 λάσῃς,
167 1125 283 1161 πρῶτον
304 1124 353 1160 μὲν
373 1125 518 1160 ἐπίγνωσιν
536 1125 591 1162 (82)
606 1135 636 1153 π.
659 1145 666 1152 .
688 1145 696 1152 .
718 1145 725 1151 .
748 1145 755 1152 .
778 1146 784 1152 .
807 1145 814 1152 .
836 1145 843 1152 .

51 1190 57 1197 .
77 1191 85 1197 .
108 1190 115 1198 .
135 1191 143 1197 .
170 1191 178 1198 .
204 1191 212 1198 .
237 1191 244 1199 .
267 1192 274 1198 .
296 1192 303 1198 .
323 1173 338 1198 ό
356 1171 411 1208 γὰρ
426 1172 493 1204 Θεὸς
512 1173 577 1205 τοὺς
598 1172 758 1209 ἀνθρώπους
774 1172 845 1207 ὴγά-

49 1224 139 1251 πησε,
161 1217 199 1244 δι’
228 1216 276 1249 οὓς
301 1217 413 1253 ἐποίησε
435 1217 481 1246 τὸν
503 1218 623 1254 κόσμον,
649 1215 697 1253 ὀἷς
727 1217 845 1251 ὑπέταξε

49 1264 139 1290 πάντα
157 1263 197 1290 τὰ
213 1264 244 1290 ὲν
263 1283 270 1290 .
293 1284 300 1290 .
323 1283 330 1290 .
352 1283 360 1291 .
381 1283 388 1291 .
408 1261 449 1295 οἷς
466 1263 555 1299 λόγιον
569 1264 686 1298 ἔδωκεν,
707 1262 748 1297 οἷς
764 1265 842 1292 νοῦν·

49 1305 90 1340 οἷς
115 1309 215 1344 μόνοις
233 1308 292 1345 (85)
318 1309 386 1344 πρὸς
408 1309 488 1336 αὐτὸν
499 1310 566 1345 όρᾷν
578 1309 712 1346 ἐπέτρεψε
724 1319 732 1325 ·
751 1310 799 1342 οὒς
812 1311 846 1338 ἐκ

49 1353 99 1388 τῆς
118 1354 193 1386 ἰδίας
213 1355 318 1387 είκόνος
337 1354 437 1382 ἔπλασε
449 1363 456 1370 ·
478 1355 547 1391 πρὸς
569 1355 616 1388 οὓς
639 1355 781 1383 ἀπέστειλε
798 1357 845 1384 τὸν

51 1399 114 1427 my
135 1400 226 1428 αὑτοῦ
239 1401 286 1428 τὸν
308 1401 438 1437 μονογενῆ
450 1410 457 1418 ·
472 1399 514 1434 οἷς
529 1401 579 1437 τὴν
594 1402 622 1429 ἐν
638 1401 746 1438 οὐρανῷ
768 1403 840 1438 βασι-

51 1442 126 1471 λείαν
142 1445 340 1481 ἐπηγγείλατο,
353 1446 400 1473 καὶ
410 1445 490 1473 δώσει
500 1448 556 1479 τοῖς
567 1447 742 1484 ἀγαπήσασιν
753 1447 842 1475 αὐτόν.

58 1488 206 1525 Ἐπιγνοὺς
231 1491 270 1524 δὲ,
285 1491 357 1523 τίνος
378 1492 430 1519 οἰει
452 1491 677 1529 πληρωθήσεσθαι
699 1493 805 1529 χαρᾶςς
826 1493 844 1530 ἢ

52 1533 110 1567 πῶς
120 1535 282 1572 ἀγαπήσεις
296 1536 343 1564 τὸν
356 1537 443 1569 οὓτως
463 1538 698 1574 προαγαπήσαντά
710 1547 739 1565 σε
750 1546 757 1571 ;
774 1538 844 1572 ἀγα-

53 1581 143 1616 πήσας
159 1581 202 1615 δὲ,
223 1583 344 1619 μιμητὴς
358 1583 407 1620 ἔσῃ
423 1583 505 1611 αὐτοῦ
521 1583 572 1620 τῆς
589 1584 781 1620 χρηστότητοςσ
798 1584 844 1611 καὶ

55 1626 90 1662 μὴ
112 1626 272 1664 θαυμάσῃς,
294 1629 318 1656 εί
333 1627 444 1656 δύναται
470 1630 592 1666 μιμητὴς
612 1629 754 1667 ἄνθρωπος
769 1629 843 1665 γενέ-
857 1620 878 1649 C

54 1671 115 1699 σθαι
142 1674 225 1701 Θεοῦ.
250 1674 377 1708 Δύναται,
405 1675 526 1707 θέλοντος
553 1675 646 1703 αὑτοῦ.
674 1676 711 1703 Οὐ
737 1675 792 1712 γὰρ
813 1675 845 1703 τὸ

55 1717 303 1746 καταδυναστεύειν
324 1719 378 1748 τῶν
402 1720 526 1756 πλησίον,
545 1721 605 1748 οὐδὲ
626 1721 657 1747 τὸ
676 1720 756 1748 πλέον
772 1721 844 1757 ἔχειν

56 1760 199 1796 βούλεσθαι
222 1765 277 1792 τῶν
299 1765 509 1803 ἀσθενεστέρωνο
527 1766 588 1794 οὐδὲ
603 1766 634 1794 τὺ
655 1767 779 1794 πλουτεῖν
797 1766 844 1794 καὶ

55 1807 199 1842 βιάζεσθαι
227 1812 292 1843 τοὺς
317 1812 542 1850 ὑποδεεστέρους,
571 1814 737 1851 εὐδαιμονεῖν
759 1816 842 1843 ἐστιν’

55 1854 112 1881 οὐδὲ
134 1856 165 1883 ὲν
179 1856 286 1889 τούτοις
306 1857 416 1885 δύναταί
431 1867 474 1891 τις
493 1859 663 1894 μιμήσασθαι
679 1859 756 1887 Θεόνθ
776 1860 845 1888 ἀλλά

54 1899 139 1928 ταῦτα
161 1902 242 1935 ἐκτὸς
263 1903 319 1938 (84)
336 1904 386 1940 τῆς
408 1904 511 1932 ἐκείνου
530 1905 747 1942 μεγαλειότητος.
774 1906 844 1933 Ἀλλ’

56 1944 128 1979 ὅστις
149 1949 182 1975 τὺ
208 1948 254 1976 τοῦ
280 1949 393 1985 πλησίον
415 1950 572 1986 ἀναδέχεται
596 1951 694 1988 βάρος,
716 1952 745 1984 ὃς
767 1952 797 1979 ὲν
820 1948 843 1987 ᾧ

56 1993 194 2027 κρείσσων
210 1995 294 2028 ἐστὶν,
308 1995 400 2032 ἕτερον
417 1997 462 2023 τὸν
482 1997 676 2033 ἐλαττούμενον
691 1998 844 2034 εὐεργετεῖν

55 2036 153 2071 ὲθέλει,
167 2039 219 2067 ὅσα
237 2040 313 2076 παρὰ
326 2041 373 2068 τοῦ
393 2041 461 2069 Θεοῦ
482 2041 572 2069 λαϐὼν
590 2042 656 2078 ἔχει,
675 2043 760 2071 ταῦτα
784 2044 843 2072 ἐπι-

55 2081 192 2118 δεομένοις
208 2086 343 2122 χορηγῶν,
359 2086 425 2119 Θεὸς
440 2087 543 2123 γίνεται
563 2088 617 2116 τῶν
639 2089 838 2125 λαμϐανόντων·

55 2126 129 2162 οὗτος
146 2132 270 2169 μιμητής
285 2133 343 2160 ἐστι
356 2133 434 2161 Θεοῦ.
447 2135 514 2162 Τότε
530 2135 615 2175 θεάσῃ
635 2136 776 2172 τυγχάνων
794 2138 842 2165 ἐπὶ

55 2175 121 2211 γῆς,
143 2178 186 2205 ὅτι
209 2178 275 2212 Θεὸς
302 2180 332 2207 ὲν
353 2179 477 2216 οὐρανοῖς
499 2182 555 2218 (85)
575 2182 756 2211 πολιτεύεται·
779 2185 841 2213 τότε

57 2225 194 2260 μυστήρια
217 2225 285 2253 Θεοῦ
315 2226 405 2254 λαλεῖν
436 2227 508 2262 ἄρξῃ
524 2237 531 2244 ·
556 2229 616 2256 τότε
641 2230 705 2262 τοὺς
730 2231 843 2262 κολαζο-

55 2267 150 2316 μένους
169 2271 216 2298 ἐπὶ
241 2270 281 2313 τῷ
309 2271 347 2307 μὴ
372 2270 460 2298 θέλειν
485 2271 657 2308 ἀρνήσασθαι
681 2273 767 2307 Θεὸν,
794 2277 842 2303 καὶ
857 2289 879 2316 D

936 1077 1024 1113 Hujus
1038 1078 1120 1106 etiam
1134 1082 1162 1105 tu
1172 1077 1233 1106 fidei
1244 1077 1267 1105 si
1278 1077 1414 1105 desiderio
1427 1078 1554 1111 tenearis,
1566 1083 1594 1106 et
1604 1078 1679 1106 illam

899 1124 1028 1160 accipias,
1042 1124 1160 1159 primum
1176 1124 1286 1160 quidem
1308 1131 1457 1159 cognosces
1472 1123 1591 1152 Patrem.
1612 1124 1684 1152 Deus

898 1171 971 1200 enim
984 1171 1111 1199 homines
1123 1170 1227 1204 dilexit,
1242 1174 1353 1206 propter
1365 1178 1433 1206 quos
1459 1171 1592 1198 mundum
1608 1179 1683 1199 crea-

897 1217 947 1250 vit,
969 1217 1070 1252 quibus
1092 1216 1333 1252 omniasubjecit
1358 1223 1421 1251 quae
1436 1216 1463 1244 in
1474 1217 1577 1244 mundo
1598 1223 1683 1251 sunt,

897 1263 998 1298 quibus
1012 1263 1157 1294 rationemI
1176 1263 1276 1298 quibus
1290 1267 1410 1290 mentem
1423 1263 1507 1296 dedit,
1522 1264 1622 1298 quibus
1636 1271 1683 1291 so-

898 1308 932 1336 lis
942 1309 975 1336 ad
990 1308 1079 1343 ipsum
1091 1308 1185 1336 oculos
1202 1308 1325 1336 attollere
1340 1308 1475 1343 permisit,
1484 1316 1553 1344 quos
1566 1309 1598 1336 ad
1612 1309 1680 1337 ima-

898 1355 987 1390 ginem
1000 1362 1078 1382 suam
1094 1353 1232 1388 formavit,
1245 1354 1278 1382 ad
1296 1362 1366 1390 quos
1382 1354 1480 1382 Filium
1492 1363 1573 1383 suum
1587 1355 1683 1391 unige-

897 1399 986 1427 nitum
1009 1399 1094 1430 misit,
1120 1399 1222 1434 quibus
1244 1398 1354 1426 caeleste
1377 1407 1492 1435 regnum
1507 1400 1644 1436 promisit,
1656 1406 1684 1429 et

897 1445 984 1479 dabit,
1001 1445 1073 1481 quod
1091 1445 1181 1480 ipsum
1198 1445 1352 1473 dilexerint.
1375 1445 1524 1482 Postquam
1543 1451 1636 1475 autem
1650 1448 1684 1476 il-

897 1491 953 1518 lum
967 1491 1139 1526 cognoveris,
1154 1495 1255 1526 quanta
1269 1495 1295 1518 te
1307 1491 1449 1526 impletum
1467 1492 1500 1519 iri
1517 1492 1611 1521 laetitia
1626 1494 1684 1521 exi-

900 1537 1014 1564 stimas?
1040 1541 1088 1564 aut
1111 1541 1244 1572 quantum
1262 1537 1359 1572 diliges
1382 1545 1446 1565 eum
1462 1539 1508 1573 qui
1521 1539 1596 1574 prior
1609 1544 1634 1567 te
1647 1540 1685 1567 ita

895 1582 1019 1610 dilexerit
1029 1583 1041 1609 ?
1053 1582 1122 1610 Cum
1136 1587 1226 1610 autem
1238 1583 1351 1619 diligere
1362 1586 1488 1619 cmperis,
1501 1585 1622 1614 imitator
1636 1587 1684 1615 lte-

895 1627 1038 1663 nignitatis
1050 1628 1110 1663 ejus
1124 1628 1190 1656 eris.
1203 1628 1243 1656 Ac
1259 1637 1294 1656 ne
1318 1630 1428 1658 mireris
1448 1639 1529 1666 posse
1544 1632 1682 1660 hominem

895 1680 956 1701 esse
970 1673 1135 1701 imitatorem
1146 1673 1206 1701 Dei.
1227 1674 1331 1707 Potest,
1349 1683 1384 1703 co
1399 1676 1517 1705 volente.
1530 1677 1590 1706 Non
1608 1679 1683 1707 enim

896 1720 1039 1756 imperitun
1053 1721 1080 1748 in
1093 1722 1235 1756 proximos
1252 1723 1388 1756 obtinere,
1404 1732 1494 1759 neque
1516 1726 1583 1754 velle
1595 1727 1684 1761 potio-

895 1774 926 1795 re
940 1767 1094 1795 conditione
1104 1775 1165 1796 esse
1172 1776 1255 1804 quant
1272 1769 1290 1796 ii
1305 1769 1351 1804 qui
1368 1775 1431 1797 sunt
1444 1770 1620 1805 inﬁrmiores,
1634 1781 1683 1800 ne-

895 1820 950 1848 que
972 1812 1083 1840 divitem
1114 1821 1184 1848 esse,
1198 1818 1226 1842 et
1240 1814 1296 1842 vim
1309 1815 1411 1843 inferre
1425 1815 1619 1850 inferioribus,
1639 1822 1682 1845 est

895 1858 1004 1886 beatum
1016 1867 1076 1888 esse
1090 1869 1097 1887 :
1112 1868 1201 1896 neque
1213 1861 1240 1889 in
1258 1861 1301 1888 his
1315 1861 1400 1889 Deum
1418 1862 1518 1890 imitari
1533 1863 1681 1898 quisquam

895 1909 999 1939 potest;
1016 1905 1063 1933 sed
1080 1905 1140 1933 haec
1151 1911 1229 1934 extra
1239 1907 1299 1941 ejus
1315 1907 1484 1942 tnajestatem
1499 1914 1573 1936 sunt.
1585 1909 1619 1936 At
1632 1909 1681 1943 qui

895 1950 1012 1986 proximi
1028 1958 1099 1979 onus
1112 1952 1140 1979 in
1161 1959 1190 1980 se
1200 1953 1314 1988 recipit;
1329 1954 1376 1989 qui
1389 1962 1443 1989 qua
1459 1954 1486 1981 in
1504 1962 1534 1981 re
1549 1955 1677 1990 superior

895 2001 949 2030 est,
967 1997 1050 2024 alium
1061 1998 1108 2033 qui
1129 2003 1171 2026 est
1190 1998 1315 2033 inferior,
1334 1999 1467 2028 beneﬁcio
1481 2000 1538 2028 vult
1555 2001 1679 2029 allicere:

896 2042 944 2077 qni
970 2050 1140 2079 quaecunque
1167 2044 1259 2079 habet,
1276 2053 1291 2073 a
1306 2045 1361 2073 Deo
1380 2051 1503 2082 accepta,
1515 2055 1547 2075 ea
1562 2048 1681 2084 indignis

896 2091 1074 2126 suppeditans
1086 2112 1094 2124 ,
1108 2091 1180 2120 Deus
1197 2092 1228 2120 tit
1251 2101 1346 2121 eorum
1361 2095 1408 2130 qui
1421 2095 1576 2130 accipiunt;
1590 2095 1613 2123 is
1632 2095 1680 2124 Dei

895 2142 938 2165 est
961 2138 1089 2166 imitator.
1117 2139 1195 2167 Tunc
1219 2141 1388 2176 perspicies,
1416 2141 1445 2169 in
1465 2146 1536 2170 terra
1559 2142 1679 2178 degens,

896 2183 981 2212 Deum
993 2184 1019 2212 in
1030 2183 1107 2212 caelis
1132 2186 1264 2214 mundum
1275 2207 1283 2221 ,
1299 2187 1374 2215 velut
1394 2187 1513 2223 aliquam
1530 2189 1680 2223 rempubli-

895 2237 967 2263 cam,
980 2231 1133 2266 gubernare
1146 2254 1154 2266 ,
1166 2237 1223 2260 tttm
1235 2233 1364 2269 mysteria
1382 2232 1429 2260 Dei
1451 2234 1526 2269 loqui
1546 2234 1678 2270 incipies;

896 2281 960 2305 tunc
984 2285 1033 2307 eos
1054 2280 1101 2315 qui
1117 2280 1269 2315 puniuntur
1289 2279 1363 2315 quod
1377 2280 1514 2316 abnegare
1530 2280 1614 2308 Deum
1629 2290 1681 2309 110-

52 2312 206 2351 ἀγαπήσεις
230 2309 278 2343 xii.
304 2315 474 2352 θαυμάσεις·
500 2317 563 2344 τότε
587 2318 637 2354 τῆς
660 2319 769 2356 ἀπάτης
794 2321 839 2349 τοῦ

897 2322 946 2351 lint
970 2329 997 2352 ct
1027 2309 1126 2362 diliges
1153 2330 1180 2354 et
1210 2309 1374 2360 miraberis;
1406 2309 1472 2355 tunc
1497 2327 1678 2363 imposturam

54 2360 153 2406 κόσμου
176 2364 224 2391 καὶ
244 2365 297 2401 τῆς
311 2364 414 2401 πλάνης
435 2365 612 2402 καταγνὼσῃ·
640 2367 704 2395 ὅταν
727 2368 758 2395 τὸ
778 2369 841 2406 ἀλη-

53 2405 104 2440 θῶς
118 2409 149 2437 ὲν
169 2410 276 2446 οὐρανῷ
291 2410 341 2446 ζῇν
362 2411 501 2449 ὲπιγνὼσῃ
512 2420 520 2427 ·
543 2411 608 2439 ὅταν
631 2413 679 2440 τοῦ
696 2405 838 2448 δοκοῦντος

53 2452 143 2483 ἐνθάδε
163 2455 277 2483 θανάτου
296 2457 502 2494 καταφρονήσῃς
513 2477 521 2490 ,
539 2457 605 2485 ὅταν
622 2460 669 2486 τὸν
687 2458 772 2493 δντως
792 2461 837 2489 θά-

86 2536 141 2572 (ἓφ)
156 2537 358 2573 Δικαιῳθῆναι.
373 2535 445 2573 satis
467 2541 528 2573 apte
539 2537 571 2565 ad
586 2537 745 2567 Calviniana
760 2547 832 2567 com-

54 2576 139 2605 menta
155 2572 310 2603 reddiderat
330 2572 502 2607 Stephanus,
524 2580 571 2607 pro
588 2573 667 2606 iustis
681 2574 770 2601 haberi
785 2583 795 2602 .'
807 2580 834 2603 et

54 2607 138 2648 paulo
151 2607 365 2648 [quiamagis-’1'}.
380 2607 462 2648 fugiat
476 2613 503 2648 tu
518 2616 565 2642 pro
573 2608 656 2642 justis
671 2609 829 2648 habeantur.

86 2642 141 2674 (8|)
160 2643 269 2679 ﬂoaﬁc.
287 2642 396 2679 Dubitat
409 2642 564 2678 Stephanus
577 2647 666 2671 utrum
680 2644 786 2679 legatur
804 2646 831 2675 itt

55 2681 109 2714 ms._
118 2677 216 2714 ποθῇς,
229 2685 263 2714 an
279 2678 410 2714 ποθήσῃς.

87 2712 141 2751 (83)
170 2712 468 2751 'lgiu'rreia'ti."Addit_
489 2712 776 2751 Sylburgiusgmspéc
793 2723 834 2743 σοι

57 2748 177 2786 πμρέξει,
192 2747 253 2786 ilex
269 2748 421 2786 Stephanus
432 2747 523 2786 πάντᾴ
537 2749 571 2776 τά
581 2747 620 2786 γὲν
637 2747 785 2786 xéapzp'vcl
805 2751 834 2778 ἐν

57 2782 143 2820 τῇλπ
162 2782 323 2820 Sylburgi‘ls
334 2784 409 2820 “ﬂii
428 2784 473 2810 ὑπ’
489 2784 613 2820 οὐρανόν.

91 2818 144 2852 (85)
159 2819 280 2850 Μόνοίς.
294 2818 359 2846 Post
370 2818 543 2849 hanevocem
559 2825 618 2849 crat
632 2820 658 2847 in
674 2828 724 2849 ms.
742 2821 836 2849 codice

58 2848 150 2889 littera,
164 2861 247 2890 quam
259 2848 526 2889 Stcpltanusinitium
542 2860 682 2892 esseputat
695 2848 768 2885 vocis
776 2848 832 2885 avo

892 2370 987 2398 mundi
1001 2375 1028 2398 et
1044 2379 1165 2400 errorem
1182 2372 1339 2405 damnabis,
1359 2380 1422 2400 cum
1433 2380 1497 2401 vere
1510 2373 1536 2401 in
1552 2374 1623 2402 caelo
1637 2375 1678 2401 vi-

891 2423 953 2444 vere
964 2416 1093 2445 didiceris
1108 2425 1190 2445 :cum
1202 2418 1262 2454 ejus
1274 2426 1336 2454 quae
1352 2419 1397 2447 hic
1416 2427 1491 2447 mors
1505 2427 1566 2447 esse
1582 2427 1678 2448 cense-

890 2467 945 2497 tur,
970 2467 1143 2499 contemptor
1158 2471 1235 2499 csse;
1253 2469 1282 2492 et
1301 2468 1428 2498 mortem,
1445 2472 1505 2500 qua).
1523 2472 1617 2493 revera
1633 2469 1676 2493 est

882 2545 942 2580 aut_
948 2542 1052 2580 ἀτενές.
1065 2542 1186 2580 Habebat
1195 2544 1251 2571 ἄνω
1262 2545 1440 2580 apograplton
1453 2544 1580 2580 Bcurcri.

918 2577 974 2613 (85)
995 2578 1082 2606 Ἀλλὰ
1104 2579 1198 2606 ταῦτα
1216 2577 1399 2613 (inoo—ma.
1414 2582 1445 2608 λ.
1463 2579 1514 2608 Sed
1528 2580 1585 2607 lucc
1599 2585 1676 2608 extra

886 2612 944 2647 ejus
953 2612 1118 2648 majestate»:
1132 2620 1204 2643 sunt.
1213 2615 1239 2642 ld
1247 2612 1298 2647 est,
1306 2616 1446 2643 contraria
1454 2616 1526 2643 illitis
1533 2616 1676 2643 dilissintze

883 2648 1079 2684 beneﬁcentiaa,
1096 2657 1179 2684 quam
1194 2650 1295 2678 imitari
1321 2651 1464 2679 debemus.
1481 2650 1622 2681 Hamus.
1649 2652 1678 2678 in

885 2682 1076 2711 Emendandis.

921 2719 978 2754 (85)
1009 2720 1222 2756 'Erpbparor‘c.
1239 2721 1267 2748 In
1287 2722 1338 2750 hac
1354 2729 1420 2750 voce
1436 2721 1562 2750 librarios
1581 2721 1675 2756 lapsos

886 2761 947 2790 esse
964 2759 1042 2788 putat
1062 2754 1218 2790 Stephanus
1233 2756 1268 2783 ob
1289 2758 1432 2790 scripturae
1454 2754 1674 2789 similitudinem,

886 2794 914 2817 et
928 2789 1070 2826 legendum
1093 2789 1123 2826 ὲν
1150 2791 1316 2826 ἀνθρώποις.
1340 2789 1409 2820 Nam
1426 2793 1567 2821 brevitatis
1590 2800 1674 2822 causa

888 2825 971 2854 scribi
984 2825 1052 2855 solet
1067 2826 1095 2853 ἐν
1108 2825 1182 2858 ἄγοις
1198 2825 1248 2862 pro
1264 2827 1292 2855 ἐν
1304 2826 1468 2864 ἀνθρώποις.
