1916 3099
235 142 299 170 1171
791 140 941 168 ΑΝΟΝΥΜΙ
961 140 1017 168 VIR

1077 139 1254 168 POSTOLICI
1787 137 1801 164 1
1808 137 1853 164 172

231 203 292 223 esse
308 194 479 223 convincitis.
497 195 536 223 Ac
548 196 581 223 de
598 204 632 223 eo
642 196 715 232 quod
731 196 882 224 Christiani
896 196 949 223 diis
961 195 1014 222 hnc

1077 196 1193 228 ῖτιανοὺς
1219 195 1349 229 τοιούτοις
1364 196 1451 228 θεοῖς,
1476 196 1561 224 πολλὰ
1580 196 1629 232 μὲν
1652 195 1702 223 καὶ
1727 194 1799 221 ἄλλα
1823 195 1855 220 εί-

229 241 350 277 jnsmodi
367 241 394 268 in
411 241 569 269 servitutem
585 242 684 270 addicti
695 250 747 269 non
766 246 841 274 sunt,
855 241 941 269 multa
953 241 1016 276 qui-

1077 242 1130 268 τεῖν
1152 241 1258 277 ἔχοιμι·
1279 242 1304 269 εί
1335 242 1364 269 δέ
1386 250 1440 269 τινι
1465 243 1502 278 μὴ
1529 242 1619 279 δοκοίη
1648 242 1696 269 καὶ
1720 241 1811 268 ταῦτα
1836 243 1855 267 t-

230 288 292 314 dem
314 292 342 314 et
357 287 409 314 alia
428 287 543 314 habeam
566 295 627 322 qua:
642 288 749 320 dicam;
763 287 786 314 si
806 287 850 314 cui
868 292 957 314 tamen
973 286 1015 313 vel

1077 287 1150 320 ιανὰ,
1181 288 1310 324 περισσὸν
1335 288 1455 324 ἡγοῦμαι
1477 288 1523 315 καὶ
1553 288 1590 316 τὰ
1620 288 1708 316 πλείω
1734 287 1793 324 (49)
1817 287 1855 313 λι

232 333 290 361 htec
304 334 362 368 ipsa
379 333 501 361 sullicere
526 341 581 361 non
599 334 761 366 videantur,
781 341 1014 369 supervacaneum
1069 341 1138 367 γειν.

232 379 352 408 arbitror
360 384 387 408 et
399 380 477 415 plura
496 379 596 409 dicere.

232 459 298 487 CAP.
315 457 359 486 lll.
383 458 470 494 Negat
491 459 562 494 ipso:
592 459 672 485 etiam
687 457 833 494 Juda'osra
853 457 1039 494 superstitione
1059 458 1186 494 immanes
1214 457 1359 494 esse,_dum
1382 457 1416 485 iis
1438 456 1521 484 Deum
1536 456 1653 493 indigere
1674 461 1782 491 putant,
1799 464 1852 491 qua!

743 493 839 520 ethnici
854 492 929 520 rebus
945 501 1022 520 sensu
1036 493 1186 521 carentibus
1205 492 1349 520 donabant.

264 572 398 607 Deinceps
421 576 513 599 autem
542 571 576 599 de
597 578 630 598 eo
644 571 717 606 quod
738 578 793 597 non
811 576 853 598 est
875 570 930 599 illis
945 570 1017 599 idem

1110 571 1188 607 Ἑξῆς
1210 571 1256 604 δὲ,
1269 571 1334 608 περὶ
1349 571 1397 598 τοῦ
1413 571 1450 608 μὴ
1478 571 1549 599 κατὰ
1570 572 1604 599 τὰ
1618 572 1690 600 αὐτὰ
1718 572 1853 605 Ἰουδαίοις

232 619 322 648 cultus
347 618 457 646 divinus
481 618 528 653 qui
557 617 676 650 Judmis,
703 622 729 645 te
745 618 865 645 maxime
887 617 1017 653 cupidum

1077 617 1203 644 ὶεοσεσεῖν
1214 618 1323 651 αὐτοὺς,
1336 616 1412 653 οἶμαι
1426 626 1456 644 σε
1470 618 1587 654 μάλιστα
1611 618 1707 646 ποθεῖν
1729 619 1852 648 ἀκοῦσαι.

232 672 294 693 esse
314 664 441 692 audiendi
461 670 537 699 puto.
559 663 644 691 Judmi
669 663 769 699 igitur,
786 663 912 699 quamvis
934 663 1015 690 absti-

1077 663 1196 690 Ἰουδαῖοι
1213 663 1303 690 τοίνυν
1315 664 1338 690 εί
1359 664 1408 699 μὲν
1427 664 1574 699 ἀπέχονται
1583 664 1686 700 ταύτης
1700 665 1753 701 τῆς
1765 673 1855 701 ¹προει-

232 717 316 739 neant
334 718 367 739 eo
382 712 415 739 de
432 718 488 746 quo
504 711 586 738 verba
607 710 658 738 feci
679 710 766 742 cultu,
787 715 814 737 et
830 709 913 737 Deum
932 716 1017 736 unum

1077 709 1192 746 οημένης
1218 709 1355 745 λατρείας,
1379 710 1426 736 καὶ
1452 710 1493 742 εἰς
1517 710 1583 737 Θεὸν
1604 710 1653 738 ἕνα
1671 711 1728 738 τῶν
1747 712 1854 738 πάντων

231 757 371 791 venerari,
388 756 590 792 Dominumque
603 757 726 784 omnium
743 756 903 784 existimare
918 755 1016 789 velint;

1077 757 1160 784 γέὸειν
1172 756 1220 783 καὶ
1237 756 1372 792 δεσπότην
1388 756 1491 790 ἀξιοῦσι
1507 759 1616 793 φρονεῖν
1627 758 1683 794 (50)
1693 767 1701 773 '
1720 759 1745 785 εί
1759 758 1788 785 δὲ
1800 759 1854 790 τοῖς

233 802 256 830 si
273 806 362 830 tamen
373 802 467 830 eodem
483 810 538 837 quo
553 802 570 830 ii
586 803 620 830 de
632 802 732 837 quibus
746 802 850 829 dictum
873 806 916 830 est
926 801 1017 835 modol

1077 804 1279 841 προειρημένοις
1308 804 1493 841 ὁμοιοτρόπως
1509 806 1558 841 τὴν
1578 805 1728 842 θρησκείαν
1750 806 1854 842 προσά-

232 847 307 875 cultu
325 847 372 875 illo
383 855 444 875 eum
457 851 671 883 prosequuntur,
683 847 710 874 in
719 854 813 875 errore
826 847 1017 875 versabuntur.

1077 858 1161 886 (ουσιν
1183 849 1256 885 αὐτῷ
1278 849 1392 886 ταύτην,
1416 850 1658 887 διαμαρτάνουσιν·
1682 852 1718 879 Ἀ
1728 851 1784 887 γὰρ
1801 853 1854 883 τοῖς

232 891 300 920 Nam
313 901 373 928 quae
387 893 474 921 Graeci
501 901 600 921 sensus
621 893 780 929 expertibus
801 897 832 920 et
845 893 936 921 surdis
952 892 1017 920 οπε-

1077 896 1240 932 ίναισθήτοις
1260 896 1308 923 καὶ
1327 897 1430 931 κωφοῖς
1457 897 1657 933 προσφέροντες
1675 898 1701 924 οἱ
1726 897 1854 932 Ἕλληνες

232 943 337 972 rentes,
357 938 502 967 dementias
530 939 596 967 dant
625 945 837 974 argumentum;
856 939 884 966 hi
910 939 975 966 dum
988 947 1017 968 se

1077 942 1222 979 ιφροσύνης
1250 943 1348 980 δεῖγμα
1377 943 1543 979 παρέχουσι,
1574 943 1649 971 ταῦθ’
1674 942 1749 972 οὗτοι
1769 944 1852 972 καθά-

232 983 289 1012 Deo
302 985 424 1020 praebere
445 992 477 1013 ea
495 985 637 1020 cogitant,
652 991 784 1021 tanquam
807 986 840 1014 iis
865 985 1017 1021 indigenti,

1077 997 1122 1025 τερ
1142 989 1331 1025 προσδεομένῳ
1352 989 1392 1025 τῷ
1416 990 1476 1025 Θεῷ
1505 990 1674 1026 λογιζόμενοι
1706 990 1851 1027 παρέχειν,

231 1029 376 1058 stultitiam
409 1031 502 1066 potius
533 1039 617 1066 quam
646 1032 751 1059 cultum
777 1032 901 1060 divinum
920 1031 1017 1059 merito

1077 1035 1174 1070 ιωρίαν
1191 1034 1264 1067 εἰκὸς
1281 1034 1337 1071 (51)
1354 1035 1453 1071 μᾶλλον
1467 1037 1568 1071 ἡγοῖντ’
1585 1036 1629 1068 ἂν,
1645 1037 1674 1063 οὐ
1690 1036 1852 1063 θεοσέϐειαν.

231 1077 390 1105 existiment
413 1078 452 1113 (id
477 1078 551 1114 quod
575 1078 702 1114 faciunt.)
720 1079 771 1112 Qui
791 1079 865 1107 enim
877 1079 976 1107 caelum
990 1083 1017 1107 et

1077 1080 1102 1107 '0
1115 1080 1170 1116 γὰρ
1188 1081 1304 1117 ποιήσας
1326 1081 1371 1108 τὸν
1391 1081 1503 1117 οὐρανὸν
1518 1082 1565 1108 καὶ
1583 1082 1632 1117 τὴν
1648 1082 1711 1117 γῆν,
1727 1082 1777 1110 καὶ
1789 1083 1852 1110 πάν-

230 1128 343 1156 terram,
357 1129 439 1159 atque
458 1125 551 1152 omnia
573 1132 635 1159 quae
656 1125 684 1152 in
705 1124 739 1152 iis
754 1129 818 1152 sunt
843 1124 974 1158 condidit,
991 1129 1017 1152 et

1077 1135 1102 1153 τα
1117 1126 1152 1153 τὰ
1165 1127 1194 1154 ὲν
1210 1127 1300 1159 αὐτοῖς
1312 1146 1319 1160 ,
1335 1127 1382 1154 καὶ
1402 1128 1485 1154 πᾶσιν
1496 1128 1561 1163 ἡμῖν
1577 1128 1703 1164 χορηγῶν
1718 1125 1758 1155 ὧν
1772 1137 1852 1164 ’προσ⁹

231 1169 311 1198 nobis
333 1170 463 1198 omnibus
489 1178 521 1198 ea
544 1171 700 1206 suppeditat
715 1171 817 1206 quibus
844 1171 1016 1206 indigemus,

1077 1172 1194 1208 ῖεόμεθα,
1212 1172 1318 1205 οὐδενὸς
1340 1173 1373 1199 ἂν
1397 1173 1478 1205 αὐτὸς
1506 1173 1664 1208 προσδέοιτο
1690 1173 1795 1200 τούτων
1817 1169 1851 1199 ὧν

230 1216 291 1243 ﬁeri
324 1223 380 1244 non
404 1216 492 1251 possit
520 1217 618 1244 utullo
644 1224 741 1244 eorum
756 1217 875 1253 indigeat
885 1225 946 1252 quas
959 1217 1017 1253 ipse

1077 1219 1124 1250 τοῖς
1156 1217 1289 1254 οἰομένοις
1317 1218 1417 1245 διδόναι
1447 1219 1561 1254 παρέχει
1590 1218 1682 1251 αὑτός.
1711 1219 1744 1245 Οἱ
1770 1219 1798 1245 δέ
1823 1227 1851 1253 γε

231 1262 267 1290 iis
286 1262 389 1298 praebet
401 1262 449 1298 qui
468 1270 498 1290 se
513 1262 551 1289 illi
566 1262 632 1290 dare
644 1263 817 1290 existimant.
834 1263 868 1290 At
880 1263 898 1290 ii
911 1264 958 1299 qui
969 1270 1017 1298 per

1077 1262 1161 1293 ιυσίας
1182 1262 1254 1298 αὐτῷ
1278 1263 1311 1290 δι’
1324 1263 1437 1299 αἵματος
1459 1263 1506 1290 καὶ
1524 1263 1636 1299 κνίσσης
1663 1264 1712 1290 καὶ
1742 1263 1848 1291 ὁλοκαυ-

231 1309 392 1345 sanguinem
412 1314 439 1337 et
458 1309 581 1337 nidorem
599 1314 626 1338 ct
648 1310 806 1338 holocausta
825 1309 916 1338 facere
932 1318 963 1339 se
978 1312 1015 1339 illi

1077 1308 1203 1344 τωμάτων
1224 1308 1356 1335 ἐπιτελεῖν
1375 1309 1492 1344 οἰόμενοι
1504 1329 1511 1342 ,
1533 1310 1579 1336 καὶ
1598 1309 1714 1341 ταύταις
1740 1311 1800 1341 ταῖς
1817 1318 1849 1336 τι·

231 1357 367 1384 sacrillcia
383 1360 500 1391 putant,
531 1361 614 1391 atque
639 1357 683 1384 his
710 1365 773 1384 eum
791 1357 942 1386 honoribus
970 1366 1016 1386 or-

1077 1356 1132 1386 ιαῖς
1156 1354 1236 1382 αὑτὸν
1258 1355 1413 1391 γεραίρειν,
1435 1355 1512 1382 οὐδέν
1536 1364 1580 1391 μοι
1597 1355 1707 1382 δοκοῦσι
1719 1355 1848 1391 διαφέρειν

231 1411 309 1436 nare,
334 1403 403 1431 mihi
420 1403 557 1434 videntur.
581 1404 648 1431 dum
668 1408 767 1439 putant
783 1411 813 1432 se
828 1405 921 1440 aliqua
948 1413 1017 1440 prae-

1077 1400 1121 1428 ῖῶν
1144 1402 1185 1433 είς
1196 1401 1230 1428 τὰ
1250 1401 1328 1436 κωφὰ
1340 1401 1396 1438 (52)
1413 1402 1462 1438 τὴν
1478 1403 1562 1439 αὐτὴν
1582 1402 1849 1438 ὲνδεικνυμένοιςμφι-

230 1451 297 1479 bere
316 1451 352 1483 ei,
369 1450 416 1486 qui
431 1451 534 1478 nullius
556 1450 595 1478 rei
612 1450 740 1486 indiguus
755 1455 808 1483 est,
824 1451 893 1479 nihil
907 1451 1017 1480 diﬂ‘erre

1077 1448 1208 1483 ιιγτιμίαν,
1228 1448 1281 1475 τῶν
1309 1448 1347 1484 μὴ
1371 1448 1527 1485 δυναμένων
1548 1448 1597 1484 τῆς
1610 1447 1696 1484 τιμῆς
1720 1448 1848 1483 μεταλαμ-

232 1496 268 1524 ab
285 1496 319 1525 iis
333 1496 380 1532 qui
404 1504 488 1524 sensu
507 1496 628 1524 carentia
647 1496 742 1524 eodem
765 1497 870 1524 honore
894 1497 1017 1525 studiose

1077 1494 1172 1526 Δἱάνειν,
1185 1494 1215 1521 τὸ
1234 1494 1262 1521 δὲ
1281 1495 1369 1521 δοκεῖν
1384 1493 1439 1530 (55)
1460 1493 1520 1522 τινὰ
1542 1494 1674 1530 παρέχειν
1692 1494 1732 1530 τῷ
1745 1494 1849 1531 μηδενὸς

231 1550 436 1586 prosequuntur
448 1567 455 1580 ,
472 1553 534 1581 quae
552 1545 692 1581 percipere
719 1546 852 1574 honorem
870 1545 943 1574 hunc
963 1551 1016 1572 non

232 1597 358 1628 possunt,

1070 1540 1268 1576 προσδεομένῳ.

463 1661 528 1689 (ἶριν.
546 1661 590 1689 IV.
606 1661 707 1690 thera
719 1661 875 1690 Judtrorum
890 1663 1014 1690 instituta
1034 1671 1086 1693 non
1102 1663 1207 1699 aptiora
1221 1664 1256 1691 ad
1272 1663 1356 1691 Deum
1372 1663 1510 1693 colendum
1523 1664 1629 1692 evincit.

268 1739 303 1770 At
315 1746 411 1768 eorum
429 1740 503 1768 circa
520 1740 597 1768 cibos
617 1741 810 1769 meticulosam
836 1741 993 1769 cautionem
1005 1761 1014 1775 ,

233 1790 261 1813 et
275 1787 498 1822 superstitionem
515 1787 587 1815 circa
604 1787 722 1816 Sahbata
733 1807 740 1820 ,
762 1792 790 1815 et
809 1787 971 1823 jactantiam
983 1787 1018 1815 de

233 1833 453 1867 circumcisione,
478 1839 505 1862 et
529 1842 590 1869 quae
614 1835 648 1863 de
674 1835 780 1870 jejunio
806 1842 838 1863 ac
867 1834 1017 1863 noviluniis

233 1880 382 1913 simulant,
408 1888 469 1916 qua:
493 1880 611 1908 ridicula
639 1886 702 1909 sunt
728 1886 755 1909 et
776 1881 863 1908 relatu
887 1880 1017 1916 indigna,

235 1931 261 1952 te
283 1933 299 1953 a
321 1934 364 1953 me
393 1926 498 1954 discere
521 1934 634 1954 necesse
664 1927 766 1954 habere
795 1927 924 1955 arbitror.
948 1925 1017 1954 Nam

233 1979 327 2000 eorum
338 1980 399 2008 qua!
413 1980 429 2000 a
447 1972 501 2000 Deo
518 1973 544 2000 in
568 1981 648 2001 usum
667 1973 809 2000 hominum
829 1978 920 2001 creata
939 1977 1019 2006 sunt,

233 2019 286 2048 alia
305 2019 413 2054 quidem
438 2023 567 2054 tanquam
592 2025 665 2047 recte
687 2024 776 2047 creata
792 2019 951 2052 admittere;
967 2019 1020 2046 alia

235 2072 300 2092 vero
322 2068 352 2092 ut
372 2065 476 2092 inutilia
494 2070 520 2092 et
533 2073 758 2101 supervacanea,
785 2073 927 2098 recusare,
949 2073 1019 2099 quo-

234 2111 317 2140 modo
332 2110 374 2138 fas
388 2111 499 2139 esttDe
509 2111 565 2139 Deo
578 2116 668 2139 autem
688 2112 742 2139 hoc
755 2111 880 2145 mentiri,
897 2119 960 2139 eum
975 2119 1021 2139 ve-

234 2161 293 2184 tare
307 2157 409 2191 aliquid
424 2157 496 2192 quod
512 2158 656 2185 honestum
679 2158 715 2185 sit
729 2158 819 2185 facere
830 2157 874 2185 die
892 2156 1019 2190 Sahbati,

235 2203 373 2238 quomodo
389 2203 503 2239 impium
521 2211 577 2231 non
601 2204 656 2231 sit?
674 2203 728 2238 jam
746 2212 811 2231 vero
840 2209 867 2231 et
879 2204 913 2232 de
927 2203 1019 2231 carnis

1112 1741 1191 1769 Ἀλλὰ
1213 1742 1266 1779 μὴν
1286 1743 1349 1778 τόγε
1373 1742 1437 1779 περὶ
1458 1742 1509 1775 τὰς
1528 1741 1644 1778 βρώσεις
1668 1742 1760 1770 αὐτῶν
1774 1742 1852 1778 ψοφο-

1070 1788 1145 1821 δεὲς,
1172 1790 1218 1816 καὶ
1243 1789 1292 1825 τὴν
1317 1789 1382 1825 περὶ
1412 1788 1447 1815 τὰ
1472 1788 1598 1817 Σάϐϐατα
1625 1788 1850 1825 δεισιδαιμονίαν,

1071 1836 1118 1862 καὶ
1138 1836 1188 1872 τὴν
1203 1835 1253 1871 τῆς
1278 1835 1429 1872 περιτομῆς
1455 1835 1512 1871 (54)
1533 1835 1714 1869 ἀλαζονείαν,
1733 1837 1782 1863 καὶ
1805 1838 1851 1873 τὴν

1069 1881 1120 1916 τῆς
1134 1881 1260 1916 νηστείας
1273 1882 1320 1908 καὶ
1341 1881 1488 1917 νουμηνίας
1504 1881 1653 1917 εἰρωνείαν,
1664 1882 1851 1917 καταγέλαστα

1070 1927 1119 1954 καὶ
1139 1927 1213 1955 οὐδὲν
1224 1927 1287 1961 ἄξια
1310 1927 1390 1962 λόγου
1403 1948 1410 1960 ,
1423 1927 1526 1965 νομίζω
1546 1936 1576 1954 σε
1585 1927 1697 1964 χρῄζειν
1711 1930 1778 1965 παρ’
1789 1929 1850 1964 ἐμοῦ

1069 1973 1176 2009 μαθεῖν.
1201 1972 1238 1999 Τό
1262 1981 1292 1999 τε
1321 1972 1375 2008 γὰρ
1399 1972 1453 2000 τῶν
1481 1973 1534 2000 ὑπὸ
1554 1973 1602 2000 τοῦ
1636 1973 1704 2000 Θεοῦ
1734 1975 1851 2001 κτισθέν-

1068 2027 1123 2046 των
1144 2021 1184 2052 είς
1209 2019 1304 2055 χρῆσιν
1326 2018 1495 2055 ἀνθρώπων,
1519 2019 1537 2047 ἃ.
1562 2019 1611 2055 μὲν
1625 2020 1664 2052 ὡς
1689 2020 1781 2052 καλῶς
1799 2029 1851 2047 κτι-

1069 2066 1166 2093 σθέντα
1190 2065 1406 2102 παραδέχεσθαι,
1431 2065 1450 2093 ἃ.
1472 2065 1506 2098 δ’,
1529 2065 1567 2098 ὡς
1589 2066 1715 2102 ἄχρηστα
1741 2067 1789 2093 καὶ⁵
1809 2076 1851 2093 π-

1068 2111 1167 2148 ρισσὰ,
1190 2110 1395 2146 παραιτεῖσθαι,
1418 2111 1478 2144 πῶς
1495 2112 1525 2139 οὐ
1549 2111 1627 2147 θέμις
1650 2112 1706 2148 (55)
1727 2113 1805 2145 Eri-rt;
1819 2113 1852 2138 τδ

1067 2157 1095 2184 δὲ
1118 2157 1331 2192 καταψεύδεσθαι
1351 2157 1418 2185 Θεοῦ
1431 2177 1438 2189 ,
1460 2157 1499 2189 ὼς
1524 2158 1677 2190 κωλύοντος
1701 2159 1732 2185 ὲν
1750 2160 1784 2194 τῇ
1802 2158 1850 2185 τῶν

1068 2203 1213 2231 Σαϐϐάτων
1235 2203 1329 2239 ἡμέρᾳ
1348 2202 1429 2230 καλὸν
1451 2211 1478 2230 τι
1502 2205 1588 2231 ποιεῖν
1601 2223 1609 2236 ,
1631 2203 1691 2236 πῶς
1715 2205 1767 2231 οὐκ
1793 2206 1850 2231 ἀσε-

235 2249 442 2283 imminutione,
454 2253 582 2285 tanquam
601 2250 742 2278 electionis
762 2250 949 2278 testimonium
964 2250 1017 2284 sit,

1077 2249 1134 2283 iég;
1157 2249 1187 2276 τὸ
1207 2249 1236 2276 δὲ
1255 2250 1302 2276 καὶ
1322 2249 1372 2285 τὴν
1399 2249 1511 2285 μείωσιν
1541 2249 1592 2285 τῆς
1623 2250 1726 2286 σαρκὸς
1753 2249 1849 2287 μαρτᾶ-

274 2331 332 2367 (19)
349 2331 455 2358 Πλείω.
477 2329 554 2367 Hanc
569 2329 755 2367 vocemrad‘dit
770 2329 886 2367 >Beureri
901 2337 1017 2367 apogra-

235 2365 332 2404 phum,
354 2367 446 2401 sicque
459 2366 602 2404 legendum
620 2366 688 2404 vidit
703 2365 856 2404 Stephanus
873 2373 906 2392 ex
921 2365 1018 2392 litteris

234 2401 257 2429 ⁵η
272 2408 298 2430 et
313 2402 338 2434 λ,
356 2409 474 2436 quarum
490 2401 604 2437 vestigia
620 2401 648 2428 in
669 2401 731 2428 cod.
753 2408 829 2437 mss,
848 2404 1017 2437 supererant.

272 2437 328 2473 (50)
345 2435 479 2473 Φρονεῖν.
500 2435 571 2464 Post‘
588 2437 658 2473 hanc
674 2443 767 2463 vocem
795 2435 897 2470 aliquid
923 2436 1018 2463 deesse

234 2473 375 2500 existimat
388 2472 553 2507 Stephanus,
566 2472 607 2498 vel
622 2472 735 2505 liguram
751 2478 812 2498 esse
828 2479 889 2505 quae
906 2476 1020 2507 vocatur

216 2505 612 2542 ~éwa-rréaoroVKSylbnrgius
643 2507 802 2542 addendum
830 2510 906 2542 putat
932 2505 1019 2542 ὀρθῷς

236 2543 376 2580 φρονοῦσι.
393 2543 445 2570 Sed
464 2541 533 2569 nihil
549 2541 766 2570 desiderabimus
782 2541 805 2568 si
834 2541 899 2568 illud
916 2542 941 2567 ει
967 2541 1017 2581 μὲν

235 2579 331 2606 eodem
350 2578 432 2605 modo
449 2577 626 2612 accipiamus,
643 2585 676 2604 ac
696 2578 721 2603 εί
740 2577 799 2608 καί,
811 2577 870 2609 etsi,
887 2585 1017 2612 quamuis,

791 2595 799 2608 ι
811 2595 870 2608 ωσι,
887 2595 1017 2608 ιμηιοηιυιυ,

236 2597 567 2647 interpretatione
583 2597 799 2640 etiiendavimns:
821 2597 944 2647 Simiiem
969 2597 1018 2638 ha:

236 2649 334 2676 bemus
354 2646 500 2677 verborum
529 2646 857 2682 constructionemrinitio
878 2646 1017 2682 Apologia:

237 2684 331 2718 prima:
357 2683 469 2718 Justini,
500 2681 678 2718 lbidémrpro
698 2683 738 2714 si;
757 2681 823 2718 Θεον
838 2682 886 2708 ἕνα
912 2681 1017 2718 malunt

237 2716 397 2760 Stephanus
415 2722 442 2760 et
459 2717 534 2753 Sylb.
551 2719 586 2745 εἰ.
609 2716 660 2745 sed
675 2718 782 2753 φρονεῖν
799 2717 851 2745 hoc
869 2718 929 2745 loco
946 2716 1016 2744 idem

236 2759 279 2781 est
293 2762 325 2780 ac
342 2762 489 2781 πιστευειν.

272 2789 328 2822 (Si)
346 2789 455 2824 Είκόςι
465 2788 619 2824 Legendum
629 2792 724 2816 censet
735 2787 890 2823 Stephanus
899 2788 936 2820 ὡς
946 2787 1019 2824 εἰκός

241 2823 284 2850 vel
302 2823 417 2859 είκότως
442 2821 542 2850 lbidém
563 2823 579 2858 ἢ
597 2831 646 2858 pro
664 2824 694 2850 οὺ
724 2821 867 2859 legendum
894 2823 1015 2858 conjicit.

238 2858 290 2886 Sed
309 2858 366 2886 haec
384 2859 495 2886 minimc
503 2859 663 2887 necessaria.

1105 2331 1161 2365 (52)
1179 2332 1232 2364 Εις
1244 2330 1280 2358 τὰ
1292 2329 1385 2365 κωφὰ.
1405 2328 1481 2365 Hanc
1503 2329 1727 2364 prapositionem
1753 2330 1850 2358 adden-

1069 2366 1132 2394 dam
1149 2364 1260 2393 monent
1278 2364 1443 2401 Stephanus.
1462 2364 1543 2393 Beur.
1567 2371 1594 2392 et
1616 2364 1747 2401 Sylhnrg.
1769 2365 1850 2393 Paulo

1070 2405 1132 2436 p05t
1155 2400 1331 2436 legendum,’
1345 2405 1374 2428 nt
1397 2400 1478 2428 iidem
1503 2404 1623 2434 monent,
1640 2400 1850 2437 ἐνδεικνυμένων

1070 2441 1096 2462 et
1107 2436 1141 2462 τὰ
1159 2437 1195 2462 wh
1209 2435 1353 2462 δυνάμενα.

1070 2441 1096 2464 et
1107 2441 1141 2463 τα
1158 2441 1195 2464 μὴ
1209 2441 1353 2464 δυνάμενα.

1107 2437 1383 2507 ἕξζιέν.
1393 2469 1516 2507 Frustra
1539 2469 1590 2507 hic_
1607 2469 1737 2499 lacunam
1763 2472 1850 2507 suspig

1071 2505 1167 2546 cantur
1176 2506 1373 2546 _Steph_anus_et
1390 2505 1561 2546 Sylburgins.
1574 2505 1646 2534 Satis
1659 2511 1702 2546 est
1714 2506 1805 2546 legere
1814 2505 1851 2541 τῷ

1071 2541 1100 2568 δὲ
1114 2541 1211 2574 δοκεῖν,
1229 2541 1271 2568 vel
1303 2541 1449 2568 subaudire
1468 2541 1541 2568 κατά
1564 2546 1628 2569 ante
1660 2542 1721 2569 haec
1747 2541 1830 2569 verba
1843 2562 1850 2572 .

1070 2585 1187 2611 quorum
1208 2577 1231 2603 is
1260 2580 1301 2603 est
1317 2583 1415 2603 sensus
1427 2585 1435 2607 ε,
1448 2584 1525 2611 aeque
1548 2576 1661 2603 stultum
1676 2585 1756 2609 esse,
1774 2578 1850 2603 rehns

1069 2619 1150 2639 sensu
1169 2612 1322 2639 carentibus
1338 2611 1471 2639 sacrilicia
1485 2611 1592 2642 offerre,
1602 2616 1629 2638 et
1640 2611 1696 2638 Deo
1716 2613 1765 2646 qui
1782 2612 1851 2639 nulla

1069 2654 1099 2674 re
1113 2647 1224 2687 indiget,
1242 2651 1339 2687 putare
1353 2654 1381 2674 se
1396 2646 1499 2687 aliquid
1509 2646 1640 2687 praebere.
1656 2646 1718 2681 Ipse
1737 2646 1850 2687 Stepha-

1071 2690 1122 2709 nus
1139 2681 1238 2709 fatetur
1251 2681 1302 2716 legi
1317 2689 1396 2716 posse
1413 2681 1452 2716 τῷ
1467 2681 1495 2707 δὲ
1510 2681 1609 2714 δοκεῖν,
1622 2681 1681 2709 ᾔδεε
1692 2682 1778 2709 verba
1788 2681 1851 2709 con-

1067 2716 1275 2756 iungendg‘cum
1286 2716 1515 2756 praecedentibus.

1107 2752 1163 2787 (54)
1182 2751 1240 2786 Τὴν
1262 2750 1318 2786 τῆς
1338 2750 1507 2786 περιτομῆς.
1525 2751 1682 2786 Stephanus
1699 2752 1852 2780 addendum

1069 2787 1287 2823 existirnatiowk
1306 2786 1347 2823 vel
1361 2786 1469 2823 οὐδενὸς
1485 2787 1547 2819 ἀξια
1557 2787 1641 2823 λόγου
1657 2787 1689 2813 οὐ
1701 2788 1822 2823 γνομίζω.

1106 2822 1161 2857 (55)
1180 2822 1245 2856 Πῶς
1261 2823 1302 2860 ou
1314 2821 1404 2857 θέμις.
1419 2820 1494 2851 Dclet
1507 2823 1536 2849 οὐ
1555 2820 1648 2857 Steph.
1666 2822 1709 2850 vcl
1724 2820 1789 2860 legit
1798 2822 1853 2854 ᾴθέ-

1072 2866 1156 2892 μιτον.
