1916 3099
81 146 138 180 m'a‘

600 152 767 180 EPISTOLA
789 152 834 179 AD
852 152 1062 181 DIOCNE'I'UM.

1618 152 1686 180 HN

79 217 127 244 ριον
144 207 197 244 (56)
217 207 333 243 ἐκλογῆς
346 206 554 239 ἀλαζονεύεσθαι
563 226 571 240 ,
584 207 623 240 ὼς
634 208 678 234 διὰ
689 208 767 235 τοῦτο
777 208 851 241 ἐξαι-

904 208 1025 242 gloriari,
1040 213 1068 236 et
1083 213 1212 243 tanquam
1222 214 1282 235 eam
1299 208 1334 235 ob
1351 215 1407 235 rem
1421 207 1493 236 Deus
1507 208 1608 236 eximio
1625 209 1687 237 illos

78 254 150 290 ρέτιιις
162 254 356 289 ὴγαπημὲνους
371 252 423 280 ὑπὸ
433 252 512 284 Θεοῦ,
531 252 590 285 πῶς
600 253 630 280 οὺ
644 253 743 289 χλεύης
757 254 850 287 ἆξιονς

76 300 102 326 τὸ
112 300 137 326 δὲ
149 299 362 335 παρεδρεύοντας
373 300 472 332 αὐτοὺς
491 301 601 337 ἄστροις
616 300 663 327 καὶ
677 300 777 337 σελήνῃ
799 309 851 328 πα-

77 346 213 381 ρατήρησιν
238 345 294 372 τῶν
318 345 410 381 μηνῶν
434 346 490 382 (57)
501 347 549 373 καὶ
565 346 619 372 τῶν
641 346 753 382 ἡμερῶν
767 348 850 373 ποιεῖ-

76 390 137 422 σθαι,
150 391 194 417 καὶ
215 390 266 422 τὰς
285 391 440 428 οἰκονομίας
461 391 528 419 Θεοῦ
547 391 594 419 καὶ
613 392 663 424 τὰς
679 391 733 418 τῶν
745 392 849 428 καιρῶν

75 435 181 471 ἀλλαγὰς
193 436 264 464 κατά
272 437 382 473 (58).....
397 438 465 474 πρὸς
475 438 525 470 τὰς
534 437 623 465 αὐτῶν
634 438 732 474 όρμάς,
740 438 773 470 ἀς
787 438 847 473 μὲν,

74 483 108 513 εἰς
130 481 233 517 ἑορτὰς,
256 482 349 516 ἃςδὲ,
373 485 413 516 εἰς
435 484 537 519 πένθη·
561 484 604 516 τις
630 483 663 511 ἂν
693 483 848 516 θεοσεϐείας

74 529 114 556 καὶ
125 529 171 555 οὐκ
191 529 348 566 ἀφροσύνης
373 531 440 558 πολὺ
459 530 540 558 πλέον
561 531 694 566 ἡγήσεται
719 529 750 557 τδ
779 531 849 565 δεῖγ-

75 582 123 609 Ita;
134 574 180 610 τῆς
193 575 243 609 μὲν
253 573 300 602 οὖν
319 576 412 611 κοινῆς
425 576 592 612 εἰκαιότητος
605 576 653 602 καὶ
664 575 782 612 ἀπάτης,
799 577 848 604 καὶ

73 617 115 653 τῆς
136 618 267 646 Ἰουδαίων
285 620 548 656 πολυπραγμοσύνης
567 621 614 647 καὶ
628 620 786 654 ἀλαζονείας
806 623 848 649 ὅτι

73 663 150 698 ὀρθῶς
170 664 318 700 ἀπέχονται
339 667 512 702 Χριστιανοὶ,
534 666 691 702 ἀρκούντως
718 675 747 695 σε
772 669 848 704 νομί-

73 708 106 740 ζω
119 710 313 746 μεμαθηκέναι.
327 712 363 739 Τὸ
383 712 412 739 δὲ
425 712 474 748 τῆς
495 712 562 744 ἰδίας
573 712 671 748 ξαὺτῶν
694 713 849 747 θεοσεϐείας

74 756 211 792 μυστήριον
228 758 266 793 μὴ
289 758 477 796 προσδοκήσῃς
499 758 627 786 δύνασθαι
647 758 724 795 παρά
742 760 848 796 ἀνθρώ-

73 810 119 830 που
131 802 235 838 μαθεῖν.

901 261 994 281 amore
1019 258 1211 288 prosequatur,
1231 252 1370 288 quomodo
1396 253 1610 282 subsanuatione
1630 263 1685 283 non

901 299 938 326 sit
953 299 1089 334 dignum?
1109 298 1262 332 Quinetiam
1289 305 1347 332 eos,
1370 299 1521 333 (tanquam)
1535 299 1685 328 assidentes

900 346 982 373 astris
999 349 1027 372 et
1040 346 1121 378 lunae,
1135 344 1320 372 observationi
1335 344 1471 372 mensium
1482 349 1509 371 et
1520 344 1626 372 dierum
1638 345 1685 372 de-

899 391 971 419 ditos
986 398 1046 419 esse
1056 411 1063 425 ,
1081 395 1108 418 et
1122 389 1170 418 Dei
1184 389 1358 423 \(economias
1375 397 1407 416 ac
1420 393 1609 424 tempestatum
1622 397 1684 417 mu-

897 438 1012 466 tationes
1023 438 1056 465 ad
1065 445 1095 465 ea
1107 436 1314 464 accommodare
1324 436 1357 463 ad
1366 443 1426 471 qua:
1436 439 1540 463 mentes
1555 443 1611 463 sua
1623 444 1685 471 pro-

895 491 988 521 pensae
1005 483 1069 517 sint,
1083 483 1151 511 alias
1165 482 1275 518 quidem
1292 483 1324 509 ad
1348 481 1434 509 festos
1454 481 1524 515 dies,
1541 482 1608 510 alias
1620 490 1685 509 vero

896 530 929 558 ad
945 530 1051 563 luctus;
1065 530 1127 564 quis
1141 528 1226 556 divini
1239 528 1327 556 cultus
1340 532 1367 555 et
1381 534 1434 554 non
1447 527 1590 554 dementiae
1600 527 1685 555 multo

897 576 984 612 magis
1008 576 1139 603 indicium
1161 574 1348 603 existimabit?
1368 573 1514 601 Communi
1540 573 1624 608 igitur
1638 581 1686 600 va-

898 623 983 650 nitate
994 626 1021 650 et
1035 622 1199 657 impostura,
1213 625 1240 648 et
1250 620 1407 648 Judaeorum
1424 620 1583 648 curiositate
1605 623 1686 654 atque

897 668 1038 705 iactantia,
1050 667 1292 703 jureChristianos
1305 666 1458 700 abstinere,
1476 671 1501 693 te
1519 665 1627 693 abunde
1642 665 1685 692 αε-

899 716 1000 744 dicisse
1011 714 1151 743 existimo.
1171 713 1223 741 Sed
1239 712 1324 740 divini
1338 713 1492 740 cultus'illis
1511 713 1613 748 proprii
1627 721 1685 748 my«

900 762 1013 792 sterium
1027 768 1061 789 ne
1075 765 1101 788 te
1113 760 1148 788 ab
1165 759 1276 789 homine
1294 759 1350 787 ullo
1365 759 1458 787 doceri
1483 767 1563 794 posse
1582 766 1683 794 speres.

516 883 582 912 CAP.
609 883 639 912 V.
657 883 869 913 Christianorum
890 891 974 912 mores
990 883 1111 920 graphice
1126 883 1252 918 depingit.

102 959 254 994 Χριστιανοὶ
275 961 330 998 γὰρ
350 961 410 989 οὔτε
429 963 464 999 γῇ
477 983 484 995 ,
499 962 561 990 οὒτε
584 965 671 1000 φωνῇ,
695 964 758 991 οὕτε
775 964 848 992 ἔθεσι

933 963 1081 992 Christiani
1096 963 1170 991 enim
1189 970 1278 998 neque
1290 962 1415 997 regione,
1431 968 1520 996 neque
1535 968 1661 989 sermone
1671 981 1679 994 ,

71 1005 263 1043 διακεκριμένοι
275 1007 330 1034 τῶν
342 1007 443 1035 λοιπῶν
461 1009 531 1035 εἰσιν
543 1008 703 1045 ἀνθρώπων.
717 1009 784 1037 οὔτε
794 1010 849 1046 γάρ

71 1060 117 1078 που
138 1052 228 1085 πόλεις
253 1053 321 1086 ἰδίας
340 1054 530 1086 κατοικοῦσιν,
555 1053 619 1081 οὕτε
653 1055 786 1091 διαλέκτῳ
807 1065 849 1082 τι-

71 1098 93 1124 vi.
112 1098 322 1136 παρηλλαγμένῃ
350 1099 487 1135 χρῶνται,
516 1100 578 1128 οὔτε
607 1100 664 1136 βίον
687 1102 850 1138 παράσημον

70 1144 205 1172 ἀσκοῦσιν·
232 1145 262 1172 οὐ
289 1145 344 1181 μὴν
376 1145 483 1182 ἐπινοίᾳ
501 1147 556 1173 τινὶ
585 1147 631 1174 καὶ
656 1148 776 1184 φροντίδι
803 1157 849 1175 που

70 1189 263 1227 λυπραγμὸνων
286 1190 438 1227 ἀνθρώπων
459 1192 599 1228 μαθήματι
620 1192 675 1229 (59)
697 1193 769 1221 τοῦτ’
793 1194 848 1230 (60)

69 1236 153 1269 αὐτοῖς
168 1238 246 1265 ἐστιν
267 1237 426 1273 εἰρημένον·
443 1238 504 1265 οὐδὲ
524 1238 658 1275 δόγματος
679 1240 848 1276 ἀνθρωπίνου

69 1284 245 1318 apum-ciem,
278 1283 372 1320 ὥσπερ
402 1284 486 1312 ἐνιοι’
525 1286 715 1319 κατοικοῦντες
746 1287 776 1315 δὲ
801 1287 850 1314 πό-

69 1327 119 1360 λεις
146 1329 302 1366 Ἑλληνίδας
323 1339 355 1357 τε
389 1331 436 1358 καὶ
472 1330 645 1367 βαρῦάρους,
668 1333 706 1365 ὼς
736 1333 850 1366 ἕκαστος

69 1373 214 1411 ἐκληρώθη,
235 1376 283 1402 καὶ
307 1377 336 1404 ὲν
357 1378 413 1409 τοῖς
434 1376 490 1412 (61)
513 1377 657 1414 ἐγχωρίοις
678 1378 767 1406 ἔθεσιν
786 1380 851 1406 ἀκο-

69 1419 218 1454 λουθοῦντες
242 1421 272 1448 ἐν
289 1431 318 1449 τε
338 1422 431 1458 ἐσθῆτι
453 1422 501 1449 καὶ
516 1422 606 1460 διαίτῃ
630 1424 678 1451 καὶ
703 1424 747 1460 τῷ
765 1425 850 1462 λοιπῷ

71 1464 114 1501 βίῳ
125 1485 133 1498 ,
149 1466 309 1504 θαυμαστὴν
323 1467 370 1495 καὶ
393 1469 616 1505 ὁμολογουμένως
637 1470 786 1507 παράδοξον
809 1473 851 1498 ὲν-

69 1511 212 1540 δείκνυνται
236 1513 286 1549 τὴν
309 1514 476 1542 κατάστασιν
503 1515 553 1551 τῆς
573 1516 676 1543 ἑαυτῶν
702 1516 847 1549 πολιτείας.

70 1556 196 1593 Πατρίδας
216 1559 337 1586 οἰκοῦσιν
365 1559 441 1592 ἰδίας,
468 1560 525 1587 ἀλλ’
550 1561 588 1592 ὡς
616 1560 755 1596 πάροικοι·
789 1569 850 1596 μετ-

69 1602 152 1637 έχουσι
182 1604 304 1637 πάντων,
332 1604 370 1637 ὡς
407 1605 535 1639 πολῖται,
561 1606 610 1634 καὶ
633 1606 712 1634 πάνθ’
744 1607 847 1642 ὑπομέ-

899 1016 988 1044 neque
1005 1008 1122 1044 politicis
1139 1009 1198 1036 vitae
1222 1008 1354 1036 institutis
1370 1015 1388 1035 ο
1400 1008 1505 1035 caeteris
1527 1007 1685 1035 hominibus

900 1059 965 1082 sunt
980 1055 1112 1082 distincti.
1136 1053 1205 1082 Nam
1224 1062 1313 1089 neque
1328 1054 1455 1089 proprias
1469 1053 1593 1081 civitates
1609 1053 1685 1081 inro—

899 1100 975 1133 lunt,
996 1107 1085 1134 neque
1109 1106 1236 1127 sermone
1255 1103 1373 1126 utuntur
1386 1099 1432 1134 qui
1444 1099 1479 1126 ab
1498 1098 1614 1126 aliorum
1628 1106 1686 1126 ser-

899 1153 980 1173 mone
992 1145 1108 1178 diﬂ‘erat,
1122 1152 1211 1180 neque
1226 1145 1297 1172 vitae
1308 1152 1395 1180 genus
1409 1144 1511 1172 habent
1521 1144 1594 1180 quod
1609 1144 1644 1172 de
1656 1152 1686 1171 re

900 1192 990 1227 aliqua
1012 1192 1064 1220 sibi
1079 1192 1211 1227 peculiari
1227 1192 1263 1219 sit
1277 1192 1397 1219 notabile
1411 1200 1418 1225 ;
1436 1199 1524 1226 neque
1541 1191 1645 1226 aliquid
1669 1199 1684 1218 ο

900 1239 1016 1267 curiosis
1038 1238 1196 1266 hominibus
1215 1239 1398 1274 excogitatum
1412 1243 1568 1274 proponunt
1579 1237 1630 1265 sibi
1643 1237 1685 1265 di-

899 1284 1052 1313 scendum:
1079 1290 1168 1318 neq-ue
1181 1283 1262 1311 alicui
1283 1283 1402 1319 dogmati
1424 1283 1544 1310 humano
1565 1282 1686 1317 patroci-

900 1336 1011 1365 nantur,
1029 1331 1100 1358 sicut
1111 1330 1233 1357 nonnulli
1250 1339 1257 1357 :
1274 1330 1320 1358 sed
1336 1329 1484 1357 incolentes
1499 1329 1597 1363 partim
1611 1328 1686 1356 Gne-

899 1386 957 1411 cas,
975 1378 1071 1413 partim
1083 1378 1214 1405 barbaras
1229 1376 1363 1409 civitates,
1381 1380 1461 1410 prout
1477 1374 1612 1410 cujusque
1625 1382 1685 1402 sors

900 1424 972 1457 tulit,
988 1428 1016 1451 et
1028 1423 1217 1458 indigenarum
1237 1423 1361 1450 instituta
1383 1425 1528 1456 sequentes
1545 1421 1572 1448 in
1587 1421 1685 1448 vestitu

900 1470 1044 1505 victuque,
1057 1473 1085 1497 et
1095 1469 1200 1497 caeteris
1215 1476 1277 1504 qua:
1289 1468 1323 1495 ad
1339 1468 1424 1495 vitam
1439 1467 1587 1502 pertinent,
1604 1466 1686 1494 mira-

899 1515 982 1543 bilem
998 1520 1024 1543 et
1038 1515 1111 1543 haud
1134 1515 1218 1543 dubie
1236 1513 1422 1542 incredibilem
1439 1521 1496 1540 sua:
1513 1512 1613 1548 politiae
1631 1517 1687 1540 sta-

901 1566 958 1589 tum
977 1561 1066 1589 oculis
1078 1561 1180 1589 nostris
1196 1565 1361 1596 proponunt.
1378 1559 1485 1587 Patrias
1498 1559 1624 1595 proprias
1635 1559 1686 1586 ha-

900 1608 1007 1641 bitant;
1034 1608 1081 1635 sed
1104 1612 1234 1643 tanquam
1262 1607 1399 1642 inquilini.
1421 1606 1519 1634 Omnia
1542 1605 1687 1640 cumjaliis

69 1656 152 1676 νουσιν
179 1649 219 1682 ὡς
249 1649 328 1683 ξένοι.
354 1651 432 1678 Πᾶσα
473 1651 556 1688 ξένη,
578 1652 678 1688 πατρίς
702 1653 774 1679 ἐστιν
801 1653 850 1679 αὺ-

902 1653 1057 1682 communia
1086 1653 1196 1686 habent,
1221 1657 1352 1687 tanquam
1371 1653 1444 1681 cives
1459 1662 1467 1686 ;
1481 1656 1507 1680 et
1532 1653 1625 1679 omnia
1639 1660 1687 1688 pa-

69 1693 130 1720 τῶν·
155 1696 201 1723 καὶ
222 1697 297 1723 πᾶσα
320 1697 437 1733 πατρὶς,
463 1697 536 1734 ξένη.
561 1698 697 1734 Γαμοῦσιν
723 1698 761 1731 ὡς
783 1699 850 1729 πάν-

68 1747 124 1771 τες·
144 1742 369 1776 τεκνογονοῦσιν,
401 1743 458 1771 ἀλλ’
480 1744 510 1773 οὐ
539 1744 662 1779 ῥίπτουσι
686 1744 721 1772 τὰ
750 1745 851 1780 γεννώο

70 1792 140 1820 iuva.
155 1787 406 1825 Τράπεζανκοινὴν
427 1789 634 1825 παρατίθενται,
662 1791 718 1818 ἀλλ’
732 1791 847 1827 (62).....

69 1831 163 1867 κοινήν.
195 1833 241 1859 Ἐν
277 1834 360 1870 σαρκὶ
392 1835 589 1870 τυγχάνουσιν,
619 1835 677 1863 ἀλλ’
710 1837 740 1863 οὺ
776 1836 847 1864 κατά

70 1876 152 1912 σάρκα
173 1878 268 1912 ζῶσιν.
288 1880 350 1907 Ἐπὶ
376 1880 427 1917 γῆς
452 1880 650 1917 διατρίϐουσιν,
674 1882 732 1910 ἀλλ’
754 1884 783 1911 ὲν
803 1884 849 1911 οὑ-

71 1923 136 1959 ρανῷ
165 1924 359 1952 πολιτεύονται.
383 1926 524 1953 Πείθονται
555 1928 610 1959 τοῖς
623 1927 785 1964 ὡρισμένοις
807 1929 849 1956 νό-

70 1977 143 2003 μοις,
177 1972 226 1999 καὶ
259 1973 316 2004 τοῖς
352 1972 427 2005 ἰδίοις
449 1972 516 2008 βὼις
536 1973 631 2000 νικῶσι
653 1975 716 2006 τοὺς
740 1975 848 2010 νόμους.

75 2015 210 2051 ’Δγαπῶσι
236 2019 360 2052 πάντας,
395 2020 443 2047 καὶ
468 2020 522 2047 ὑπὸ
556 2021 664 2048 πάντων
695 2021 848 2050 διώκονται.
870 2055 877 2059 ¹

75 2062 240 2099 ’Λγνοοῦνται
251 2085 259 2098 ,
277 2066 324 2092 καὶ
353 2065 570 2102 κατακρίνονται.
583 2066 781 2100 Θανατοῦνται,
802 2069 849 2096 καὶ
868 2062 874 2077 ί

69 2106 255 2140 ζωοποιοῦνται
264 2119 271 2125 ·
285 2110 454 2146 πτωχεύουσι
467 2110 533 2147 (65),
546 2111 593 2139 καὶ
604 2111 774 2144 πλουτίζουσι
789 2114 851 2140 πολ-

69 2153 137 2188 λούς.
161 2156 274 2185 Πάντων
307 2157 502 2193 ὑστεροῦνται,
530 2157 577 2184 καὶ
604 2158 633 2184 ὲν
655 2158 722 2185 πᾶσι
750 2166 847 2194 περισ-

901 1701 1017 1733 tiuntur,
1030 1703 1158 1734 tanquam
1176 1699 1322 1734 peregrini.
1332 1698 1427 1727 Omnis
1439 1698 1583 1734 peregrina
1600 1698 1686 1733 regio.

901 1746 990 1781 patria
999 1749 1041 1774 est
1055 1749 1210 1779 eorum;et
1232 1745 1322 1772 omnis
1344 1745 1451 1780 patria,
1465 1749 1509 1772 est
1532 1743 1685 1779 peregrina.

903 1791 1007 1820 Uxores
1027 1792 1140 1824 ducunt,
1167 1796 1198 1819 ut
1223 1799 1329 1824 omnes,
1343 1795 1370 1818 et
1395 1791 1494 1818 liberas
1519 1793 1685 1825 procreauit;

902 1838 949 1865 sed
963 1845 1017 1866 non
1032 1837 1164 1873 abiioiunt
1180 1837 1263 1864 fetus.
1281 1836 1405 1864 Mensam
1415 1844 1588 1864 communem
1603 1843 1687 1870 appo-

903 1886 990 1915 nunt;
1008 1882 1123 1909 minime
1134 1890 1200 1910 vero
1214 1881 1314 1910 cubile.
1326 1881 1355 1909 In
1371 1888 1456 1910 carne
1475 1885 1553 1914 sunt;
1570 1880 1616 1908 sed
1631 1887 1686 1907 non

903 1927 1052 1955 secundum
1069 1935 1179 1955 carnem
1205 1927 1308 1955 vivunt.
1339 1926 1369 1954 In
1392 1931 1464 1955 terra
1488 1926 1623 1961 degunt;i
1639 1925 1685 1953 sed

902 1974 931 2001 in
948 1974 1017 2002 ctelo
1031 1974 1152 2010 politiam
1166 1982 1243 2002 snam
1256 1974 1367 2002 habent.
1377 1973 1571 2008 Obsequuntur
1582 1972 1687 2006 legibus

901 2026 963 2054 qua).
973 2020 1084 2047 sancitae
1097 2024 1171 2053 sunt,
1186 2025 1213 2048 et
1227 2027 1277 2048 suo
1287 2020 1348 2048 vita:
1355 2027 1453 2055 genere
1463 2019 1535 2054 leges
1547 2023 1686 2054 superant.

901 2063 1120 2099 Amantomnes,
1134 2070 1162 2093 et
1174 2073 1269 2093 omnes
1293 2065 1354 2093 illos
1380 2068 1590 2100 persequuntur.
1607 2063 1687 2099 igno-

901 2116 996 2139 rantur
1007 2117 1034 2139 et
1045 2111 1261 2140 condemnantur
1275 2121 1283 2144 ;
1304 2116 1391 2139 morte
1413 2110 1566 2139 adiciuntur
1578 2115 1606 2138 et
1621 2110 1688 2138 vivi-

900 2158 1026 2186 ﬁcantur.
1045 2158 1157 2186 Mendici
1168 2163 1241 2192 sunt,
1249 2158 1382 2186 etmultos
1395 2158 1491 2186 ditant.
1501 2156 1592 2185 Rebus
1604 2156 1688 2185 omni-

89 2245 156 2288 ’(56)
171 2245 349 2288 Μαρτιξριοις.
375 2245 476 2288 Ιιιορᾶ.
500 2254 556 2288 τηεἶ
581 2250 641 2274 erat
661 2250 765 2288 tantum
781 2256 851 2284 μαρ-

902 2247 1158 2288 ιιιιᾳᾹιιυειζῇραιξοηι
1180 2247 1295 2288 quatiunt
1321 2252 1346 2274 et
1368 2247 1506 2288 hominum
1522 2247 1687 2288 curio-sarum

67 2281 115 2316 τὺρ
129 2301 137 2313 ,
154 2282 385 2317 quemadmodum
402 2281 482 2309 etiam
495 2282 576 2317 paulo
585 2282 692 2317 ροειχλ.
704 2281 852 2317 Utramque

69 2289 115 2316 τυρ
129 2301 137 2313 ,
154 2289 385 2317 quemaumouum
402 2289 482 2309 etiam
495 2289 576 2343 paulo
585 2289 692 2317 postxA.
705 2289 852 2317 utramque

69 2323 158 2358 vocem
186 2316 304 2352 explevit
329 2317 460 2352 Stepbau.
505 2318 610 2352 egendo
643 2318 792 2353 μαρτύριον
824 2322 852 2345 et

85 2360 170 2384 λευης.

307 2387 353 2416 Sic
367 2395 417 2423 pro
429 2397 449 2423 μ
458 2386 624 2422 Stephanus,
638 2387 719 2416 Beur.
735 2393 762 2416 et
775 2387 850 2423 Sylb.

92 2431 140 2450 non
163 2432 197 2449 an
213 2442 221 2449 .

67 2427 221 2450 emendant.

102 2458 160 2494 (58),
172 2457 265 2494 Kara}
280 2457 308 2485 in
329 2458 487 2494 apographo
505 2458 616 2487 Beureri
639 2463 698 2486 erat
716 2458 853 2486 καταδιαι-

70 2494 131 2529 ρετν.
150 2493 227 2528 Legit
245 2492 606 2529 διοριι.’καταρῥυθμίζειν;
624 2494 664 2520 ὅτι
681 2494 803 2522 additum
818 2501 850 2520 ex

70 2528 205 2563 Stephano
223 2533 250 2556 et
266 2528 346 2556 Beur.
368 2528 599 2556 Mox'ludzeurum
616 2530 763 2557 curiositas
777 2529 852 2556 intel-

69 2563 170 2598 ligenda
183 2568 225 2591 est.
242 2573 248 2590 :
264 2563 405 2592 Curiosum
417 2565 534 2591 studium
548 2565 623 2591 varia
636 2565 670 2590 ad
679 2564 728 2591 Dei
739 2564 849 2597 cultant,

67 2599 167 2631 qualem
179 2599 229 2635 sibi
242 2600 374 2634 fingebant
394 2599 552 2635 pertinentia
568 2600 727 2632 acervandi;
741 2601 781 2628 sic
793 2600 852 2634 ipse

68 2635 185 2676 explicat
190 2634 360 2676 Stephanus:

100 2670 155 2705 (59)
171 2669 337 2704 Μαθὴματι.
355 2670 436 2698 iidem
449 2674 540 2703 tegunt
552 2669 668 2706 μάθημά
678 2678 715 2706 τι,
728 2674 754 2697 et
767 2671 850 2705 paulo

68 2709 125 2746 post
136 2705 294 2746 ἐὑρημένον
321 2705 545 2746 ριόιεερημὲνρν.
568 2705 628 2746 Non
644 2705 776 2746 displicet
790 2706 850 2746 Syl-

69 2739 161 2780 liurgio
179 2739 334 2780 ᾑρημένον)
357 2739 482 2780 ἐίευίμρι.
504 2739 848 2780 chcndumucredideritn

70 2774 284 2811 μάθημα”τοῦτο.
298 2775 364 2803 Illud
382 2775 522 2811 μαθήματι
537 2774 628 2803 ortum
641 2775 748 2803 videtur
765 2783 799 2803 ex
811 2777 849 2804 si-

70 2810 123 2836 mili
134 2810 208 2846 :casu
229 2818 326 2838 vocum
342 2810 566 2846 prii-cedentium.

102 2845 156 2879 (60)
171 2846 326 2880 Μαθήματι
343 2845 440 2873 τοῦτ’.
462 2845 587 2880 chcndo
619 2845 733 2881 μάθημα
758 2845 846 2881 τοῦτο,

71 2881 250 2918 utlcgendum
266 2882 370 2916 monui,
391 2881 430 2909 sic
444 2881 598 2910 reddendus
617 2880 661 2910 hic
679 2880 754 2910 locus
770 2890 775 2909 :
794 2880 847 2910 Ne-

905 2282 1082 2310 301licitudiue
1096 2283 1151 2309 Itwc
1171 2283 1312 2317 disciplina
1331 2285 1362 2310 ab
1382 2283 1419 2309 eis
1441 2285 1557 2310 inventa.
1580 2282 1686 2309 MARAN.

905 2318 932 2345 in
951 2317 1143 2345 Emendandis.

951 2353 994 2388 61)
1005 2353 1068 2388 ,Ἐν
1079 2353 1152 2386 τοῖς.
1170 2353 1246 2380 Delct
1259 2353 1391 2388 Stephan.
1409 2352 1640 2388 praepositionem.

951 2387 1115 2423 62)”Αλλ“...
1134 2388 1290 2423 Stephanus
1308 2387 1335 2415 et
1358 2387 1493 2415 Beu’rerus
1511 2387 1603 2423 legunt
1629 2387 1687 2414 ἀλλ’

903 2422 1053 2460 οὐγκοινήν.
1066 2423 1156 2451 Mallet
1182 2422 1416 2460 ΒΥΙῂυι-ςξυεάλγ
1432 2423 1462 2449 οὐ
1485 2422 1572 2460 πάντη
1596 2424 1688 2460 κοινήν

902 2459 950 2494 vel
959 2457 1111 2491 ἀλλ”ὁσίως
1119 2457 1222 2494 κοινήν.
1234 2457 1396 2494 δοιΠι-ᾕςίίίο
1413 2465 1526 2494 prorsus
1542 2457 1687 2494 htccrrjus-

902 2493 965 2521 dem
990 2494 1066 2522 vocis
1096 2493 1240 2529 repetitio,
1268 2498 1296 2521 et
1324 2493 1376 2520 hoc
1398 2493 1688 2529 perpolito_scriptore

902 2536 1017 2590 prorsus
1035 2527 1154 2564 indigna.
1176 2529 1370 2562 Quamobrem,
1388 2529 1415 2556 ni
1436 2527 1526 2558 l’ullor,
1542 2527 1687 2562 legendum

921 2563 960 2590 λλ’
976 2564 1006 2590 οὐ
1022 2564 1115 2590 κοίτην
1129 2574 1135 2590 :
1153 2573 1269 2590 mensam
1285 2571 1447 2590 communem
1463 2564 1634 2590 opponimus.
1659 2568 1687 2590 at

921 2563 960 2590 λλ’
976 2564 1006 2590 οὐ
1022 2563 1115 2598 κοίτην
1129 2574 1135 2591 :
1153 2573 1269 2592 mensam
1285 2571 1447 2592 communem
1463 2564 1635 2598 opponimus,
1659 2568 1688 2590 at

902 2599 988 2634 cubile
1014 2607 1189 2634 nequaquam.
1213 2600 1317 2633 Quibus
1344 2599 1435 2626 verbis
1465 2603 1492 2625 et
1517 2598 1627 2632 iniquos
1654 2601 1688 2626 de

901 2633 1066 2662 Christianis
1083 2633 1209 2662 rumores
1226 2636 1343 2669 repellit.
1357 2638 1383 2661 et
1401 2638 1534 2669 quantum
1547 2633 1582 2660 ab
1597 2633 1688 2669 ethni-

901 2676 997 2696 corum
1019 2670 1143 2697 moribus
1167 2668 1365 2704 discreparent,
1389 2668 1569 2697 demonstrat.
1598 2668 1687 2696 Simili

901 2712 1014 2739 prorsus
1030 2705 1164 2732 sententia
1174 2703 1359 2733 Tertullianus
1371 2714 1376 2732 :
1392 2705 1500 2737 Omnia,
1509 2703 1600 2739 inquit
1608 2704 1685 2738 Apol.

900 2738 946 2772 ⁵59,
958 2740 1102 2766 indiscreta
1115 2745 1176 2766 sunt
1199 2740 1269 2775 apud
1282 2749 1327 2768 nos
1347 2746 1443 2775 prteter
1466 2747 1572 2766 uxores.
1586 2738 1619 2775 In
1637 2740 1688 2766 illo

900 2775 956 2802 solo
973 2776 1135 2802 consortium
1150 2774 1288 2809 solvimus,
1303 2776 1332 2802 in
1347 2784 1397 2811 quo
1421 2776 1479 2803 solo
1497 2776 1584 2802 cwteri
1602 2774 1689 2801 homi-

900 2818 944 2837 nes
959 2811 1120 2837 consortium
1135 2815 1265 2838 exercent.

936 2846 993 2881 (65)
1013 2846 1216 2880 Πτωχεύουσι.
1231 2845 1325 2874 Dicere
1343 2847 1436 2874 malim
1453 2847 1487 2874 de
1497 2847 1662 2875 Christianis
1679 2856 1686 2873 :

900 2881 1034 2916 Paupercs
1061 2885 1121 2908 sunt
1143 2887 1167 2909 ct
1192 2881 1288 2910 mullos
1303 2883 1402 2916 ditant,
1417 2891 1510 2918 quam,
1530 2888 1560 2910 ut
1572 2883 1689 2911 reddidtt
