1916 3099
219 137 288 165 1175

787 140 941 169 ANONYMI
956 142 1025 171 VIIII
1046 141 1247 171 APOSTOLICI

1773 147 1841 175 1176

219 199 272 222 bus
285 194 417 230 indigent,
428 199 456 224 et
468 197 559 224 omnia
579 197 633 226 illis
647 197 811 228 redundant.
834 199 1000 228 Dedecoran—

1056 199 1189 228 σεύουσιν.
1228 200 1418 238 Ἀτιμοῦνται,
1452 204 1499 231 καὶ
1520 204 1551 231 ἐν
1572 205 1634 236 ταῖς
1651 203 1782 240 ἀτιμίαις
1801 205 1843 231 ὁο-

218 247 274 275 tur,
283 246 309 269 et
323 242 394 270 inter
403 242 535 270 dedecora
547 244 632 279 gloria
643 244 806 274 afﬁciuntur.
816 245 917 274 Eorum
929 246 1001 275 fama

218 290 364 321 laceratur,
383 293 410 316 et
428 289 543 324 justit'ne
563 297 658 318 eorum
674 292 861 320 testimonium
876 293 1001 328 perhibe-

218 340 273 363 tur.
294 334 444 363 Maledictis
464 343 496 363 ac
514 337 647 364 conviciis
668 337 860 373 incessuntur,
880 343 907 367 et
918 339 999 367 bonis

216 379 308 407 verbis
323 386 537 416 prosequuntur.
552 379 654 416 Injuria
673 382 838 415 alliciuntur,
855 389 883 411 et
896 384 1000 412 honore

216 430 428 461 prosequuntur.
442 425 511 453 Cum
527 434 556 455 se
576 433 670 462 gerant
687 433 716 455 ut
729 428 829 463 probos
840 428 929 462 decet,
941 434 1001 456 tan-

216 479 299 506 quam
318 470 433 506 improbi
449 472 614 506 puniuntnr:
630 473 695 501 dum
709 474 869 508 puniuntur,
883 474 1002 510 gaudent

217 522 347 552 tanquam
359 519 541 547 viviﬁcentur.
554 519 694 548 Adversus
709 528 757 548 eos
767 541 775 554 ,
787 525 917 556 tanquam
933 521 1001 548 alie.

1054 245 1195 279 ξάζονταιθ
1230 247 1471 283 βλασφημοῦνται,
1503 251 1550 277 καὶ
1577 250 1744 278 δικαιοῦνται
1759 260 1767 267 ·
1794 251 1845 278 λοιμ-

1052 292 1203 328 δοροῦνται,
1230 295 1278 322 καὶ
1301 295 1474 330 εὐλογοῦσιν·
1512 297 1685 334 ὐὸρίζονται.
1723 298 1778 326 καὶ
1804 306 1846 324 τι-

1054 338 1151 374 μῶσιν.
1178 339 1416 374 Ἀγαθοποιοῠντες
1427 360 1434 373 ,
1450 341 1490 373 ὡς
1502 343 1582 370 κακοὶ
1600 343 1760 375 κολάζονται
1775 352 1784 359 '
1802 353 1846 371 κο-

1052 384 1192 421 λαζόμενοι
1211 386 1365 422 χαίρουσιν,
1385 387 1424 419 ὼς
1442 387 1661 425 ζωοποιούμενοι.
1685 390 1754 417 ’Υπδ
1785 390 1846 416 Ἰον-

1051 431 1134 459 δαιων
1146 433 1184 464 ὡς
1205 432 1348 468 ἀλλόφυλοι
1362 433 1553 469 πολεμοῦνται,
1568 435 1617 462 καὶ
1633 436 1687 462 ὑπὸ
1708 436 1845 472 Ἑλλήνων

1053 476 1215 505 διώκονται·
1238 479 1285 505 καὶ
1310 479 1359 515 τὴν
1386 480 1476 507 αἰτίαν
1495 480 1546 517 τῆς
1566 481 1665 517 ἔχθρας
1692 483 1780 509 εἰπεῖν
1805 490 1847 517 μι-

1056 523 1165 557 σοῦντες
1183 524 1233 552 οὐκ
1250 524 1365 560 ἔχουσιν.

217 565 341 600 nigenas,
354 565 439 594 Judaei
455 566 555 594 bellum
570 571 719 601 gerunt,et
740 566 827 595 Graeci
844 574 893 595 eos
919 574 1136 604 persequuntur;
1166 574 1194 598 et
1208 577 1303 599 osores
1325 579 1420 600 eorum
1435 579 1546 601 causam
1573 574 1780 603 inimicitiarum
1799 575 1843 603 dir

217 619 280 639 cere
297 616 445 647 nequeunt.

496 668 561 697 CAP.
578 667 622 697 VI.
647 668 721 697 Velut
737 670 854 697 animum
872 671 898 698 in
915 679 1032 706 corpore,
1049 671 1216 700 Christianos
1231 672 1260 699 in
1274 672 1370 700 mundo
1386 673 1485 700 versari
1499 676 1601 710 probat.

254 729 344 764 Atque
360 733 389 756 ut
405 715 488 756 semel
508 729 600 756 omnia
622 729 799 764 complectar,
816 729 890 765 quod
912 734 955 757 est
971 730 998 757 in

1093 730 1198 763 Ἀπλῶς
1219 731 1242 757 δ’
1255 732 1353 765 εἰπεῖν,
1376 732 1444 768 ὅπερ
1466 733 1539 759 ἐστὶ»
1564 732 1594 758 ὲν
1618 732 1726 767 σώματι
1747 731 1841 768 ψυχὴ,

217 783 331 810 corpore
356 776 466 808 anima,
493 775 544 803 hoc
572 780 636 802 sunt
660 775 688 802 in
714 776 817 802 mundo
839 775 999 803 Christiani.

1056 776 1122 806 τοῦτ’
1145 777 1214 804 εἰσὶν
1236 778 1266 804 ὲν
1278 778 1371 814 κόσμῳ
1385 778 1551 814 Χριστιανοί.
1583 777 1739 813 Ἐσπαρται
1773 786 1845 805 κατα

218 821 344 856 Dispersa
363 825 405 849 est
419 829 466 856 per
482 821 574 848 omnia
596 821 722 856 corporis
745 821 868 848 membra
894 821 1002 856 anima;

217 872 244 894 et
263 866 412 894 Christiani
437 873 485 901 per
512 866 606 893 mundi
629 867 754 894 civitates
768 867 894 902 (dispersi
917 868 1003 903 sunt.)

217 913 328 941 Habitat
353 913 463 947 quidem
493 912 519 939 in
542 920 658 947 corpore
687 913 790 946 anima,
817 913 864 940 sed
886 921 939 940 non
962 918 1005 941 est

216 968 232 987 e
248 966 363 994 corpore
376 966 384 985 :
396 958 458 993 (sic)
475 962 503 985 et
517 958 669 986 Christiani
692 958 718 985 in
737 957 841 985 mundo
866 958 1002 991 habitant,

216 1005 264 1032 sed
288 1013 303 1032 e
331 1004 434 1033 mundo
463 1012 518 1031 non
547 1009 611 1032 sunt
622 1005 644 1032 '.
674 1003 821 1032 Invisibilis
852 1004 943 1031 anima
975 1004 1004 1032 in

217 1050 318 1078 visibili
333 1057 459 1085 corpore,
486 1053 616 1084 tanquam
634 1049 662 1077 in
689 1049 829 1084 praesidio,
855 1050 1002 1078 constituta

216 1100 284 1123 est:
302 1095 381 1130 (sic)
407 1099 435 1122 et
460 1094 610 1122 Christiani
635 1100 849 1130 cognoscuntur,
875 1095 940 1123 dum
966 1096 996 1123 in

215 1142 321 1169 mundo
344 1145 568 1175 commorantur;
595 1141 643 1170 sed
670 1141 818 1170 invisibilis
842 1147 886 1170 est
907 1150 1002 1170 eorum

215 1189 307 1216 cultus
330 1188 450 1216 divinus.
485 1187 554 1216 0dio
576 1188 752 1223 prosequitur
773 1188 894 1216 animam
917 1195 1000 1222 caro,

215 1239 244 1262 ct
262 1234 362 1262 bellum
387 1234 413 1261 ei
440 1238 531 1262 movet
559 1233 632 1261 nulla
657 1233 754 1262 aﬁ'ecta
783 1233 903 1269 injuria,
928 1235 1001 1269 quod

215 1280 403 1316 voluptatibus
435 1279 490 1309 frui
519 1281 699 1315 prohibeatur
727 1289 735 1307 :
764 1279 828 1307 odio
859 1280 1003 1315 prosequi-

215 1332 261 1355 tur
278 1331 305 1355 et
329 1327 449 1355 mundus
474 1326 668 1359 Christianos,
694 1325 769 1353 nulla
790 1325 903 1354 allectus
929 1326 1002 1361 inju-

215 1375 269 1407 ria,
284 1374 415 1409 quoniam
434 1372 624 1408 voluptatibus
638 1375 803 1407 repugnant.
818 1372 916 1400 Anima
939 1380 1000 1401 car-

216 1428 278 1448 nem
297 1425 387 1454 amat,
410 1427 471 1455 quae
497 1419 585 1454 ipsam
613 1419 681 1452 odit,
697 1423 724 1446 et
737 1418 833 1453 (amat)
860 1420 997 1447 membra:

217 1467 277 1502 (sic)
295 1466 379 1493 etiam
398 1465 548 1493 Christiani
569 1469 664 1494 amant
682 1471 788 1493 osor-es.
815 1464 921 1493 Inclusa
936 1466 1000 1500 qui-
1015 1456 1036 1485 (ἶ

216 1513 278 1539 dem
294 1517 336 1539 est
348 1511 440 1539 anima
455 1518 579 1545 corpore,
594 1510 641 1538 sed
657 1511 715 1546 ipsa
731 1518 832 1546 corpus
845 1516 1002 1540 conservat:

217 1558 278 1593 (sic)
299 1561 327 1585 et
345 1557 495 1585 Christiani
522 1556 679 1584 detinentur
703 1557 811 1591 quidem
829 1557 863 1584 in
887 1557 999 1590 mundo,

217 1608 347 1638 tanquam
362 1603 389 1630 in
401 1603 536 1636 custodia,
551 1602 597 1630 sed
610 1602 662 1637 ipsi
677 1602 808 1630 mundum
824 1608 1000 1631 conservant.

218 1649 382 1678 Immortalis
404 1650 495 1677 anima
512 1649 539 1676 in
553 1648 664 1676 mortali
685 1649 861 1679 tabernaculo
879 1650 1000 1678 habitat:

216 1702 245 1724 et
263 1696 413 1724 Christiani
438 1697 484 1724 illa
508 1705 569 1732 qua
594 1697 765 1733 corruptioni
794 1701 858 1724 sunt
882 1697 1002 1725 obnoxia

217 1748 349 1779 tanquam
382 1744 510 1779 inquilini
539 1744 681 1777 incolunt,
718 1744 1001 1780 incorruptibilitatem

217 1791 357 1819 cmlestem
377 1795 577 1825 expectantes.
597 1790 707 1823 Anima,
725 1790 790 1817 dum
812 1790 874 1818 cibo
894 1795 922 1818 et
936 1795 1001 1826 potu

218 1837 290 1864 male
309 1840 450 1869 tractatur,
466 1836 497 1863 lit
517 1836 633 1866 melior:
647 1839 674 1863 et
689 1835 753 1862 dum
772 1835 921 1863 Christiani
937 1844 1003 1871 sup-

1056 823 1164 851 πάντων
1184 823 1240 850 τῶν
1261 822 1306 850 τοῦ
1326 822 1450 859 σώματος
1472 824 1562 859 μελῶν
1586 823 1701 860 ἡψυχὴ,
1716 823 1765 850 καὶ
1778 823 1845 858 Χρι-

1056 870 1160 897 στιανοὶ
1181 868 1252 896 κατὰ
1268 869 1317 901 τὰς
1337 869 1384 896 τοῦ
1406 870 1509 906 κόσμου
1532 869 1631 901 πόλεις.
1655 870 1732 896 Obesi
1747 870 1796 904 μὲν
1814 870 1843 895 ὲν

1054 916 1093 952 τῷ
1117 915 1223 952 σώματι
1248 916 1342 951 ψυχὴ,
1366 916 1417 943 οὐκ
1440 915 1498 943 ἔστι
1525 915 1553 942 δὲ
1577 915 1609 942 ἐκ
1632 915 1679 942 τοῦ
1706 914 1843 950 σώματος*

1054 962 1102 989 καὶ
1120 963 1275 998 Χριστιανοὶ
1292 963 1322 989 ὲν
1342 962 1437 998 κόσμῳ
1458 961 1588 994 οἰκοῦσιν,
1609 961 1661 987 οὐκ
1684 960 1740 987 εἰσὶ
1761 960 1791 986 δὲ
1813 960 1845 986 ἐκ

1053 1008 1101 1037 τοῦ
1120 1009 1233 1045 κόσμου.
1252 1009 1379 1045 Ἀὀρατος
1401 1009 1418 1044 ή
1435 1008 1508 1044 ψυχὴ
1526 1008 1555 1034 ὲν
1572 1006 1662 1043 δρατῷ
1684 1007 1845 1042 φρουρεῖται

1053 1054 1093 1090 τῷ
1117 1054 1240 1090 σώματι·
1272 1054 1321 1082 καὶ
1351 1053 1510 1090 Χριστιανοὶ
1537 1052 1718 1088 γινώσκονται
1751 1052 1845 1088 μένον-

1052 1109 1098 1132 τες
1111 1099 1165 1136 (64)
1177 1101 1207 1127 ὲν
1218 1100 1257 1136 τῷ
1271 1100 1376 1136 κόσμῳ,
1391 1100 1506 1136 ἀόρατος
1520 1099 1549 1126 δὲ
1561 1098 1652 1127 αὐτῶν
1671 1100 1689 1134 ἡ
1704 1097 1846 1125 θεοσέϐεια

1054 1145 1140 1181 μένει.
1159 1146 1242 1173 Μισεῖ
1259 1145 1309 1181 τὴν
1327 1145 1416 1182 ψυχὴν
1432 1147 1449 1181 ὴ
1464 1144 1541 1181 σὰρξ,
1556 1145 1603 1172 καὶ
1620 1144 1748 1180 πολεμεῖ,
1765 1144 1845 1180 μηδὲν

1053 1192 1216 1228 ἀδικουμένη
1228 1213 1235 1225 ,
1255 1193 1322 1220 διὰτι
1343 1195 1404 1225 ταῖς
1423 1193 1530 1229 ἡδοναῖς
1552 1192 1686 1219 κωλύεται
1711 1191 1844 1227 χρῆσθαι·

1054 1239 1129 1273 μισεῖ
1148 1238 1196 1264 καὶ
1207 1238 1386 1274 Χριστιανοὺς
1401 1239 1416 1265 ό
1432 1239 1533 1274 κόσμος
1554 1238 1637 1274 μηδὲν
1656 1237 1845 1273 ἀδικούμενος,

1051 1283 1092 1310 ὅτι
1105 1285 1166 1316 ταῖς
1180 1283 1287 1319 ἡδοναῖς
1309 1284 1523 1312 ἀντιτάσσονται.
1553 1284 1585 1310 Ἦ
1597 1283 1670 1319 ψυχὴ
1689 1283 1742 1318 τὴν
1756 1282 1847 1318 μισοῦ-

1052 1338 1103 1356 σαν
1114 1329 1210 1365 ἀγαπᾷ
1223 1329 1323 1365 σάρκα,
1337 1329 1384 1358 καὶ
1400 1329 1436 1356 τά
1448 1329 1515 1366 μέλη
1525 1338 1532 1345 ⁸
1549 1329 1596 1357 καὶ
1608 1329 1774 1365 Χριστιανοὶ
1787 1330 1845 1365 τοὺς

1052 1375 1200 1410 μισοῦντας
1216 1375 1370 1410 ἀγαπῶσιν.
1398 1375 1603 1410 Ὲγκὲκλεισται
1624 1376 1673 1411 μὲν
1692 1376 1710 1411 ἡ
1722 1375 1798 1411 ψυχὴ
1809 1375 1846 1410 τῷ

1052 1421 1167 1457 σώματι,
1189 1421 1294 1458 συνέχει
1316 1421 1345 1448 δὲ
1367 1421 1433 1449 αὐτὸ
1451 1421 1482 1449 τὸ
1501 1421 1599 1457 σιῖιμαα
1619 1422 1667 1449 καὶ
1686 1422 1846 1458 Χριστιανοὶ

1053 1468 1212 1504 κατέχονται
1233 1468 1282 1504 μὲν
1299 1468 1338 1500 ὡς
1360 1468 1389 1495 ὲν
1409 1469 1515 1504 φρουρᾷ
1530 1467 1570 1504 τῷ
1587 1468 1695 1504 κόσμῳ,
1717 1468 1798 1494 αὐτοὶ
1819 1467 1844 1493 δὲ

1054 1514 1196 1550 συνέχουσι
1221 1513 1278 1550 (65)
1302 1514 1349 1540 τὸν
1372 1514 1482 1549 κόσμιον.
1513 1514 1659 1545 Ἀθάνατος
1682 1514 1701 1549 ἡ
1720 1513 1795 1548 ψυχὴ
1817 1514 1845 1539 ὲν

1051 1560 1140 1597 θνητῷ
1160 1560 1318 1597 σκηνώματι
1342 1562 1480 1588 κατοικεῖ·
1501 1561 1549 1588 καὶ
1569 1561 1732 1596 Χριστιανοὶ
1751 1567 1844 1595 παροι-

1052 1608 1146 1636 κοῦσιν
1176 1609 1206 1636 ὲν
1230 1609 1378 1645 φθαρτοῖς,
1403 1607 1455 1643 τὴν
1477 1608 1508 1634 ὲν
1533 1607 1658 1642 οὐρανοῖς
1689 1606 1844 1642 ἀφθαρσίαν

1054 1655 1276 1692 προσδεχόμενοι.
1301 1653 1536 1690 Κακουργουμένη
1562 1652 1656 1685 σιτίοις
1680 1653 1731 1679 καὶ

1052 1703 1069 1736 ἡ
1093 1702 1184 1738 ψυχὴ,
1209 1701 1358 1737 βελτιοῦται
1372 1709 1379 1717 ·
1411 1701 1459 1727 καὶ
1479 1699 1637 1737 Χριστιανοὶ
1665 1698 1843 1733 κολαζόμενοι

1051 1748 1112 1775 καθ’
1132 1747 1257 1784 ἡμέραν,
1287 1747 1463 1779 πλεονάζουσι
1494 1745 1602 1782 μᾶλλον.
1635 1746 1685 1777 Εἰς
1709 1744 1842 1779 τοσαύτην

1054 1794 1154 1826 αὐτοὺς
1177 1794 1252 1827 τάξιν
1275 1793 1351 1821 ἔθετο
1371 1794 1387 1820 ὁ
1402 1793 1478 1825 Θεὸς,
1506 1793 1540 1829 ῆν
1562 1792 1592 1819 οὐ
1615 1791 1728 1826 θεμιτὸν
1753 1791 1842 1821 αὺτοῖς

1053 1839 1285 1875 παραιτήσασθαι.

217 1883 307 1918 pliciis
338 1882 494 1911 adiciuntur
521 1881 654 1917 quotidie,
667 1888 799 1910 numerus
825 1889 921 1909 eorum
935 1882 1043 1914 crescit.
1063 1883 1134 1913 Deus
1150 1885 1211 1913 illos
1225 1890 1279 1913 tam
1294 1884 1427 1921 insignem
1441 1888 1534 1911 tenere
1549 1883 1638 1910 locum
1651 1882 1753 1916 voluit,
1764 1890 1841 1918 quem

218 1928 258 1956 illi
274 1927 352 1955 nefas
363 1932 406 1954 est
417 1926 554 1962 defugere.

220 1982 290 2010 CAP.
309 1982 367 2010 VII.
381 1981 446 2010 Hac
458 1981 550 2017 religio
561 1990 579 2009 α
592 1980 644 2009 Dea
657 1981 852 2023 inuitutaagui
860 1989 915 2023 non
927 1987 1125 2023 re‘rnncreqtam,
1140 1982 1184 2023 sed
1196 1981 1331 2023 proprium
1345 1980 1448 2009 Filium
1460 1981 1532 2009 misit
1542 1987 1570 2008 ut
1581 1981 1700 2009 saltaret
1714 1981 1842 2009 homines.

779 2017 925 2052 Manifesta
940 2017 1007 2044 Filii
1023 2018 1148 2045 aduentus
1165 2017 1274 2044 indicia.

255 2075 314 2103 Non
335 2075 407 2103 enim
430 2079 579 2105 terrenum.
594 2079 624 2102 ut
641 2075 710 2109 dixi,
723 2075 863 2103 inventum
878 2076 931 2103 hoc
947 2076 1000 2104 illis

1086 2077 1124 2103 Οὐ
1147 2076 1202 2112 γὰρ
1221 2076 1351 2110 ἐπίγειον,
1373 2076 1411 2108 ὼς
1431 2075 1509 2112 ἔφην,
1530 2075 1640 2111 εὕρημα
1658 2074 1735 2102 τοῦτ’
1754 2075 1842 2106 αὐτοῖς

220 2121 350 2149 traditum
377 2125 436 2153 est;
462 2127 551 2155 neque
577 2120 704 2149 mortalis
728 2125 771 2148 est
796 2122 1002 2155 commentatio,

219 2175 302 2203 quam
325 2166 392 2195 adeo
414 2170 541 2193 accurate
567 2165 772 2193 custodiendam
796 2167 848 2194 sibi
875 2172 1001 2201 censent;

220 2221 310 2249 neque
334 2213 518 2240 humanorum
545 2212 738 2248 mysteriorum
765 2214 916 2243 (economia
948 2214 1003 2242 illis

218 2259 367 2287 commissa
383 2262 441 2291 est;
464 2257 512 2285 sed
529 2257 588 2292 ipse
601 2265 663 2285 vere
677 2257 761 2290 Deus,
778 2259 826 2294 qui
847 2263 889 2287 est
910 2259 1001 2287 omni-

219 2309 331 2339 potens,
349 2308 376 2331 ct
397 2303 519 2330 omnium
542 2302 678 2336 conditor,
695 2311 727 2331 ac
742 2303 896 2337 invisibilis,
914 2312 930 2333 e
947 2313 1003 2334 cte-

219 2350 254 2379 lis
267 2349 416 2377 Veritatem
438 2353 466 2376 et
477 2348 596 2376 Verbum
612 2348 715 2378 factum
738 2358 770 2378 ac
790 2350 1002 2386 incomprehen-

219 2398 298 2426 sibile
313 2398 384 2425 inter
396 2397 521 2425 homines
537 2396 647 2431 locavit,
666 2402 695 2425 et
713 2398 741 2426 in
754 2399 884 2427 cordibus
904 2406 1001 2426 eorum

219 2446 326 2472 ﬁrmam
343 2445 444 2472 habere
465 2445 556 2473 sedem
570 2445 658 2474 voluit
671 2456 678 2474 :
691 2454 757 2479 non,
769 2446 1001 2481 quemadmodum

219 2492 320 2527 aliquis
331 2492 470 2528 conjicere
484 2492 584 2528 possit,
600 2492 686 2520 misso
699 2492 860 2521 hominibus
876 2492 1003 2520 ministro

251 2582 262 2600 ’
276 2581 355 2610 Ioan.
371 2590 438 2615 xvn,
457 2581 499 2615 Il,
516 2581 559 2616 14,
575 2581 620 2610 16.

220 2661 386 2697 Stephanus,
402 2661 516 2689 Mendici
531 2666 603 2688 sunt.
614 2660 720 2697 Man/tn.
730 2660 799 2697 ibid.
812 2658 911 2697 ——Haec
921 2659 996 2697 _scr_i-

219 2694 286 2725 hens
300 2704 395 2725 auctor
403 2697 525 2731 epistolae
541 2697 659 2731 respexit
676 2696 710 2723 ad
728 2695 749 2723 ll
764 2695 828 2722 Cor.
841 2703 878 2731 v1,
895 2694 948 2731 Ill;
959 2695 997 2731 ᾡς

219 2733 332 2767 πτωχοὶ,
346 2729 458 2763 πολλᾱὺς
469 2732 498 2758 δὲ
514 2729 720 2767 πλουξίζονταιτ
739 2737 800 2765 ηυδε
823 2730 905 2767 verba
921 2729 1000 2764 Vulg.

220 2765 355 2802 interpres
380 2768 418 2795 ita
441 2766 538 2802 reddit
552 2765 778 2802 :VSicutegentes,
801 2765 898 2802 multos
913 2769 1002 2802 autem

220 2800 420 2836 locupleti-nter.
437 2801 483 2829 Sic
492 2809 554 2828 mox
566 2801 635 2828 infra
647 2800 702 2836 prie
711 2801 798 2829 oculis
817 2800 1000 2836 habuitridem

221 2836 417 2873 unctorl‘Cor.
444 2844 480 2873 Iv,
498 2835 780 2873 12,_).otaopoﬁnevot,
813 2835 1000 2872 εὐλογοῦμενε

222 2870 416 2904 Μιιιειίἰιὸιηιιν,
430 2877 453 2899 ct
470 2870 652 2899 benedicinmt.

1056 2122 1209 2158 παρεδόθη·
1234 2121 1294 2149 οὐδὲ
1319 2121 1418 2157 θνητὴν
1441 2121 1563 2150 ἐπίνοιαν
1587 2120 1739 2156 φυλάσσειν
1761 2121 1843 2152 οὓτως

1055 2168 1176 2202 ἀξιοῦσιν
1205 2168 1360 2204 ἐπιμελῶς,
1390 2168 1450 2195 οὐδὲ
1480 2167 1657 2202 ἀνθρωπίνων
1689 2167 1842 2202 οἰκονομίαν

1056 2214 1212 2250 μυστηρίων
1227 2215 1422 2241 πεπίστευνται
1433 2222 1439 2229 ·
1449 2213 1506 2240 ἀλλ’
1520 2213 1601 2245 αὐτὸς
1614 2213 1628 2239 ό
1642 2214 1842 2249 παντοκράτωρ

1054 2260 1101 2286 καὶ
1120 2261 1316 2296 παντοκτίστης
1337 2260 1385 2287 καὶ
1404 2259 1518 2296 ἀόρατος
1532 2259 1608 2291 Θεὸς,
1628 2258 1712 2291 αὐτὸς
1732 2259 1781 2285 ἀπ’
1798 2258 1840 2284 οὐ‹

1054 2307 1142 2343 ρανῶν
1161 2307 1211 2343 τὴν
1227 2307 1367 2342 Ἀλήθειαν
1388 2306 1435 2333 καὶ
1454 2305 1501 2332 τὸν
1520 2305 1605 2340 Λόγον
1625 2304 1674 2331 τὺν
1697 2305 1776 2345 ᾆγιον
1790 2303 1840 2339 (66)

1054 2354 1101 2381 καὶ
1121 2353 1297 2389 ἀπερινόητον
1320 2351 1473 2387 ἀνθρώποις
1495 2351 1642 2385 ἐνίδρυται,
1661 2351 1711 2377 καὶ
1729 2352 1839 2385 ἐγκατε-

1054 2398 1163 2434 στήριξε
1184 2399 1243 2430 ταῖς
1263 2397 1387 2433 καρδίαις
1406 2396 1514 2423 αὐτῶν·
1538 2397 1579 2428 οὐ,
1601 2395 1730 2432 καθάπερ
1751 2396 1784 2423 ἄν
1802 2403 1840 2425 τις

1053 2444 1197 2476 εἰκάσειεν,
1219 2443 1372 2479 ἀνθρώποις
1393 2442 1533 2478 ὑπηρέτην
1545 2440 1608 2468 τινὰ
1625 2442 1754 2478 πέμψας,
1767 2441 1783 2476 ἢ
1796 2442 1841 2474 ἂγ-

1055 2491 1144 2526 γελον,
1162 2491 1179 2526 ἢ
1192 2491 1321 2527 ἄρχοντα,
1340 2490 1358 2526 ἢ
1372 2489 1434 2517 τινὰ
1445 2489 1500 2516 τῶν
1517 2488 1664 2519 διεπόνιων
1677 2489 1714 2516 τὰ
1725 2489 1837 2523 ἐπίγεια,

1097 2659 1143 2730 64)
1161 2659 1318 2693 Μένοντες.
1339 2659 1434 2694 Steph.
1447 2659 1551 2687 mavult
1567 2659 1617 2694 μὲν
1628 2659 1718 2691 ὅντες.
1827 2694 1833 2699 1

1099 2696 1132 2723 65
1163 2695 1341 2729 Συνέχουσι.
1371 2694 1471 2722 Eadem
1510 2695 1645 2722 habemus
1682 2695 1712 2722 in
1740 2694 1833 2723 Justim

1099 2694 1143 2729 65)
1163 2695 1341 2729 Συνέχουσι.
1371 2694 1471 2722 Eadem
1510 2695 1645 2722 habemus
1682 2695 1712 2722 in
1740 2694 1834 2723 Justini

1050 2730 1127 2766 Apol.
1142 2730 1174 2764 ll,
1190 2738 1218 2757 n.
1232 2730 1258 2757 7.

1086 2766 1143 2801 (66)
1167 2766 1221 2793 Τὸν
1243 2765 1339 2801 ἅγιον.
1367 2764 1458 2793 Monet
1477 2764 1635 2801 Stephanus
1652 2765 1689 2801 in
1713 2765 1773 2793 cod.
1785 2772 1830 2801 ms.

1050 2799 1192 2864 viihaligd
1209 2799 1291 2837 quam
1315 2800 1430 2837 primam
1450 2799 1533 2836 huius
1553 2800 1632 2828 vocis
1651 2800 1773 2828 litteram
1789 2799 1831 2827 da-

1049 2844 1096 2873 prc
1117 2843 1152 2865 en
1171 2844 1189 2864 ι.
