1916 3099
41 129 105 159 “BI

576 130 744 159 EPISTOLA
763 131 808 159 AD
836 130 1047 160 DIOGNETUM.

1597 128 1679 156 -|l8‘2

40 185 144 213 ἐκείνου
157 185 346 222 δικαιοσύνη;
365 186 395 214 ὲν
406 187 459 214 τίνι
472 187 649 223 δικαιωθῆναι
661 187 717 224 (80)
732 188 836 216 δυνατὺι

894 192 988 222 erant;
1014 186 1082 215 nihil
1107 186 1200 215 minus
1219 193 1303 222 quam
1326 186 1428 214 malum
1450 185 1612 222 promalis,
1627 186 1675 221 ju-

40 232 101 265 τοὺς
120 232 253 269 ἀνόμους
275 234 349 268 ἡμᾶς
363 234 411 260 καὶ
425 233 543 266 ἀσεϐεῖς,
563 233 622 269 ἢέν
640 234 714 270 μόνῳ
726 233 765 270 τῷ
784 234 840 270 Υίῷ

40 277 85 304 τοῦ
98 277 190 310 Θεοῦς
213 277 242 304 ὣ
262 278 311 314 τῆς
320 278 450 313 γλυκείας
461 278 642 315 ἀνταλλαγῆς,
658 279 681 306 ὣ
697 279 747 315 τῆς
762 279 840 314 ἀνεξ-

41 323 182 358 ixvide
208 323 413 361 δημιουργίας,
436 325 460 352 ὢ
484 325 540 353 τῶν
563 325 776 361 ἀπροσδοκήτων
795 326 841 353 εὑ-

27 368 198 403 ,εργεσιῶνῐ
225 369 274 396 ἵνα
293 370 394 406 ἀνομία
420 370 471 406 μὲν
497 370 603 398 πολλῶν
629 371 658 398 ὲν
682 371 777 407 δικαίῳ
799 372 840 399 ἑνὶ

23 407 31 413 ”
41 414 138 450 κρυὸῇ,
153 415 322 453 δικαιοσύνη
336 416 365 444 δὲ
375 416 434 449 ἑνὸς
445 416 559 449 πολλοὺς
568 416 684 453 ἀνόμους
697 415 839 451 δικαιώσῃ.

47 461 177 495 Ἑλέγξας
192 460 248 489 οὖν
262 463 292 490 ὲν
311 463 360 499 μὲν
372 463 411 499 τῷ
431 463 548 499 πρόσθεν
565 463 653 499 χρόνῳ
669 462 700 490 τὸ
712 462 841 490 ἀδύνατον

39 506 87 543 τῆς
103 507 258 544 ἡμετέρας
287 508 395 544 φύσεως
414 510 454 540 είς
474 509 505 536 τὸ
523 510 614 544 τυχεῖν
635 508 725 544 ζωῆς,
746 508 794 535 νῦν
810 505 840 534 δὲ

40 555 83 581 τὸν
97 554 223 591 Σωτῆρα.
237 555 327 588 δείξας
336 575 344 588 ,
354 555 467 584 δυνατὸν
480 554 576 587 σώζειν
588 554 635 582 καὶ
652 554 689 588 τά
706 554 839 586 ἀδύνατα,

40 600 68 633 ἐξ
85 601 264 637 ἀμφοτέρων
286 602 418 638 ἐϐουλήθη
441 601 578 629 πιστεύειν
591 602 664 638 ἡμᾶς
678 602 711 637 τῇ
731 600 841 637 χρηστό-

40 654 99 681 τητι
119 646 227 679 αὐτοῦ,
241 647 323 675 αὑτὸν
344 648 469 684 ἡγεῖσθαι
484 647 585 684 τροφέα
596 668 604 681 ,
627 647 733 684 πατέρα
745 667 752 679 ,
775 646 842 674 διδά-

42 693 153 726 σκαλον,
176 694 337 731 σύμϐουλον
348 715 357 728 ,
378 695 469 731 ίατρδν
481 715 488 727 ,
508 695 580 727 νοῦν,
600 694 668 730 φῶς,
684 693 776 730 τιμὴν,
788 693 831 720 δό-

42 739 87 773 ξαν
99 759 108 772 ,
127 741 344 778 ἰσχὺνιζωήν·
371 742 438 779 περὶ
459 741 591 774 ἐνδύσεως
614 741 662 768 καὶ
678 741 782 777 τροφῆς
802 739 841 776 μὴ
858 765 880 794 Β

43 788 196 823 μεριμνᾷν.

892 238 965 263 stum
984 241 1034 269 pro
1052 233 1178 267 iniustis,
1199 232 1385 267 corruptionis
1412 232 1535 260 nescium
1556 239 1607 267 pro
1626 231 1678 259 ob-

891 279 983 307 noxiis
1006 278 1196 313 corruptioni,
1223 277 1407 306 immortalem
1431 285 1481 312 pro
1502 277 1676 304 mortalibus.

891 325 962 360 Quid
979 326 1052 353 enim
1063 324 1137 352 aliud
1148 328 1259 360 peccata
1273 328 1366 352 nostra
1383 324 1475 358 potuit
1493 328 1581 359 tegere
1593 330 1678 358 qualn

892 370 954 405 ejus
971 369 1096 405 iustitia?
1117 369 1146 396 in
1162 376 1218 404 quo
1239 368 1296 396 alio
1309 376 1360 396 nos
1377 368 1465 403 iniqui
1481 372 1510 396 et
1530 368 1605 403 impii
1629 368 1677 402 ju-

893 415 1006 444 stiﬁcari
1021 422 1168 451 possumus
1180 423 1263 451 quam
1289 414 1317 442 in
1334 414 1393 443 solo
1409 414 1456 442 Dei
1470 413 1559 441 Filio?
1580 413 1601 441 0
1617 413 1678 441 dul-

894 470 953 491 cem
967 462 1213 498 permutationem!
1227 469 1244 489 ο
1258 461 1506 497 impervestigabile
1519 460 1676 489 artiﬁcium!

892 517 910 536 υ
926 508 1058 536 beneﬁcia
1074 509 1307 544 exspectationem
1330 515 1438 535 omnem
1455 506 1625 542 superantia!
1649 511 1679 534 ut.

892 555 1023 591 iniquitas
1042 555 1153 591 quidem
1175 555 1324 583 multorum
1351 554 1378 582 in
1394 554 1470 589 justo
1491 560 1546 580 uno
1560 553 1677 580 abscon»

893 602 985 635 datur,
997 602 1103 638 iustitia
1119 608 1209 630 autem
1228 602 1310 630 unius
1339 600 1423 629 iaciat
1437 605 1467 628 ut
1484 599 1563 627 multi
1582 598 1678 633 injusti

891 647 1085 684 justiﬁeentur.
1102 649 1171 676 Cum
1190 648 1273 684 igitur
1289 647 1424 684 superiori
1440 651 1561 682 tempore
1574 644 1679 680 (hujus)

893 701 945 721 nos
957 694 1020 730 (rei)
1037 693 1219 727 convicisset,
1243 702 1298 722 non
1312 700 1393 728 posse
1410 697 1532 720 nostram
1553 695 1679 721 naturam

893 740 977 768 vitam
992 740 1137 775 consequi,
1151 747 1225 768 nunc
1247 743 1339 766 autem
1351 737 1523 766 Servatorem
1545 735 1681 764 ostendis-

894 791 946 820 set,
960 787 1008 823 qui
1028 793 1139 814 servare
1157 790 1250 821 posset
1267 793 1300 813 ea
1315 785 1397 813 etiam
1415 792 1475 819 qua:
1497 783 1602 811 servari
1624 789 1681 810 non

30 837 195 867 poterant;
222 831 352 869 utrinque
396 841 448 862 nos
469 832 630 869 benignitati
658 839 716 861 suae
741 832 822 860 ﬁdem
854 832 957 861 habere
982 832 1082 867 voluit,
1116 833 1207 868 ipsum
1243 832 1402 859 existimare
1423 831 1548 864 altorem,
1582 837 1681 866 paren-

43 883 106 912 tem,
124 880 310 916 magistrum,
326 880 525 914 consiliarium,
556 879 703 911 medicum,
733 882 863 913 mentem,
879 878 979 914 lucem,
1005 879 1150 914 honorem,
1166 878 1292 915 gloriam,
1310 878 1405 912 robur,
1420 877 1503 905 vitam
1517 885 1525 903 :
1537 877 1570 905 de
1581 876 1681 905 vestitu

43 929 69 952 et
79 925 155 954 victu
175 927 315 956 sollicitos
331 935 386 956 non
399 935 472 956 esse.

135 1012 210 1040 Car.
228 1011 263 1040 X.
282 1013 415 1049 Diogneto
432 1012 545 1040 ostendit
555 1016 660 1046 auctor,
674 1017 736 1048 quot
749 1016 773 1040 et
789 1016 891 1047 quanta
910 1010 945 1038 ad
963 1018 1022 1038 eum
1038 1014 1148 1038 ventura
1163 1010 1215 1038 sint
1232 1009 1311 1041 bona,
1326 1009 1349 1036 si
1364 1008 1444 1044 ﬁdem
1462 1008 1600 1043 suscipiat.

76 1088 195 1125 Ταύτην
220 1088 268 1115 καὶ
297 1088 330 1115 σὺ
356 1088 407 1124 τὴν
423 1089 515 1116 πίστιν
540 1089 587 1117 ἐὰν
604 1089 690 1125 ποθῇς
711 1088 766 1125 (81)
793 1089 842 1116 καὶ

44 1134 148 1170 λάϐῃς,
164 1134 279 1170 πρῶτον
300 1134 349 1170 μὲν
369 1135 514 1169 ὲπίγνωσιν
532 1135 588 1172 (82)
603 1145 633 1162 π.
655 1155 662 1162 .
685 1155 692 1162 .
715 1155 722 1161 .
744 1155 751 1161 .
774 1155 781 1162 .
804 1154 810 1161 .
832 1154 840 1162 .

48 1200 54 1206 .
75 1200 82 1207 .
105 1200 113 1208 .
133 1201 140 1207 .
167 1201 175 1208 .
202 1201 209 1208 .
233 1201 241 1208 .
264 1201 271 1208 .
292 1201 300 1208 .
320 1182 334 1208 ό
353 1181 407 1218 γὰρ
423 1181 489 1213 Θεὸς
508 1183 573 1214 τοὺς
594 1182 754 1219 ἀνθρώπους
770 1182 841 1217 ἠγά-

47 1234 136 1261 πησε,
159 1227 196 1254 δι’
225 1226 272 1259 οὒς
298 1227 409 1263 ἐποίησε
431 1227 477 1255 τὸν
499 1227 620 1264 κόσμον,
645 1225 694 1263 ,οἷς
723 1227 841 1261 ὑπέταξε

47 1274 136 1300 πάντα
155 1273 194 1300 τὰ
210 1273 240 1300 ὲν
260 1293 267 1300 .
290 1293 297 1299 .
319 1293 327 1300 .
348 1292 356 1301 .
377 1293 384 1300 .
404 1271 446 1305 οἷς
463 1273 551 1308 λόγιον
565 1273 683 1308 ἔδωκεν,
703 1271 744 1307 οἷς
760 1275 839 1302 νοῦν·

47 1315 87 1350 οἷς
112 1319 212 1354 μόνοις
230 1318 289 1354 (83)
314 1318 383 1354 πρὸς
404 1319 484 1346 αὑτὸν
495 1319 563 1355 όρᾷν
575 1319 708 1355 ἐπέτρεψε
721 1328 728 1335 ·
747 1319 795 1352 οὓς
809 1321 842 1348 ἐκ

47 1363 96 1398 τῆς
115 1364 189 1396 ἰδίας
210 1364 314 1396 εἰκόνος
333 1363 433 1391 ἔπλασε
445 1373 452 1379 ·
474 1365 544 1400 πρὸς
565 1364 613 1398 οὓς
635 1365 777 1393 ἀπέστειλε
794 1366 842 1393 τὸν

48 1409 111 1437 Υίδν
132 1409 222 1438 αὑτοῦ
236 1411 282 1437 τὸν
304 1410 434 1447 μονογενῆ
446 1419 453 1428 ο
468 1409 510 1443 οἷς
526 1410 576 1447 τὴν
590 1412 619 1439 ὲν
634 1411 742 1448 οὐρανῷ
764 1412 836 1448 βασι-

48 1452 123 1481 λείαν
139 1455 337 1491 ἐπηγγείλατο,
349 1456 396 1482 καὶ
407 1455 487 1483 δώσει
496 1457 553 1488 τοῖς
564 1457 738 1493 ἀγαπήσασιν
749 1457 839 1484 αὐτόν.

56 1498 202 1535 Ἐπιγνοὺς
227 1501 266 1533 δὲ,
281 1501 353 1533 τίνος
374 1502 426 1528 οἰει
448 1501 674 1538 πληρωθήσεσθαι
695 1503 801 1538 χαρᾶς
822 1503 840 1539 ἢ

51 1543 106 1576 πῶς
118 1545 278 1582 ἀγαπήσεις
293 1546 339 1574 τὸν
353 1547 440 1579 οὕτως
460 1547 694 1583 πῳαγαπήσαντά
706 1556 753 1581 σε;
770 1548 840 1582 ἀγα-

51 1591 139 1626 πήσας
156 1591 198 1625 δὲ,
219 1593 340 1629 μιμητής
354 1592 403 1630 ἔσῃ
419 1593 501 1620 αὐτοῦ
518 1593 568 1630 τῆς
586 1594 777 1630 χρηστότητοςι
794 1594 841 1621 καὶ

52 1636 88 1672 μὴ
110 1636 269 1674 θαυμάσῃς,
290 1639 314 1666 εί
330 1637 441 1666 δύναται
467 1640 588 1676 μιμητὴς
608 1639 750 1676 ἄνθρωπος
765 1639 840 1675 γενέ-
854 1630 874 1659 c

53 1681 112 1709 σθαι
139 1683 222 1711 Θεοῦ.
247 1684 373 1717 Δύναται,
401 1685 522 1717 θέλοντος
549 1685 643 1713 αὑτοῦ.
670 1686 707 1713 Οὐ
734 1685 788 1722 γὰρ
809 1685 841 1713 τδ

53 1727 299 1756 χαταδυναστεύειν
320 1730 375 1757 τῶν
398 1731 522 1766 πλησίον,
541 1731 602 1758 οὐδὲ
622 1731 653 1757 τὸ
673 1731 753 1758 πλέον
769 1731 840 1767 ἔχειν

54 1770 196 1805 βούλεσθαι
219 1775 274 1802 τῶν
295 1775 505 1813 ἀσθενεστέρων
523 1777 584 1804 οὐδὲ
599 1776 630 1804 τὸ
652 1776 775 1804 πλουτεῖν
793 1776 841 1804 καὶ

54 1817 196 1852 βιάζεσθαι
224 1822 288 1853 τοὺς
313 1822 538 1860 ὑποδεεστέρους,
567 1824 733 1861 εὐδαιμονεῖν
755 1826 839 1853 ἐστιν’

54 1863 110 1891 οὐδὲ
132 1866 161 1893 ὲν
176 1866 283 1899 τούτοις
303 1867 413 1896 δύναταί
427 1877 472 1901 τις,
489 1870 659 1905 μιμήσασθαι
676 1869 752 1897 Θεόν·
773 1871 841 1898 ἀλλά

53 1909 137 1938 ταῦτα
159 1912 239 1945 έκτὸς
260 1912 315 1948 (84)
332 1913 382 1950 τῆς
404 1915 508 1942 ἐκείνου
527 1915 743 1952 μεγαλειότητος.
770 1916 840 1943 Ἀλλ’

55 1953 126 1988 ὅστις
146 1958 179 1986 τὸ
205 1958 251 1986 τοῦ
277 1959 389 1995 πλησίον
412 1960 568 1996 ἀναδέχεται
593 1961 690 1998 βάρος,
712 1962 741 1994 ὃς
764 1962 793 1989 ὲν
817 1958 840 1997 ᾧ

55 2002 191 2036 κρείσσων
207 2005 290 2038 ἐστὶν,
305 2005 397 2042 ἕτερον
414 2007 459 2033 τὸν
479 2006 672 2043 ἐλαττούμενον
688 2008 840 2044 εὐεργετεῖν

55 2045 150 2081 ἐθέλει,
164 2049 216 2076 ὅσα
234 2050 309 2086 παρά
323 2051 369 2078 τοῦ
390 2051 458 2078 Θεοῦ
479 2051 568 2079 λαϐὼν
587 2052 653 2088 ἔχει,
671 2053 756 2080 ταῦτα
780 2055 840 2081 ὲπι-

54 2091 189 2128 δεομένοις
204 2096 339 2132 χορηγῶν,
355 2096 421 2130 Θεὸς
437 2097 540 2133 γίνεται
560 2098 613 2126 τῶν
635 2099 835 2135 λαμϐανόντων·

53 2136 126 2172 οὗτος
143 2142 267 2179 μιμητής
282 2143 339 2170 ἐστι
352 2143 430 2171 Θεοῦ.
443 2145 510 2172 Τότε
527 2145 612 2184 θεάσῃ
632 2146 772 2182 τυγχάνων
791 2147 838 2175 ἐπὶ

54 2185 119 2221 γῆς,
140 2188 183 2216 ὅτι
206 2188 272 2222 Θεὸς
299 2190 328 2217 ὲν
349 2190 474 2226 οὐρανοῖς
496 2191 551 2228 (85)
571 2193 753 2221 πολιτεύεται·
775 2195 837 2223 τότε

56 2234 191 2270 μυστήρια
214 2235 281 2263 Θεοῦ
311 2237 402 2264 λαλεῖν
433 2237 504 2273 ἄρξῃ
520 2247 528 2255 ’
553 2239 613 2266 τότε
638 2240 701 2272 τοὺς
726 2240 839 2272 κολαζο-

54 2277 146 2326 μένους
165 2281 213 2308 ἐπὶ
238 2280 277 2323 τῷ
306 2281 344 2317 μὴ
369 2280 456 2308 θέλειν
481 2282 654 2318 ἀρνήσασθαι
677 2283 763 2317 Θεὸν,
791 2287 839 2313 καὶ
854 2299 876 2326 D

932 1087 1020 1122 Hujus
1034 1087 1116 1115 etiam
1131 1092 1158 1115 tu
1168 1087 1229 1115 ﬁdei
1239 1086 1263 1114 li
1275 1087 1410 1115 desiderio
1422 1088 1550 1121 tenearis,
1562 1093 1590 1115 et
1600 1088 1675 1115 illam

895 1134 1024 1169 accipias,
1038 1134 1156 1169 primum
1172 1133 1282 1170 quidem
1304 1141 1453 1169 cognosces
1469 1133 1588 1162 Patrem.
1608 1133 1680 1162 Deus

894 1181 967 1210 enim
980 1180 1108 1208 homines
1119 1180 1224 1214 dilexit,
1239 1184 1349 1215 propter
1361 1187 1429 1215 quos
1456 1180 1588 1208 mundum
1604 1188 1680 1208 crea-

893 1227 943 1260 vit,
965 1226 1066 1262 quibus
1088 1225 1181 1253 omnia
1196 1225 1330 1261 .subjecit
1355 1233 1417 1261 quae
1432 1226 1459 1254 in
1471 1226 1573 1254 mundo
1594 1232 1657 1254 sunt
1670 1246 1680 1261 ,

894 1272 995 1308 quibus
1008 1272 1153 1303 rationem,
1173 1273 1273 1307 quibus
1287 1277 1405 1300 mentem
1419 1272 1504 1306 dedit,
1518 1274 1618 1308 quibus
1633 1281 1679 1301 so-

894 1318 929 1346 lis
939 1319 971 1346 ad
986 1318 1076 1353 ipsum
1087 1318 1181 1345 oculos
1198 1317 1321 1346 attollere
1336 1318 1471 1353 permisit,
1480 1326 1549 1354 quos
1563 1319 1595 1346 ad
1608 1319 1676 1346 ima-

894 1364 983 1400 ginem
996 1372 1075 1392 suam
1090 1363 1229 1397 formavit,
1241 1364 1275 1392 ad
1293 1372 1362 1399 quos
1378 1364 1476 1392 Filium
1488 1372 1569 1393 suum
1584 1365 1679 1401 unige-

894 1409 982 1437 nitum
1005 1409 1091 1440 misit,
1117 1408 1218 1444 quibus
1240 1408 1350 1436 eceleste
1373 1417 1488 1445 regnum
1503 1410 1680 1445 promisit,et

894 1455 981 1489 dabit,
997 1455 1070 1491 quod
1087 1455 1177 1490 ipsum
1194 1454 1349 1483 dilexerint.
1371 1454 1520 1491 Postquam
1540 1461 1632 1485 autem
1646 1458 1680 1485 il-

894 1501 949 1528 lum
963 1501 1136 1536 cognoveris,
1150 1505 1252 1536 quanta
1266 1505 1291 1528 te
1304 1501 1445 1536 impletum
1463 1502 1495 1529 iri
1513 1502 1607 1530 laetitia
1622 1504 1680 1531 exi-

896 1546 1011 1574 stimas?
1036 1551 1084 1574 aut
1108 1551 1241 1582 quantum
1259 1546 1356 1582 diliges
1378 1555 1442 1575 eum
1458 1548 1504 1583 qui
1517 1549 1592 1583 prior
1605 1554 1630 1577 te
1643 1550 1681 1577 ita

891 1592 1037 1620 dilexerit?
1049 1592 1118 1620 Cum
1133 1597 1222 1620 autem
1234 1593 1347 1629 diligere
1359 1595 1484 1629 coeperis,
1497 1595 1618 1624 imitator
1632 1596 1679 1624 be-

892 1638 1035 1673 nignitatis
1046 1637 1107 1672 ejus
1120 1638 1186 1666 eris.
1200 1639 1240 1666 Ac
1256 1647 1290 1666 ne
1315 1640 1424 1668 mireris
1444 1648 1525 1675 posse
1540 1641 1678 1670 hominem

891 1690 952 1711 esse
966 1683 1132 1711 imitatorem
1143 1683 1202 1711 Dei.
1223 1684 1327 1717 Potest,
1345 1693 1380 1713 eo
1395 1686 1513 1714 volente.
1526 1687 1586 1716 Non
1604 1688 1679 1717 enim

892 1730 1035 1766 imperium
1049 1731 1076 1758 in
1089 1731 1232 1766 proximos
1248 1733 1384 1766 obtinere,
1400 1741 1490 1769 neque
1512 1735 1579 1763 velle
1591 1737 1680 1770 potio-

892 1783 922 1805 re
937 1777 1091 1805 conditione
1101 1785 1161 1805 esse
1169 1786 1251 1814 quam
1268 1778 1286 1805 ii
1301 1779 1347 1814 qui
1363 1784 1427 1807 sunt
1440 1780 1616 1815 inlirmiores,
1630 1790 1679 1809 ne-

892 1830 946 1858 que
969 1822 1080 1850 divitem
1110 1831 1181 1858 esse,
1194 1828 1222 1852 et
1236 1824 1292 1851 vim
1305 1824 1406 1852 inferre
1420 1825 1615 1859 inferioribus,
1635 1832 1678 1855 est

892 1869 1001 1897 beatum
1012 1877 1072 1898 esse
1086 1879 1093 1898 :
1109 1878 1197 1905 tneque
1210 1871 1237 1898 in
1254 1871 1297 1898 bis
1311 1870 1396 1898 Deum
1413 1872 1514 1899 imitari
1529 1873 1677 1908 quisquam

892 1919 996 1949 potest;
1012 1915 1059 1943 sed
1077 1916 1135 1943 haec
1148 1920 1225 1943 extra
1236 1916 1296 1951 ejus
1310 1917 1480 1952 lnajestatem
1495 1924 1569 1946 sunt.
1580 1919 1614 1945 At
1628 1919 1676 1953 qui

892 1960 1009 1996 proximi
1025 1969 1095 1989 onus
1108 1961 1136 1989 in
1157 1969 1187 1990 se
1197 1962 1309 1998 recipit;
1325 1963 1372 1998 qui
1385 1972 1439 1999 qua
1455 1963 1482 1990 in
1500 1972 1530 1991 re
1545 1965 1672 1999 superior

892 2010 945 2040 est,
964 2007 1047 2034 alium
1058 2007 1105 2043 qui
1126 2013 1167 2036 est
1187 2007 1311 2042 inferior,
1330 2009 1463 2037 beneﬁcio
1476 2009 1534 2037 vult
1550 2010 1674 2038 allicere:

893 2052 940 2087 qui
967 2061 1137 2089 quaecunque
1163 2054 1255 2089 habet,
1272 2063 1288 2083 a
1302 2054 1357 2083 Deo
1376 2061 1499 2092 accepta,
1511 2065 1542 2084 ea
1558 2057 1676 2093 indignis

892 2101 1070 2136 suppeditans
1083 2122 1090 2134 ,
1104 2101 1176 2130 Deus
1193 2102 1224 2130 lit
1247 2111 1342 2131 eorum
1357 2104 1405 2140 qui
1417 2104 1571 2139 accipiunt;
1585 2105 1608 2133 is
1628 2104 1676 2132 Dei

891 2152 935 2175 est
957 2148 1086 2176 imitator.
1114 2149 1191 2177 Tune
1215 2151 1384 2186 perspicies,
1412 2151 1442 2178 in
1462 2155 1532 2179 terra
1555 2152 1675 2188 degens,

892 2193 977 2222 Deum
989 2194 1016 2222 in
1027 2194 1103 2222 caelis
1129 2196 1260 2224 mundum
1272 2217 1280 2230 ,
1295 2197 1370 2225 velut
1390 2197 1509 2233 aliquam
1526 2199 1676 2233 rempubli—

892 2247 964 2273 cam,
976 2241 1129 2276 gubernare
1142 2264 1150 2277 ,
1163 2247 1220 2270 tum
1232 2243 1361 2279 mysteria
1378 2242 1425 2270 Dei
1447 2243 1523 2279 loqui
1542 2244 1674 2279 incipies;

892 2291 957 2315 tunc
981 2295 1029 2317 cos
1051 2290 1097 2324 qui
1113 2290 1265 2325 puniuntur
1286 2290 1359 2326 quod
1374 2289 1510 2326 abnegare
1525 2290 1610 2318 Deum
1625 2299 1676 2318 no-

52 2321 202 2360 ἀγαπήσεις
226 2321 274 2353 καὶ
300 2326 470 2362 θαυμάσεις·
497 2327 560 2354 τότε
583 2328 633 2365 τῆς
657 2329 766 2366 ἀπάτης
790 2331 836 2359 τοῦ

893 2332 943 2361 lint
966 2338 994 2362 ct
1023 2321 1122 2372 diliges
1149 2341 1177 2364 et
1205 2321 1370 2369 miraberis;
1403 2321 1468 2365 tunvc
1494 2336 1674 2372 imposturam

53 2370 150 2416 ξιόσμου
172 2374 220 2402 καὶ
241 2375 293 2411 τῆς
308 2375 410 2412 πλάνης
431 2376 609 2413 καταγνώσῃ·
637 2377 701 2405 ὅταν
724 2378 755 2405 τὸ
775 2379 837 2416 ἀληι

52 2415 102 2450 θῶς
116 2419 146 2446 ὲν
165 2420 272 2456 οὐρανῷ
287 2420 337 2457 ζῇν
358 2421 498 2459 ὲπιγνὼσῃ
509 2430 516 2437 ·
540 2422 604 2449 ὅταν
628 2423 676 2450 τοῦ
692 2415 834 2458 δοκοῦντος

53 2462 140 2492 ἐνθάδε
159 2465 273 2493 Θανάτου
292 2467 517 2505 καταφρονήσῃς,
535 2468 601 2496 ὅταν
618 2470 665 2496 τόν
683 2468 768 2503 ὅντως
789 2471 834 2499 θά-

84 2545 138 2582 (RD)
153 2547 354 2582 Δικαιωθῆναι.
369 2546 442 2576 Satis
463 2552 524 2583 apte
535 2548 567 2575 ad
582 2548 742 2577 Calviniana
756 2557 828 2578 com-

53 2585 136 2618 menta
151 2583 307 2618 reddiderat
326 2583 498 2618 Stephanus,
521 2591 568 2618 pro
585 2584 664 2617 iustis
678 2585 767 2612 haberi
783 2591 831 2614 :ct

53 2617 135 2658 paulo
147 2617 361 2658 ρρδι-ᾷκαὶὼοςῃ,
377 2618 459 2658 fugiat
472 2624 500 2658 at
514 2627 561 2653 pro
570 2618 652 2653 justi:
668 2620 826 2658 habeantur.

85 2651 138 2684 (8|)
149 2651 265 2690 ῃοθῇς.
283 2651 393 2690 Dubitat
406 2651 560 2689 Stephanus
570 2651 663 2682 utrum
677 2655 783 2690 legatur
800 2657 828 2685 in

54 2687 212 2724 ωειποθῇς,
226 2696 259 2715 an
275 2688 406 2724 ποθήσῃς.

86 2721 138 2762 (8?)
167 2721 355 2762 ’ξᾳίγνῳσιὴ
367 2721 465 2762 "Addit
486 2723 647 2762 Sylburgius
659 2725 778 2762 rata-.96;
789 2734 831 2754 σοι

55 2757 174 2797 πειρέ-ξειἶ
188 2757 250 2797 hlox
265 2759 418 2797 Stephanus
429 2757 520 2797 πάντᾴ
533 2760 567 2787 τὰ
579 2757 616 2797 ,ἓν
634 2757 781 2797 κόσμιιένιιί
801 2762 831 2789 ἐν

55 2791 140 2831 iam.
158 2791 319 2831 $ylburgius
330 2794 405 2831 svaﬁ
424 2795 470 2821 ὑπ’
485 2795 609 2831 οὐρανόν.

67 2858 72 2864 _
88 2826 141 2862 (85)
156 2826 276 2864 Μόνοιξ.
290 2828 356 2857 Post
367 2826 539 2859 hancvocer'n
556 2836 614 2859 erat
629 2831 655 2858 in
671 2839 721 2860 ms.
738 2832 832 2860 codice

55 2856 148 2899 “liora,
161 2872 243 2900 quam
255 2856 409 2900 Stephanus
416 2856 828 2903 iiiiudhl‘césébiihi'iéciééi;

888 2379 983 2408 mundi
997 2385 1024 2408 et
1041 2389 1161 2410 errorem
1178 2382 1335 2415 damnabis,
1355 2390 1418 2409 cum
1430 2390 1493 2410 vere
1506 2383 1532 2411 in
1547 2384 1618 2411 coelo
1633 2384 1674 2411 vi-

888 2433 950 2453 vere
960 2426 1089 2455 didiceris
1105 2435 1186 2455 :cum
1198 2428 1258 2463 ejus
1270 2436 1332 2463 qua:
1348 2428 1392 2456 hic
1411 2436 1487 2456 mors
1501 2436 1561 2457 esse
1577 2437 1674 2457 cense-

886 2477 942 2506 llll',
966 2477 1139 2509 contemptor
1154 2481 1231 2508 csse;
1249 2478 1277 2502 et
1297 2478 1424 2508 mortem,
1440 2481 1501 2510 quae
1519 2481 1612 2502 revera
1628 2479 1672 2503 (Ξξί

878 2556 937 2589 aut
945 2553 1049 2586 ἀτενές.
1061 2552 1183 2581 llabcbat
1192 2553 1247 2581 ἀνω
1258 2554 1435 2589 apographon
1450 2553 1576 2589 Deureri.

914 2587 971 2624 (84)
992 2589 1078 2616 Ἀλλὰ
1100 2589 1194 2616 ταῦτα
1212 2587 1394 2623 magna.
1409 2591 1441 2617 λ.
1458 2588 1510 2617 Sed
1524 2589 1581 2616 lum:
1594 2594 1672 2618 extra

882 2623 941 2657 ejus
950 2625 1114 2658 majestate»:
1129 2629 1200 2652 sunt.
1209 2624 1235 2651 Id
1244 2629 1294 2657 est,
1301 2625 1441 2652 contraria
1450 2625 1522 2652 illius
1529 2625 1672 2652 ditissinne

880 2658 1076 2695 beneﬁcentia),
1092 2667 1175 2695 quam
1190 2659 1291 2688 imitari
1317 2660 1460 2688 debemus.
1477 2659 1617 2690 MARANUS.
1645 2661 1673 2687 iu

882 2693 1073 2722 Emendandir.

918 2729 975 2764 (85)
1005 2730 1218 2765 Ἐννοῠρανοῖς.
1235 2730 1263 2758 In
1283 2731 1334 2759 hac
1350 2739 1416 2760 voce
1431 2731 1557 2759 librarios
1576 2730 1671 2765 lapsos

883 2772 944 2792 esse
960 2769 1038 2799 putat
1057 2764 1213 2800 Stephanus
1229 2766 1264 2793 ob
1285 2767 1428 2800 scriptura:
1450 2764 1669 2798 similitudinem,

883 2805 910 2827 ct
925 2799 1066 2836 legendum
1089 2799 1118 2836 ὲν
1146 2800 1312 2836 ἀνθρώποις.
1336 2799 1404 2829 Nam
1422 2802 1562 2830 brevitatis
1586 2809 1670 2830 causa

885 2835 967 2864 scribi
980 2835 1049 2865 solet
1063 2836 1091 2863 ἐν
1105 2835 1178 2868 ἀπίοις
1194 2835 1244 2872 pro
1259 2836 1289 2864 ἐν
1300 2836 1464 2873 ἀνθρώποις.
