1916 3099
246 165 316 196 H99

649 163 954 192 PRESBYTERORUM
970 163 1014 191 ET
1033 161 1261 190 DIACONORL‘M
1279 160 1418 189 ACHAUE

701 306 1024 351 GALLANDII
1065 303 1386 351 PRIEFATIO

345 415 383 446 In
410 414 583 454 Epistulam
615 415 874 454 Presbyterorum
893 418 924 445 et
942 414 1155 445 Diaconorum
1171 405 1297 444 Achaiae
1326 413 1365 444 de
1393 412 1546 452 martyrio
1563 413 1594 443 S.
1614 412 1766 442 Andreas.

755 507 821 538 (γει.
836 507 905 532 Patr.
919 505 1042 536 Biblioth,
1052 505 1073 536 ῐ,
1085 506 1196 538 Proleg.,
1210 514 1232 538 p.
1252 507 1367 537 xxxvln.)

897 664 1200 710 SYNOPSIS.

285 763 307 791 Ι.
328 762 382 791 Cur
400 762 459 789 huic
476 761 602 797 Epistula?
616 762 685 788 inter
701 765 802 797 vetusta
819 759 944 797 Ecclesire
961 763 1129 797 monumenta
1145 758 1218 797 locus
1231 759 1392 797 assignatus.

285 798 320 826 ll.
342 798 382 825 De
394 798 474 824 variis
487 793 543 832 ejus
558 797 729 832 editionilms,
745 795 932 822 Illombritiana
951 795 1116 829 potissimum
1131 798 1154 820 et
1171 793 1373 828 Lipomaniana.

349 833 388 869 De
403 831 512 869 antiqua
529 832 644 869 ejusdem
661 831 787 869 Epistolaz
797 832 924 869 persione.

284 867 330 895 IV.
351 867 439 902 Hujus
453 864 579 902 Epistolce
592 867 728 893 sinceritas
747 866 827 902 uariis
843 864 990 902 nominibus
1006 864 1169 902 agnoscenda
1181 864 1293 891 videtur.
1308 864 1487 902 Chrysastomi
1503 864 1577 902 locus
1589 871 1735 902 expensus.

290 902 324 930 ν.
346 899 460 938 δοιίεἰηις
477 899 600 938 objectio.
615 909 647 928 ea:
662 900 1009 938 vorertptdtboqxdesumpta,
1024 908 1102 938 quam
1111 899 1197 938 fuisse
1216 905 1371 934 usurpatam
1388 900 1480 930 tertio,
1497 900 1561 927 quin
1582 904 1607 926 et
1629 900 1751 926 secundo
1767 899 1873 929 stet-lo,

250 939 379 966 evincitur
395 946 426 964 ea:
438 935 551 964 Patrum
567 935 826 963 vetustissimis'tum
842 935 940 962 Grazcis
961 939 1016 960 tum
1027 935 1139 960 Latinis.

287 972 332 1000 Vl.
354 972 477 1006 Objectus
507 972 578 999 locus
601 972 632 998 de
653 969 955 1007 processioAneVSpiritus
978 970 1063 1007 sancti
1088 970 1252 1007 “penditur.
1283 969 1383 996 Eadem
1403 969 1506 1004 phrasis
1528 970 1555 996 in
1573 969 1670 997 Greece
1702 969 1871 1002 Dia/agentur

253 1008 283 1036 S.
302 1004 420 1043 Gregorii
433 1008 558 1040 versione,
573 1004 755 1043 cujus'auctor
768 1005 912 1043 Zacharias
923 1013 1004 1043 papa.
1020 1004 1125 1043 Samuel
1137 1004 1285 1043 Basnagius
1302 1010 1416 1043 notatus.

288 1039 481 1075 VII.'Quwstio
499 1042 531 1070 de
556 1039 641 1077 [Eaea
663 1047 805 1069 memorato
833 1042 876 1077 in_
888 1039 998 1074 epistola
1022 1039 1158 1077 licelesiai
1172 1040 1298 1077 Achaicae
1320 1040 1448 1077 discussa.
1462 1039 1548 1066 Locus
1562 1039 1714 1077 Sophronia
1732 1040 1871 1077 ascriptus,

251 1074 411 1105 vindicatur.
441 1077 505 1113 Ejus
529 1074 655 1112 interpres
679 1077 807 1113 Erasmus
824 1075 988 1113 defenditur.
1016 1074 1236 1113 Duplexﬁdessa
1261 1075 1466 1113 distinguenda;
1491 1084 1605 1113 quarum
1633 1076 1725 1113 altera
1750 1075 1872 1113 recentior

254 1113 426 1146 Osrhoenieu,
441 1109 575 1148 antiquior
590 1109 676 1139 altera
691 1111 872 1148 Macedonica,
888 1110 1009 1148 primitus
1022 1109 1107 1144 [Egeo
1118 1109 1210 1137 dicta:
1222 1111 1299 1139 cuius
1310 1110 1426 1136 nominis
1438 1109 1574 1137 occasione
1589 1110 1728 1138 nonnulla
1743 1111 1777 1137 de
1789 1109 1868 1144 Αεςξιι

251 1149 418 1183 proconsule,
428 1154 462 1174 «ut
477 1145 572 1182 fertur,
585 1147 702 1179 Achaiae,
718 1145 1040 1183 propositte_co‘njeclurar‘.

291 1182 357 1210 VIII.
368 1183 407 1210 De
419 1179 533 1218 tempore
546 1190 596 1218 quo
607 1183 707 1217 scripta
718 1179 841 1209 censetur
855 1180 977 1215 Epistula
991 1187 999 1206 :
1012 1179 1142 1214 simulque
1157 1181 1231 1207 varia
1244 1180 1276 1207 de
1295 1179 1454 1215 Vespasiano
1467 1185 1641 1216 persecutore.

287 1259 308 1287 1.
328 1260 406 1292 Quod
434 1260 559 1294 superius
583 1259 610 1286 in
637 1257 795 1294 praefatione
817 1256 934 1292 generali
964 1256 1033 1283 anti-
1049 1258 1071 1286 Α
1086 1256 1165 1284 nibus
1177 1256 1427 1288 distinctum,haud
1447 1256 1628 1292 incongruum
1644 1262 1788 1292 putamus,
1800 1265 1832 1285 ex
1844 1265 1873 1285 eo

254 1307 390 1340 quitatum
420 1305 667 1333 ecclesiasticarum
706 1304 836 1332 studiosis
869 1303 1035 1337 recepimus,

256 1353 324 1378 Acta
347 1356 496 1387 martyrum
520 1359 570 1378 nos
591 1358 653 1378 esse
670 1351 843 1382 collecturos,
866 1357 915 1384 pro
930 1353 1035 1383 tempo-

254 1406 315 1425 rum
335 1398 442 1426 ratione
460 1397 629 1432 digerenda;
649 1397 675 1423 id
690 1396 800 1431 quidem
818 1399 948 1430 praestare
965 1403 1038 1422 nunc

254 1443 411 1478 incipimus,
426 1442 574 1477 Epistolam
597 1442 763 1478 encyclicam
790 1441 1000 1476 presbyterorum
1013 1446 1037 1467 et

255 1490 426 1515 diaconorum
440 1488 586 1515 Arhaitzde
599 1488 628 1516 S.
640 1488 754 1515 Δηώ-επ
770 1488 885 1523 apostoli
898 1489 1038 1523 martyrio,

256 1537 283 1562 in
299 1535 416 1563 medium
431 1534 610 1569 prolerentes.
626 1534 700 1562 Licet
714 1535 786 1562 cnim
804 1535 875 1562 inter
886 1535 953 1562 Acta
967 1542 1039 1562 mar-

257 1586 345 1616 tyrum
364 1581 482 1614 sincera,
496 1581 617 1608 virorum
642 1580 810 1608 eruditorum
835 1581 940 1616 judicio
966 1580 1039 1608 haud

256 1626 339 1654 fuerit
353 1627 485 1654 hactenus
498 1627 555 1654 haec
569 1624 688 1662 Epistola
703 1627 852 1665 recensita;
871 1634 931 1654 eam
949 1630 1039 1654 tamen

255 1673 369 1700 omnino
392 1672 598 1708 prmtermittere
627 1672 752 1708 religioni
781 1673 927 1700 habuimus
949 1682 956 1700 :
984 1673 1042 1701 sive

255 1719 328 1754 quod
349 1718 383 1746 ab
406 1718 528 1753 antiquis
553 1718 723 1753 temporibus
746 1717 875 1746 Ecclesiae
899 1718 1040 1746 catholica:

255 1765 401 1798 sententia,
421 1764 502 1800 digna
528 1763 608 1792 fuerit
630 1765 784 1792 existimata
807 1773 869 1800 qua:
891 1765 919 1792 in
938 1765 1039 1792 divinis

255 1810 351 1839 ciliciis
371 1810 542 1838 celebrandis
565 1811 674 1846 publice
698 1815 894 1846 usurparetur;
915 1811 987 1845 quod
1014 1810 1041 1838 in

256 1856 352 1891 primis
372 1856 548 1892 spectandum
565 1861 625 1884 erat
645 1865 653 1884 :
675 1857 731 1884 sive
745 1857 817 1892 quod
833 1865 919 1892 nuper
931 1857 1042 1885 demum

257 1902 284 1928 in
306 1901 394 1929 lucem
419 1902 552 1938 prodierit
577 1906 666 1930 textus
681 1902 802 1936 (ιι-κους,
817 1911 872 1938 quo
885 1906 972 1938 magis
985 1911 1043 1930 ma-

1088 1303 1213 1338 l'Ipistolze
1236 1307 1335 1330 nostra:
1362 1302 1470 1330 initium
1492 1303 1538 1329 hic
1556 1303 1733 1336 describere,
1759 1307 1792 1330 ut
1806 1304 1871 1338 quod

1087 1358 1102 1377 a
1115 1350 1227 1385 reliquis
1242 1350 1332 1381 editis,
1349 1349 1414 1384 quin
1430 1353 1457 1375 et
1479 1348 1514 1375 ab
1537 1348 1596 1383 ipso
1607 1348 1707 1376 Graeco
1727 1349 1873 1384 exemplari

1088 1396 1284 1432 aliquantulum
1296 1396 1442 1430 discrepat.
1459 1394 1505 1422 Sic
1519 1400 1609 1422 autem
1624 1403 1655 1423 se
1666 1395 1753 1422 habet
1765 1404 1772 1422 :

1233 1442 1330 1470 PASSIO
1349 1450 1429 1469 ΒεΑτι
1449 1441 1566 1468 ANDREIE
1587 1449 1730 1468 APOSTOL].

1126 1489 1254 1516 Diacones
1267 1489 1438 1516 ecclesiarum
1453 1488 1555 1515 Acaltie
1572 1488 1634 1524 (sic)
1648 1488 1811 1523 scripsimus
1824 1496 1876 1514 ιιιο

1089 1537 1169 1562 versis
1185 1534 1322 1568 Ecclesiis,
1336 1542 1394 1570 qua
1412 1539 1472 1561 sunt
1488 1535 1515 1561 in
1530 1535 1631 1561 oriente
1648 1539 1672 1561 et
1692 1535 1843 1566 occidente,
1854 1537 1876 1560 et

1090 1581 1199 1608 meridie
1220 1585 1245 1608 et
1271 1581 1446 1616 septentrione
1475 1581 1504 1607 in
1524 1581 1625 1608 Christi
1646 1581 1756 1608 nomine
1781 1581 1876 1607 consti-

1093 1631 1156 1654 tutce
1177 1635 1187 1654 :
1203 1627 1263 1654 Pax
1278 1627 1349 1654 vobis
1363 1631 1387 1654 et
1403 1627 1531 1653 universis
1549 1627 1594 1662 qui
1608 1627 1721 1654 credunt
1745 1628 1775 1653 in
1800 1635 1877 1653 unum

1089 1681 1148 1700 eum
1164 1673 1193 1708 (1.
1208 1672 1303 1708 Deum)
1330 1677 1354 1700 et
1377 1673 1404 1699 in
1417 1672 1572 1700 Trinitatem
1596 1673 1744 1708 perfectam
1764 1682 1774 1700 :
1793 1682 1877 1700 rerum

1092 1718 1201 1746 Patrem
1226 1719 1392 1754 ingenitum,
1417 1724 1440 1745 et
1462 1726 1551 1746 verum
1572 1718 1675 1745 Filium
1699 1719 1876 1755 unigenitum,

1091 1769 1116 1791 et
1128 1772 1217 1792 verum
1231 1763 1362 1799 Spiritum
1383 1769 1505 1792 sanctum
1515 1783 1522 1795 .
1548 1765 1732 1799 procedentem
1749 1774 1784 1793 ea:
1799 1765 1876 1792 Patre

1092 1814 1118 1836 et
1133 1809 1206 1837 Filio
1222 1818 1230 1836 :
1243 1814 1269 1837 et
1283 1809 1331 1836 hoc
1348 1818 1403 1837 esse
1424 1811 1588 1845 unigenitum
1603 1810 1707 1837 Filium
1718 1831 1726 1845 ,
1750 1812 1823 1846 quod
1843 1815 1877 1838 est

1092 1861 1116 1883 et
1136 1855 1182 1882 ille
1201 1857 1247 1891 qui
1261 1856 1359 1891 genuit.
1377 1855 1455 1882 Hanc
1469 1857 1548 1891 ﬁdem
1566 1857 1732 1890 didicimus,
1755 1861 1810 1885 etc.
1831 1856 1876 1884 Ubi

1094 1902 1248 1929 meminerit
1272 1901 1355 1928 lector
1376 1901 1473 1928 horum
1505 1902 1651 1929 verborum
1665 1922 1673 1934 ,
1699 1902 1876 1935 procedentem

257 1947 354 1981 trisque
377 1947 563 1974 vetustissima
585 1947 685 1981 versio,
704 1937 835 1975 Ecclesiae
855 1937 959 1983 jamdiu
975 1956 1041 1983 pro-
1059 1937 1079 1964 Β
1093 1954 1125 1973 ea:
1140 1946 1220 1974 Patre
1235 1952 1259 1974 et
1273 1946 1357 1980 Filio,
1375 1947 1408 1974 de
1425 1947 1525 1981 quibus
1547 1946 1662 1974 inferius
1675 1947 1874 1975 disserendum.

257 1992 337 2024 bata,
360 1992 561 2019 conﬁrmatur:
583 1993 639 2021 sive
662 1993 733 2028 quod
752 1993 860 2020 tandem
876 1993 926 2020 viri
943 1993 1042 2020 eruditi

259 2037 350 2064 studio
376 2039 502 2073 quamvis
530 2047 545 2066 a
569 2039 702 2066 catholica
727 2039 922 2066 communione
946 2039 1039 2072 alieni,

257 2082 352 2109 eadem
370 2081 491 2117 Epistola
507 2083 601 2118 paucis
625 2083 725 2111 abhinc
743 2084 823 2110 annis
835 2083 927 2111 Grmce
942 2091 975 2111 ac
988 2083 1041 2111 La-

258 2128 316 2154 tine
331 2128 359 2154 in
380 2128 477 2163 vulgus
500 2128 612 2160 emissa,
634 2128 708 2156 velut
731 2129 854 2156 sincerus
878 2137 962 2157 sacrae
976 2130 1044 2156 anti-

260 2173 372 2208 quitatis
388 2173 459 2201 fetus
473 2174 555 2201 fuerit
567 2179 746 2210 propugnata.
764 2174 842 2208 Quod
857 2175 881 2203 si
896 2183 958 2203 vero
973 2176 1043 2202 hanc

259 2219 408 2255 Epistolam
425 2220 517 2247 minus
536 2225 609 2247 recte
631 2220 700 2247 inter
714 2220 780 2248 Acta
801 2226 948 2256 martyrum
965 2222 1042 2250 nobis

260 2265 408 2300 repositam
429 2265 492 2300 quis
512 2265 675 2298 arbitretur;
697 2266 770 2292 illam
795 2267 888 2293 saltem
913 2271 1043 2302 tanquam

259 2316 397 2339 vetustum
411 2319 479 2346 opus
494 2311 709 2339 ecclesiasticum
721 2319 782 2339 esse
795 2312 956 2346 habendam,
971 2313 1044 2341 haud

261 2359 324 2385 icrit.
343 2357 447 2385 inlicias
465 2366 471 2382 :
493 2357 615 2391 adeoque
636 2357 678 2384 vel
701 2366 734 2384 eo
752 2359 862 2385 nomine
875 2359 902 2385 in
922 2363 1043 2386 nostram

262 2403 453 2431 bibliothecam
468 2402 530 2437 jure
545 2402 712 2430 inferendam
726 2403 954 2432 existimavimus.

296 2449 329 2476 ll.
349 2449 424 2476 Illam
441 2453 530 2476 autem
547 2449 652 2484 primus
674 2449 702 2476 in
720 2450 808 2477 lucem
825 2451 949 2478 emisisse
969 2459 1045 2478 com-

262 2496 367 2530 peritur
387 2495 508 2523 Bon‘mus
522 2495 693 2523 Momhritius
715 2497 847 2531 patricius
860 2496 1045 2524 Mediolanen-

262 2542 311 2574 sis,
329 2541 356 2568 in
375 2541 441 2567 Vitis
456 2547 619 2574 sanctorum,
645 2542 696 2570 sub
711 2542 791 2569 linem
816 2542 908 2570 saeculi
926 2550 960 2569 xv
975 2543 1044 2578 typis

1129 1992 1233 2020 Saecula
1255 1998 1362 2027 postero
1375 2001 1420 2020 xvi
1434 1997 1570 2024 currente,
1585 1993 1712 2020 eamdem
1729 1993 1874 2029 Epistulam

1094 2039 1194 2066 iterum
1226 2039 1363 2074 evulgavit
1387 2039 1514 2074 Aloysius
1537 2038 1708 2074 Lipomanus
1737 2041 1875 2076 episcopus

1094 2085 1270 2118 Veronensis,
1287 2086 1314 2113 in
1330 2093 1411 2120 opere
1427 2085 1546 2112 Vitarum
1563 2091 1719 2113 sanctorum
1734 2088 1875 2121 priscorum

1094 2130 1220 2163 Patrum;
1247 2131 1294 2159 sed
1312 2131 1366 2158 alio
1384 2139 1398 2158 a
1413 2131 1606 2159 Mombritiano
1628 2133 1784 2167 exemplari
1801 2140 1874 2162 usus.

1094 2177 1127 2204 ad
1140 2176 1268 2212 Epistolas
1294 2177 1402 2204 initium
1430 2177 1525 2204 saltem
1548 2177 1620 2212 quod
1646 2178 1758 2206 attinet.
1783 2178 1874 2213 Estque

1094 2224 1250 2258 huiusmodi
1267 2224 1304 2259 (Ι)
1321 2232 1327 2249 :
1343 2223 1498 2250 Passioncm
1520 2227 1606 2251 sancti
1629 2225 1749 2260 apostoli
1772 2226 1874 2252 Andre:

1094 2277 1172 2305 quam
1190 2269 1272 2296 oculis
1284 2270 1378 2296 nostris
1392 2268 1515 2302 vidimus,
1527 2277 1615 2295 omnes
1626 2270 1779 2304 presbyteri
1790 2275 1813 2297 et
1824 2270 1874 2295 dia-

1094 2323 1170 2342 cones
1178 2315 1358 2342 Ecclesiarum
1370 2315 1488 2347 Achaite,
1497 2314 1637 2342 scribimus
1650 2316 1782 2342 universis
1796 2315 1875 2341 Eccle-

1094 2362 1141 2388 siis
1161 2369 1219 2397 quae
1234 2366 1295 2388 sunt
1305 2362 1332 2388 in
1340 2362 1439 2388 oriente
1453 2366 1477 2387 et
1493 2361 1636 2393 occidente,
1649 2367 1674 2388 et
1693 2361 1841 2388 meridiano
1854 2366 1874 2387 et

1094 2407 1278 2440 septentrione,
1291 2407 1317 2433 in
1328 2407 1427 2434 Christi
1437 2407 1541 2433 nomine
1551 2407 1705 2433 constitutis
1719 2415 1729 2434 :
1744 2407 1804 2433 Pax
1814 2406 1874 2434 vobis

1095 2457 1119 2479 et
1141 2453 1269 2479 universis
1290 2453 1335 2487 qui
1357 2453 1466 2479 credunt
1488 2460 1569 2478 unum
1589 2451 1675 2478 Deum
1704 2453 1732 2480 in
1755 2452 1876 2480 Trinitare

1094 2498 1296 2533 perfectum,....
1320 2506 1410 2525 verum
1434 2497 1567 2533 Spiritum
1586 2504 1722 2531 sanctum,
1740 2499 1874 2533 procede--

1096 2550 1147 2572 tem
1165 2553 1197 2571 ex
1208 2544 1300 2577 Patre,
1317 2545 1344 2571 in
1365 2544 1438 2571 Filio
1462 2549 1667 2579 permanentem,
1685 2549 1715 2571 ut
1730 2544 1875 2572 ostendatur

262 2587 444 2621 consignatis;
461 2587 515 2614 loci
540 2587 611 2614 enim
634 2595 667 2614 ac
681 2588 811 2622 temporis
832 2592 896 2614 nota
919 2589 1045 2622 nnspiam
1058 2601 1080 2630 α
1097 2599 1164 2617 unus
1176 2590 1291 2625 Spiritus
1307 2599 1361 2617 esse
1376 2591 1403 2617 in
1412 2590 1493 2617 Patre
1506 2595 1530 2618 et
1543 2590 1616 2617 Filio
1626 2599 1636 2618 :
1651 2596 1676 2617 et
1687 2591 1737 2618 hoc
1752 2599 1817 2624 esse,
1828 2595 1872 2618 eu.

263 2636 410 2666 comparet.
443 2632 667 2667 Quandoquidem
704 2641 769 2660 vero
801 2634 871 2661 inter
904 2634 1044 2662 rarissima

263 2683 420 2704 rccensetur
438 2685 506 2712 opus
522 2679 673 2712 ejusmodi,
700 2679 805 2707 duobus
822 2679 912 2707 in-l'ol.
927 2680 1043 2707 volumi-

300 2732 538 2772 _(l)_l.ipom._j"i_t.
639 2739 704 2762 tom.
722 2735 841 2772 Vlupag.
854 2736 913 2768 197,
935 2744 950 2763 a
966 2741 1040 2772 tergo

263 2767 332 2795 edit.
347 2767 440 2796 Venet.
457 2769 535 2801 1581.
549 2769 596 2796 fol.
613 2778 665 2804 qua
680 2776 750 2797 utor.
768 2767 865 2798 Primae
879 2776 968 2798 autem
983 2767 1041 2799 edi-

266 2803 356 2839 tionis,
371 2811 452 2837 quam
467 2804 549 2831 etiam
569 2803 629 2839 prati
645 2806 771 2833 manibus
784 2806 881 2839 habeo,
895 2807 941 2833 sed
959 2808 1041 2834 muti.

265 2836 329 2869 iam,
343 2836 464 2873 quinque
489 2836 579 2873 priora
601 2839 740 2875 volumina
764 2841 843 2874 ili—4,
860 2836 981 2875 prodiere
997 2843 1042 2870 iti-

1097 2633 1194 2663 Omnia
1210 2643 1278 2670 pene
1290 2635 1323 2663 ad
1335 2635 1419 2663 Graeci
1434 2640 1575 2663 contextus
1591 2637 1738 2664 amussim.

1132 2683 1234 2710 Eodem
1246 2683 1346 2710 sarculo
1354 2691 1411 2715 xvi,
1429 2683 1592 2710 Laurentius
1607 2682 1711 2712 Surius
1722 2683 1873 2712 Carthasia-

1094 2739 1155 2767 dem
1166 2738 1286 2766 Venetiis
1307 2739 1340 2766 ad
1357 2739 1464 2774 signum
1485 2739 1542 2774 spei
1565 2747 1631 2767 ann.
1648 2740 1818 2772 1551-1556,
1831 2742 1874 2768 tria

1093 2781 1158 2802 vero
1184 2775 1333 2810 posteriora
1360 2773 1453 2802 Romae
1480 2773 1553 2810 apud
1575 2775 1731 2804 Antonium
1760 2776 1873 2808 Bladutu,

1095 2817 1159 2836 ann.
1171 2809 1332 2837 15584560.
