1916 3099
58 159 125 187 ηυι

417 157 588 185 ΕΡΙΞΤΟἸΛ
607 158 651 186 DE
668 157 832 186 MARTYRH

891 180 898 187 .
918 159 1080 187 ANDREJE.
1102 175 1136 180 —-
1152 159 1331 187 ΡΒοοΕΜιΑ.

1620 161 1686 189 ηυξ)

55 224 127 248 nus,
142 217 173 244 in
188 214 248 242 suis
263 214 385 242 collectis
402 216 522 250 undique
541 221 595 242 tam
613 224 646 244 ea:
665 226 728 245 mss.
749 219 848 245 codici-
864 221 886 250 Α
901 217 1003 245 Grzecis
1018 218 1139 253 pressius
1164 217 1295 245 inhaerere
1310 217 1487 252 comperitur.
1510 217 1611 254 Nuper:
1627 221 1682 247 ed-i-

55 262 107 288 bus
121 269 203 297 quam
218 269 251 288 ea:
265 261 344 288 editis
368 261 534 296 auctoribus,
559 263 678 298 probatis
693 270 848 292 sanctorum

60 307 149 341 Vitis,
173 311 203 334 ut
223 305 278 334 fert
299 307 390 341 operis
416 308 574 344 inscriptio,
600 315 682 346 atque
713 320 761 346 per
783 314 847 341 anni

51 353 159 381 seriem
176 353 300 388 digestis,
320 353 466 381 editionem
483 354 707 390 Lipomanianam
736 363 847 387 secutus
865 368 868 371 '

50 403 96 426 est
110 399 163 435 (2).
185 398 317 426 Eamdem
333 407 443 435 quoque
464 402 534 436 typis
553 402 683 438 deinceps
700 405 847 440 consigna-

51 446 93 472 vit
105 449 169 479 post
192 445 313 472 medium
339 445 507 481 insequentis
535 448 625 475 saiculi
642 457 710 482 xvu,
724 449 846 479 Andreas

50 491 89 517 du
108 490 231 526 Saussay
255 492 402 526 episcopus
428 491 575 526 Tullensis,
607 495 633 521 in
661 503 744 530 opere
773 496 845 524 haud

49 536 136 563 obvio
152 537 190 564 ita
206 537 337 572 inscripto
352 546 359 564 :
378 538 497 565 Andreas
514 539 598 573 frater
622 539 738 568 Simonis
753 542 843 575 Petri;

49 591 98 608 seu
129 582 170 610 De
192 583 278 619 gloria
306 583 335 612 S.
356 585 470 612 Andreas
496 587 611 620 apostoli
644 588 706 615 libri
737 597 773 615 xu
794 590 841 625 (5).

49 627 149 663 Neque
162 627 268 657 tantum
283 629 431 665 Epistolam
449 637 569 659 nostram
583 633 708 661 exhibuit
725 635 844 670 scriptor

47 672 160 706 Gallus,
184 681 213 702 ut
233 676 331 711 reliqui
353 677 535 711 praecedentes
551 678 683 712 editores,
711 681 757 708 sed
782 689 842 709 eam

47 720 168 755 insuper
187 731 196 747 ε
212 726 266 749 tam
281 728 404 757 patenter
417 729 550 751 assertum
564 725 648 758 dedit,
664 735 746 761 quam
762 736 842 755 accu-

50 772 112 794 rate
128 768 295 796 vindicatam
312 771 444 800 adversus
462 773 553 800 varias
563 779 724 802 novaturum
735 781 842 810 arguta-

49 813 160 847 tiones;
173 822 243 849 quas
260 818 396 852 congessit
411 823 438 845 et
451 820 527 846 auxit
542 819 700 848 Eduumdus
715 821 842 849 Auberti-

47 866 104 885 nus
120 859 149 885 in
169 859 240 887 libro
255 861 371 889 Genevze
394 871 466 891 anno
480 865 560 897 l633,
574 865 675 894 Gallice
699 867 781 900 edito,
796 869 839 896 cui

901 264 966 291 toris
988 268 1067 291 notas
1094 267 1196 291 textum
1223 263 1249 290 in
1273 262 1369 298 primis
1391 264 1566 298 respicientes
1588 266 1684 300 selegi-

898 317 972 343 mus,
998 309 1215 344 prolixioresque
1241 310 1446 343 contraximus;
1473 310 1573 345 quibus
1600 312 1683 339 etiam

898 356 1044 383 nonnullas
1057 355 1260 383 observationes
1275 355 1451 388 attexuimus,
1464 355 1555 390 plures
1567 355 1683 385 fortasse

898 402 969 429 haud
990 401 1203 429 contemnendas
1223 400 1351 433 addituri,
1368 401 1390 428 si
1406 401 1586 436 opportunius
1608 403 1683 430 codi-

896 454 954 473 cem
972 454 1022 474 ms.
1046 446 1123 474 nobis
1145 446 1271 473 evolvere
1289 446 1425 478 licuisset,
1445 453 1525 480 quem
1542 453 1603 473 sero
1621 451 1682 473 tan—

896 493 957 520 dem
974 493 1140 520 detexitnus.
1157 491 1204 519 Est
1219 496 1309 519 autem
1334 492 1420 519 codex
1433 491 1545 519 Graecus
1564 491 1683 527 Bomby-

893 539 975 566 ciuus
989 547 1065 566 num.
1089 546 1187 569 ctxxv,
1200 538 1227 569 Δ,
1245 537 1345 565 szeculo
1361 545 1407 564 xtv
1426 542 1566 570 exaratus,
1580 538 1681 566 inscri-

895 589 1013 619 ptusque
1029 594 1035 611 :
1057 583 1240 618 lleortologia,
1261 592 1307 611 seu
1326 583 1464 611 Sermones
1478 588 1502 610 et
1515 584 1632 612 humilia:
1654 584 1682 611 in

895 637 983 656 annua
1009 629 1099 662 festa;
1127 637 1206 664 quem
1238 629 1317 656 nobis
1346 628 1530 663 suppeditavit
1560 630 1681 665 locuples

894 675 1023 702 Bernardi
1039 675 1107 702 Nani
1130 675 1264 703 senatoris
1291 675 1430 710 quondam
1452 676 1615 711 amplissimi
1639 676 1681 704 bi-

894 722 1027 749 bliotheca
1037 724 1056 748 ‘.

927 778 971 806 lll.
991 779 1050 806 lam
1067 787 1132 806 vero
1151 783 1182 806 ut
1198 778 1231 806 de
1249 778 1362 813 antiqua
1376 778 1459 814 hujus
1474 778 1602 814 Epistolas
1619 788 1680 807 ver—

891 825 968 852 sione
992 825 1074 852 verba
1108 824 1262 858 faciamus,
1290 826 1382 853 nullus
1409 824 1532 860 profecto
1561 825 1681 860 suppetit

892 872 1034 898 character
1053 872 1120 899 satis
1137 872 1242 903 ﬁrmus,
1257 879 1312 906 quo
1328 872 1381 899 rite
1393 871 1507 899 delinire
1528 871 1678 906 possimus,

45 904 150 932 titulus
164 911 206 933 est
220 915 226 932 :
246 906 418 936 Eucharistia
444 911 538 938 veteris
551 911 687 940 Ecclesite.
707 923 717 939 ι
744 913 790 942 Sic
813 915 841 942 in
856 899 878 926 Β
893 924 975 951 quam
991 917 1093 943 dudum
1111 917 1194 945 fuerit
1216 917 1260 944 illa
1275 918 1409 945 confecta.
1431 918 1465 944 At
1482 925 1542 944 eam
1558 925 1619 945 esse
1633 925 1679 945 ve-

44 949 143 978 tronte
155 952 245 985 operis
259 960 365 981 auctor.

85 994 157 1023 Tum
175 1005 239 1025 vero
259 1000 350 1027 saeculi
372 1003 510 1030 currentis
530 1011 604 1032 anno
620 1005 698 1038 1751,
715 1007 839 1035 eamdem

43 1040 200 1076 Epistulam
226 1044 320 1074 Roma
345 1048 527 1076 recudendam
550 1051 655 1078 curavit
685 1051 840 1082 Ludovicus

43 1089 188 1117 Δηὼ-ιηιί
204 1090 375 1121 Sautandrea
392 1094 450 1129 (5);
469 1095 515 1130 qui
533 1095 731 1131 Lipomauiano
747 1107 839 1127 exem—

42 1135 120 1169 plari
137 1138 285 1170 praeterito,
302 1138 525 1172 Membritianum
547 1142 703 1171 describere
726 1146 836 1173 maluit:

43 1182 116 1214 quin
140 1186 168 1209 et
188 1182 355 1219 Saussayum
379 1186 541 1222 plerumque
558 1193 722 1223 assecutus,
752 1201 761 1216 ‹
778 1191 839 1226 Epi-

41 1227 127 1255 stula;
142 1228 326 1258 sinceritatem
346 1233 515 1267 gravissimis
529 1235 695 1264 testimoniis
711 1244 838 1272 compro-

43 1273 124 1300 bavit
137 1275 204 1309 (5).»

81 1333 211 1370 Quinque
234 1341 324 1364 autem
345 1338 477 1368 hactenus
505 1342 649 1370 recensitis
670 1343 836 1373 editionibus

43 1378 146 1406 Latine
167 1384 273 1408 tantum
287 1383 431 1418 evulgatis,
453 1390 529 1413 sexta
545 1386 655 1414 demum
673 1389 789 1417 accessit
800 1389 832 1418 G.

39 1423 89 1457 ι..
104 1433 167 1460 quae
183 1434 257 1454 anno
284 1428 353 1456 I749
376 1430 466 1458 Caroli
492 1431 640 1460 Christiani
657 1433 745 1470 Woog
766 1443 833 1463 cura

41 1474 72 1496 et
95 1470 189 1497 studio
203 1471 302 1506 Lipsiae
325 1474 412 1501 lucem
436 1477 552 1510 aspexit.
577 1476 692 1505 Textum
707 1478 832 1508 Graecum

38 1515 191 1550 descripsit
205 1518 240 1544 cl.
256 1518 345 1546 editor
359 1528 374 1547 e
389 1521 484 1549 codice
500 1522 742 1559 Huntingdoniano
761 1527 827 1560 457,

892 963 1034 990 tustiorem
1056 971 1138 998 quam
1163 968 1193 990 ut
1213 964 1294 999 vulgo
1318 969 1473 997 censeatur,
1496 964 1614 999 quisque
1632 972 1678 992 ar—

890 1017 973 1044 guere
989 1009 1060 1037 valet
1072 1018 1105 1036 ex
1126 1010 1306 1044 scriptoribus
1327 1010 1535 1042 ecclesiasticis,
1559 1019 1676 1046 quorum

890 1056 1046 1084 testimonia
1058 1056 1185 1091 Epistola:
1210 1057 1260 1091 ipsi
1274 1057 1468 1092 praimisimus.
1490 1057 1543 1084 Alii
1557 1058 1629 1084 enim
1643 1065 1677 1086 ex

889 1109 921 1129 ea
933 1102 974 1129 Vel
1000 1102 1090 1129 locum
1117 1102 1255 1137 passionis
1279 1102 1323 1130 vel
1344 1111 1433 1138 genus
1449 1103 1545 1131 mortis
1569 1104 1677 1132 eruisse

889 1148 961 1175 haud
982 1148 1099 1176 obscure
1120 1148 1257 1175 videntur.
1284 1148 1339 1175 Alii
1360 1156 1426 1176 vero
1444 1149 1533 1176 locum
1556 1149 1674 1185 aliquem

887 1195 1053 1222 verbotenus
1069 1194 1240 1228 describunt,
1259 1195 1317 1222 sive
1335 1195 1422 1230 ipsam
1435 1195 1566 1223 Actorum
1583 1196 1674 1223 histo-

888 1240 956 1267 riam
975 1241 1137 1272 excitantes,
1154 1240 1211 1268 sive
1231 1241 1314 1267 etiam
1327 1241 1493 1276 quandoque
1515 1241 1599 1269 tacito
1613 1241 1678 1274 ejus

888 1287 999 1314 nomine
1021 1287 1055 1314 ad
1080 1287 1154 1314 illam
1180 1287 1374 1322 respicientes;
1400 1288 1471 1321 quod
1492 1287 1596 1316 scilicet
1616 1293 1676 1315 tam

886 1341 968 1370 quam
984 1338 1088 1362 eertum
1105 1339 1132 1362 et
1147 1335 1318 1369 exploratum
1343 1340 1553 1362 monumentum
1569 1335 1672 1370 passim

887 1380 1044 1414 haberetur,
1067 1385 1097 1408 ut
1120 1386 1193 1408 recte
1210 1380 1364 1416 Saussayus
1384 1380 1434 1415 (6).
1464 1380 1557 1415 Neque
1581 1385 1671 1408 tamen

884 1426 1002 1454 iuliciari
1025 1428 1123 1460 velim,
1154 1427 1304 1454 nonnullos
1326 1434 1360 1453 ex
1382 1426 1471 1453 allatis
1494 1426 1679 1462 scriptoribus.

887 1472 1011 1501 ercum
1032 1473 1123 1508 potius
1147 1477 1251 1501 textum
1268 1480 1350 1508 quam
1369 1477 1487 1500 veterem
1508 1473 1567 1508 ejus
1589 1473 1673 1500 inter-

885 1524 987 1553 pretem
1001 1519 1144 1547 consulere
1155 1521 1286 1555 potuisse.
1303 1519 1367 1553 Sed,
1391 1523 1452 1546 utut
1464 1523 1515 1553 est,
1524 1527 1620 1546 eorum
1636 1524 1673 1546 tcv

43 1559 222 1590 bibliothecae
251 1562 424 1599 Bodleiana:;
458 1575 520 1595 cum
546 1577 601 1604 quo
632 1570 695 1597 item
715 1571 832 1600 Grabius

889 1565 1013 1592 alimonia
1031 1565 1089 1600 jam
1111 1565 1174 1592 inde
1196 1573 1211 1592 a
1229 1567 1330 1594 saeculo
1346 1574 1374 1594 tv
1389 1574 1476 1601 usque
1489 1565 1523 1592 ad
1545 1573 1589 1598 xv,
1606 1573 1672 1592 cnn-

41 1605 207 1641 Martyrium
221 1607 250 1636 S.
266 1608 369 1637 Thecla:
387 1613 549 1647 contulerat,
565 1614 680 1650 ejusque
694 1624 745 1650 ope
759 1619 833 1646 curis

36 1653 174 1680 secundis
195 1656 392 1690 perpoliverat,
417 1663 447 1685 ut
464 1666 498 1686 ex
517 1663 647 1697 anonymi
672 1663 833 1697 pt'azl‘atione

40 1698 76 1724 ad
95 1706 198 1726 navant
221 1701 360 1737 Spin‘legii
386 1702 436 1731 SS.
451 1705 564 1733 Patrum
576 1706 760 1737 Oxoniensem
774 1711 833 1738 edi-

40 1745 147 1772 tionem
165 1748 318 1775 erudimur.
337 1748 366 1776 In
383 1750 434 1778 hoc
447 1759 529 1786 porro
542 1754 650 1789 egregio
663 1762 748 1794 sacra:
760 1757 832 1784 anti-

35 1790 158 1824 quitatis
182 1800 358 1822 monumento
374 1796 480 1824 edendo
500 1802 581 1833 atque
603 1790 772 1836 adornando,
787 1811 831 1831 se-

38 1837 134 1864 dulam
152 1846 263 1872 operam
280 1841 331 1868 sibi
354 1842 503 1870 adhibitam
521 1847 664 1880 prolitetur
679 1849 720 1875 vir
739 1850 831 1877 erudi-

37 1886 96 1910 tus.
117 1883 265 1917 Nimirum,
287 1895 320 1913 ne
341 1888 436 1916 littera:
452 1891 561 1926 quidem
582 1893 687 1927 apicem
705 1896 829 1928 mutavit,

38 1929 93 1956 nisi
111 1930 158 1956 ubi
179 1930 358 1960 dicendorum
384 1943 480 1969 nexus,
505 1937 608 1964 librarii
634 1939 790 1974 oscitantia,
804 1946 831 1969 et

35 1979 115 2001 recta
129 1978 307 2004 construendi
329 1979 522 2016 scribendique
544 1984 614 2011 ratio
637 1985 664 2012 id
678 1987 832 2020 expostula~

35 2021 90 2053 rit;
116 2021 164 2048 ubi
182 2030 249 2050 vero
266 2025 427 2053 vocabulum
448 2028 558 2062 aliquod
579 2030 660 2058 unius
685 2031 831 2060 alteriusve

32 2066 140 2093 litterze
161 2069 328 2104 mutatione,
347 2072 499 2107 adjectione
523 2075 566 2102 vel
583 2076 750 2105 detractione
769 2086 830 2106 cor-

34 2117 153 2148 ruptum
173 2114 286 2150 invenit,
301 2125 366 2145 suas
385 2120 591 2149 emendationes
610 2123 636 2150 in
662 2127 764 2151 textum
788 2125 829 2151 in-

32 2159 114 2192 tulit,
131 2167 228 2189 omnes
242 2167 332 2191 tamen
348 2172 399 2192 ms.
415 2165 517 2194 codicis
538 2167 668 2196 lectiones
681 2170 828 2198 mendosae

34 2205 202 2240 subjiciens.
219 2207 317 2236 Textui
338 2210 432 2238 Grzeeo
455 2220 554 2240 novatn
573 2215 725 2242 versionem
745 2225 829 2252 appo-

33 2252 104 2283 suit,
122 2252 268 2288 ipsulnque
283 2257 354 2284 notis
374 2258 548 2286 uberioribus
569 2260 729 2289 illustravit.
758 2262 829 2290 Reli-

32 2305 92 2332 qua
111 2299 266 2328 omittimus
285 2309 438 2337 recensere,
452 2312 513 2340 qua
528 2305 559 2332 V.
570 2305 603 2333 C.
618 2306 675 2334 sive
692 2307 719 2334 in
735 2310 827 2343 operis

32 2345 144 2377 limine,
169 2345 227 2373 sive
254 2347 280 2373 in
306 2349 380 2376 calce
408 2351 547 2384 reposuit;
574 2359 604 2378 ea
631 2352 765 2387 siquidem
792 2355 825 2382 ad

31 2395 165 2421 nostrum
195 2392 349 2420 institutum
376 2395 449 2422 haud
478 2401 611 2430 spectant.
643 2397 719 2426 Hanc
734 2399 826 2434 itaque

31 2436 209 2472 Lipsiensem
232 2439 379 2468 editionem
406 2442 577 2476 potissimum
605 2445 691 2471 secuti
717 2453 824 2473 sumus.

29 2482 112 2510 Novo
128 2483 268 2519 interpreti
282 2491 399 2514 veterem
415 2488 575 2523 adjecimus,
590 2497 643 2516 non
657 2489 826 2518 Mombritia-

30 2537 101 2556 num
128 2530 255 2564 quidem,
284 2532 331 2559 sed
362 2533 601 2568 Lipomaniauum,
628 2537 675 2570 qui
701 2537 823 2570 profecto

66 2586 110 2621 (2)
131 2586 195 2615 Sur.
210 2587 263 2627 Vit.
276 2589 338 2627 85.,
349 2595 415 2627 tom.
427 2591 470 2622 Vl.
487 2600 546 2627 pag.
556 2592 619 2624 655,
634 2593 730 2620 Colon.
743 2594 822 2622 l6l8.

29 2621 98 2661 Haec
115 2627 158 2649 est
177 2624 255 2663 tertia
270 2621 353 2663 editio
364 2621 547 2663 Coloniensi;
561 2621 683 2655 omnium
697 2630 818 2663 optima;

30 2659 124 2693 prima
135 2659 212 2693 enim
231 2661 332 2693 prodiit
347 2669 411 2688 anu.
431 2662 508 2693 1569,
526 2662 573 2689 fol.

68 2692 110 2732 (ᾇ)
132 2691 261 2755 ὃκυδεθῖ,
282 2694 317 2721 De
331 2695 416 2730 gloria
452 2696 481 2725 S.
495 2691 590 2730 dmin,
606 2702 667 2733 post
682 2705 742 2733 pag.
756 2700 818 2734 676,

73 2735 122 2754 ris.
140 2728 221 2755 1656.
245 2730 284 2755 'nl.

30 2726 122 2754 Paris.
140 2728 221 2761 1656,
236 2726 284 2756 i'ol.

69 2762 110 2796 (4)
129 2762 250 2791 Andruz.
269 2764 370 2794 Slater.
387 2767 475 2800 uerit.,
488 2776 549 2803 pag.
562 2769 620 2795 170.

885 1611 962 1638 tinuo
977 1612 1107 1646 temporis
1123 1612 1219 1639 ordine
1233 1617 1340 1640 servato
1352 1613 1479 1643 deducta.
1493 1612 1550 1640 sive
1565 1612 1598 1640 ad
1614 1620 1673 1639 Vel-

884 1657 970 1685 sionis
983 1658 1175 1693 antiquitatem
1196 1658 1253 1685 sive
1265 1659 1299 1686 ad
1315 1659 1401 1694 ipsius
1412 1658 1539 1693 Epistolas
1554 1657 1670 1697 sinceri-

884 1707 966 1730 tatem
992 1703 1182 1736 astruendam,
1204 1703 1277 1731 haud
1295 1711 1394 1738 parum
1418 1703 1550 1731 conferre
1575 1704 1670 1732 existi-

883 1754 1003 1777 utantur.

917 1796 962 1823 ιν.
985 1796 1022 1823 De
1038 1797 1199 1824 auctoritate
1215 1802 1305 1825 autem
1321 1797 1404 1832 hujus
1418 1797 1555 1833 Epistolze,
1578 1797 1669 1825 varias

881 1850 943 1869 esse
959 1843 1079 1869 virorum
1105 1843 1275 1870 eruditorum
1296 1843 1448 1871 sententias
1471 1851 1554 1871 nemo
1569 1844 1666 1871 nescit.

881 1888 934 1915 Alii
958 1896 1076 1923 namque
1097 1888 1171 1915 velut
1192 1889 1392 1923 supposititiam
1418 1893 1499 1924 atque
1522 1890 1667 1917 conﬁctam

881 1942 994 1969 prorsus
1019 1934 1159 1969 rejiciunt;
1184 1934 1229 1961 alii
1254 1943 1319 1962 vero
1343 1935 1402 1970 ejus
1421 1935 1611 1962 auctoritatem
1639 1935 1666 1962 in

881 1980 994 2007 dubiant
1010 1985 1136 2008 revocant
1154 1989 1161 2007 :
1179 1980 1225 2007 alii
1243 1981 1360 2016 denique
1381 1986 1509 2016 tanquam
1529 1981 1666 2008 sincerum

881 2035 966 2054 sam-te
997 2027 1170 2062 antiquitatis
1194 2027 1278 2054 letum
1304 2033 1464 2062 agnoscunt.
1494 2027 1575 2054 Plura
1602 2033 1667 2057 sunt

880 2074 1031 2106 enimvero,
1047 2081 1136 2109 neque
1157 2073 1237 2106 levia,
1253 2081 1314 2108 qua:
1331 2074 1365 2100 ad
1390 2073 1590 2109 infringendam
1606 2075 1667 2110 ejus

880 2120 1045 2155 γνησιότητα
1071 2119 1153 2154 ohjici
1181 2120 1280 2147 solent.
1309 2119 1419 2147 Potiora
1448 2125 1539 2147 tamen
1563 2120 1617 2148 huc
1632 2120 1667 2147 ad

879 2173 994 2193 examen
1015 2173 1145 2193 revocare
1170 2166 1279 2193 animus
1301 2170 1359 2198 est;
1379 2173 1466 2200 eaque
1493 2165 1665 2200 potissimum

880 2220 941 2246 qua:
962 2212 995 2238 ab
1018 2212 1080 2239 aliis
1104 2212 1147 2239 vel
1168 2211 1283 2239 omnino
1304 2213 1505 2246 praetermissa.
1529 2212 1572 2240 vel
1591 2212 1666 2240 limiti

880 2258 992 2285 brachio
1011 2258 1135 2285 discussa
1151 2262 1313 2285 noscuntur.

913 2303 1035 2332 Primum
1059 2305 1161 2340 itaque,
1178 2312 1214 2332 an
1234 2313 1264 2332 re
1282 2313 1345 2332 vera
1366 2304 1393 2331 in
1407 2305 1512 2332 Achaia
1526 2309 1554 2332 et
1573 2305 1600 2333 in
1618 2305 1666 2333 Pa-

879 2354 983 2377 trarum
1007 2351 1074 2378 urbe
1093 2351 1254 2386 martyrium
1274 2359 1371 2385 passus
1393 2351 1477 2378 fuerit
1498 2350 1526 2378 S.
1542 2351 1666 2380 Andreas

880 2397 1039 2432 apostolus,
1071 2397 1270 2425 dubitationem
1295 2398 1381 2425 movit
1404 2397 1590 2425 Florentinius
1607 2398 1663 2434 (7);

877 2443 991 2471 Joannis
1006 2443 1193 2479 Chrysostomi
1218 2443 1348 2471 nimirum
1369 2444 1532 2471 auctoritate
1552 2452 1663 2478 permn-

877 2497 931 2522 tltS,
945 2494 1016 2525 apud
1031 2498 1112 2525 quem
1129 2490 1170 2518 sic
1184 2490 1299 2525 legimus
1313 2489 1370 2525 (8):
1390 2499 1399 2515 ι
1413 2489 1485 2517 Petri
1501 2489 1623 2525 quidem,
1637 2495 1663 2518 et

878 2536 966 2568 Pauli,
974 2535 1131 2569 etJoannis,
1139 2541 1166 2564 et
1175 2536 1288 2563 Thema:
1299 2535 1443 2563 manifesta
1453 2536 1661 2570 suntsepulCra;

912 2596 951 2630 (5)
972 2595 1009 2621 id.
1026 2595 1103 2630 ibid.,
1120 2594 1244 2630 pagJQQ
1267 2602 1343 2628 seqq.

910 2627 1065 2672 ('6)n§auss.
1085 2627 1201 2665 De'glor.
1224 2629 1253 2656 S.
1265 2627 1363 2661 Anan,
1381 2628 1432 2656 sub
1444 2628 1491 2656 lin.
1508 2628 1536 2656 in
1551 2627 1659 2659 Vindic.

893 2674 935 2692 πε.
951 2674 995 2692 ΖΟ.

874 2666 1091 2736 Ρῃξςῆξὲἶυνεῃ
1116 2699 1172 2727 Vct.
1190 2700 1273 2736 occid.
1296 2699 1369 2726 Eccl.
1382 2704 1505 2736 martyr”
1522 2707 1582 2734 pag.
1598 2699 1659 2728 H7.

909 2734 948 2777 ςε)
967 2735 1047 2777 Joan.
1063 2735 1161 2777 Chrys:
1187 2735 1322 2777 ίιιηιέρίδι.
1349 2735 1383 2761 ad
1401 2734 1495 2768 Helm,
1522 2735 1596 2762 hom.
1613 2735 1659 2768 26,

876 2771 890 2805 ᾗ
905 2771 932 2804 2,
948 2778 1010 2805 opp.
1028 2775 1095 2798 tom.
1110 2770 1168 2802 XII,
1184 2779 1210 2804 p.
1223 2770 1286 2797 ‘237.

47 2817 168 2858 ἔᾲἓόέιξξ)
179 2822 262 2858 nostra
272 2828 360 2858 novam
373 2826 400 2858 et
409 2826 544 2858 auctiorem
555 2828 639 2858 textus
650 2826 768 2858 Actorum
782 2827 808 2851 S.
820 2826 926 2851 Andreae
937 2828 1111 2851 recensionem
1129 2827 1233 2852 exhibet
1251 2833 1324 2858 quam
1343 2827 1431 2858 Lipsiae
1452 2833 1532 2858 nuper
1545 2833 1575 2858 ex
1595 2827 1661 2851 codi-

32 2847 105 2889 cibus
185 2852 313 2889 evxulgavit
324 2853 362 2876 vir
372 2847 1111 2889 c1.caligabunt};ﬁdaﬁda}?;Eé&'éﬁiﬂbiééé'ﬁﬁfu$
1120 2847 1246 2884 ιῖεὲἕᾘὲῐίι
1253 2847 1528 2889 ἒῖιῖἑὶὲτῖι’,¹ἶὲῖείδιῖἕᾶἱ

33 2885 106 2903 nov:
120 2882 263 2907 recenslotd
275 2884 503 2911 accommodandam
514 2894 659 2913 curatunus.
673 2888 742 2914 Eutr.
756 2882 831 2914 l‘un.
