1916 3099
247 136 316 166 I203

654 136 959 166 PRESBYTERORUM
974 137 1019 165 ET
1033 136 1263 166 DIACONOBUM
1279 135 1418 164 ACHAIE

1797 139 1856 167 I305

248 196 363 222 aliorum
383 197 473 221 autem
488 201 550 221 cum
565 193 621 220 sint
635 198 690 220 tam
712 194 801 226 multi,
815 202 950 229 nusquam
966 198 1031 222 sunt
1045 196 1068 225 A
1082 202 1142 221 rum
1157 194 1299 228 splendida
1311 200 1375 222 sunt
1390 195 1472 222 etiam
1493 195 1634 230 sepulcra,
1649 201 1679 223 ut
1695 205 1758 231 qua:
1771 199 1856 226 urbem

247 246 322 268 nota.
337 250 346 266 ι
368 239 437 267 Ilinc
450 247 514 266 vero
527 239 590 274 quis
609 239 784 274 conjectaret,
804 240 892 274 inquit
907 241 948 267 vir
968 248 1032 267 eru-

246 287 340 317 ditus.
363 285 462 313 festum
485 285 600 312 Andreae
623 285 694 320 apud
717 284 812 313 Patras
836 285 921 313 fuisse
941 287 1031 320 potius

247 330 307 363 ejus
326 329 529 364 praedicationis
544 330 716 362 memoriam,
731 337 778 356 seu
794 330 967 364 episcopatus
990 331 1032 358 in-

247 376 414 403 stitutionem
440 379 488 402 aut
514 375 620 408 natale,
649 383 730 410 quam
761 376 884 410 ejusdem
908 377 1030 412 martyrii

247 421 429 448 celebritatem
447 421 474 447 in
485 419 579 447 eadem
597 421 663 447 urbe
678 422 878 454 consummati;
896 421 1030 456 siquidem

247 467 361 493 Andreae
374 466 539 500 sepulcrum,
551 466 623 501 quod
635 467 703 494 adeo
716 467 902 502 pervulgatum
917 471 989 494 esset
1004 467 1031 494 in

247 512 359 544 Achaia,
380 512 424 538 vix
448 512 574 547 ignorare
592 513 726 547 potuisset
744 512 968 548 Chrysostomus,
984 514 1031 548 qui

246 567 301 587 non
315 558 422 594 longius
441 567 456 586 a
472 559 575 586 Graecia
593 559 710 594 positus,
727 559 783 586 imo
801 556 959 586 Graecorum
975 559 1032 587 fue-

246 606 284 632 rit
305 605 471 640 patriarcha.
499 604 562 632 Haec
584 604 780 638 Florentinius,
807 605 887 639 cujus
908 605 1031 640 profecto

246 652 381 679 dubitatio
403 652 426 679 si
452 652 506 678 vim
529 651 649 686 aliquam
673 651 782 683 habeat,
797 656 908 678 corruat
922 652 1031 686 penitus

247 698 375 734 Epistolm
390 703 492 725 nostra:
507 699 657 725 auctoritas
672 705 783 725 necesse
802 702 854 724 est.

283 745 359 773 Ilanc
373 750 463 772 autem
478 745 661 772 difﬂettltatem
679 753 759 779 quam
776 744 979 772 Tillemontium
1003 745 1030 772 in

247 791 343 825 primis
357 798 390 818 ac
403 790 537 825 Woogum
557 790 720 825 praeteriisse
742 789 836 818 mirari
859 791 941 823 subit.
958 791 1029 819 facili

247 836 355 871 nrgotio
367 836 422 863 tolli
437 835 602 863 existimavit
623 835 788 872 Lequienius
799 837 848 872 (9),
861 837 883 864 si
895 838 1028 870 dicamus,

1082 240 1332 275 praestantissimam
1345 248 1378 267 ac
1390 241 1492 276 regiam
1508 243 1669 276 occuparint
1679 252 1687 275 -,
1699 247 1727 269 et
1739 244 1798 271 dies
1808 246 1855 271 noti

1083 290 1164 318 atque
1175 285 1253 317 clari,
1268 285 1316 320 qui
1336 284 1399 312 festi
1414 293 1430 312 a
1443 290 1501 313 toto
1515 287 1581 314 orbe
1596 287 1802 316 celebrentur...
1816 290 1856 317 At-

1082 338 1135 364 que
1150 330 1176 357 id
1191 335 1245 357 non
1260 329 1354 358 Romae
1365 331 1454 358 solum
1473 331 1530 359 fieri
1544 333 1680 368 quispiam
1696 334 1803 367 viderit,
1815 336 1856 362 sed

1081 377 1162 403 etiam
1175 377 1420 410 Constantinopoli.
1434 376 1501 405 Nam
1517 383 1544 406 ct
1554 379 1598 406 hic
1613 387 1723 414 quoque
1733 380 1855 409 Constan-

1082 423 1168 449 tinum
1184 421 1309 457 Magnum
1327 422 1399 450 filius
1422 423 1638 459 (Constantius)
1654 425 1691 452 ita
1702 425 1809 453 demum
1821 428 1856 454 in-

1082 467 1154 502 genti
1174 467 1278 494 honore
1296 475 1326 495 se
1341 467 1503 495 allecturum
1516 469 1699 503 existimavit,
1710 471 1741 499 _si
1758 479 1816 498 eum
1832 473 1855 499 in

1082 513 1226 548 piscatoris
1239 512 1376 547 (Andreae)
1395 513 1531 540 vestibulo
1552 515 1696 548 conderet;
1718 526 1728 542 1
1745 517 1771 542 in
1787 518 1856 544 vcsti-

1082 559 1146 586 bulo
1158 560 1263 587 scilicet
1284 560 1406 587 ecclesiae
1422 560 1628 595 Apostolorum,
1648 563 1694 589 uhi
1711 568 1855 590 sanctonun

1081 605 1208 639 Andreae,
1226 603 1307 633 Lucae
1324 614 1356 633 ac
1368 607 1503 634 Timothei
1523 615 1639 641 corpora
1654 609 1795 636 recondita
1806 618 1857 644 per-

1082 651 1218 679 hibentur.
1235 651 1294 684 Quo
1313 660 1378 680 sane
1391 652 1541 686 respiciens
1560 658 1685 682 vetustus
1709 659 1802 683 auctor
1816 657 1857 682 bo-

1081 695 1164 725 nilize
1178 697 1204 724 in
1218 697 1294 730 illud,
1310 694 1342 724 In
1358 699 1487 732 principio
1501 703 1559 725 erat
1578 697 1701 732 Verbum,
1718 700 1789 728 inter
1803 710 1858 735 ope-

1082 750 1112 770 ra
1129 743 1214 777 ipsius
1228 742 1415 778 Chrysostomi
1430 744 1497 779 (l5),
1513 744 1612 772 habita:
1627 750 1657 772 ut
1674 746 1781 773 videtur
1795 754 1858 773 anno

1082 789 1144 823 581,
1159 789 1216 817 haec
1232 789 1313 816 habet
1328 797 1335 815 :
1355 799 1364 816 ι
1385 787 1505 818 Trinitas
1518 791 1705 825 apostolorum
1726 792 1857 826 (Androm,

1082 835 1162 862 Luca:
1183 843 1214 863 ac
1235 835 1381 870 Timothei)
1405 836 1481 863 testis
1494 841 1535 863 est
1550 837 1669 864 cmlcstis
1684 834 1830 865 Trinitatis.
1847 849 1855 864 ι

246 882 361 908 Andreae
377 882 456 917 cujus
470 889 568 916 corpus
586 889 601 908 a
619 881 779 910 Constantio
798 883 960 917 imperatore
976 882 1031 910 tue-
1046 863 1067 891 B
1081 879 1182 907 Eodem
1198 881 1276 914 plane
1293 889 1375 908 sensu
1398 886 1480 916 atque
1501 881 1529 908 in
1546 883 1669 910 eamdem
1694 884 1857 916 sententiam.

247 934 290 956 rat
313 929 577 964 Constantinopolim
597 929 770 962 translatum,
787 935 929 965 propterea
954 937 1030 956 men-

247 977 349 1003 tionem
374 975 445 1002 haud
465 974 563 1003 fecissr.
584 975 823 1011 Chrysoslomum,
839 976 910 1010 quod
936 975 1031 1011 utique

247 1030 301 1049 non
317 1022 344 1049 in
360 1022 426 1049 urbe
439 1022 523 1056 regia,
542 1022 588 1048 sed
603 1022 754 1048 Antiochia:
769 1022 892 1049 habuerit
903 1022 1030 1050 homilias

247 1068 274 1094 in
292 1067 438 1102 Epistolam
461 1067 495 1094 ad
519 1066 657 1105 Hebraeos.
681 1066 781 1094 Verum
798 1067 890 1094 minus
909 1068 1032 1102 apposite

247 1114 274 1140 id
289 1113 439 1148 conjecisse
457 1113 499 1139 vir
515 1114 610 1141 doctus
622 1113 740 1145 videtur,
755 1113 876 1148 adeoque
898 1114 969 1148 viget
984 1113 1031 1140 ad-

247 1159 301 1188 huc
322 1159 448 1193 objectio.
477 1158 531 1185 llas
549 1159 621 1187 enim
642 1158 768 1185 homilias
792 1158 1031 1193 Constantinopoli

247 1206 378 1234 habuisse
391 1206 628 1241 Chrysostomum,
642 1213 703 1232 cum
716 1205 773 1240 jam
786 1209 859 1232 esset
874 1205 1030 1240 episcopus,

247 1256 310 1287 post
321 1248 524 1278 Tillemontium
543 1249 599 1285 (l0)
615 1250 834 1278 Montl'auconius
849 1250 948 1278 evincit
964 1250 1029 1285 (ll).

248 1297 446 1324 Existimamus
470 1297 561 1331 itaque
582 1296 673 1330 potius
687 1296 729 1322 vel
751 1296 840 1323 locum
861 1303 922 1323 esse
937 1303 1033 1323 eorru-

247 1347 335 1377 ptum,
352 1342 394 1368 vel
415 1341 544 1368 memoria
567 1341 672 1375 lapsum
689 1345 813 1367 sanctum
831 1341 981 1368 doctorem.
999 1341 1032 1368 Et

248 1389 324 1422 prior
337 1387 446 1422 quidem
463 1387 620 1422 conjectura
642 1387 669 1414 in
682 1394 714 1414 eo
729 1387 866 1419 innititur,
885 1387 957 1421 quod
980 1395 1033 1414 ea,»-

248 1434 310 1459 dcm
336 1433 464 1465 homillm,
482 1432 536 1458 ἀπὸ
558 1432 688 1467 σημείων,
706 1439 738 1458 ea:
756 1432 824 1459 uotis
840 1432 953 1464 educte,
971 1436 1033 1467 post

249 1481 353 1506 obitum
365 1479 473 1506 domum
485 1478 673 1514 Chrysostomi
695 1477 797 1505 fuerint
817 1478 947 1513 evulgataa
960 1486 967 1505 :
978 1478 1032 1505 ἀπὸ

1082 924 1230 962 Gregorius
1246 935 1355 962 quoque
1369 925 1558 956 Nazianzenus
1572 929 1629 963 (I6)
1642 937 1649 956 :

1116 973 1236 1000 Μοῦνον
1245 973 1271 1000 δ’
1281 973 1372 1008 ἄλγος
1378 974 1494 1008 ἔμεινεν
1500 974 1563 1009 ἐμοὶ
1568 994 1576 1008 ,
1583 969 1732 1009 καὶγῆριις
1739 972 1856 1011 ἆνιψόγ.

1118 1017 1153 1045 Ὤ
1165 1027 1215 1053 μοι
1230 1015 1304 1053 ἐμῆς
1319 1017 1444 1052 τριάδος.

1119 1064 1155 1091 Ac
1181 1064 1246 1090 mihi

1152 1111 1272 1138 malesla.

1119 1157 1177 1184 Heu
1191 1166 1249 1184 mea
1268 1158 1347 1184 trias.

1082 1203 1134 1237 Qui
1150 1208 1177 1230 et
1193 1204 1256 1230 alibi
1273 1203 1342 1238 (I7),
1365 1203 1398 1231 ad
1412 1202 1571 1230 corumdem
1594 1207 1756 1230 sanctorum
1773 1211 1856 1238 corpo-

1082 1257 1142 1277 rum
1167 1248 1373 1276 translationem
1399 1249 1513 1284 digitum
1541 1247 1709 1280 intendens,
1734 1249 1856 1284 eleganter

1082 1294 1169 1321 dixit:
1185 1304 1195 1319 ι
1209 1293 1312 1328 Valete,
1326 1295 1452 1329 apostoli.
1470 1297 1601 1330 pratclara
1613 1295 1724 1323 colonia
1745 1294 1856 1322 certami-

1083 1340 1126 1367 nis
1141 1340 1193 1367 mei
1211 1340 1344 1375 magistri.
1364 1349 1374 1366 ι
1390 1340 1456 1373 Quae
1475 1348 1537 1368 cum
1563 1341 1602 1368 ita
1625 1341 1704 1373 sint,
1727 1341 1788 1372 quis
1803 1348 1856 1374 ergo

1082 1386 1133 1413 rite
1145 1385 1244 1413 dixerit
1260 1387 1401 1422 ignorasse
1420 1386 1658 1422 Chrysostomum,
1681 1387 1758 1422 quod
1769 1386 1857 1421 Grego-

1083 1433 1140 1460 rius
1151 1431 1348 1464 Nazianzenus,
1357 1432 1429 1467 quod
1440 1431 1662 1467 Paulinus,quod
1672 1431 1855 1467 Hieronymus.

1283 1064 1413 1091 duntaxat
1436 1065 1533 1091 mansit
1556 1064 1634 1091 dolor
1648 1070 1730 1100 atque
1753 1073 1857 1092 unum

1082 1479 1155 1513 quod
1176 1478 1273 1514 reliqui
1291 1478 1396 1513 antiqui
1420 1479 1567 1513 scriptores
1578 1478 1772 1510 ecclesiastici,
1789 1477 1818 1504 de
1832 1477 1854 1503 S.

251 1524 380 1560 σημείων,
399 1524 521 1559 inquam,
535 1531 582 1551 seu
599 1531 631 1550 ex
645 1523 772 1551 ductibus
787 1523 883 1551 calami
901 1524 1033 1552 breviori-

1086 1525 1198 1552 Andreat
1213 1524 1328 1559 apostoli
1347 1532 1471 1559 corpore,
1481 1524 1572 1552 Patris
1593 1524 1708 1551 Achaiae
1727 1525 1754 1551 in
1775 1524 1855 1551 urbem

249 1571 311 1600 bus.
325 1570 424 1605 quibus
446 1577 525 1597 rores
546 1574 571 1597 cl
598 1570 677 1597 verba
702 1570 870 1604 tachigraphi
892 1570 1031 1598 deseribe—

249 1615 324 1646 haut,
341 1619 369 1642 ut
381 1620 481 1642 norunt
491 1615 606 1647 eruditi;
620 1622 652 1642 ex
669 1615 768 1650 quibus
783 1624 848 1650 ergo
865 1616 937 1643 notis
952 1616 1033 1650 plano

249 1666 277 1688 et
288 1661 392 1696 vulgari
408 1661 489 1688 modo
514 1661 612 1688 litteris
639 1661 768 1688 traditum
789 1669 868 1696 opus,
894 1662 920 1688 in
944 1663 1031 1690 lucem

249 1708 348 1735 exinde
368 1707 419 1734 fuit
430 1708 576 1742 prolatum.
596 1707 644 1735 His
660 1708 774 1739 accedit,
791 1709 865 1735 varia
880 1708 966 1736 fuisse
981 1710 1033 1737 ha~

250 1762 311 1780 rum
332 1754 505 1780 homiliarum
517 1755 692 1788 exemplaria,
711 1755 736 1782 in
760 1755 860 1789 quibus
875 1755 1033 1791 colligendis

251 1801 492 1836 describendisque
509 1801 553 1828 alii
568 1805 632 1828 tunc
643 1801 774 1835 temporis
790 1800 938 1828 feliciorem
951 1809 1032 1836 quam

251 1847 448 1875 Constantinus
475 1855 583 1882 operam
611 1847 736 1881 posuisse
761 1846 900 1880 feruntur;
924 1855 977 1882 qua
1000 1847 1035 1876 de

254 1898 282 1922 re
303 1895 378 1930 plura
405 1895 580 1921 dortissimus
613 1893 800 1929 Chrysostomi
835 1901 948 1928 operum
976 1894 1034 1922 edi-

255 1947 296 1969 tor
312 1942 368 1977 (12)
388 1951 393 1968 ;
415 1946 445 1968 ut
464 1941 576 1976 proinde
593 1941 663 1968 haud
679 1941 783 1968 absona
799 1941 921 1968 videatur
945 1940 1036 1975 suspi-

253 1990 307 2020 rio,
324 1994 425 2016 textum
451 1989 561 2015 allatum
588 1987 762 2014 librariorum
781 1987 860 2022 culpa
881 1987 908 2014 in
937 1987 1035 2014 mendo

255 2035 371 2067 cubare;
391 2042 424 2061 eo
446 2035 472 2061 in
496 2035 591 2069 primis
612 2034 732 2064 nomine.
750 2033 822 2068 quod
835 2033 868 2060 de
884 2032 956 2060 Petri
972 2034 1035 2068 qui-

255 2082 315 2108 dem
331 2085 357 2108 ct
367 2081 442 2108 Pauli
461 2085 488 2107 et
505 2080 619 2108 Joannis
632 2080 763 2114 sepulcris
775 2080 880 2107 dubitet
891 2087 986 2112 nemo;
1003 2080 1037 2107 de

255 2126 367 2154 Thomas
383 2133 472 2153 autem
487 2127 611 2160 sepulcro
628 2134 681 2153 non
704 2126 740 2153 ita
758 2130 873 2157 certum,
885 2130 914 2152 ut
928 2126 961 2153 ad
974 2133 1036 2153 cum

256 2174 344 2201 locum
361 2177 434 2199 recte
445 2173 554 2199 adnotat
567 2171 796 2199 Montfauconius.

290 2219 366 2252 Quod
392 2219 414 2246 si
443 2219 487 2245 cui
513 2219 646 2246 sententia
669 2219 764 2246 lstha‘c
792 2219 882 2246 minus
906 2219 1034 2250 arrideat,
1050 2209 1074 2238 ι)

256 2265 388 2293 memoria
407 2266 450 2292 hic
468 2265 574 2299 lapsum
594 2264 622 2291 S.
644 2264 751 2290 Patrem
769 2264 874 2298 opinari
895 2263 935 2290 fas
956 2265 1008 2291 erit
1028 2273 1034 2290 :

255 2314 334 2348 rujus
349 2312 386 2339 rei
406 2312 528 2346 exempla
545 2311 571 2337 in
592 2311 652 2338 aliis
669 2311 728 2345 cjus
744 2311 871 2344 opt-ribus
887 2310 957 2336 haud
975 2318 1037 2337 raro

255 2359 441 2395 deprehendas
463 2353 529 2391 (I5).
549 2356 614 2389 Quae
633 2356 742 2390 quidem
766 2355 928 2388 conjectatio
951 2356 1037 2390 magis

257 2407 353 2439 placet.
371 2404 514 2438 Quomodo
527 2403 596 2429 enim
621 2402 734 2428 Andron:
750 2401 864 2435 apostoli
882 2402 1037 2436 sepulcrum

256 2453 344 2487 potuit
352 2452 493 2486 ignorasse
506 2450 719 2484 Chrysostomus
729 2457 735 2480 ;
745 2456 825 2482 queui
834 2448 962 2474 nimirum
977 2455 1038 2475 cor-

257 2498 330 2531 poris
344 2497 403 2530 cjus
418 2495 623 2523 translationem
640 2503 670 2520 ex
688 2493 789 2519 Achaia
806 2493 1038 2526 Constantinopo-

256 2546 302 2571 lim
317 2553 331 2571 a
343 2544 503 2571 Constantio
515 2550 589 2569 anno
607 2542 657 2568 557
673 2545 819 2576 peractam,
838 2541 907 2567 haud
927 2540 1039 2566 latuisse

257 2592 366 2617 demum
382 2590 488 2625 liquet?
506 2590 550 2616 Sic
562 2589 633 2616 enim
651 2589 694 2614 ille
708 2588 763 2623 (Ill)
777 2595 783 2613 :
803 2597 811 2612 ε
827 2588 927 2614 Christi
945 2594 1039 2614 servo-

295 2647 332 2677 (9)
350 2646 492 2680 Lequien.,
511 2646 558 2672 Ου’.
572 2645 681 2676 Clirist.,
698 2643 812 2680 toni.ﬂl_|,
827 2643 930 2680 pLQFil.

295 2682 350 2714 (10)
365 2678 470 2707 Tillctn.
490 2681 568 2706 Mem.
586 2681 661 2711 ϐοείη
677 2687 743 2706 tom.
760 2678 805 2709 XI,
819 2687 843 2712 ιι.
855 2678 915 2704 373.

295 2711 474 2777 {glisllgoutfn
494 2715 604 2749 Prwfal.
632 2716 665 2741 ad
683 2723 741 2748 opp.
766 2715 872 2745 Chrys"
897 2718 962 2739 tum.
979 2711 1035 2745 XII,

272 2761 288 2777 1.
305 2761 332 2780 ἱ).
350 2761 363 2780 ἓ
381 2761 408 2778 υ.

260 2757 288 2783 lt.
305 2752 332 2780 5.
381 2751 408 2778 9.

296 2786 351 2820 (I2)
368 2786 445 2817 I’bid.,
464 2786 477 2819 ᾗ
493 2786 509 2811 fi
522 2793 596 2819 seqq.

366 2821 473 2858 Monm,
494 2821 573 2858 I’t'tt'l‘.
587 2821 626 2858 ut!
642 2826 703 2858 tom.
720 2819 752 2848 Χ,
821 2825 846 2845 (ιι
857 2819 933 2858 alibi.

295 2854 476 2891 (14)(211ὗμη
494 2857 565 2882 Itum.
579 2856 622 2886 '26,
644 2857 668 2881 in
684 2860 758 2888 cptst.
780 2854 807 2880 II
828 2856 861 2881 nd
877 2855 948 2886 (iota,
970 2862 995 2880 tt.
1014 2854 1039 2883 5,

1084 1570 1185 1604 regiam
1198 1569 1342 1602 translato,
1358 1569 1455 1597 litteris
1470 1569 1661 1596 tradiderunt?
1676 1569 1805 1604 Superest
1814 1569 1857 1603 igi-

1084 1621 1138 1649 tur,
1151 1616 1222 1652 quod
1235 1615 1316 1643 modo
1329 1616 1496 1648 dicebamus,
1513 1621 1542 1643 ut
1553 1616 1731 1650 suspicemur
1744 1616 1783 1643 vel
1792 1623 1857 1642 men-

1083 1665 1181 1691 dosum
1197 1670 1258 1691 esse
1277 1663 1367 1690 locum
1390 1662 1468 1690 nobis
1492 1662 1648 1697 objectum;
1671 1663 1717 1689 vel
1733 1662 1755 1689 si
1773 1662 1857 1692 mavis,

1084 1709 1215 1736 memoria
1231 1709 1336 1742 lapsum
1349 1713 1474 1735 sanctum
1493 1708 1645 1739 doctorem,
1661 1707 1730 1734 dum
1745 1715 1774 1734 ea
1789 1706 1857 1734 verba

1083 1762 1098 1782 e
1113 1758 1240 1789 suggestu
1253 1752 1397 1788 proferret.

1120 1799 1153 1827 V.
1174 1799 1245 1828 Inter
1259 1799 1426 1834 objectiones
1441 1806 1506 1826 vero
1527 1798 1661 1834 gravioris
1682 1797 1809 1825 momenti
1831 1803 1854 1823 ei

1084 1847 1175 1882 potior
1184 1846 1367 1879 existimatur,
1382 1853 1444 1880 qua:
1455 1852 1490 1873 ex
1510 1853 1573 1872 voce
1595 1845 1708 1881 τριάδες
1722 1843 1856 1872 desumitur

1084 1893 1136 1920 sub
1150 1892 1277 1927 Epistolas
1297 1892 1403 1919 initium
1428 1895 1604 1923 occurrente;
1630 1899 1729 1925 quam,
1745 1890 1856 1924 inquiunt

1085 1947 1224 1973 censores,
1242 1940 1269 1967 in
1289 1939 1481 1967 vetustissimis
1497 1938 1694 1966 ecclesiasticis
1709 1944 1855 1965 monumen-

1087 1986 1121 2014 tis
1139 1986 1183 2013 vix
1205 1993 1237 2013 ac
1253 1993 1287 2012 ne
1300 1985 1346 2012 vix
1361 1984 1470 2020 quidem
1487 1983 1604 2011 fortasse
1620 1983 1766 2014 invenias;
1780 1981 1855 2017 perin-

1086 2031 1120 2059 de
1135 2039 1167 2059 ac
1183 2031 1206 2059 si
1221 2031 1314 2058 omnia
1327 2031 1428 2065 scripta
1442 2030 1520 2057 nobis
1531 2033 1721 2064 superessent,
1732 2035 1791 2062 qua:
1799 2026 1856 2054 scri-

1086 2083 1178 2113 plores
1197 2077 1338 2112 apostolici
1358 2081 1405 2104 aut
1419 2083 1476 2103 aevo
1498 2075 1648 2110 apostolico
1675 2074 1800 2108 proximi.
1814 2071 1855 2098 Pa-

1087 2124 1156 2158 pias,
1170 2123 1334 2156 Quadratus,
1348 2122 1492 2154 Aristides,
1507 2121 1625 2156 Agrippa
1641 2121 1743 2147 Castor
1756 2140 1764 2152 ,
1782 2118 1855 2144 Aristc

1087 2170 1201 2197 Pellaeus
1222 2169 1322 2204 aliique
1341 2169 1439 2196 litteris
1459 2167 1603 2195 tr'adidcre.
1627 2166 1711 2200 Atqui
1736 2163 1855 2199 antiquius

1087 2220 1129 2243 est
1148 2222 1246 2242 nomen
1266 2214 1390 2249 τριάδος,
1407 2220 1488 2248 quam
1509 2217 1539 2239 ut
1558 2211 1661 2246 passim
1681 2211 1853 2237 existimetur:

1087 2261 1168 2289 tertio
1181 2261 1264 2293 enim,
1278 2260 1344 2294 quiti
1357 2264 1384 2286 ct
1397 2258 1519 2286 secttndo
1534 2257 1664 2284 Ecclesia
1678 2255 1778 2283 saeculo
1789 2260 1854 2280 usur-

1087 2312 1180 2341 patum
1196 2306 1383 2341 comperitur;
1409 2305 1480 2339 qttod
1501 2311 1566 2331 sane
1584 2303 1671 2330 miror
1694 2302 1793 2337 fugisse
1809 2299 1855 2326 Sti-

1088 2362 1180 2381 cerum
1203 2353 1284 2387 (l8).
1308 2352 1454 2387 Dionysius
1475 2350 1680 2377 Alexandrinus
1705 2349 1760 2384 (I9)
1776 2346 1855 2374 εθίυτω

1090 2401 1138 2436 μὲν
1153 2401 1231 2434 ἡμεῖς
1245 2399 1285 2430 εἷς
1300 2407 1329 2424 τε
1343 2398 1392 2433 τὴν
1404 2397 1506 2433 Τριάδα
1519 2396 1569 2431 τὴν
1586 2395 1690 2431 μονάδα
1707 2393 1855 2426 πλατύνιμεν

1089 2446 1247 2481 ἀδιαίρετον·
1264 2445 1311 2471 καὶ
1330 2445 1379 2479 τὴν
1395 2443 1498 2479 Τριὰδα
1512 2443 1592 2469 πάλιν
1615 2442 1753 2476 ἀμείωτον
1769 2440 1804 2470 εἰς
1818 2438 1855 2471 τὴν

1091 2493 1191 2528 μονάδα
1209 2489 1490 2525 σ’δγκεφαλαιούμεθα.
1509 2488 1554 2514 Sic
1566 2488 1672 2522 quidem
1694 2496 1741 2514 nos
1757 2483 1854 2513 individ-

1092 2538 1169 2564 bilcm
1186 2538 1314 2563 unitatem
1331 2537 1357 2562 in
1370 2535 1528 2562 Trinitatem
1543 2533 1709 2564 dilatamus;
1721 2537 1744 2559 ct
1760 2530 1855 2557 Trinita-

1092 2591 1142 2612 tem
1156 2586 1250 2612 iterum
1267 2592 1326 2618 qua:
1349 2583 1470 2609 imminui
1486 2582 1590 2616 nequit,
1611 2581 1639 2607 in
1661 2581 1787 2606 unitatem
1805 2582 1853 2602 Wl-

1092 2647 1157 2670 tont.
1169 2642 1203 2673 Χ,
1218 2650 1244 2675 p.
1260 2641 1322 2668 625.

1126 2674 1183 2709 (I5)
1198 2672 1373 2712 Clit'ystopp.
1390 2679 1456 2701 tom.
1475 2673 1532 2704 XII,
1550 2681 1576 2707 ι).

1128 2706 1182 2746 (lli)
1201 2706 1281 2746 Creg.
1294 2706 1371 2740 Νῖιίῖ,
1388 2718 1472 2736 carm.
1485 2711 1511 2746 ρ,
1529 2706 1649 2746 ῑόῃιζιι,
1666 2715 1694 2742 p.
1712 2706 1754 2734 τ’).

1129 2743 1184 2779 (l7)
1199 2747 1236 2772 Id.
1255 2743 1324 2772 orat.
1344 2746 1388 2777 5'2,
1402 2750 1467 2771 tom.
1485 2743 1503 2775 I,
1519 2752 1545 2778 p.
1560 2743 1624 2770 527.

1130 2776 1184 2815 διε)
1198 2781 1313 2812 Svircr.,
1328 2781 1403 2807 Thes.
1421 2780 1496 2808 ΝΗ..
1511 2776 1576 2804 tom.
1598 2779 1633 2806 II.
1647 2786 1675 2815 ρ.
1690 2776 1768 2804 1288.

1416 2805 1501 2849 Epist.
1517 2814 1548 2840 de
1560 2820 1627 2840 scut.
1642 2805 1823 2846 bionys.,tont-
1836 2805 1850 2839 ίι

1094 2861 1119 2888 ν.
1133 2852 1195 2878 235.
