1916 3099
52 143 117 172 1205

384 143 553 172 EPISTULA
567 144 609 171 DE
623 144 800 172 MARTYRIO
822 146 825 170 1

880 143 1035 172 monere.
1055 159 1090 164 —
1117 136 1300 172 PROOEMLA.

1606 143 1674 170 1206

51 203 187 230 trahimus.
201 202 262 235 Quo
275 202 387 237 insuper
395 203 527 230 vocabulo
542 203 613 238 apud
632 203 760 230 Basilium
776 203 832 238 (“20)
849 206 871 233 Α
885 210 947 230 cum
962 202 1071 229 Daniele
1085 206 1139 229 tres
1153 210 1252 237 pueros
1268 202 1296 228 in
1309 201 1360 228 llde
1374 200 1459 228 fortes
1473 205 1500 228 et
1514 200 1542 228 in
1560 201 1675 235 captivi-

50 249 144 276 iterum
160 253 245 283 atque
261 248 360 278 iterum
381 249 468 276 utitur
490 249 561 276 idem
585 249 741 279 Dinnvsius.
765 248 835 277 Huic

49 295 175 330 episcopo
195 295 382 322 Alexandrino
397 295 544 331 σύγχρονος
557 295 705 330 Gregorius
726 295 836 323 Neocm—

49 340 176 368 sariensis
191 341 250 376 (21)
267 349 273 367 :
292 340 376 377 Τριὰς
392 341 491 372 τελεία,
509 341 575 377 δόξῃ
590 341 636 368 καὶ
647 341 778 376 ἀῖδιὸτητι
789 341 835 368 καὶ

49 385 180 422 βασιλείᾳ,
202 386 240 422 μὴ
259 387 432 422 μεριζομένη,
446 396 473 413 κ.
490 396 516 414 τ.
533 387 559 414 λ.
579 387 696 414 Trinitas
708 387 833 421 perfecta,

47 440 101 466 qua:
112 432 202 466 gloria
221 437 246 459 et
262 434 410 460 teternitate
423 441 453 459 ac
467 441 545 467 regno
560 441 610 460 non
626 433 765 465 dividitur,
779 438 834 460 etc.

47 478 176 513 Origenes
190 483 307 513 utroque
325 479 464 514 antiquior
480 479 536 514 (2‘2)
549 489 556 507 :
570 480 645 514 Τάχα
656 479 711 515 γὰρ
720 479 766 505 καί
779 486 834 506 τισι

45 524 96 550 τῶν
113 525 262 560 μακαρίων
276 525 426 561 δυνάμεων,
443 526 489 552 καὶ
499 525 748 560 ὲπαναϐεϐηκυιῶν,
768 533 834 559 συγ-

46 571 131 605 κρίσει
151 571 211 597 τῶν
237 571 341 598 πολλῶν
358 571 495 606 γενητῶν,
511 572 544 598 τὰ
561 571 636 600 κάτω
650 571 698 607 τῆς
719 571 835 607 ἀρχικῆς

46 617 169 651 Τριάδος,
187 617 267 651 λόγον
277 616 333 652 ἔχει
344 617 403 649 ὅλος
412 619 426 644 ὁ
441 617 557 649 ἐνεστὼς
572 617 638 644 αἰὼν
650 618 688 649 ὡς
704 617 772 653 πρὸς
785 617 834 653 τὴν

45 661 113 695 ζωὴν
128 661 234 693 αὐτῶν,
248 661 277 687 ὃν
291 661 370 696 λόγον
383 661 438 697 ἔχει
459 663 476 698 ὴ
497 663 560 698 παρ’
576 661 728 697 ἀνθρώποις
744 662 834 697 ἡμέρα

45 705 109 740 πρὸς
125 706 189 732 ὅλον
204 706 250 732 τὸν
266 706 377 732 δυνατὸν
393 706 529 742 ἀνθρώπῳ
546 706 595 742 ζῇν
618 706 721 742 χρόνον.
744 706 833 741 Siqui-

43 750 99 776 dem
112 758 233 784 prwsens
243 756 308 778 tetas
316 752 434 778 eamdem
444 752 556 786 fortasse
570 752 700 778 rationem
710 751 786 778 habet
797 751 832 778 ad

44 795 120 823 vitam
133 796 274 823 beatorum
289 797 464 832 quarumdam
477 801 639 831 potestatum
648 816 655 828 ,
668 804 775 831 qquue
789 804 833 831 ge-

44 841 104 867 nitis
120 842 302 876 compluribus
327 843 441 876 collata},
469 842 616 877 superiores
632 842 672 870 his
693 848 831 870 evaserunt

887 254 942 276 tate
950 249 1078 280 victores,
1090 249 1186 275 horam
1199 248 1317 281 tertiam,
1328 252 1550 279 sextam,nonam
1561 256 1568 280 ;
1579 255 1674 275 sacra—

887 300 980 324 mento
990 295 1093 323 scilicet
1108 294 1261 324 Trinitatis.
1273 302 1334 329 quae
1350 294 1376 321 in
1398 294 1555 321 novissimis
1569 299 1673 328 tempo-

886 342 962 369 ribus
977 340 1146 368 manifestari
1159 339 1284 366 habebat.
1305 348 1314 364 ι
1330 338 1435 372 Quibus
1449 338 1559 366 demum
1573 338 1673 365 addere

886 387 953 415 libet
975 386 1048 414 aliud
1068 386 1173 413 illustre
1197 385 1383 412 testimonium
1404 391 1437 411 ex
1456 383 1532 411 Actis
1556 384 1672 412 sinceris

886 436 1044 460 sanctorum
1057 436 1206 466 martyrum
1223 430 1379 461 Fructuosi,
1390 429 1503 464 Augurii
1514 433 1540 456 et
1553 429 1670 464 Eulogii,

885 486 944 506 tero
963 477 1092 513 Cypriani
1112 477 1252 504 memoria:
1268 476 1385 505 traditis.
1402 475 1448 503 Sic
1460 480 1550 507 autem
1571 482 1600 502 se
1620 475 1671 502 ha-

885 524 931 552 bet
943 524 1000 560 (29)
1015 531 1022 549 :
1041 533 1050 549 ι
1069 524 1178 550 Similes
1192 522 1317 554 Ananiae,
1331 521 1435 548 Azarize
1456 526 1484 549 ct
1503 521 1606 549 Misaeli
1622 528 1670 548 ex-

885 572 1022 603 stiterunt,
1042 573 1071 596 ut
1092 569 1175 596 etiam
1191 569 1218 595 in
1238 568 1292 596 illis
1310 567 1431 595 Trinitas
1443 567 1534 594 divina
1547 569 1672 594 cernere-

885 621 939 644 tur.
963 626 972 642 ι

922 662 1010 690 Habes
1026 662 1108 697 igitur
1127 666 1183 688 tum
1200 661 1320 694 Graecos,
1338 665 1395 687 tum
1410 659 1521 687 Latinos
1541 659 1670 687 Ecclesiae

884 708 978 736 Patres
990 709 1090 743 quibus
1104 707 1212 744 τριάδος
1223 707 1386 734 vocabulum
1406 707 1462 741 jam
1478 706 1540 733 inde
1556 713 1571 733 a
1583 713 1670 733 sareu-

885 754 911 781 lo
920 762 937 780 ιι
946 754 1096 785 desinente,
1105 758 1266 788 usurpatum
1273 753 1448 787 comperilur.
1457 752 1535 785 Quod
1544 752 1565 779 si
1578 752 1670 780 adhuc

884 799 1228 834 superarentvetustiorum
1237 799 1400 833 scriptorum
1409 803 1598 831 monumenta,
1608 805 1665 825 non

884 845 1065 880 adTheophili
1073 845 1161 872 solum
1172 849 1219 871 aut
1229 843 1387 871 Tertulliani
1397 848 1516 876 aetatem,
1529 837 1575 871 sed
1585 843 1669 871 altius

43 895 98 921 qua:
118 887 194 922 infra
213 897 301 915 rerum
318 890 435 917 omnium
452 890 652 917 moderatricem
673 889 829 916 Trinitatem
845 894 866 921 Β
880 892 960 919 etiam
970 891 1130 926 assurgendi
1144 890 1223 917 nobis
1241 890 1357 917 fortasse
1371 889 1487 917 facultas
1499 892 1664 925 suppeteret,

42 933 127 969 posita
143 939 206 961 sunt
219 942 232 967 ,i
244 943 324 969 quam
337 935 460 963 humanm
473 936 534 963 uiue
543 936 598 962 dies
613 935 647 962 ad
664 939 747 962 totum
764 940 830 962 tem-

41 985 87 1010 pus
100 979 237 1006 rationem
255 980 331 1007 habet
345 1001 352 1014 ,
374 981 408 1007 ad
424 981 493 1016 quod
507 981 619 1008 hominis
638 981 693 1008 vita
707 981 830 1016 progredi

43 1027 136 1056 potest.
156 1024 251 1060 Neque
264 1026 308 1054 hic
328 1027 434 1060 solum,
452 1027 500 1054 sed
521 1027 588 1054 alibi
608 1034 717 1062 quoque
735 1034 828 1054 vocem

40 1069 165 1096 eamdem
179 1071 214 1098 ab
229 1079 263 1098 eo
284 1072 400 1099 subinde
410 1077 571 1107 usurpatam
587 1072 680 1099 videas
697 1072 763 1107 (23).
777 1071 829 1099 Ve-

40 1115 136 1142 tustior
150 1117 242 1144 adhuc
258 1116 374 1153 Origene
393 1117 518 1146 Cloniens
532 1117 733 1145 Alexandrinus
745 1118 801 1152 (21)
820 1127 826 1145 :

40 1163 95 1191 Οὐκ
111 1163 203 1195 ἄλλως
216 1164 303 1199 ἔγωγε
318 1165 450 1197 ἐξακούω,
465 1166 481 1201 ἣ
499 1165 549 1201 τὴν
563 1165 643 1200 ἁγίαν
660 1165 762 1201 Τριάδα
777 1174 828 1200 μη-

40 1208 162 1236 νύεσθαι·
180 1210 270 1246 τρίτον
287 1211 400 1247 μὲνγὰρ
416 1210 494 1243 εἶναι,
512 1212 542 1238 τὸ
553 1211 629 1245 ἆγιον
645 1211 767 1246 Πνεῦμα·
782 1212 828 1238 τὸν

41 1255 102 1284 Υἰὸν
114 1256 156 1287 δὲ,
175 1256 309 1293 δεύτερον,
327 1257 360 1284 δι’
374 1255 404 1284 οὗ
419 1257 507 1283 πάντα
519 1257 628 1291 ἐγένετο
644 1256 714 1283 κατὰ
730 1256 827 1292 βούλη-

41 1309 80 1327 σιν
91 1302 142 1328 τοῦ
154 1303 270 1339 Πατρός.
283 1303 412 1339 Equidem
426 1304 478 1330 ista
487 1311 537 1330 non
550 1303 601 1329 nisi
613 1303 645 1329 de
659 1307 752 1329 sancta
768 1302 828 1329 Tri-

41 1347 123 1374 uitate
145 1349 249 1383 accipio
264 1356 273 1375 :
297 1353 322 1376 et
339 1350 411 1376 tertii
434 1349 540 1384 quidem
557 1348 678 1380 nomine,
696 1347 827 1383 Spiritum

40 1398 175 1425 sanetum;
190 1393 297 1420 secundi
312 1401 380 1426 vero,
395 1393 496 1420 Filium
511 1393 639 1428 intelligo,
653 1401 699 1427 per
709 1401 785 1427 quem
795 1401 827 1420 ex

41 1437 129 1468 Patris
139 1439 274 1466 voluntate
284 1441 356 1474 [acta
365 1444 425 1466 sunt
435 1439 533 1466 omnia.
546 1439 744 1466 Clementinum
754 1439 827 1466 hunc

41 1483 129 1511 locum
151 1485 297 1520 exscripsit
317 1486 380 1512 item
402 1484 538 1512 Eusebius
552 1484 619 1519 (25).
642 1483 690 1512 llis
707 1484 825 1519 denique

40 1531 151 1557 accedat
166 1530 335 1566 Theophilus
345 1531 543 1564 Antiochenus,
557 1531 605 1566 qui
618 1535 732 1558 czrteros
746 1534 824 1558 aetate

39 1577 122 1603 anteit
136 1576 194 1612 (26)
211 1585 218 1603 :
240 1577 375 1609 Ὡσαύτως
385 1577 430 1604 καὶ
445 1577 473 1603 αἱ
482 1579 555 1613 τρεῖς
565 1577 667 1612 ἡμέραι
678 1576 755 1612 [πρὸ]
769 1575 824 1602 τῶν

40 1625 190 1659 φωστήρων
212 1619 358 1657 γεγονὺῖαι,
382 1623 462 1650 τύποι
480 1625 548 1651 εἰσὶν
567 1623 617 1658 τῆς
633 1622 755 1658 Τριάδος,
777 1622 824 1648 τοῦ

39 1668 114 1699 Θεοῦ,
131 1669 180 1695 καὶ
201 1669 247 1695 τοῦ
268 1670 354 1704 Λόγου
369 1670 460 1702 αὐτοῦ,
482 1671 528 1697 καὶ
548 1670 597 1704 τῆς
617 1669 715 1704 Σοφίας
731 1668 823 1695 αὐτοῦ.

40 1712 170 1742 Similiter
184 1721 234 1742 tres
251 1716 292 1742 illi
316 1717 370 1743 dies
386 1717 430 1751 qui
450 1722 511 1744 ante
524 1717 669 1743 luminaria
696 1716 803 1750 fuerunt
815 1737 822 1748 ,

38 1760 123 1795 imago
135 1765 197 1787 sunt
214 1761 368 1795 Trinitatis;
386 1763 451 1796 Dei,
467 1763 523 1798 ejus
544 1762 629 1794 Verbi,
645 1762 751 1797 ejusque
771 1762 824 1789 Sa-

38 1807 154 1838 pientiw.

71 1852 143 1885 Quid
159 1861 223 1880 vero
237 1854 437 1889 prohibetquin
451 1854 578 1882 Ecclesiae
591 1854 690 1882 Gracat
705 1855 823 1889 εει-ἰριοκ

39 1897 111 1926 ribus
138 1899 271 1926 hactenus
294 1900 451 1932 recensitis,
471 1901 540 1927 duos
561 1901 640 1927 etiam
661 1899 822 1927 Latinorum

38 1941 149 1972 Patrum
176 1946 378 1973 vetustissimos
404 1945 611 1981 adiungamus?
637 1945 823 1973 Tertullianus

38 1989 112 2024 (27):
131 2000 141 2016 ι
160 1990 338 2018 Custodiatur
357 1993 516 2019 oeconomiae
536 1996 748 2024 sacramentum,
762 1998 823 2026 quae

38 2036 168 2064 unitatem
183 2038 209 2064 in
225 2037 384 2064 Trinitatem
401 2037 531 2072 disponit,
549 2042 604 2064 tres
618 2037 747 2072 dirigens.
770 2036 823 2064 Pa-

37 2085 101 2111 trem
118 2087 146 2109 et
159 2082 257 2109 Fillum
269 2087 295 2110 et
311 2082 441 2117 Spiritum
458 2088 617 2109 sanctum...
635 2081 783 2110 Numerum
795 2087 822 2109 et

36 2127 239 2163 dispositionem
275 2128 433 2160 Trinitatis,
463 2128 625 2155 divisionem
652 2131 822 2162 praesumunt

37 2173 148 2200 unitatis
170 2184 178 2200 τ
200 2173 310 2208 quando
323 2173 412 2200 unitas
426 2181 457 2200 ex
469 2173 613 2208 semetipsa
625 2173 751 2200 derivans
759 2172 803 2198 Tri
814 2188 821 2193 -

881 937 914 965 ad
929 938 1109 972 antiquiorem
1126 937 1247 972 ejusdem
1264 936 1337 963 vocis
1354 944 1433 963 usum
1447 936 1637 964 asserendum.

918 981 960 1009 Vl.
988 982 1048 1009 Jam
1085 990 1149 1009 vero
1185 982 1218 1009 ad
1246 982 1331 1009 Graeci
1360 986 1450 1009 textus
1483 982 1664 1017 integritatem

880 1029 1066 1060 astruendam,
1083 1027 1148 1055 illud
1161 1035 1269 1063 quoque
1289 1027 1450 1060 ohjeetionis
1465 1035 1550 1062 genus
1563 1035 1666 1061 expen-

879 1075 942 1103 dere
957 1075 1070 1102 interest
1089 1074 1161 1109 quod
1180 1081 1213 1101 ex
1231 1073 1319 1100 verbis
1339 1073 1390 1101 sub
1409 1073 1515 1100 initium
1537 1072 1664 1107 Epistola:

879 1121 1034 1148 constitutis
1050 1121 1190 1155 repetitur,
1209 1124 1291 1154 prout
1307 1124 1416 1147 exstant
1435 1119 1463 1146 in
1480 1120 1604 1146 versione
1616 1119 1670 1146 Li-.

878 1165 1042 1201 pomaniana
1053 1173 1113 1200 qum
1132 1165 1176 1192 hic
1191 1164 1345 1197 exhibetur,
1366 1163 1412 1191 ubi
1432 1163 1466 1190 de
1479 1163 1564 1191 sancti
1579 1163 1664 1198 Spiri-

879 1216 922 1238 tus
934 1211 1108 1245 processionc
1126 1209 1263 1245 professio
1282 1209 1449 1237 enuntiatur.
1465 1209 1566 1236 Locum
1582 1216 1672 1244 supe-.

877 1256 959 1291 rius§
973 1257 990 1283 2
1006 1257 1180 1292 protulimus.
1193 1255 1307 1291 Magnus
1314 1255 1424 1290 quidem
1436 1254 1570 1282 Baronius
1579 1255 1664 1282 haud-

878 1310 1015 1338 quaquam
1030 1310 1086 1329 retn
1100 1309 1152 1329 acu
1163 1302 1285 1337 tetigisse
1297 1301 1415 1333 videtur,
1430 1301 1494 1327 dum
1506 1300 1624 1335 conjecit
1633 1300 1675 1333 in_

878 1348 934 1383 (50)
950 1349 1023 1376 illam
1035 1349 1188 1376 versionem
1202 1348 1382 1375 Griecismum
1398 1347 1541 1382 irrepsisse
1554 1346 1588 1377 de
1600 1346 1662 1381 Spi-

878 1395 931 1422 ritu
948 1399 1053 1426 sancto,
1072 1395 1225 1428 procedente
1239 1401 1272 1420 es
1285 1393 1366 1420 Patre
1379 1398 1403 1420 et
1421 1401 1450 1420 in
1467 1392 1539 1419 Filio
1557 1401 1663 1427 ρει-πω,

877 1446 969 1474 uento;
984 1441 1106 1475 adeoque
1126 1440 1151 1467 ei
1171 1439 1367 1475 praticrendam
1383 1447 1444 1467 esse
1465 1439 1663 1470 Momhritianaa

876 1487 1003 1515 editionis
1028 1487 1183 1518 lectionem,
1206 1494 1260 1522 qua
1284 1486 1395 1514 effertur
1414 1486 1532 1521 Spiritus
1551 1490 1672 1520 sanctus

875 1533 1013 1566 procedere
1033 1541 1065 1560 ex
1079 1533 1161 1560 Patre
1175 1538 1199 1560 et
1216 1532 1299 1559 Filio.
1312 1531 1412 1559 Verum
1428 1532 1498 1563 hanc
1509 1530 1535 1557 in
1551 1534 1661 1558 senten-

877 1581 942 1607 tiam
959 1578 1079 1614 profecto
1100 1586 1154 1606 non
1174 1578 1362 1606 descendisset
1377 1577 1495 1604 eximius
1515 1576 1661 1603 Annalium

876 1625 1124 1653 ecclesiasticorum
1148 1631 1262 1659 parens,
1282 1623 1303 1651 si
1317 1623 1404 1650 oculis
1425 1623 1542 1649 lustrare
1560 1621 1611 1656 ipsi
1626 1621 1661 1648 li-

875 1673 978 1701 cuisset
993 1673 1047 1699 duo
1070 1673 1115 1699 illa
1138 1679 1253 1705 quorum
1266 1678 1348 1706 supra
1371 1670 1547 1697 meminimus
1564 1669 1671 1701 Graeca,

875 1718 1057 1753 exemplaria,
1079 1712 1350 1751 lluntingdonianum
1374 1720 1400 1742 et
1422 1714 1662 1749 Nanianum,qu:e

874 1764 927 1791 hoc
937 1764 990 1791 loci
1004 1767 1133 1798 corrupta
1151 1766 1179 1790 et
1188 1762 1331 1794 vitiata,ut
1344 1768 1511 1792 asset-amns,
1528 1760 1602 1787 nulla
1610 1768 1660 1787 no-

874 1809 916 1837 bis
931 1809 1002 1836 ratio
1017 1808 1145 1843 suppetit.
1164 1807 1249 1835 Porro
1268 1810 1416 1841 utrumque
1435 1806 1506 1833 istud
1520 1805 1659 1840 exemplar

874 1853 1097 1888 Lipomanianam
1110 1852 1251 1883 lectionem
1268 1852 1367 1883 firmat,
1379 1846 1510 1878 exhibens
1526 1850 1658 1885 Spiritum

873 1904 1010 1931 sanctum,
1027 1898 1240 1935 ἐκπορευόμενον
1253 1899 1286 1924 ὲκ
1299 1898 1414 1933 Πατρὺς.
1428 1897 1473 1923 καὶ
1486 1897 1514 1923 ὲν
1528 1890 1586 1932 Υῑῷ
1601 1896 1658 1923 δια,-

875 1946 965 1982 μένον.
984 1945 1062 1978 Quod
1076 1945 1099 1972 si
1113 1935 1310 1972 Momhritlanm
1323 1943 1431 1971 lectioni
1443 1947 1548 1970 vetusta
1563 1950 1657 1969 exem-

872 1992 970 2027 plaria,
987 1991 1084 2018 eodem
1097 1990 1216 2018 Baronio
1231 1994 1311 2021 teste.
1329 1989 1525 2023 astipulantur,
1537 1996 1592 2015 non
1606 1988 1656 2015 de-

873 2041 937 2064 sunt
955 2043 1035 2068 sane,
1054 2035 1160 2070 quibus
1176 2039 1203 2061 et
1224 2034 1419 2067 Lipomaniana
1442 2033 1584 2060 innitatur.
1599 2032 1655 2060 Ex-

872 2086 927 2110 stat
938 2082 1079 2109 enimvero
1092 2081 1120 2110 in
1133 2085 1227 2108 nostra
1239 2080 1402 2107 bibliotheca
1416 2079 1472 2115 (5|)
1488 2080 1604 2115 insignis
1612 2087 1656 2107 co-

872 2127 924 2154 dex
938 2127 1174 2159 membranaceus,
1183 2125 1385 2161 elegantissime
1399 2125 1563 2160 descriptus,
1574 2130 1656 2160 atque

872 2182 940 2201 auro
958 2173 1125 2208 picturisque
1142 2172 1244 2200 atl‘abre
1261 2172 1403 2200 delineatis
1421 2175 1569 2199 exornatus
1581 2181 1588 2198 :
1600 2176 1657 2199 est-

36 2219 158 2252 nitatem,
175 2227 230 2246 non
246 2219 402 2246 destruatur
411 2219 445 2246 ab
456 2219 567 2251 illa,sed
577 2218 793 2245 administretur.
807 2227 816 2244 ι
835 2227 857 2254 D
871 2228 924 2256 que
938 2219 1108 2251 Breviarium,
1124 2219 1267 2246 secundum
1291 2218 1504 2245 consuetudinem
1530 2217 1658 2245 Romanas

34 2265 186 2302 Paucisque
210 2267 380 2302 interiectis:
399 2276 408 2292 ι
429 2266 549 2294 Trinitas
571 2274 619 2301 per
635 2269 776 2294 consertes
791 2270 819 2292 et

35 2321 172 2341 connexos
185 2313 286 2349 gradus
306 2321 320 2340 a
337 2313 418 2340 Patre
432 2312 593 2345 decurrens,
608 2316 635 2339 et
652 2311 819 2338 monarchiae

35 2359 101 2386 nihil
117 2359 259 2393 obstrepit,
271 2363 298 2386 et
312 2358 472 2386 oeconomia:
491 2362 591 2385 statum
607 2357 733 2392 protegit.
750 2366 759 2382 ι
778 2356 817 2383 Εη

34 2405 147 2433 alterum
164 2403 290 2432 Ecclesiae
302 2403 437 2431 Africanae
448 2404 550 2436 lumen,
569 2403 722 2438 Cyprianus
736 2402 793 2437 (28)
809 2411 816 2429 :

36 2458 45 2474 ι
63 2450 91 2477 in
103 2450 276 2478 orationibus
297 2449 467 2477 celebrandis
490 2449 644 2476 invenimus
657 2448 818 2476 observasse

67 2517 125 2552 (-20)
139 2517 222 2544 Basil.
235 2517 281 2544 lib.
298 2516 335 2543 De
345 2516 415 2551 Spir.
425 2515 466 2549 S.,
476 2523 536 2551 cap.
546 2515 591 2542 ἓξ).
604 2514 672 2550 Opp.
687 2519 755 2542 tom.
769 2517 815 2549 lll,

33 2561 57 2587 p.
74 2553 121 2584 6t,
132 2553 198 2579 edit.
212 2552 316 2587 noviss.
377 2555 384 2561 '

66 2587 214 2622 (eticreg.
227 2586 322 2622 Neoc.,
339 2587 440 2622 Expos.
458 2586 517 2622 ﬁd.,
531 2593 557 2620 p.
575 2586 600 2612 1.

65 2623 123 2658 (22)
139 2620 261 2657 Origon.,
279 2620 426 2649 Comment.
443 2620 469 2648 in
489 2620 583 2658 liquit/1.
595 2640 602 2652 ,
623 2625 692 2650 tom._
721 2628 767 2654 xv,
787 2630 814 2648 ιι.

33 2656 75 2688 Si.
93 2658 158 2684 edit.
173 2656 291 2689 noviss.,
303 2662 369 2684 tom.
387 2664 430 2689 ιιι,
448 2665 473 2690 p.
491 2656 553 2682 698.

67 2685 225 2727 {25)1dem,
251 2685 324 2718 hom.
349 2692 404 2719 9i"
421 2685 519 2724 Eiram,
538 2699 565 2718 n.
584 2691 610 2723 5,
636 2691 711 2727 hom.
732 2692 762 2718 11
788 2685 816 2718 iit

35 2725 120 2756 Num.
133 2736 161 2754 ι).
171 2727 197 2759 8,
211 2728 239 2753 in
259 2728 326 2762 psal.
339 2735 429 2758 cxmv.
442 2733 468 2753 et
479 2727 526 2753 lib.
539 2734 581 2758 Ill,
595 2728 621 2753 in
631 2725 708 2753 Cant.
719 2731 790 2752 cant.
807 2747 814 2753 .

35 2762 172 2797 \‘itl.0pp.
195 2767 262 2789 tom.
280 2770 315 2795 it,
331 2771 356 2797 p.
378 2762 440 2795 163,
462 2762 524 2794 510,
541 2762 608 2795 845,
631 2767 657 2788 et
675 2766 740 2788 tom.
773 2770 814 2794 III,

67 2832 124 2868 (ει)
138 2832 224 2861 Clem.
237 2833 289 2865 AL,
305 2831 417 2866 Strom.,
434 2832 480 2860 lib.
493 2840 518 2866 v,
532 2833 633 2868 p.710,
645 2832 708 2860 edit.
725 2831 812 2862 Oxon.

35 2868 110 2895 1715.

870 2266 960 2293 euriw.
985 2265 1014 2292 ln
1039 2273 1072 2293 eo
1087 2270 1178 2292 autem
1204 2269 1267 2299 post
1292 2265 1423 2294 medium.
1444 2264 1490 2292 ubi
1521 2264 1656 2299 incipiunt

869 2312 1027 2346 festivitates
1047 2316 1215 2343 sanctorum,
1233 2312 1258 2337 in
1275 2309 1345 2337 festo
1363 2310 1392 2337 S.
1405 2310 1521 2337 Andreae
1537 2310 1653 2344 apostoli

868 2365 914 2385 sex
928 2358 1058 2388 lectiones
1072 2357 1215 2390 habentur,
1233 2365 1265 2384 ex
1275 2357 1395 2391 Epistola
1409 2355 1536 2384 Ecclesia:
1551 2356 1652 2384 Achai-

867 2411 907 2431 cae
921 2404 1086 2432 verbotenus
1104 2403 1268 2438 desumptte;
1285 2403 1312 2430 in
1328 2410 1444 2438 quarum
1457 2403 1556 2438 prima,
1572 2402 1660 2432 lectio.

866 2450 1061 2486 Lipomaniana
1075 2449 1202 2477 occurrit.

866 2518 959 2580 67(525)
975 2518 1086 2551 Euseb,
1102 2517 1190 2552 [λι-αφ.
1208 2525 1300 2552 evang.
1312 2538 1318 2549 .
1333 2517 1379 2545 lib.
1400 2526 1461 2550 xui,
1473 2525 1532 2552 cap.
1553 2517 1586 2544 13
1600 2539 1608 2550 ,
1628 2527 1653 2553 p.

902 2589 958 2623 (26)
974 2588 1109 2622 Theoph.,
1122 2588 1157 2614 ad
1170 2587 1270 2623 Atttol.,
1287 2587 1335 2614 lib.
1352 2597 1383 2621 ιι,
1399 2588 1467 2623 διες.

901 2622 958 2658 (27)
975 2623 1088 2651 Tertull.
1107 2623 1168 2650 adv.
1185 2622 1283 2652 Prima.
1299 2631 1378 2658 capp.
1395 2622 1422 2655 Ξ,
1439 2624 1466 2655 5,
1479 2623 1507 2650 8.

901 2657 958 2694 (‘28)
974 2659 1068 2694 Cypr.,
1080 2658 1127 2685 lib.
1139 2658 1177 2685 De
1188 2662 1257 2684 orat.
1270 2657 1360 2692 Dom.,
1378 2667 1440 2694 pag.
1453 2659 1516 2692 2H,
1527 2657 1590 2691 215,
1610 2659 1653 2686 ed.

864 2695 967 2722 noviss.
979 2693 1065 2721 Paris.

900 2729 958 2765 ('29)
970 2729 1116 2765 diuinam,
1129 2729 1195 2765 Acta
1207 2733 1330 2764 martyr.,
1342 2737 1404 2765 pagg.
1416 2728 1477 2762 192,
1493 2729 1507 2765 §
1522 2729 1549 2765 4ξ

900 2764 957 2799 (50)
969 2764 1081 2794 Baron.,
1101 2764 1136 2791 ad
1154 2763 1266 2798 Martyr.
1280 2763 1308 2792 d.
1321 2765 1355 2792 50
1372 2763 1451 2797 Νον.,
1468 2763 1525 2792 not.
1537 2764 1570 2799 Δ.

900 2798 956 2834 (51)
974 2799 1041 2826 Bibl.
1057 2799 1108 2826 PP.
1137 2799 1234 2834 Congr.
1250 2799 1326 2828 Orat.
1336 2800 1436 2834 Venet.,
1449 2800 1516 2835 plut.
1534 2798 1566 2832 ν,
1587 2804 1646 2832 not.

864 2834 895 2868 E,
906 2835 934 2866 2..
