1916 3099
231 153 301 180 (ΞΟἹ

626 152 928 181 PRESBYTERORUM
950 152 994 180 ET
1012 153 1238 181 DlACONORUM
1255 153 1394 180 ACHAIAS

1792 154 1854 183 1208

267 211 338 245 Quid
349 211 470 247 quaeris?
483 211 578 239 Lectio
597 211 692 239 isthaac
714 218 824 238 sensum
843 219 940 238 sanum
957 218 1016 237 om-
1031 215 1052 242 Α
1065 211 1163 247 jungat
1181 211 1310 246 Spiritum
1325 219 1342 238 ιι
1361 210 1429 238 Filio
1440 219 1578 246 nunquam
1594 210 1738 243 recedere;
1749 216 1782 238 ut
1793 220 1855 240 con-

231 259 301 286 nino
315 262 343 286 et
355 259 521 286 catholicum
539 258 640 291 habet;
653 257 753 293 quippe
763 265 824 293 quae
839 258 946 286 tametsi
964 257 1018 285 La-

230 305 320 332 tinum
333 305 367 332 de
385 305 471 332 sancti
489 304 608 339 Spiritus
621 303 796 339 processione
811 311 826 330 a
838 303 918 331 Patre
931 308 958 331 et
973 303 1019 330 Fi-

231 349 269 377 lio
279 351 376 385 dogma
390 358 444 377 non
456 350 606 385 exprimat;
619 354 738 377 attamen
757 357 845 384 neque
860 349 1018 377 Graecorum

231 402 354 422 errorem
371 394 405 422 de
423 394 525 429 Spiritu
541 399 636 422 sancto
647 403 662 422 a
682 395 742 422 solo
762 393 842 422 Patre
857 395 1019 429 procedente

233 440 289 468 allo
305 445 384 476 pacto
394 441 525 468 insinuat.
535 439 718 474 Quamobrem
731 439 827 468 Patres
841 440 927 468 Graeci
943 449 1019 468 com-

232 486 323 520 plures
337 485 458 522 ejusdem
471 486 543 513 modi
558 490 604 513 aut
620 485 692 513 allini
709 485 838 521 loquendi
859 487 964 514 ratione
977 486 1019 514 usi

231 531 398 567 quandoque
407 532 621 567 comperinntur,
632 539 749 566 quorum
759 532 915 559 testimonia
932 533 1020 567 plera-

231 587 286 614 que
307 579 444 614 congessit
466 579 494 606 in
513 579 570 607 suis
595 579 754 614 Epigraphis
778 578 897 607 Joannes
914 578 1019 606 Veccus

231 625 299 660 (ὃῖ).
311 624 404 660 Neque
425 625 503 652 aliter
522 625 608 652 Graeci
628 625 776 653 orthodoxi
793 625 972 657 recentiores,
989 629 1019 652 ut

231 679 265 698 ex
279 670 453 698 Constantini
470 669 643 699 Meliteniota:
658 670 831 699 Orationibus
845 671 887 699 vel
902 671 1020 699 maxime

229 716 258 744 in
273 720 399 752 promptu
412 721 454 744 est
469 717 597 752 colligere
611 717 678 752 (55).
691 717 763 750 Quin
783 722 809 745 et
832 717 955 745 nonnulli
970 717 1021 744 Pa-

229 767 287 790 tres
298 762 387 790 Latini
406 763 571 790 locutionem
585 763 709 790 eamdem
730 771 879 798 usurpasse
898 771 1019 790 noscun-

231 815 294 842 tur;
310 813 339 836 ut
350 809 420 836 inter
434 813 548 836 ceteros
562 809 709 845 Gregorius
719 809 843 844 Magnus,
859 810 906 844 qui
925 809 1021 836 Dialo-

231 861 323 888 gorum
338 853 385 880 lib.
408 862 440 886 ιι,
452 861 512 889 cap.
529 854 576 886 58,
587 854 665 889 juxta
680 854 802 882 Grzecam
822 854 962 883 Zacharize
972 863 1021 890 pa-

229 907 272 934 pae
283 899 436 927 versionem
446 901 486 928 sic
500 901 538 928 ait
554 901 690 937 εΦανερδν
705 900 752 929 οὖν
767 902 894 938 ὑπάρχει,
907 903 948 929 i'm
963 902 1020 929 Ila-

231 945 365 983 ράκλητον
380 946 493 982 Πνεῦμα
507 950 540 974 ἐκ
553 948 600 974 τοῦ
617 948 723 984 Harpe;
739 948 914 985 προέρχεται,
927 949 974 976 καὶ
990 950 1019 975 ὲν

228 992 268 1028 τῷ
285 993 341 1028 Υιῷ
351 993 481 1029 διαμένει.
500 993 527 1020 ld
545 999 597 1027 est,
614 994 636 1021 si
648 995 760 1022 verbum
773 994 855 1022 verbo
868 995 1017 1022 reddatur:

229 1038 403 1074 Manifestum
427 1045 467 1066 est
486 1040 568 1075 igitur
593 1040 662 1075 quod
686 1039 842 1068 Paraclettu
865 1039 982 1078 Spiritus
1002 1049 1019 1068 a

229 1084 313 1112 Patre
326 1086 456 1120 procedit,
467 1090 493 1112 et
507 1086 534 1112 in
549 1085 622 1113 Filia
634 1091 780 1121 permanet.
801 1086 868 1120 Quae
885 1091 926 1114 est
937 1087 1019 1122 ipsis-

227 1131 298 1159 sima
313 1131 440 1167 Epistolas:
455 1131 582 1160 Achaicae
600 1132 746 1165 sententia,
759 1132 794 1160 de
812 1140 866 1168 qua
880 1134 988 1169 agimus
1009 1142 1016 1159 :

227 1180 300 1213 quod
313 1178 423 1214 quidem
438 1179 539 1206 nemini
555 1179 686 1207 hactenus
699 1179 932 1207 animadversum.

263 1223 358 1260 Neque
378 1233 445 1252 vero
464 1225 520 1252 ullo
543 1226 626 1252 modo
644 1225 797 1253 audiendus
817 1226 862 1253 hic
876 1230 919 1253 est
931 1226 972 1261 (ut
991 1226 1018 1254 id

227 1270 318 1298 obiter
328 1272 465 1307 moneam)
483 1270 602 1299 Jacobus
619 1270 782 1306 Basnagius,
797 1271 845 1306 qui
857 1271 1018 1299 Zachariam

227 1318 385 1352 pontiticcm
397 1317 494 1345 Latina
509 1317 633 1352 Gregorii
652 1317 662 1343 ι
682 1317 775 1345 Graece
791 1318 960 1350 reddentem,
975 1319 1019 1346 de—

227 1365 347 1391 cessoris
364 1364 407 1391 sui
423 1363 586 1392 sententiam
601 1364 711 1399 penitus
724 1364 886 1392 immutasse
902 1369 1018 1392 conten-

228 1409 289 1442 dit;
307 1409 419 1444 quique,
433 1409 507 1444 quod
520 1409 630 1444 gravius
647 1409 736 1437 adhuc
748 1414 800 1441 est,
817 1409 908 1444 ipsum
925 1411 1017 1443 etiam,

227 1454 253 1482 si
268 1455 320 1482 diis
334 1455 432 1490 placet,
449 1455 605 1483 Graecorum
621 1455 816 1483 contribulium
829 1463 941 1484 suorum
960 1457 1019 1491 opi-

227 1501 340 1528 nionem
357 1501 391 1528 de
406 1501 492 1528 sancti
509 1500 627 1536 Spiritus
638 1508 653 1528 a
664 1501 722 1528 solo
736 1500 816 1528 Patre
828 1501 1017 1536 processione,

1050 289 1053 294 Δ
1071 262 1199 286 sentanea
1221 258 1257 286 sit
1270 257 1367 290 illatio,
1388 257 1494 285 videtur
1510 257 1624 285 omnino
1636 257 1745 285 dixisse
1774 257 1855 294 Spiri-

1070 308 1129 331 tum
1151 311 1262 331 manere
1283 303 1311 330 in
1326 303 1411 336 Filio;
1431 303 1507 331 velut
1525 303 1656 331 nimirum
1678 303 1728 331 lib.
1753 312 1786 332 ιιι
1807 305 1857 332 Ιο-

1070 347 1135 379 ral.,
1149 355 1178 374 n.
1197 347 1242 379 92,
1262 347 1307 374 ubi
1323 347 1445 382 loquitur
1454 348 1488 375 de
1500 347 1580 376 modo
1594 355 1650 383 quo
1662 347 1788 383 Spiritus
1799 357 1856 376 san-

1070 399 1131 421 ctus
1144 393 1170 422 in
1181 393 1265 428 justis
1278 393 1392 426 habitat,
1410 394 1598 421 concludendo
1611 394 1650 421 ait
1664 403 1671 421 :
1685 393 1857 422 Dissimiliter

1069 447 1130 474 ergo
1142 439 1169 466 in
1187 439 1234 465 illo
1250 438 1339 474 (Filio)
1354 444 1451 471 manet,
1468 447 1484 465 a
1498 447 1549 474 quo
1559 447 1606 473 per
1616 445 1745 466 naturam
1757 447 1809 466 non
1820 448 1857 467 re-

1070 485 1150 512 cedit.
1161 483 1294 518 Quocirca
1304 485 1420 512 dicendo
1432 485 1459 512 in
1475 484 1607 520 Dialogis,
1620 484 1757 520 Spiritum
1769 493 1801 513 ex
1810 485 1857 513 Pa-

1071 535 1111 559 tre
1127 531 1274 566 procedere
1288 530 1355 558 etin
1369 531 1438 559 Filio
1449 538 1570 562 manere,
1580 531 1741 560 nullatenus
1755 531 1856 560 dissen-

1071 577 1137 604 serit
1152 584 1167 603 a
1178 576 1276 612 Vigilio
1292 576 1436 612 Tapsensi,
1449 577 1496 612 qui
1512 577 1559 604 lib.
1571 585 1599 604 ιι
1618 577 1655 604 De
1677 577 1792 609 Trinit.,
1805 578 1857 605 hac

1069 623 1163 650 omnia
1173 623 1333 658 complexus
1348 623 1457 651 fuerat:
1476 623 1531 659 Ego
1546 623 1623 650 credo
1636 623 1743 650 Filium
1759 624 1790 650 in
1810 623 1858 651 Pa-

1072 672 1121 701 tre,
1134 667 1232 702 inquit,
1245 673 1269 695 et
1280 668 1391 696 Patrem
1402 669 1430 695 in
1442 667 1514 695 Filio
1523 676 1532 699 ;
1542 667 1672 703 Spiritum
1688 676 1858 703 quoquenec

1071 720 1141 742 ctum
1156 713 1327 742 Paracletum
1340 715 1385 750 qui
1400 714 1517 749 procedit
1536 722 1552 741 α
1564 713 1659 745 Patre.
1680 719 1706 740 et
1725 713 1795 740 Filii
1807 722 1857 741 esse

1071 765 1095 788 et
1113 759 1216 790 Patris.
1241 761 1304 794 quia
1323 764 1348 786 et
1363 768 1378 786 a
1389 758 1461 786 Filio
1477 759 1604 794 procedit.
1623 758 1658 785 Et
1674 759 1760 794 paulo
1774 764 1832 793 post
1848 767 1855 784 :

1072 806 1148 839 Quod
1168 806 1237 832 idem
1252 804 1369 840 Spiritus
1391 804 1458 832 Filii
1471 806 1518 837 sit,
1541 804 1633 832 multis
1657 803 1859 839 Scripturaan

1071 852 1227 879 testimoniis
1241 851 1418 886 probavimus,
1433 855 1458 878 et
1469 851 1538 886 quod
1553 855 1623 878 totus
1643 858 1753 878 maneat
1769 851 1797 877 in
1813 850 1860 877 Fi-

1035 885 1056 912 B
1070 898 1121 930 llo;
1141 902 1165 925 et
1180 885 1249 925 sicut
1263 899 1382 933 procedit
1396 907 1413 925 a
1424 885 1479 926 Deo
1492 897 1584 931 Patre,
1598 898 1637 924 ita
1648 898 1771 932 procedit
1781 906 1797 924 α
1814 897 1860 924 Fi-

1069 944 1118 976 lio,
1140 949 1167 970 ut
1184 948 1239 971 tota
1259 943 1378 971 Trinitas
1394 953 1462 972 unus
1480 945 1605 972 credatur
1621 943 1705 971 Deus.
1723 943 1860 972 Hactenus

1069 991 1111 1018 vir
1122 990 1312 1018 doctissimus.

1107 1036 1161 1064 Vll.
1176 1037 1231 1072 Age
1241 1045 1324 1071 nunc,
1337 1037 1371 1064 ad
1383 1044 1466 1064 unam
1488 1037 1577 1065 adhuc
1593 1037 1786 1072 digrediamur
1810 1035 1860 1064 dif-

1068 1083 1217 1111 ﬁcultatem
1227 1083 1410 1117 enodandam,
1422 1091 1504 1118 super
1518 1082 1608 1120 (Egere
1616 1083 1705 1111 olllcio
1719 1090 1754 1110 ac
1771 1082 1858 1118 digni-

1069 1134 1125 1157 tate
1140 1129 1293 1157 institutam
1311 1136 1386 1164 :qua
1404 1129 1515 1157 demum
1533 1136 1661 1160 excussa,
1683 1129 1720 1156 de
1745 1128 1857 1163 reliquis

1069 1176 1218 1203 levioribus
1234 1175 1322 1203 lector
1335 1175 1460 1202 eruditus
1482 1174 1618 1210 judicium
1642 1173 1726 1202 ferat.
1758 1173 1858 1202 Scribit

1070 1219 1241 1255 Sophronius
1254 1219 1323 1255 (57),
1333 1224 1363 1247 ut
1377 1219 1474 1252 fertur,
1488 1219 1518 1247 S.
1534 1219 1670 1247 Andream
1685 1219 1763 1246 cruci
1776 1218 1860 1246 fuisse

1069 1266 1196 1294 sullixum
1210 1265 1262 1292 ὑπὸ
1272 1265 1318 1292 τοῦ
1332 1265 1415 1300 Δῐγέσ.
1427 1265 1474 1292 τοῦ
1486 1265 1618 1301 βασιλέως
1635 1264 1816 1300 Ἐδεσσηνῶν,
1827 1264 1856 1290 ab

1070 1312 1156 1348 .Egea
1182 1312 1307 1347 prafecto
1333 1311 1535 1343 Edessenorum.
1561 1311 1711 1346 interprete
1731 1310 1857 1338 Erasmo.

1071 1359 1205 1395 Scaliger,
1221 1363 1340 1394 quantus
1361 1349 1418 1386 vir!
1438 1358 1556 1385 miratur
1570 1357 1639 1392 (38),
1661 1357 1779 1393 (Egeam
1797 1365 1858 1392 pro-

1069 1405 1212 1432 consulem
1226 1403 1429 1432 Edessenorum
1452 1411 1544 1439 regem
1567 1403 1726 1439 Sophronio
1742 1403 1858 1437 dictum,

1070 1451 1212 1486 magisque
1226 1450 1343 1478 miratur
1352 1449 1463 1485 βασιλέα
1471 1449 1629 1485 praefectum
1643 1449 1720 1476 reddi
1736 1449 1772 1476 ab
1794 1447 1860 1475 Era-

1071 1496 1314 1524 smo.Blondellus
1339 1496 1405 1524 item
1435 1496 1462 1523 in
1491 1496 1658 1523 omnimodae
1683 1495 1859 1531 antiquitatis

227 1546 362 1582 Gregorio
374 1546 471 1583 Magno
482 1552 577 1575 contra
591 1547 650 1582 ejus
666 1552 782 1575 mentem
791 1548 964 1584 adjudicasse
975 1555 1019 1575 as-
1032 1555 1054 1583 α
1070 1541 1244 1576 indagatio“
1256 1542 1370 1568 “mal-0"
1383 1540 1545 1574 acerrimus»
1562 1540 1629 1568 satis
1648 1539 1767 1567 ﬁdem“
1795 1547 1860 1574 5°8-

229 1598 339 1620 severat
349 1593 418 1628 (54).
436 1593 471 1620 At
482 1593 545 1628 quis
556 1593 665 1620 demum
681 1593 714 1620 de
735 1594 912 1622 sanctissimo
927 1594 1019 1629 ponti-

229 1639 282 1667 ﬁce
295 1644 377 1675 atque
393 1640 566 1675 gravissimo,
579 1640 631 1668 sibi
643 1640 695 1668 hoc
709 1640 736 1667 in
751 1641 873 1668 animum
886 1640 1020 1668 inducat?

230 1685 299 1714 Illud
318 1686 410 1722 potius
429 1687 574 1714 dicendum
591 1686 678 1719 foret,
693 1687 715 1714 si
730 1695 759 1714 re
770 1695 833 1714 vera
852 1686 945 1714 Graeca
958 1687 1019 1722 ejus

231 1733 322 1760 versio
337 1740 353 1760 a
367 1732 465 1760 Latino
479 1732 601 1767 Gregorii
621 1737 694 1761 textu
711 1733 904 1768 discrepassct,
922 1741 982 1761 eam
1002 1742 1018 1762 a

229 1777 387 1806 Gratcorum
399 1779 490 1814 aliquo
504 1778 590 1806 fuisse
603 1779 666 1807 olim
681 1784 854 1814 corruptam;
866 1781 1017 1815 praesertim

230 1833 294 1853 cum
310 1833 343 1853 eo
357 1825 468 1853 nomine
486 1825 605 1853 Joannes
616 1826 748 1854 diaconus
758 1826 814 1861 jam
829 1826 932 1854 dudum
951 1834 1018 1854 con-

228 1876 343 1907 questus
363 1879 424 1900 esse
435 1876 564 1899 noscatur
577 1872 645 1907 (35).
660 1872 694 1899 At.
709 1871 885 1901 verisimilior
897 1873 964 1900 mihi
977 1873 1018 1900 vi-

231 1919 311 1946 detur
323 1919 375 1946 hac
387 1919 420 1946 de
430 1926 460 1946 re
474 1918 509 1947 cl.
523 1918 663 1952 Lequicnii
674 1919 818 1953 sententia,
833 1919 913 1954 cujus
925 1920 1018 1954 proin-

230 1964 352 1991 deverba
364 1963 518 1991 hucall‘errc
524 1971 613 1999 operte
624 1963 739 1998 pretium
747 1964 818 1992 duco
827 1964 884 1999 (56)
896 1972 902 1990 :
915 1973 924 1990 ε
938 1963 1017 1997 Quod

231 2014 346 2044 spectat,
368 2010 467 2045 inquit,
491 2010 525 2037 ad
549 2009 673 2045 Gregorii
700 2010 800 2043 locum,
828 2011 874 2045 qui
903 2010 1018 2038 habetur

231 2056 280 2084 lib.
293 2065 311 2084 ιι
321 2055 424 2091 Dialog.
433 2064 492 2091 cap.
503 2056 548 2090 38,
559 2056 683 2084 sincerus
691 2056 791 2088 dicam,
801 2057 887 2091 magis
896 2057 1017 2084 arridere

231 2101 376 2128 lectionem
392 2109 474 2136 quam
488 2101 596 2136 praefert
610 2100 704 2128 Graeca
725 2101 880 2128 translatio.
903 2100 1018 2133 Latinus

232 2151 378 2174 contextus
394 2147 474 2174 habet
487 2155 493 2174 ;
507 2146 573 2174 Cum
589 2147 659 2174 enim
681 2152 792 2180 constet,
808 2148 872 2182 quia
891 2146 1018 2174 Paracle-

233 2197 275 2218 tua
292 2191 408 2226 Spiritus
423 2201 439 2218 a
461 2191 543 2219 Patre
562 2200 662 2227 semper
676 2193 800 2227 procedat
819 2198 844 2219 et
860 2192 949 2224 Filio;
971 2202 1018 2220 cur

231 2248 260 2267 se
273 2239 361 2266 Filius
376 2247 539 2267 recessurum
550 2240 626 2273 dicit,
643 2245 671 2266 ut
683 2240 728 2267 ille
740 2240 827 2268 veniat
843 2240 888 2276 qui
908 2249 924 2267 a
945 2240 1018 2267 Filio

231 2292 368 2320 nunquam
387 2285 505 2312 recedit?
531 2284 623 2312 Graeca
639 2292 704 2312 vero
725 2285 886 2312 translatio:
903 2285 1019 2320 Φανερδν

229 2328 278 2358 οὖν
289 2330 417 2366 ὑπάρχει,
433 2330 474 2357 ὅτι
489 2329 520 2356 τὸ
537 2328 714 2365 Παράκλητον
730 2329 840 2364 Πνεῦμα
854 2331 886 2356 ὲκ
902 2329 948 2356 τοῦ
965 2330 1020 2356 Πα-

229 2377 295 2414 τρὺς
311 2377 489 2413 προέρχεται,
507 2376 554 2403 καὶ
575 2377 604 2402 ἐν
619 2375 658 2411 τῷ
674 2376 730 2411 Υίῷ
750 2376 878 2411 διαμένει.
908 2375 1018 2403 Constat

231 2425 316 2460 igitur
340 2424 409 2459 quod
434 2422 552 2458 Spiritus
573 2421 728 2449 Paraclctus
743 2430 774 2449 es
792 2422 874 2449 Patre
888 2422 1016 2456 procedit,

231 2475 256 2497 et
268 2471 296 2498 in
305 2469 377 2497 Filio
389 2468 558 2496 manet.Cum
572 2468 719 2503 Gregorius
726 2476 790 2495 mox
802 2467 942 2495 inferendo
953 2467 1018 2494 sub-

268 2537 325 2572 (52)
341 2537 421 2566 Vecc.
436 2537 506 2572 apud
518 2536 601 2564 Allat.
621 2536 705 2564 σφωε.
726 2536 808 2568 orth.,
823 2541 889 2563 tom.
906 2537 940 2566 ll,
955 2543 1015 2570 pag.

231 2573 287 2600 550
308 2577 334 2600 et
347 2581 424 2607 seqq.

268 2607 325 2676 £55)
344 2607 560 2647 Mclitcn.,_ibid.,
574 2615 600 2642 ρ.
615 2607 666 2633 786
691 2615 767 2647 seqq.
786 2642 791 2647 .

280 2642 325 2675 54)
339 2642 467 2676 Basnag.,
481 2651 506 2669 tn
521 2642 628 2669 Observ.
643 2644 677 2668 ad
690 2643 791 2669 Cuntsit

280 2642 325 2675 54)
339 2642 467 2679 Basnag.,
481 2643 506 2669 in
521 2641 628 2669 003m.
643 2644 677 2668 ad
690 2641 791 2669 Cunisii
805 2641 892 2674 Thes.,
904 2646 970 2668 tom.
981 2641 1014 2672 ll,

231 2682 303 2713 part.
321 2686 340 2710 I,
358 2686 384 2712 p.
398 2678 442 2704 88⁷.

233 2713 326 2756 "(35)
341 2712 421 2740 Joan.
436 2712 522 2744 Diac.,
543 2712 595 2739 Vit.
613 2712 642 2739 S.
661 2712 738 2746 (τι-εει.
753 2712 822 2745 Pl'.,
839 2712 885 2740 lib.
900 2720 936 2744 Iv,
953 2719 1012 2745 cap.

233 2749 326 2818 Ἱῢξζῖςῖ)
342 2783 485 2817 chuien.,
500 2783 613 2809 Disserl.
632 2782 756 2809 Damasc.
771 2784 791 2814 l,
810 2782 877 2818 §25,
893 2790 918 2816 p.
937 2781 977 2818 ll.

269 2817 324 2849 (57)
345 2816 443 2851 Sophr.
457 2818 527 2851 apud
543 2817 649 2843 Fabric.
666 2817 734 2844 Bibl.
749 2816 852 2847 ενι-[ιῗδη
869 2826 929 2851 pag.
949 2816 1011 2842 2:25.

270 2851 326 2881 (58)
347 2852 445 2885 Scalig.
469 2853 591 2879 Animad.
614 2852 639 2878 in
657 2853 754 2880 Utro".
768 2852 864 2880 Ettseb.
892 2852 923 2879 ad
946 2859 1010 2878 ann.

233 2893 411 2919 unoccunv,
426 2895 486 2922 pag.
501 2887 563 2914 256.

1070 1589 1146 1623 gillat
1158 1593 1309 1621 auctorem,
1326 1595 1407 1622 quem
1424 1587 1507 1614 etiam
1525 1586 1599 1614 aliud
1610 1594 1694 1622 agens
1711 1591 1792 1621 putat
1800 1593 1860 1613 esse

1069 1634 1372 1667 Pseudo-Dorotheum,
1385 1633 1450 1660 dum
1466 1633 1562 1661 scribit
1573 1632 1630 1668 (39)
1648 1633 1740 1668 ipsum
1750 1632 1858 1667 nugari,

1069 1681 1205 1708 Andream
1220 1679 1310 1707 Patris
1327 1679 1361 1706 ab
1373 1678 1458 1714 Egea
1477 1678 1680 1706 Edessenorum
1693 1685 1757 1713 rege
1769 1678 1860 1712 (quasi

1069 1735 1101 1754 cx
1121 1727 1217 1755 ultimo
1233 1727 1338 1754 oriente
1353 1727 1380 1753 in
1397 1726 1529 1753 Achaiam
1549 1730 1689 1753 momento
1704 1724 1860 1752 transvola-

1069 1774 1148 1808 vcrit)
1162 1773 1337 1801 cruciﬁxum.
1352 1772 1491 1808 Scaligero
1502 1772 1619 1800 adhaesit
1637 1772 1721 1799 etiam
1744 1777 1859 1798 aecum

1069 1820 1192 1847 tissimus
1200 1820 1392 1847 Tillemontius
1407 1818 1464 1854 (40)
1482 1827 1489 1845 :
1504 1825 1591 1852 eoque
1605 1817 1718 1844 nomine
1739 1816 1858 1851 Woogus

1068 1866 1181 1901 insuper
1195 1866 1320 1893 eumdem
1331 1865 1516 1900 Sophronium
1533 1864 1603 1892 ridet
1616 1863 1684 1898 (Η).
1700 1862 1823 1890 Caeteros
1835 1862 1857 1889 si

1069 1912 1116 1947 qui
1130 1916 1205 1944 sunt,
1221 1911 1292 1939 idem
1308 1911 1466 1943 sentientes,
1479 1909 1663 1945 praeterimus.

1105 1966 1182 1994 Dolet
1208 1967 1348 1994 enimvero
1373 1966 1447 1993 viros
1469 1964 1672 1993 eruditissimos
1695 1963 1751 1991 alia
1769 1963 1856 1991 multa

1068 2021 1132 2041 cum
1152 2013 1245 2040 animo
1256 2013 1403 2048 agitantes,
1417 2011 1483 2039 illud
1495 2011 1605 2038 demum
1618 2018 1673 2045 quo
1687 2010 1723 2038 de
1738 2011 1855 2046 agimus,

1069 2059 1140 2086 adeo
1159 2057 1344 2093 perfunctorie
1363 2056 1535 2095 expendisse.
1553 2055 1701 2088 Nimirum,
1726 2063 1783 2082 una
1799 2060 1855 2082 tan-

1070 2109 1127 2130 tum
1154 2102 1254 2130 Edessa
1282 2102 1483 2137 Mesopotamiae
1513 2102 1588 2135 urbs,
1617 2101 1690 2129 haud
1723 2102 1803 2137 longe
1824 2101 1855 2128 ab

1069 2149 1206 2182 Euphrate
1224 2149 1288 2182 sita,
1305 2149 1372 2183 ipsis
1383 2148 1600 2181 obversabatur;
1625 2153 1654 2175 ut
1672 2149 1790 2183 proinde
1805 2148 1853 2175 So—

1070 2194 1217 2229 phronium
1256 2195 1290 2221 de
1315 2194 1361 2221 illa
1388 2194 1474 2222 fuisse
1501 2194 1624 2222 [acutum
1649 2195 1851 2227 existimarint;

1070 2249 1157 2276 neque
1167 2241 1280 2268 altenus
1290 2239 1397 2268 Edessa:
1408 2240 1568 2273 meminere,
1582 2240 1753 2267 Macedoniae
1764 2249 1853 2276 regum

1069 2287 1202 2321 sepulcris
1211 2287 1301 2320 clarae,
1315 2287 1512 2322 celebrataeque
1523 2287 1550 2313 in
1563 2286 1659 2322 primis
1673 2285 1776 2313 Joannl
1787 2286 1852 2313 Can-

1069 2337 1201 2359 tacuzeno
1215 2333 1284 2367 (η).
1299 2332 1336 2359 De
1353 2337 1469 2367 utraque
1481 2333 1558 2367 plura
1574 2340 1630 2367 pra:
1644 2333 1753 2360 caeteris
1769 2332 1852 2367 Span-

1069 2378 1176 2405 lieniius
1200 2372 1271 2413 (43):
1297 2377 1463 2413 Lequienius
1492 2377 1549 2413 (44)
1575 2382 1603 2405 et
1627 2377 1752 2413 Bayerus
1789 2378 1851 2411 (ιδ).

1068 2422 1209 2450 Vctustior
1223 2429 1266 2451 cst
1278 2430 1369 2451 autem
1379 2444 1386 2456 ,
1401 2424 1497 2450 saltem
1514 2423 1626 2450 nomine
1653 2429 1746 2455 lenus,
1768 2422 1852 2450 Macc-

1067 2469 1166 2496 donica
1177 2468 1279 2497 Edessa
1294 2477 1302 2495 :
1318 2477 1352 2497 ex
1366 2470 1417 2497 hac
1429 2470 1503 2496 enim
1521 2473 1680 2504 nuncupata
1696 2468 1751 2496 fuit
1771 2469 1850 2496 altera

1102 2537 1159 2571 (59)
1179 2536 1273 2563 Blond.
1286 2535 1345 2563 Lib.
1362 2536 1394 2562 de
1407 2535 1487 2570 episc.
1503 2541 1527 2562 et
1539 2534 1626 2570 presb.
1636 2535 1711 2570 apud
1726 2534 1851 2562 Ἐπί-,οδ

1066 2573 1114 2599 vit.
1126 2578 1150 2598 et
1167 2579 1246 2598 mort.
1265 2571 1375 2606 Moysis.
1386 2579 1447 2606 pag.
1463 2571 1527 2598 696.

1102 2608 1158 2641 (40)
1179 2606 1287 2635 Tiilem.
1306 2605 1475 2638 Μέιηξιιεει..
1492 2611 1558 2633 tom.
1574 2605 1593 2638 Ι,
1606 2613 1668 2641 pag.
1678 2605 1745 2639 5'20,
1762 2605 1847 2632 noLl.

1101 2643 1158 2676 (/tl)
1179 2641 1276 2677 Woog.
1290 2642 1401 2677 exemit.
1417 2649 1447 2673 ll,
1464 2649 1525 2676 pag.
1539 2641 1601 2668 101.

1102 2675 1158 2718 (42)
1179 2675 1293 2718 causa.
1316 2675 1389 2703 lltst.
1424 2677 1472 2703 lib.
1488 2675 1510 2706 ιζ
1528 2684 1587 2710 cap.
1610 2676 1657 2708 54,
1674 2675 1722 2703 lib.
1743 2683 1780 2708 Iv,
1794 2683 1848 2710 cap.

1067 2713 1283 2801 :lg)a|5llpaiih.
1300 2747 1338 2774 De
1346 2752 1437 2782 priest.
1451 2746 1667 2774 uuntism..tom.
1679 2746 1701 2777 l.
1716 2755 1778 2782 cap.
1794 2745 1847 2778 127,

1067 2783 1158 2851 nat)
1179 2817 1310 2852 chnicn.
1327 2818 1371 2845 0r.
1389 2817 1463 2846 Clzr..
1483 2822 1549 2844 tom.
1569 2817 1601 2849 ll,
1624 2824 1704 2879 ἔδεε.
1724 2817 1768 2849 79,
1790 2816 1846 2844 955.

1100 2851 1157 2879 (45ὶ
1177 2853 1271 2879 Bavcr.
1293 2853 1362 2879 Hist.
1379 2853 1518 2879 Osr’toen..
1535 2860 1595 2879 past.
1610 2852 1622 2879 l
1660 2861 1721 2879 sca.

1100 2851 1157 2886 (45ὶ
1177 2851 1271 2880 Bavcr.
1293 2853 1362 2880 Hist.
1379 2853 1518 2884 Osr’toen.,
1533 2860 1595 2887 pag.
1610 2851 1644 2879 l5
1660 2861 1721 2887 scq.
