  <div class='ocr_page' id='page_1' title='image "/cluster/home/n/w/nwhite01/storage/ocr_20150623/2/njp.32101077772349/812.png"; bbox 0 0 1916 3099; ppageno 0'>
   <div class='ocr_carea' id='block_1_1' title="bbox 114 114 183 142">
    <p class='ocr_par' dir='ltr' id='par_1_1' title="bbox 114 114 183 142">
     <span class='ocr_line' id='line_1_1' title="bbox 114 114 183 142; baseline 0 0"><span class='ocrx_word' id='word_1_1' title='bbox 114 114 183 142; x_wconf 73' lang='grc'><strong>1209</strong></span> 
     </span>
    </p>
   </div>
   <div class='ocr_carea' id='block_1_2' title="bbox 452 111 899 142">
    <p class='ocr_par' dir='ltr' id='par_1_2' title="bbox 452 113 887 141">
     <span class='ocr_line' id='line_1_2' title="bbox 452 113 887 141; baseline 0.002 -1"><span class='ocrx_word' id='word_1_2' title='bbox 452 113 621 141; x_wconf 76' lang='lat' dir='ltr'><strong>EPISTOLA</strong></span> <span class='ocrx_word' id='word_1_3' title='bbox 640 113 684 141; x_wconf 86' lang='lat' dir='ltr'><strong>DE</strong></span> <span class='ocrx_word' id='word_1_4' title='bbox 706 113 887 141; x_wconf 79' lang='lat' dir='ltr'><strong>MARTYRIO</strong></span> 
     </span>
    </p>
   </div>
   <div class='ocr_carea' id='block_1_3' title="bbox 953 111 1349 142">
    <p class='ocr_par' dir='ltr' id='par_1_3' title="bbox 953 111 1349 142">
     <span class='ocr_line' id='line_1_3' title="bbox 953 111 1349 142; baseline -0.003 0"><span class='ocrx_word' id='word_1_5' title='bbox 953 111 1156 142; x_wconf 66' lang='lat' dir='ltr'><strong>ANDBEE.—</strong></span> <span class='ocrx_word' id='word_1_6' title='bbox 1169 114 1349 142; x_wconf 72' lang='lat' dir='ltr'><strong>PRUUZMIA.</strong></span> 
     </span>
    </p>
   </div>
   <div class='ocr_carea' id='block_1_4' title="bbox 1666 113 1735 141">
    <p class='ocr_par' dir='ltr' id='par_1_4' title="bbox 1666 113 1735 141">
     <span class='ocr_line' id='line_1_4' title="bbox 1666 113 1735 141; baseline -0.014 0"><span class='ocrx_word' id='word_1_7' title='bbox 1666 113 1735 141; x_wconf 72' lang='lat' dir='ltr'><strong>HW</strong></span> 
     </span>
    </p>
   </div>
   <div class='ocr_carea' id='block_1_5' title="bbox 110 172 1735 216">
    <p class='ocr_par' dir='ltr' id='par_1_5' title="bbox 110 172 1735 216">
     <span class='ocr_line' id='line_1_5' title="bbox 110 172 1735 216; baseline 0.001 -16"><span class='ocrx_word' id='word_1_8' title='bbox 110 175 139 201; x_wconf 87' lang='lat' dir='ltr'><strong>in</strong></span> <span class='ocrx_word' id='word_1_9' title='bbox 151 173 265 208; x_wconf 76' lang='lat' dir='ltr'><strong>regione</strong></span> <span class='ocrx_word' id='word_1_10' title='bbox 280 172 450 200; x_wconf 86' lang='lat' dir='ltr'><strong>Osrhoenica</strong></span> <span class='ocrx_word' id='word_1_11' title='bbox 462 173 548 208; x_wconf 84' lang='lat' dir='ltr'><strong>posita</strong></span> <span class='ocrx_word' id='word_1_12' title='bbox 561 181 631 208; x_wconf 67' lang='lat' dir='ltr'><strong>quite,</strong></span> <span class='ocrx_word' id='word_1_13' title='bbox 647 177 716 201; x_wconf 88' lang='lat' dir='ltr'><strong>teste</strong></span> <span class='ocrx_word' id='word_1_14' title='bbox 725 172 816 200; x_wconf 88' lang='lat' dir='ltr'><strong>Plinio</strong></span> <span class='ocrx_word' id='word_1_15' title='bbox 832 174 899 209; x_wconf 70' lang='lat'><strong>(46),</strong></span> <span class='ocrx_word' id='word_1_16' title='bbox 913 189 938 216; x_wconf 64' lang='grc' dir='ltr'><strong>Δ</strong></span> <span class='ocrx_word' id='word_1_17' title='bbox 953 172 1070 200; x_wconf 77' lang='lat' dir='ltr'><strong>vocavit.</strong></span> <span class='ocrx_word' id='word_1_18' title='bbox 1090 182 1099 199; x_wconf 86' lang='grc'><strong>›</strong></span> <span class='ocrx_word' id='word_1_19' title='bbox 1122 172 1232 201; x_wconf 82' lang='lat' dir='ltr'><strong>Justino</strong></span> <span class='ocrx_word' id='word_1_20' title='bbox 1259 173 1380 201; x_wconf 77' lang='lat' dir='ltr'><strong>concinit</strong></span> <span class='ocrx_word' id='word_1_21' title='bbox 1409 172 1529 207; x_wconf 81' lang='lat' dir='ltr'><strong>Plinius,</strong></span> <span class='ocrx_word' id='word_1_22' title='bbox 1554 172 1627 208; x_wconf 85' lang='lat' dir='ltr'><strong>apud</strong></span> <span class='ocrx_word' id='word_1_23' title='bbox 1653 181 1735 208; x_wconf 80' lang='lat' dir='ltr'><strong>quem</strong></span> 
     </span>
    </p>
   </div>
   <div class='ocr_carea' id='block_1_6' title="bbox 112 218 899 254">
    <p class='ocr_par' dir='ltr' id='par_1_6' title="bbox 112 218 899 254">
     <span class='ocr_line' id='line_1_6' title="bbox 112 218 899 254; baseline -0.001 -8"><span class='ocrx_word' id='word_1_24' title='bbox 112 219 258 254; x_wconf 88' lang='lat' dir='ltr'><strong>quondam</strong></span> <span class='ocrx_word' id='word_1_25' title='bbox 275 219 420 246; x_wconf 75' lang='lat' dir='ltr'><strong>Antiochia</strong></span> <span class='ocrx_word' id='word_1_26' title='bbox 445 219 597 251; x_wconf 75' lang='lat' dir='ltr'><strong>dicebatur,</strong></span> <span class='ocrx_word' id='word_1_27' title='bbox 615 223 696 253; x_wconf 90' lang='lat' dir='ltr'><strong>atque</strong></span> <span class='ocrx_word' id='word_1_28' title='bbox 711 227 726 246; x_wconf 83' lang='lat' dir='ltr'><strong>a</strong></span> <span class='ocrx_word' id='word_1_29' title='bbox 745 218 820 246; x_wconf 79' lang='lat' dir='ltr'><strong>fonte</strong></span> <span class='ocrx_word' id='word_1_30' title='bbox 836 227 899 254; x_wconf 84' lang='lat' dir='ltr'><strong>per-</strong></span> 
     </span>
    </p>
   </div>
   <div class='ocr_carea' id='block_1_7' title="bbox 108 265 901 299">
    <p class='ocr_par' dir='ltr' id='par_1_7' title="bbox 108 265 901 299">
     <span class='ocr_line' id='line_1_7' title="bbox 108 265 901 299; baseline -0.003 -6"><span class='ocrx_word' id='word_1_31' title='bbox 108 266 214 293; x_wconf 82' lang='lat' dir='ltr'><strong>lucidis</strong></span> <span class='ocrx_word' id='word_1_32' title='bbox 234 266 315 293; x_wconf 87' lang='lat' dir='ltr'><strong>undis</strong></span> <span class='ocrx_word' id='word_1_33' title='bbox 340 266 395 292; x_wconf 92' lang='lat' dir='ltr'><strong>illic</strong></span> <span class='ocrx_word' id='word_1_34' title='bbox 416 265 526 297; x_wconf 80' lang='lat' dir='ltr'><strong>ﬂuente,</strong></span> <span class='ocrx_word' id='word_1_35' title='bbox 545 265 718 292; x_wconf 91' lang='lat' dir='ltr'><strong>Callirrhoe:</strong></span> <span class='ocrx_word' id='word_1_36' title='bbox 746 272 901 299; x_wconf 82' lang='lat' dir='ltr'><strong>nomenque</strong></span> 
     </span>
    </p>
   </div>
   <div class='ocr_carea' id='block_1_8' title="bbox 107 310 901 346">
    <p class='ocr_par' dir='ltr' id='par_1_8' title="bbox 107 310 901 346">
     <span class='ocr_line' id='line_1_8' title="bbox 107 310 901 346; baseline -0.001 -8"><span class='ocrx_word' id='word_1_37' title='bbox 107 311 226 339; x_wconf 68' lang='lat' dir='ltr'><strong>Edessa:</strong></span> <span class='ocrx_word' id='word_1_38' title='bbox 237 311 353 338; x_wconf 84' lang='lat' dir='ltr'><strong>inditum</strong></span> <span class='ocrx_word' id='word_1_39' title='bbox 363 311 449 338; x_wconf 91' lang='lat' dir='ltr'><strong>eidem</strong></span> <span class='ocrx_word' id='word_1_40' title='bbox 458 311 542 339; x_wconf 82' lang='lat' dir='ltr'><strong>fuisse</strong></span> <span class='ocrx_word' id='word_1_41' title='bbox 553 312 712 346; x_wconf 89' lang='lat' dir='ltr'><strong>perhibetur</strong></span> <span class='ocrx_word' id='word_1_42' title='bbox 720 319 734 338; x_wconf 90' lang='lat' dir='ltr'><strong>a</strong></span> <span class='ocrx_word' id='word_1_43' title='bbox 744 310 901 338; x_wconf 87' lang='lat' dir='ltr'><strong>Macedoni-</strong></span> 
     </span>
    </p>
   </div>
   <div class='ocr_carea' id='block_1_9' title="bbox 105 357 902 392">
    <p class='ocr_par' dir='ltr' id='par_1_9' title="bbox 105 357 902 392">
     <span class='ocr_line' id='line_1_9' title="bbox 105 357 902 392; baseline -0.001 -8"><span class='ocrx_word' id='word_1_44' title='bbox 105 357 164 385; x_wconf 74' lang='lat' dir='ltr'><strong>bus</strong></span> <span class='ocrx_word' id='word_1_45' title='bbox 170 363 317 392; x_wconf 78' lang='lat' dir='ltr'><strong>postquam</strong></span> <span class='ocrx_word' id='word_1_46' title='bbox 325 358 508 385; x_wconf 81' lang='lat' dir='ltr'><strong>abAlexandri</strong></span> <span class='ocrx_word' id='word_1_47' title='bbox 516 357 552 384; x_wconf 93' lang='lat' dir='ltr'><strong>M.</strong></span> <span class='ocrx_word' id='word_1_48' title='bbox 561 358 728 392; x_wconf 84' lang='lat' dir='ltr'><strong>temporibus</strong></span> <span class='ocrx_word' id='word_1_49' title='bbox 735 357 848 385; x_wconf 88' lang='lat' dir='ltr'><strong>suntilla</strong></span> <span class='ocrx_word' id='word_1_50' title='bbox 857 364 902 392; x_wconf 87' lang='lat' dir='ltr'><strong>po-</strong></span> 
     </span>
    </p>
   </div>
   <div class='ocr_carea' id='block_1_10' title="bbox 110 403 902 439">
    <p class='ocr_par' dir='ltr' id='par_1_10' title="bbox 110 403 902 439">
     <span class='ocr_line' id='line_1_10' title="bbox 110 403 902 439; baseline 0 -9"><span class='ocrx_word' id='word_1_51' title='bbox 110 404 166 431; x_wconf 90' lang='lat' dir='ltr'><strong>titi.</strong></span> <span class='ocrx_word' id='word_1_52' title='bbox 177 403 236 431; x_wconf 82' lang='lat' dir='ltr'><strong>Non</strong></span> <span class='ocrx_word' id='word_1_53' title='bbox 245 404 374 439; x_wconf 79' lang='lat' dir='ltr'><strong>estigitur</strong></span> <span class='ocrx_word' id='word_1_54' title='bbox 382 412 430 431; x_wconf 92' lang='lat' dir='ltr'><strong>cur</strong></span> <span class='ocrx_word' id='word_1_55' title='bbox 440 404 467 431; x_wconf 93' lang='lat' dir='ltr'><strong>in</strong></span> <span class='ocrx_word' id='word_1_56' title='bbox 476 404 602 431; x_wconf 92' lang='lat' dir='ltr'><strong>ultimum</strong></span> <span class='ocrx_word' id='word_1_57' title='bbox 612 404 743 431; x_wconf 86' lang='lat' dir='ltr'><strong>orientem</strong></span> <span class='ocrx_word' id='word_1_58' title='bbox 753 412 814 431; x_wconf 92' lang='lat' dir='ltr'><strong>cum</strong></span> <span class='ocrx_word' id='word_1_59' title='bbox 824 403 902 430; x_wconf 88' lang='lat' dir='ltr'><strong>Blon-</strong></span> 
     </span>
    </p>
   </div>
   <div class='ocr_carea' id='block_1_11' title="bbox 110 449 899 485">
    <p class='ocr_par' dir='ltr' id='par_1_11' title="bbox 110 449 899 485">
     <span class='ocr_line' id='line_1_11' title="bbox 110 449 899 485; baseline -0.001 -9"><span class='ocrx_word' id='word_1_60' title='bbox 110 449 187 476; x_wconf 90' lang='lat' dir='ltr'><strong>dello</strong></span> <span class='ocrx_word' id='word_1_61' title='bbox 200 449 395 484; x_wconf 79' lang='lat' dir='ltr'><strong>transmigrare</strong></span> <span class='ocrx_word' id='word_1_62' title='bbox 406 457 553 485; x_wconf 82' lang='lat' dir='ltr'><strong>cogamur,</strong></span> <span class='ocrx_word' id='word_1_63' title='bbox 572 456 602 476; x_wconf 89' lang='lat' dir='ltr'><strong>ut</strong></span> <span class='ocrx_word' id='word_1_64' title='bbox 625 450 771 484; x_wconf 82' lang='lat' dir='ltr'><strong>Sophronii</strong></span> <span class='ocrx_word' id='word_1_65' title='bbox 787 449 899 484; x_wconf 65' lang='lat' dir='ltr'><strong>[Egeam</strong></span> 
     </span>
    </p>
   </div>
   <div class='ocr_carea' id='block_1_12' title="bbox 111 493 900 530">
    <p class='ocr_par' dir='ltr' id='par_1_12' title="bbox 111 493 900 530">
     <span class='ocr_line' id='line_1_12' title="bbox 111 493 900 530; baseline 0 -9"><span class='ocrx_word' id='word_1_66' title='bbox 111 493 319 522; x_wconf 86' lang='lat' dir='ltr'><strong>Edessenorum</strong></span> <span class='ocrx_word' id='word_1_67' title='bbox 336 502 425 530; x_wconf 77' lang='lat' dir='ltr'><strong>regem</strong></span> <span class='ocrx_word' id='word_1_68' title='bbox 447 494 609 522; x_wconf 87' lang='lat' dir='ltr'><strong>invisamus.</strong></span> <span class='ocrx_word' id='word_1_69' title='bbox 627 494 762 523; x_wconf 84' lang='lat' dir='ltr'><strong>Discimus</strong></span> <span class='ocrx_word' id='word_1_70' title='bbox 779 495 851 522; x_wconf 92' lang='lat' dir='ltr'><strong>enim</strong></span> <span class='ocrx_word' id='word_1_71' title='bbox 866 502 900 522; x_wconf 77' lang='lat' dir='ltr'><strong>ex</strong></span> 
     </span>
    </p>
   </div>
   <div class='ocr_carea' id='block_1_13' title="bbox 108 531 901 576">
    <p class='ocr_par' dir='ltr' id='par_1_13' title="bbox 108 531 901 576">
     <span class='ocr_line' id='line_1_13' title="bbox 108 531 901 576; baseline 0.001 -10"><span class='ocrx_word' id='word_1_72' title='bbox 108 540 211 568; x_wconf 83' lang='lat' dir='ltr'><strong>Tacito</strong></span> <span class='ocrx_word' id='word_1_73' title='bbox 226 541 282 575; x_wconf 73' lang='grc'>(47)</span> <span class='ocrx_word' id='word_1_74' title='bbox 312 541 444 568; x_wconf 81' lang='lat' dir='ltr'><strong>Achaiam</strong></span> <span class='ocrx_word' id='word_1_75' title='bbox 461 546 487 568; x_wconf 89' lang='lat' dir='ltr'><strong>et</strong></span> <span class='ocrx_word' id='word_1_76' title='bbox 503 531 689 568; x_wconf 74' lang='lat' dir='ltr'><strong>Macedoniam</strong></span> <span class='ocrx_word' id='word_1_77' title='bbox 704 541 821 576; x_wconf 90' lang='lat' dir='ltr'><strong>imperio</strong></span> <span class='ocrx_word' id='word_1_78' title='bbox 837 548 901 576; x_wconf 92' lang='lat' dir='ltr'><strong>pro-</strong></span> 
     </span>
    </p>
   </div>
   <div class='ocr_carea' id='block_1_14' title="bbox 106 586 900 621">
    <p class='ocr_par' dir='ltr' id='par_1_14' title="bbox 106 586 900 621">
     <span class='ocr_line' id='line_1_14' title="bbox 106 586 900 621; baseline -0.001 -7"><span class='ocrx_word' id='word_1_79' title='bbox 106 586 253 614; x_wconf 86' lang='lat' dir='ltr'><strong>consulari</strong></span> <span class='ocrx_word' id='word_1_80' title='bbox 266 586 351 614; x_wconf 87' lang='lat' dir='ltr'><strong>fuisse</strong></span> <span class='ocrx_word' id='word_1_81' title='bbox 367 587 514 621; x_wconf 80' lang='lat' dir='ltr'><strong>subjectas.</strong></span> <span class='ocrx_word' id='word_1_82' title='bbox 533 586 602 614; x_wconf 84' lang='lat' dir='ltr'><strong>Hinc</strong></span> <span class='ocrx_word' id='word_1_83' title='bbox 614 587 706 621; x_wconf 85' lang='lat' dir='ltr'><strong>itaque</strong></span> <span class='ocrx_word' id='word_1_84' title='bbox 719 586 814 613; x_wconf 86' lang='lat' dir='ltr'><strong>mirari</strong></span> <span class='ocrx_word' id='word_1_85' title='bbox 828 587 900 613; x_wconf 83' lang='lat' dir='ltr'><strong>haud</strong></span> 
     </span>
    </p>
   </div>
   <div class='ocr_carea' id='block_1_15' title="bbox 107 632 900 668">
    <p class='ocr_par' dir='ltr' id='par_1_15' title="bbox 107 632 900 668">
     <span class='ocr_line' id='line_1_15' title="bbox 107 632 900 668; baseline 0 -9"><span class='ocrx_word' id='word_1_86' title='bbox 107 632 319 668; x_wconf 53' lang='lat' dir='ltr'><strong>subitrﬁgeam,</strong></span> <span class='ocrx_word' id='word_1_87' title='bbox 336 633 383 667; x_wconf 95' lang='lat' dir='ltr'><strong>qui</strong></span> <span class='ocrx_word' id='word_1_88' title='bbox 398 632 485 660; x_wconf 82' lang='lat' dir='ltr'><strong>fertur</strong></span> <span class='ocrx_word' id='word_1_89' title='bbox 500 633 648 668; x_wconf 78' lang='lat' dir='ltr'><strong>proconsul</strong></span> <span class='ocrx_word' id='word_1_90' title='bbox 660 633 780 665; x_wconf 80' lang='lat' dir='ltr'><strong>Achaiae,</strong></span> <span class='ocrx_word' id='word_1_91' title='bbox 795 633 900 659; x_wconf 81' lang='lat' dir='ltr'><strong>censeri</strong></span> 
     </span>
    </p>
   </div>
   <div class='ocr_carea' id='block_1_16' title="bbox 107 677 901 713">
    <p class='ocr_par' dir='ltr' id='par_1_16' title="bbox 107 677 901 713">
     <span class='ocr_line' id='line_1_16' title="bbox 107 677 901 713; baseline -0.001 -8"><span class='ocrx_word' id='word_1_92' title='bbox 107 682 137 705; x_wconf 89' lang='lat' dir='ltr'><strong>ct</strong></span> <span class='ocrx_word' id='word_1_93' title='bbox 154 677 264 705; x_wconf 85' lang='lat' dir='ltr'><strong>Edessae</strong></span> <span class='ocrx_word' id='word_1_94' title='bbox 278 677 460 705; x_wconf 70' lang='lat' dir='ltr'><strong>Macedonicae</strong></span> <span class='ocrx_word' id='word_1_95' title='bbox 475 685 580 713; x_wconf 82' lang='lat' dir='ltr'><strong>regem;</strong></span> <span class='ocrx_word' id='word_1_96' title='bbox 590 678 712 713; x_wconf 82' lang='lat' dir='ltr'><strong>adeoque</strong></span> <span class='ocrx_word' id='word_1_97' title='bbox 722 677 757 705; x_wconf 90' lang='lat' dir='ltr'><strong>ab</strong></span> <span class='ocrx_word' id='word_1_98' title='bbox 771 678 823 705; x_wconf 90' lang='lat' dir='ltr'><strong>hac</strong></span> <span class='ocrx_word' id='word_1_99' title='bbox 835 677 901 704; x_wconf 84' lang='lat' dir='ltr'><strong>urbe</strong></span> 
     </span>
    </p>
   </div>
   <div class='ocr_carea' id='block_1_17' title="bbox 107 723 902 759">
    <p class='ocr_par' dir='ltr' id='par_1_17' title="bbox 107 723 902 759">
     <span class='ocr_line' id='line_1_17' title="bbox 107 723 902 759; baseline 0 -9"><span class='ocrx_word' id='word_1_100' title='bbox 107 724 278 759; x_wconf 73' lang='lat' dir='ltr'><strong>digressum,</strong></span> <span class='ocrx_word' id='word_1_101' title='bbox 292 723 389 752; x_wconf 78' lang='lat' dir='ltr'><strong>Patras</strong></span> <span class='ocrx_word' id='word_1_102' title='bbox 409 724 522 752; x_wconf 69' lang='lat' dir='ltr'><strong>Achaeas</strong></span> <span class='ocrx_word' id='word_1_103' title='bbox 538 725 702 759; x_wconf 84' lang='lat' dir='ltr'><strong>perrexisse,</strong></span> <span class='ocrx_word' id='word_1_104' title='bbox 723 729 754 752; x_wconf 87' lang='lat' dir='ltr'><strong>ut</strong></span> <span class='ocrx_word' id='word_1_105' title='bbox 777 724 902 759; x_wconf 77' lang='lat' dir='ltr'><strong>perhibet</strong></span> 
     </span>
    </p>
   </div>
   <div class='ocr_carea' id='block_1_18' title="bbox 106 770 901 806">
    <p class='ocr_par' dir='ltr' id='par_1_18' title="bbox 106 770 901 806">
     <span class='ocr_line' id='line_1_18' title="bbox 106 770 901 806; baseline 0.001 -9"><span class='ocrx_word' id='word_1_106' title='bbox 106 770 235 805; x_wconf 87' lang='lat' dir='ltr'><strong>Epistola</strong></span> <span class='ocrx_word' id='word_1_107' title='bbox 250 776 354 798; x_wconf 88' lang='lat' dir='ltr'><strong>nostra.</strong></span> <span class='ocrx_word' id='word_1_108' title='bbox 372 771 546 799; x_wconf 82' lang='lat' dir='ltr'><strong>Proconsulis</strong></span> <span class='ocrx_word' id='word_1_109' title='bbox 563 779 682 806; x_wconf 83' lang='lat' dir='ltr'><strong>namque</strong></span> <span class='ocrx_word' id='word_1_110' title='bbox 696 771 774 799; x_wconf 82' lang='lat' dir='ltr'><strong>sedes</strong></span> <span class='ocrx_word' id='word_1_111' title='bbox 799 770 901 798; x_wconf 80' lang='lat' dir='ltr'><strong>Edessa</strong></span> 
     </span>
    </p>
   </div>
   <div class='ocr_carea' id='block_1_19' title="bbox 104 816 899 853">
    <p class='ocr_par' dir='ltr' id='par_1_19' title="bbox 104 816 899 853">
     <span class='ocr_line' id='line_1_19' title="bbox 104 816 899 853; baseline 0 -9"><span class='ocrx_word' id='word_1_112' title='bbox 104 818 230 845; x_wconf 81' lang='lat' dir='ltr'><strong>fortasse</strong></span> <span class='ocrx_word' id='word_1_113' title='bbox 260 817 343 844; x_wconf 81' lang='lat' dir='ltr'><strong>fuerit</strong></span> <span class='ocrx_word' id='word_1_114' title='bbox 377 825 492 853; x_wconf 83' lang='lat' dir='ltr'><strong>eamque</strong></span> <span class='ocrx_word' id='word_1_115' title='bbox 524 818 676 852; x_wconf 82' lang='lat' dir='ltr'><strong>respexerit</strong></span> <span class='ocrx_word' id='word_1_116' title='bbox 704 816 899 852; x_wconf 81' lang='lat' dir='ltr'><strong>Sophronius;</strong></span> 
     </span>
    </p>
   </div>
   <div class='ocr_carea' id='block_1_20' title="bbox 951 217 1736 254">
    <p class='ocr_par' dir='ltr' id='par_1_20' title="bbox 951 217 1736 254">
     <span class='ocr_line' id='line_1_20' title="bbox 951 217 1736 254; baseline 0.003 -10"><span class='ocrx_word' id='word_1_117' title='bbox 951 218 1071 245; x_wconf 86' lang='lat' dir='ltr'><strong>occurrit</strong></span> <span class='ocrx_word' id='word_1_118' title='bbox 1082 218 1140 253; x_wconf 81' lang='grc'>(51)</span> <span class='ocrx_word' id='word_1_119' title='bbox 1153 226 1159 244; x_wconf 89' lang='lat'>:</span> <span class='ocrx_word' id='word_1_120' title='bbox 1180 228 1189 244; x_wconf 85' lang='grc'><strong>‹</strong></span> <span class='ocrx_word' id='word_1_121' title='bbox 1207 218 1334 254; x_wconf 88' lang='lat' dir='ltr'><strong>oppidum</strong></span> <span class='ocrx_word' id='word_1_122' title='bbox 1347 217 1426 253; x_wconf 67' lang='lat' dir='ltr'><strong>Ege,</strong></span> <span class='ocrx_word' id='word_1_123' title='bbox 1443 218 1471 245; x_wconf 90' lang='lat' dir='ltr'><strong>in</strong></span> <span class='ocrx_word' id='word_1_124' title='bbox 1485 226 1541 254; x_wconf 88' lang='lat' dir='ltr'><strong>quo</strong></span> <span class='ocrx_word' id='word_1_125' title='bbox 1554 226 1614 246; x_wconf 85' lang='lat' dir='ltr'><strong>mos</strong></span> <span class='ocrx_word' id='word_1_126' title='bbox 1627 218 1736 254; x_wconf 80' lang='lat' dir='ltr'><strong>sepeliri</strong></span> 
     </span>
    </p>
   </div>
   <div class='ocr_carea' id='block_1_21' title="bbox 951 263 1735 300">
    <p class='ocr_par' dir='ltr' id='par_1_21' title="bbox 951 263 1735 300">
     <span class='ocr_line' id='line_1_21' title="bbox 951 263 1735 300; baseline 0.003 -10"><span class='ocrx_word' id='word_1_127' title='bbox 951 271 1027 299; x_wconf 78' lang='lat' dir='ltr'><strong>reges</strong></span> <span class='ocrx_word' id='word_1_128' title='bbox 1045 273 1054 289; x_wconf 78' lang='grc' dir='ltr'><strong><em>ι</em></strong></span> <span class='ocrx_word' id='word_1_129' title='bbox 1073 264 1262 292; x_wconf 88' lang='lat' dir='ltr'><strong>Macedonum.</strong></span> <span class='ocrx_word' id='word_1_130' title='bbox 1288 263 1419 292; x_wconf 87' lang='lat' dir='ltr'><strong>Edessam</strong></span> <span class='ocrx_word' id='word_1_131' title='bbox 1442 265 1534 300; x_wconf 81' lang='lat' dir='ltr'><strong>itaque</strong></span> <span class='ocrx_word' id='word_1_132' title='bbox 1558 264 1691 292; x_wconf 83' lang='lat' dir='ltr'><strong>habemus</strong></span> <span class='ocrx_word' id='word_1_133' title='bbox 1706 264 1735 293; x_wconf 89' lang='lat' dir='ltr'><strong>in</strong></span> 
     </span>
    </p>
   </div>
   <div class='ocr_carea' id='block_1_22' title="bbox 951 309 1734 345">
    <p class='ocr_par' dir='ltr' id='par_1_22' title="bbox 951 309 1734 345">
     <span class='ocr_line' id='line_1_22' title="bbox 951 309 1734 345; baseline 0.003 -9"><span class='ocrx_word' id='word_1_134' title='bbox 951 309 1109 337; x_wconf 83' lang='lat' dir='ltr'><strong>Macedonia</strong></span> <span class='ocrx_word' id='word_1_135' title='bbox 1132 311 1224 343; x_wconf 88' lang='lat' dir='ltr'><strong>sitam,</strong></span> <span class='ocrx_word' id='word_1_136' title='bbox 1251 310 1435 345; x_wconf 87' lang='lat' dir='ltr'><strong>primitusque</strong></span> <span class='ocrx_word' id='word_1_137' title='bbox 1459 315 1584 338; x_wconf 76' lang='lat' dir='ltr'><strong>vocatam</strong></span> <span class='ocrx_word' id='word_1_138' title='bbox 1608 310 1734 345; x_wconf 68' lang='lat' dir='ltr'><strong>Egeam.</strong></span> 
     </span>
    </p>
   </div>
   <div class='ocr_carea' id='block_1_23' title="bbox 951 355 1733 392">
    <p class='ocr_par' dir='ltr' id='par_1_23' title="bbox 951 355 1733 392">
     <span class='ocr_line' id='line_1_23' title="bbox 951 355 1733 392; baseline 0.004 -11"><span class='ocrx_word' id='word_1_139' title='bbox 951 355 1017 388; x_wconf 72' lang='lat' dir='ltr'><strong>Quae</strong></span> <span class='ocrx_word' id='word_1_140' title='bbox 1032 356 1141 390; x_wconf 90' lang='lat' dir='ltr'><strong>quidem</strong></span> <span class='ocrx_word' id='word_1_141' title='bbox 1158 356 1234 387; x_wconf 87' lang='lat' dir='ltr'><strong>urbs,</strong></span> <span class='ocrx_word' id='word_1_142' title='bbox 1252 355 1350 384; x_wconf 89' lang='lat' dir='ltr'><strong>Vossio</strong></span> <span class='ocrx_word' id='word_1_143' title='bbox 1362 361 1488 384; x_wconf 88' lang='lat' dir='ltr'><strong>monente</strong></span> <span class='ocrx_word' id='word_1_144' title='bbox 1499 356 1567 392; x_wconf 73' lang='lat'><strong>(52),</strong></span> <span class='ocrx_word' id='word_1_145' title='bbox 1591 357 1733 392; x_wconf 81' lang='lat' dir='ltr'><strong>scriptori—</strong></span> 
     </span>
    </p>
   </div>
   <div class='ocr_carea' id='block_1_24' title="bbox 950 398 1737 436">
    <p class='ocr_par' dir='ltr' id='par_1_24' title="bbox 950 398 1737 436">
     <span class='ocr_line' id='line_1_24' title="bbox 950 398 1737 436; baseline 0.004 -10"><span class='ocrx_word' id='word_1_146' title='bbox 950 398 1002 426; x_wconf 88' lang='lat' dir='ltr'><strong>bus</strong></span> <span class='ocrx_word' id='word_1_147' title='bbox 1017 399 1118 427; x_wconf 64' lang='lat' dir='ltr'><strong>Grecis</strong></span> <span class='ocrx_word' id='word_1_148' title='bbox 1133 400 1234 427; x_wconf 88' lang='lat' dir='ltr'><strong>dicitur</strong></span> <span class='ocrx_word' id='word_1_149' title='bbox 1258 400 1351 435; x_wconf 67' lang='grc' dir='ltr'><strong>Αἰγαὶ,</strong></span> <span class='ocrx_word' id='word_1_150' title='bbox 1373 400 1473 435; x_wconf 76' lang='grc' dir='ltr'>Αἰγαία</span> <span class='ocrx_word' id='word_1_151' title='bbox 1487 405 1514 429; x_wconf 88' lang='lat' dir='ltr'><strong>et</strong></span> <span class='ocrx_word' id='word_1_152' title='bbox 1526 401 1623 436; x_wconf 73' lang='grc' dir='ltr'><strong>Αῐγεια</strong></span> <span class='ocrx_word' id='word_1_153' title='bbox 1640 411 1647 429; x_wconf 87' lang='lat'>:</span> <span class='ocrx_word' id='word_1_154' title='bbox 1664 402 1737 429; x_wconf 88' lang='lat' dir='ltr'><strong>unde</strong></span> 
     </span>
    </p>
   </div>
   <div class='ocr_carea' id='block_1_25' title="bbox 951 446 1738 483">
    <p class='ocr_par' dir='ltr' id='par_1_25' title="bbox 951 446 1738 483">
     <span class='ocr_line' id='line_1_25' title="bbox 951 446 1738 483; baseline 0.005 -11"><span class='ocrx_word' id='word_1_155' title='bbox 951 446 1056 472; x_wconf 75' lang='grc' dir='ltr'><strong>ἐονιχὸν</strong></span> <span class='ocrx_word' id='word_1_156' title='bbox 1069 450 1111 473; x_wconf 84' lang='lat' dir='ltr'><strong>est</strong></span> <span class='ocrx_word' id='word_1_157' title='bbox 1122 447 1282 482; x_wconf 77' lang='grc' dir='ltr'><strong>Αξγαιὰτης,</strong></span> <span class='ocrx_word' id='word_1_158' title='bbox 1297 447 1339 474; x_wconf 87' lang='lat' dir='ltr'><strong>vel</strong></span> <span class='ocrx_word' id='word_1_159' title='bbox 1350 447 1506 483; x_wconf 75' lang='grc' dir='ltr'><strong>Αἰγειάτης.</strong></span> <span class='ocrx_word' id='word_1_160' title='bbox 1523 447 1585 475; x_wconf 64' lang='lat' dir='ltr'><strong>Haec</strong></span> <span class='ocrx_word' id='word_1_161' title='bbox 1596 455 1660 476; x_wconf 88' lang='lat' dir='ltr'><strong>vero</strong></span> <span class='ocrx_word' id='word_1_162' title='bbox 1671 449 1738 479; x_wconf 84' lang='lat' dir='ltr'><strong>dum</strong></span> 
     </span>
    </p>
   </div>
   <div class='ocr_carea' id='block_1_26' title="bbox 951 492 1736 528">
    <p class='ocr_par' dir='ltr' id='par_1_26' title="bbox 951 492 1736 528">
     <span class='ocr_line' id='line_1_26' title="bbox 951 492 1736 528; baseline 0.004 -10"><span class='ocrx_word' id='word_1_163' title='bbox 951 492 1053 524; x_wconf 86' lang='lat' dir='ltr'><strong>recolo,</strong></span> <span class='ocrx_word' id='word_1_164' title='bbox 1068 493 1151 520; x_wconf 64' lang='lat' dir='ltr'><strong>varia:</strong></span> <span class='ocrx_word' id='word_1_165' title='bbox 1166 492 1232 519; x_wconf 90' lang='lat' dir='ltr'><strong>mihi</strong></span> <span class='ocrx_word' id='word_1_166' title='bbox 1248 493 1368 520; x_wconf 67' lang='lat' dir='ltr'><strong>suborta:</strong></span> <span class='ocrx_word' id='word_1_167' title='bbox 1385 494 1565 528; x_wconf 88' lang='lat' dir='ltr'><strong>suspiciones.</strong></span> <span class='ocrx_word' id='word_1_168' title='bbox 1579 493 1647 521; x_wconf 90' lang='lat' dir='ltr'><strong>Cum</strong></span> <span class='ocrx_word' id='word_1_169' title='bbox 1662 494 1736 522; x_wconf 86' lang='lat' dir='ltr'><strong>enim</strong></span> 
     </span>
    </p>
   </div>
   <div class='ocr_carea' id='block_1_27' title="bbox 951 538 1738 574">
    <p class='ocr_par' dir='ltr' id='par_1_27' title="bbox 951 538 1738 574">
     <span class='ocr_line' id='line_1_27' title="bbox 951 538 1738 574; baseline 0.004 -11"><span class='ocrx_word' id='word_1_170' title='bbox 951 538 1074 564; x_wconf 87' lang='lat' dir='ltr'><strong>noverim</strong></span> <span class='ocrx_word' id='word_1_171' title='bbox 1086 538 1225 572; x_wconf 90' lang='lat' dir='ltr'><strong>proprium</strong></span> <span class='ocrx_word' id='word_1_172' title='bbox 1237 539 1412 573; x_wconf 78' lang='lat' dir='ltr'><strong>proconsulis</strong></span> <span class='ocrx_word' id='word_1_173' title='bbox 1423 546 1522 566; x_wconf 87' lang='lat' dir='ltr'><strong>nomen</strong></span> <span class='ocrx_word' id='word_1_174' title='bbox 1538 539 1589 566; x_wconf 90' lang='lat' dir='ltr'><strong>sub</strong></span> <span class='ocrx_word' id='word_1_175' title='bbox 1602 546 1657 574; x_wconf 91' lang='lat' dir='ltr'><strong>quo</strong></span> <span class='ocrx_word' id='word_1_176' title='bbox 1674 546 1738 574; x_wconf 81' lang='lat' dir='ltr'><strong>pas-</strong></span> 
     </span>
    </p>
   </div>
   <div class='ocr_carea' id='block_1_28' title="bbox 951 584 1739 621">
    <p class='ocr_par' dir='ltr' id='par_1_28' title="bbox 951 584 1739 621">
     <span class='ocr_line' id='line_1_28' title="bbox 951 584 1739 621; baseline 0.004 -11"><span class='ocrx_word' id='word_1_177' title='bbox 951 591 999 611; x_wconf 88' lang='lat' dir='ltr'><strong>sus</strong></span> <span class='ocrx_word' id='word_1_178' title='bbox 1009 584 1167 618; x_wconf 85' lang='lat' dir='ltr'><strong>perhibetur</strong></span> <span class='ocrx_word' id='word_1_179' title='bbox 1177 584 1206 612; x_wconf 91' lang='lat' dir='ltr'><strong>S.</strong></span> <span class='ocrx_word' id='word_1_180' title='bbox 1220 585 1354 619; x_wconf 70' lang='lat' dir='ltr'><strong>Andreas,</strong></span> <span class='ocrx_word' id='word_1_181' title='bbox 1363 585 1545 613; x_wconf 88' lang='lat' dir='ltr'><strong>diversimode</strong></span> <span class='ocrx_word' id='word_1_182' title='bbox 1559 585 1629 621; x_wconf 90' lang='lat' dir='ltr'><strong>apud</strong></span> <span class='ocrx_word' id='word_1_183' title='bbox 1647 585 1739 614; x_wconf 88' lang='lat' dir='ltr'><strong>Eccle-</strong></span> 
     </span>
    </p>
   </div>
   <div class='ocr_carea' id='block_1_29' title="bbox 951 629 1738 666">
    <p class='ocr_par' dir='ltr' id='par_1_29' title="bbox 951 629 1738 666">
     <span class='ocr_line' id='line_1_29' title="bbox 951 629 1738 666; baseline 0.003 -10"><span class='ocrx_word' id='word_1_184' title='bbox 951 629 999 657; x_wconf 74' lang='lat' dir='ltr'><strong>size</strong></span> <span class='ocrx_word' id='word_1_185' title='bbox 1033 630 1181 665; x_wconf 86' lang='lat' dir='ltr'><strong>scriptores</strong></span> <span class='ocrx_word' id='word_1_186' title='bbox 1214 631 1326 664; x_wconf 74' lang='lat' dir='ltr'><strong>efferri;</strong></span> <span class='ocrx_word' id='word_1_187' title='bbox 1367 631 1429 658; x_wconf 87' lang='lat' dir='ltr'><strong>aliis</strong></span> <span class='ocrx_word' id='word_1_188' title='bbox 1468 639 1588 666; x_wconf 87' lang='lat' dir='ltr'><strong>namque</strong></span> <span class='ocrx_word' id='word_1_189' title='bbox 1623 636 1738 659; x_wconf 83' lang='lat' dir='ltr'><strong>vocatur</strong></span> 
     </span>
    </p>
   </div>
   <div class='ocr_carea' id='block_1_30' title="bbox 950 676 1736 713">
    <p class='ocr_par' dir='ltr' id='par_1_30' title="bbox 950 676 1736 713">
     <span class='ocr_line' id='line_1_30' title="bbox 950 676 1736 713; baseline 0.003 -11"><span class='ocrx_word' id='word_1_190' title='bbox 950 676 1051 710; x_wconf 76' lang='grc' dir='ltr'><strong>Αἰγέας</strong></span> <span class='ocrx_word' id='word_1_191' title='bbox 1064 676 1132 711; x_wconf 77' lang='lat'><strong>(55),</strong></span> <span class='ocrx_word' id='word_1_192' title='bbox 1148 676 1209 704; x_wconf 89' lang='lat' dir='ltr'><strong>aliis</strong></span> <span class='ocrx_word' id='word_1_193' title='bbox 1225 684 1288 704; x_wconf 92' lang='lat' dir='ltr'><strong>vero</strong></span> <span class='ocrx_word' id='word_1_194' title='bbox 1302 678 1453 713; x_wconf 76' lang='grc' dir='ltr'><strong>Αἰγαιάτης</strong></span> <span class='ocrx_word' id='word_1_195' title='bbox 1464 677 1612 713; x_wconf 69' lang='grc' dir='ltr'><strong>(54)ε‹ιυί‹1</strong></span> <span class='ocrx_word' id='word_1_196' title='bbox 1627 678 1736 705; x_wconf 89' lang='lat' dir='ltr'><strong>demum</strong></span> 
     </span>
    </p>
   </div>
   <div class='ocr_carea' id='block_1_31' title="bbox 950 722 1739 759">
    <p class='ocr_par' dir='ltr' id='par_1_31' title="bbox 950 722 1739 759">
     <span class='ocr_line' id='line_1_31' title="bbox 950 722 1739 759; baseline 0.004 -11"><span class='ocrx_word' id='word_1_197' title='bbox 950 729 983 749; x_wconf 88' lang='lat' dir='ltr'><strong>ea</strong></span> <span class='ocrx_word' id='word_1_198' title='bbox 993 722 1026 749; x_wconf 88' lang='lat' dir='ltr'><strong>de</strong></span> <span class='ocrx_word' id='word_1_199' title='bbox 1039 722 1169 750; x_wconf 86' lang='lat' dir='ltr'><strong>varietate</strong></span> <span class='ocrx_word' id='word_1_200' title='bbox 1182 723 1338 758; x_wconf 78' lang='lat' dir='ltr'><strong>augurabar</strong></span> <span class='ocrx_word' id='word_1_201' title='bbox 1348 723 1440 751; x_wconf 85' lang='lat' dir='ltr'><strong>dicere</strong></span> <span class='ocrx_word' id='word_1_202' title='bbox 1454 724 1537 751; x_wconf 87' lang='lat' dir='ltr'><strong>lubet.</strong></span> <span class='ocrx_word' id='word_1_203' title='bbox 1554 723 1739 759; x_wconf 89' lang='lat' dir='ltr'><strong>Sophronium</strong></span> 
     </span>
    </p>
   </div>
   <div class='ocr_carea' id='block_1_32' title="bbox 953 767 1740 806">
    <p class='ocr_par' dir='ltr' id='par_1_32' title="bbox 953 767 1740 806">
     <span class='ocr_line' id='line_1_32' title="bbox 953 767 1740 806; baseline 0.005 -12"><span class='ocrx_word' id='word_1_204' title='bbox 953 767 1094 802; x_wconf 84' lang='lat' dir='ltr'><strong>nimirum,</strong></span> <span class='ocrx_word' id='word_1_205' title='bbox 1117 769 1175 796; x_wconf 92' lang='lat' dir='ltr'><strong>sive</strong></span> <span class='ocrx_word' id='word_1_206' title='bbox 1192 770 1355 804; x_wconf 84' lang='lat' dir='ltr'><strong>scriptorem</strong></span> <span class='ocrx_word' id='word_1_207' title='bbox 1373 770 1549 798; x_wconf 86' lang='lat' dir='ltr'><strong>vetustiorem</strong></span> <span class='ocrx_word' id='word_1_208' title='bbox 1565 778 1646 806; x_wconf 88' lang='lat' dir='ltr'><strong>quem</strong></span> <span class='ocrx_word' id='word_1_209' title='bbox 1666 771 1740 806; x_wconf 86' lang='lat' dir='ltr'><strong>ipse-</strong></span> 
     </span>
    </p>
   </div>
   <div class='ocr_carea' id='block_1_33' title="bbox 951 815 1740 851">
    <p class='ocr_par' dir='ltr' id='par_1_33' title="bbox 951 815 1740 851">
     <span class='ocr_line' id='line_1_33' title="bbox 951 815 1740 851; baseline 0.004 -10"><span class='ocrx_word' id='word_1_210' title='bbox 951 818 1007 841; x_wconf 83' lang='lat' dir='ltr'><strong>met</strong></span> <span class='ocrx_word' id='word_1_211' title='bbox 1034 818 1146 842; x_wconf 86' lang='lat' dir='ltr'><strong>secutus</strong></span> <span class='ocrx_word' id='word_1_212' title='bbox 1175 815 1268 847; x_wconf 80' lang='lat' dir='ltr'><strong>fuerit,</strong></span> <span class='ocrx_word' id='word_1_213' title='bbox 1294 816 1407 842; x_wconf 86' lang='lat' dir='ltr'><strong>nomine</strong></span> <span class='ocrx_word' id='word_1_214' title='bbox 1433 816 1605 851; x_wconf 84' lang='lat' dir='ltr'><strong>proconsulis</strong></span> <span class='ocrx_word' id='word_1_215' title='bbox 1627 816 1740 851; x_wconf 83' lang='lat' dir='ltr'><strong>proprio</strong></span> 
     </span>
    </p>
   </div>
   <div class='ocr_carea' id='block_1_34' title="bbox 108 860 1740 898">
    <p class='ocr_par' dir='ltr' id='par_1_34' title="bbox 108 860 1740 898">
     <span class='ocr_line' id='line_1_34' title="bbox 108 860 1740 898; baseline 0.004 -8"><span class='ocrx_word' id='word_1_216' title='bbox 108 863 239 891; x_wconf 75' lang='lat' dir='ltr'><strong>Ecclesia</strong></span> <span class='ocrx_word' id='word_1_217' title='bbox 255 871 321 891; x_wconf 87' lang='lat' dir='ltr'><strong>vero</strong></span> <span class='ocrx_word' id='word_1_218' title='bbox 340 863 459 890; x_wconf 79' lang='lat' dir='ltr'><strong>Achaica</strong></span> <span class='ocrx_word' id='word_1_219' title='bbox 478 864 505 891; x_wconf 93' lang='lat' dir='ltr'><strong>in</strong></span> <span class='ocrx_word' id='word_1_220' title='bbox 522 863 654 898; x_wconf 80' lang='lat' dir='ltr'><strong>Epistola,</strong></span> <span class='ocrx_word' id='word_1_221' title='bbox 669 871 724 891; x_wconf 92' lang='lat' dir='ltr'><strong>non</strong></span> <span class='ocrx_word' id='word_1_222' title='bbox 739 864 812 891; x_wconf 86' lang='lat' dir='ltr'><strong>sedis</strong></span> <span class='ocrx_word' id='word_1_223' title='bbox 837 863 900 898; x_wconf 90' lang='lat' dir='ltr'><strong>qui-</strong></span> <span class='ocrx_word' id='word_1_224' title='bbox 915 860 937 888; x_wconf 89' lang='lat' dir='ltr'><strong>B</strong></span> <span class='ocrx_word' id='word_1_225' title='bbox 952 860 1105 894; x_wconf 75' lang='lat' dir='ltr'><strong>praeteriw.</strong></span> <span class='ocrx_word' id='word_1_226' title='bbox 1135 861 1294 895; x_wconf 81' lang='lat' dir='ltr'><strong>huiusmodi</strong></span> <span class='ocrx_word' id='word_1_227' title='bbox 1320 861 1422 894; x_wconf 79' lang='lat' dir='ltr'><strong>verba.</strong></span> <span class='ocrx_word' id='word_1_228' title='bbox 1451 862 1504 888; x_wconf 80' lang='grc' dir='ltr'>ὑπὸ</span> <span class='ocrx_word' id='word_1_229' title='bbox 1528 862 1576 889; x_wconf 80' lang='grc' dir='ltr'><strong>τοῦ</strong></span> <span class='ocrx_word' id='word_1_230' title='bbox 1608 862 1740 898; x_wconf 81' lang='grc' dir='ltr'><strong>βασιλέως</strong></span> 
     </span>
    </p>
   </div>
   <div class='ocr_carea' id='block_1_35' title="bbox 107 908 900 944">
    <p class='ocr_par' dir='ltr' id='par_1_35' title="bbox 107 908 900 944">
     <span class='ocr_line' id='line_1_35' title="bbox 107 908 900 944; baseline -0.003 -7"><span class='ocrx_word' id='word_1_231' title='bbox 107 911 175 938; x_wconf 84' lang='lat' dir='ltr'><strong>dem</strong></span> <span class='ocrx_word' id='word_1_232' title='bbox 191 911 292 944; x_wconf 80' lang='lat' dir='ltr'><strong>locum,</strong></span> <span class='ocrx_word' id='word_1_233' title='bbox 307 910 353 937; x_wconf 85' lang='lat' dir='ltr'><strong>sed</strong></span> <span class='ocrx_word' id='word_1_234' title='bbox 369 917 470 937; x_wconf 90' lang='lat' dir='ltr'><strong>munus</strong></span> <span class='ocrx_word' id='word_1_235' title='bbox 484 918 539 944; x_wconf 89' lang='lat' dir='ltr'><strong>quo</strong></span> <span class='ocrx_word' id='word_1_236' title='bbox 557 914 584 936; x_wconf 86' lang='lat' dir='ltr'><strong>et</strong></span> <span class='ocrx_word' id='word_1_237' title='bbox 599 910 626 937; x_wconf 91' lang='lat' dir='ltr'><strong>in</strong></span> <span class='ocrx_word' id='word_1_238' title='bbox 640 909 749 938; x_wconf 77' lang='lat' dir='ltr'><strong>Achaia:</strong></span> <span class='ocrx_word' id='word_1_239' title='bbox 760 908 900 944; x_wconf 82' lang='lat' dir='ltr'><strong>provincia</strong></span> 
     </span>
    </p>
   </div>
   <div class='ocr_carea' id='block_1_36' title="bbox 106 956 623 991">
    <p class='ocr_par' dir='ltr' id='par_1_36' title="bbox 106 956 623 991">
     <span class='ocr_line' id='line_1_36' title="bbox 106 956 623 991; baseline -0.002 -7"><span class='ocrx_word' id='word_1_240' title='bbox 106 957 277 991; x_wconf 76' lang='lat' dir='ltr'><strong>fungebatur</strong></span> <span class='ocrx_word' id='word_1_241' title='bbox 291 957 451 991; x_wconf 88' lang='lat' dir='ltr'><strong>proconsul,</strong></span> <span class='ocrx_word' id='word_1_242' title='bbox 468 956 623 984; x_wconf 87' lang='lat' dir='ltr'><strong>attenderit.</strong></span> 
     </span>
    </p>
   </div>
   <div class='ocr_carea' id='block_1_37' title="bbox 147 1000 900 1037">
    <p class='ocr_par' dir='ltr' id='par_1_37' title="bbox 147 1000 900 1037">
     <span class='ocr_line' id='line_1_37' title="bbox 147 1000 900 1037; baseline -0.004 -8"><span class='ocrx_word' id='word_1_243' title='bbox 147 1001 240 1037; x_wconf 85' lang='lat' dir='ltr'><strong>Neque</strong></span> <span class='ocrx_word' id='word_1_244' title='bbox 257 1009 321 1029; x_wconf 89' lang='lat' dir='ltr'><strong>vero</strong></span> <span class='ocrx_word' id='word_1_245' title='bbox 332 1001 395 1036; x_wconf 89' lang='lat' dir='ltr'><strong>quis</strong></span> <span class='ocrx_word' id='word_1_246' title='bbox 408 1005 483 1036; x_wconf 85' lang='lat' dir='ltr'><strong>putet</strong></span> <span class='ocrx_word' id='word_1_247' title='bbox 504 1001 587 1028; x_wconf 80' lang='lat' dir='ltr'><strong>anxio</strong></span> <span class='ocrx_word' id='word_1_248' title='bbox 598 1000 691 1027; x_wconf 90' lang='lat' dir='ltr'><strong>animo</strong></span> <span class='ocrx_word' id='word_1_249' title='bbox 704 1007 754 1028; x_wconf 84' lang='lat' dir='ltr'><strong>nos</strong></span> <span class='ocrx_word' id='word_1_250' title='bbox 768 1007 830 1027; x_wconf 88' lang='lat' dir='ltr'><strong>esse</strong></span> <span class='ocrx_word' id='word_1_251' title='bbox 853 1003 900 1026; x_wconf 87' lang='lat' dir='ltr'><strong>aut</strong></span> 
     </span>
    </p>
   </div>
   <div class='ocr_carea' id='block_1_38' title="bbox 106 1046 898 1084">
    <p class='ocr_par' dir='ltr' id='par_1_38' title="bbox 106 1046 898 1084">
     <span class='ocr_line' id='line_1_38' title="bbox 106 1046 898 1084; baseline -0.005 -7"><span class='ocrx_word' id='word_1_252' title='bbox 106 1049 241 1081; x_wconf 85' lang='lat' dir='ltr'><strong>sollicito,</strong></span> <span class='ocrx_word' id='word_1_253' title='bbox 253 1049 327 1083; x_wconf 90' lang='lat' dir='ltr'><strong>quod</strong></span> <span class='ocrx_word' id='word_1_254' title='bbox 338 1048 452 1084; x_wconf 71' lang='lat' dir='ltr'><strong>Egcam</strong></span> <span class='ocrx_word' id='word_1_255' title='bbox 467 1047 578 1084; x_wconf 82' lang='grc' dir='ltr'><strong>βασιλέα</strong></span> <span class='ocrx_word' id='word_1_256' title='bbox 590 1046 760 1081; x_wconf 83' lang='lat' dir='ltr'><strong>Sophronius</strong></span> <span class='ocrx_word' id='word_1_257' title='bbox 772 1046 898 1080; x_wconf 78' lang='lat' dir='ltr'><strong>appellet.</strong></span> 
     </span>
    </p>
   </div>
   <div class='ocr_carea' id='block_1_39' title="bbox 104 1092 900 1130">
    <p class='ocr_par' dir='ltr' id='par_1_39' title="bbox 104 1092 900 1130">
     <span class='ocr_line' id='line_1_39' title="bbox 104 1092 900 1130; baseline -0.004 -9"><span class='ocrx_word' id='word_1_258' title='bbox 104 1094 192 1122; x_wconf 76' lang='lat' dir='ltr'><strong>ﬂaud</strong></span> <span class='ocrx_word' id='word_1_259' title='bbox 210 1095 282 1122; x_wconf 90' lang='lat' dir='ltr'><strong>enim</strong></span> <span class='ocrx_word' id='word_1_260' title='bbox 298 1102 351 1122; x_wconf 90' lang='lat' dir='ltr'><strong>una</strong></span> <span class='ocrx_word' id='word_1_261' title='bbox 364 1102 425 1122; x_wconf 86' lang='lat' dir='ltr'><strong>esse</strong></span> <span class='ocrx_word' id='word_1_262' title='bbox 447 1095 528 1130; x_wconf 84' lang='lat' dir='ltr'><strong>hujus</strong></span> <span class='ocrx_word' id='word_1_263' title='bbox 545 1094 620 1121; x_wconf 86' lang='lat' dir='ltr'><strong>vocis</strong></span> <span class='ocrx_word' id='word_1_264' title='bbox 644 1092 809 1127; x_wconf 77' lang='lat' dir='ltr'><strong>significatio</strong></span> <span class='ocrx_word' id='word_1_265' title='bbox 824 1099 900 1118; x_wconf 89' lang='lat' dir='ltr'><strong>eom-</strong></span> 
     </span>
    </p>
   </div>
   <div class='ocr_carea' id='block_1_40' title="bbox 107 1138 899 1175">
    <p class='ocr_par' dir='ltr' id='par_1_40' title="bbox 107 1138 899 1175">
     <span class='ocr_line' id='line_1_40' title="bbox 107 1138 899 1175; baseline -0.004 -8"><span class='ocrx_word' id='word_1_266' title='bbox 107 1141 236 1175; x_wconf 87' lang='lat' dir='ltr'><strong>peritur;</strong></span> <span class='ocrx_word' id='word_1_267' title='bbox 250 1148 337 1175; x_wconf 89' lang='lat' dir='ltr'><strong>neque</strong></span> <span class='ocrx_word' id='word_1_268' title='bbox 351 1141 396 1168; x_wconf 89' lang='lat' dir='ltr'><strong>illa</strong></span> <span class='ocrx_word' id='word_1_269' title='bbox 411 1141 520 1168; x_wconf 90' lang='lat' dir='ltr'><strong>demum</strong></span> <span class='ocrx_word' id='word_1_270' title='bbox 535 1141 686 1168; x_wconf 87' lang='lat' dir='ltr'><strong>abutuntur</strong></span> <span class='ocrx_word' id='word_1_271' title='bbox 702 1139 802 1166; x_wconf 88' lang='lat' dir='ltr'><strong>vetusti</strong></span> <span class='ocrx_word' id='word_1_272' title='bbox 828 1138 899 1165; x_wconf 88' lang='lat' dir='ltr'><strong>scri-</strong></span> 
     </span>
    </p>
   </div>
   <div class='ocr_carea' id='block_1_41' title="bbox 110 1185 898 1222">
    <p class='ocr_par' dir='ltr' id='par_1_41' title="bbox 110 1185 898 1222">
     <span class='ocr_line' id='line_1_41' title="bbox 110 1185 898 1222; baseline -0.001 -9"><span class='ocrx_word' id='word_1_273' title='bbox 110 1191 218 1221; x_wconf 87' lang='lat' dir='ltr'><strong>ptores,</strong></span> <span class='ocrx_word' id='word_1_274' title='bbox 251 1195 306 1222; x_wconf 90' lang='lat' dir='ltr'><strong>quo</strong></span> <span class='ocrx_word' id='word_1_275' title='bbox 323 1196 410 1222; x_wconf 79' lang='lat' dir='ltr'><strong>regem</strong></span> <span class='ocrx_word' id='word_1_276' title='bbox 437 1192 597 1214; x_wconf 82' lang='lat' dir='ltr'><strong>constanter</strong></span> <span class='ocrx_word' id='word_1_277' title='bbox 623 1187 777 1221; x_wconf 87' lang='lat' dir='ltr'><strong>exprimere</strong></span> <span class='ocrx_word' id='word_1_278' title='bbox 803 1185 898 1216; x_wconf 85' lang='lat' dir='ltr'><strong>velint.</strong></span> 
     </span>
    </p>
   </div>
   <div class='ocr_carea' id='block_1_42' title="bbox 107 1231 897 1269">
    <p class='ocr_par' dir='ltr' id='par_1_42' title="bbox 107 1231 897 1269">
     <span class='ocr_line' id='line_1_42' title="bbox 107 1231 897 1269; baseline -0.003 -10"><span class='ocrx_word' id='word_1_279' title='bbox 107 1237 142 1259; x_wconf 93' lang='lat' dir='ltr'><strong>ut</strong></span> <span class='ocrx_word' id='word_1_280' title='bbox 161 1240 195 1259; x_wconf 79' lang='lat' dir='ltr'><strong>ex</strong></span> <span class='ocrx_word' id='word_1_281' title='bbox 218 1233 339 1267; x_wconf 84' lang='lat' dir='ltr'><strong>antiquis</strong></span> <span class='ocrx_word' id='word_1_282' title='bbox 364 1233 577 1269; x_wconf 77' lang='lat' dir='ltr'><strong>Lexicographis</strong></span> <span class='ocrx_word' id='word_1_283' title='bbox 601 1233 697 1267; x_wconf 83' lang='lat' dir='ltr'><strong>liquet.</strong></span> <span class='ocrx_word' id='word_1_284' title='bbox 722 1231 897 1268; x_wconf 82' lang='lat' dir='ltr'><strong>Hesychius:</strong></span> 
     </span>
    </p>
   </div>
   <div class='ocr_carea' id='block_1_43' title="bbox 107 1276 901 1314">
    <p class='ocr_par' dir='ltr' id='par_1_43' title="bbox 107 1276 901 1314">
     <span class='ocr_line' id='line_1_43' title="bbox 107 1276 901 1314; baseline -0.001 -10"><span class='ocrx_word' id='word_1_285' title='bbox 107 1278 250 1310; x_wconf 75' lang='grc' dir='ltr'>Βασιλεῖς,</span> <span class='ocrx_word' id='word_1_286' title='bbox 265 1279 290 1304; x_wconf 75' lang='grc' dir='ltr'>οἱ</span> <span class='ocrx_word' id='word_1_287' title='bbox 307 1279 445 1305; x_wconf 78' lang='grc' dir='ltr'>δικασταί·</span> <span class='ocrx_word' id='word_1_288' title='bbox 464 1279 540 1314; x_wconf 84' lang='grc' dir='ltr'>παρὰ</span> <span class='ocrx_word' id='word_1_289' title='bbox 556 1278 703 1314; x_wconf 78' lang='grc' dir='ltr'>Ἡροδότῳ,</span> <span class='ocrx_word' id='word_1_290' title='bbox 723 1279 749 1305; x_wconf 84' lang='lat' dir='ltr'><strong>al</strong></span> <span class='ocrx_word' id='word_1_291' title='bbox 758 1276 901 1310; x_wconf 79' lang='grc' dir='ltr'><strong>βασιλεῖς</strong></span> 
     </span>
    </p>
   </div>
   <div class='ocr_carea' id='block_1_44' title="bbox 105 1322 900 1359">
    <p class='ocr_par' dir='ltr' id='par_1_44' title="bbox 105 1322 900 1359">
     <span class='ocr_line' id='line_1_44' title="bbox 105 1322 900 1359; baseline 0 -9"><span class='ocrx_word' id='word_1_292' title='bbox 105 1322 284 1358; x_wconf 61' lang='grc' dir='ltr'><strong>παράνομον</strong></span> <span class='ocrx_word' id='word_1_293' title='bbox 292 1323 473 1358; x_wconf 73' lang='grc' dir='ltr'><strong>ἐργαζομένῳ</strong></span> <span class='ocrx_word' id='word_1_294' title='bbox 480 1324 710 1359; x_wconf 80' lang='grc' dir='ltr'><strong>ἐναντιούμενοι.</strong></span> <span class='ocrx_word' id='word_1_295' title='bbox 720 1324 759 1351; x_wconf 88' lang='lat' dir='ltr'><strong>Ad</strong></span> <span class='ocrx_word' id='word_1_296' title='bbox 769 1331 849 1358; x_wconf 88' lang='lat' dir='ltr'><strong>quem</strong></span> <span class='ocrx_word' id='word_1_297' title='bbox 860 1323 900 1350; x_wconf 92' lang='lat' dir='ltr'><strong>lo-</strong></span> 
     </span>
    </p>
   </div>
   <div class='ocr_carea' id='block_1_45' title="bbox 107 1368 900 1405">
    <p class='ocr_par' dir='ltr' id='par_1_45' title="bbox 107 1368 900 1405">
     <span class='ocr_line' id='line_1_45' title="bbox 107 1368 900 1405; baseline 0 -10"><span class='ocrx_word' id='word_1_298' title='bbox 107 1375 176 1395; x_wconf 85' lang='lat' dir='ltr'><strong>cum</strong></span> <span class='ocrx_word' id='word_1_299' title='bbox 194 1368 270 1403; x_wconf 89' lang='lat' dir='ltr'><strong>plura</strong></span> <span class='ocrx_word' id='word_1_300' title='bbox 289 1368 396 1396; x_wconf 86' lang='lat' dir='ltr'><strong>erudite</strong></span> <span class='ocrx_word' id='word_1_301' title='bbox 413 1368 532 1397; x_wconf 75' lang='lat' dir='ltr'><strong>Joannes</strong></span> <span class='ocrx_word' id='word_1_302' title='bbox 554 1370 656 1397; x_wconf 88' lang='lat' dir='ltr'><strong>Alberti</strong></span> <span class='ocrx_word' id='word_1_303' title='bbox 678 1370 746 1405; x_wconf 68' lang='grc'>(48),</span> <span class='ocrx_word' id='word_1_304' title='bbox 765 1369 900 1396; x_wconf 82' lang='lat' dir='ltr'><strong>Phavori-</strong></span> 
     </span>
    </p>
   </div>
   <div class='ocr_carea' id='block_1_46' title="bbox 109 1415 900 1451">
    <p class='ocr_par' dir='ltr' id='par_1_46' title="bbox 109 1415 900 1451">
     <span class='ocr_line' id='line_1_46' title="bbox 109 1415 900 1451; baseline 0.001 -10"><span class='ocrx_word' id='word_1_305' title='bbox 109 1422 166 1442; x_wconf 86' lang='lat' dir='ltr'><strong>nus</strong></span> <span class='ocrx_word' id='word_1_306' title='bbox 180 1415 243 1442; x_wconf 92' lang='lat' dir='ltr'><strong>item</strong></span> <span class='ocrx_word' id='word_1_307' title='bbox 262 1425 269 1442; x_wconf 89' lang='lat'><strong>:</strong></span> <span class='ocrx_word' id='word_1_308' title='bbox 286 1415 422 1451; x_wconf 75' lang='grc' dir='ltr'>Βασιλῆας</span> <span class='ocrx_word' id='word_1_309' title='bbox 443 1416 517 1450; x_wconf 82' lang='grc' dir='ltr'>λέγει</span> <span class='ocrx_word' id='word_1_310' title='bbox 545 1417 666 1448; x_wconf 82' lang='grc' dir='ltr'>Ἠσίοδος</span> <span class='ocrx_word' id='word_1_311' title='bbox 686 1417 749 1447; x_wconf 80' lang='grc' dir='ltr'><strong>τοὺς</strong></span> <span class='ocrx_word' id='word_1_312' title='bbox 771 1415 900 1447; x_wconf 77' lang='grc' dir='ltr'><strong>δικαστὰς</strong></span> 
     </span>
    </p>
   </div>
   <div class='ocr_carea' id='block_1_47' title="bbox 106 1460 901 1498">
    <p class='ocr_par' dir='ltr' id='par_1_47' title="bbox 106 1460 901 1498">
     <span class='ocr_line' id='line_1_47' title="bbox 106 1460 901 1498; baseline 0.001 -11"><span class='ocrx_word' id='word_1_313' title='bbox 106 1460 157 1487; x_wconf 73' lang='grc' dir='ltr'><strong>καὶ</strong></span> <span class='ocrx_word' id='word_1_314' title='bbox 170 1462 233 1493; x_wconf 80' lang='grc' dir='ltr'><strong>τοὺς</strong></span> <span class='ocrx_word' id='word_1_315' title='bbox 254 1462 396 1497; x_wconf 77' lang='grc' dir='ltr'><strong>ἄρχοντας.</strong></span> <span class='ocrx_word' id='word_1_316' title='bbox 412 1461 488 1489; x_wconf 77' lang='grc' dir='ltr'><strong>Οὕτω</strong></span> <span class='ocrx_word' id='word_1_317' title='bbox 500 1463 555 1498; x_wconf 82' lang='grc' dir='ltr'><strong>γὰρ</strong></span> <span class='ocrx_word' id='word_1_318' title='bbox 570 1463 667 1494; x_wconf 76' lang='grc' dir='ltr'>αὐτοὺς</span> <span class='ocrx_word' id='word_1_319' title='bbox 676 1463 789 1490; x_wconf 72' lang='grc' dir='ltr'><strong>ἐκάλουν</strong></span> <span class='ocrx_word' id='word_1_320' title='bbox 804 1463 830 1488; x_wconf 87' lang='grc' dir='ltr'><strong>οἱ</strong></span> <span class='ocrx_word' id='word_1_321' title='bbox 846 1470 901 1489; x_wconf 79' lang='grc' dir='ltr'>πα-</span> 
     </span>
    </p>
   </div>
   <div class='ocr_carea' id='block_1_48' title="bbox 105 1507 900 1544">
    <p class='ocr_par' dir='ltr' id='par_1_48' title="bbox 105 1507 900 1544">
     <span class='ocr_line' id='line_1_48' title="bbox 105 1507 900 1544; baseline 0 -10"><span class='ocrx_word' id='word_1_322' title='bbox 105 1508 192 1540; x_wconf 79' lang='grc' dir='ltr'>λαιοὶ,</span> <span class='ocrx_word' id='word_1_323' title='bbox 213 1508 250 1540; x_wconf 88' lang='grc' dir='ltr'><strong>ὡς</strong></span> <span class='ocrx_word' id='word_1_324' title='bbox 277 1508 409 1544; x_wconf 86' lang='grc' dir='ltr'><strong>ὐμηρός·</strong></span> <span class='ocrx_word' id='word_1_325' title='bbox 433 1508 587 1542; x_wconf 76' lang='grc' dir='ltr'><strong>Ἀλλ’ἤτοι</strong></span> <span class='ocrx_word' id='word_1_326' title='bbox 602 1508 755 1542; x_wconf 73' lang='grc' dir='ltr'><strong>,ϐασιλῆες</strong></span> <span class='ocrx_word' id='word_1_327' title='bbox 780 1507 900 1542; x_wconf 78' lang='grc' dir='ltr'><strong>Ἀχαιῶν</strong></span> 
     </span>
    </p>
   </div>
   <div class='ocr_carea' id='block_1_49' title="bbox 104 1554 897 1590">
    <p class='ocr_par' dir='ltr' id='par_1_49' title="bbox 104 1554 897 1590">
     <span class='ocr_line' id='line_1_49' title="bbox 104 1554 897 1590; baseline 0 -9"><span class='ocrx_word' id='word_1_328' title='bbox 104 1555 229 1581; x_wconf 70' lang='lat' dir='ltr'><strong>clamat</strong></span> <span class='ocrx_word' id='word_1_329' title='bbox 252 1554 350 1582; x_wconf 75' lang='grc' dir='ltr'><strong>ἄλλοι.</strong></span> <span class='ocrx_word' id='word_1_330' title='bbox 376 1555 443 1588; x_wconf 59' lang='lat' dir='ltr'><strong>Quae</strong></span> <span class='ocrx_word' id='word_1_331' title='bbox 465 1555 575 1590; x_wconf 90' lang='lat' dir='ltr'><strong>quidem</strong></span> <span class='ocrx_word' id='word_1_332' title='bbox 607 1554 715 1582; x_wconf 86' lang='lat' dir='ltr'><strong>Homeri</strong></span> <span class='ocrx_word' id='word_1_333' title='bbox 742 1555 824 1581; x_wconf 83' lang='lat' dir='ltr'><strong>verba</strong></span> <span class='ocrx_word' id='word_1_334' title='bbox 841 1554 897 1589; x_wconf 62' lang='lat'><strong>(49)</strong></span> 
     </span>
    </p>
   </div>
   <div class='ocr_carea' id='block_1_50' title="bbox 104 1599 899 1635">
    <p class='ocr_par' dir='ltr' id='par_1_50' title="bbox 104 1599 899 1635">
     <span class='ocr_line' id='line_1_50' title="bbox 104 1599 899 1635; baseline 0 -9"><span class='ocrx_word' id='word_1_335' title='bbox 104 1599 173 1627; x_wconf 80' lang='lat' dir='ltr'><strong>loco</strong></span> <span class='ocrx_word' id='word_1_336' title='bbox 185 1600 218 1627; x_wconf 90' lang='lat' dir='ltr'><strong>de</strong></span> <span class='ocrx_word' id='word_1_337' title='bbox 238 1608 293 1634; x_wconf 89' lang='lat' dir='ltr'><strong>quo</strong></span> <span class='ocrx_word' id='word_1_338' title='bbox 316 1600 440 1635; x_wconf 83' lang='lat' dir='ltr'><strong>agimus,</strong></span> <span class='ocrx_word' id='word_1_339' title='bbox 461 1601 528 1627; x_wconf 90' lang='lat' dir='ltr'><strong>mire</strong></span> <span class='ocrx_word' id='word_1_340' title='bbox 542 1600 677 1635; x_wconf 85' lang='lat' dir='ltr'><strong>quadrare</strong></span> <span class='ocrx_word' id='word_1_341' title='bbox 691 1607 773 1627; x_wconf 88' lang='lat' dir='ltr'><strong>nemo</strong></span> <span class='ocrx_word' id='word_1_342' title='bbox 789 1608 842 1627; x_wconf 90' lang='lat' dir='ltr'><strong>non</strong></span> <span class='ocrx_word' id='word_1_343' title='bbox 857 1600 899 1626; x_wconf 87' lang='lat' dir='ltr'><strong>vi-</strong></span> 
     </span>
    </p>
   </div>
   <div class='ocr_carea' id='block_1_51' title="bbox 108 1645 898 1680">
    <p class='ocr_par' dir='ltr' id='par_1_51' title="bbox 108 1645 898 1680">
     <span class='ocr_line' id='line_1_51' title="bbox 108 1645 898 1680; baseline 0 -8"><span class='ocrx_word' id='word_1_344' title='bbox 108 1646 170 1673; x_wconf 88' lang='lat' dir='ltr'><strong>det.</strong></span> <span class='ocrx_word' id='word_1_345' title='bbox 195 1645 324 1673; x_wconf 86' lang='lat' dir='ltr'><strong>Eamdem</strong></span> <span class='ocrx_word' id='word_1_346' title='bbox 341 1647 368 1673; x_wconf 91' lang='lat' dir='ltr'><strong>in</strong></span> <span class='ocrx_word' id='word_1_347' title='bbox 384 1646 548 1674; x_wconf 81' lang='lat' dir='ltr'><strong>sententiam</strong></span> <span class='ocrx_word' id='word_1_348' title='bbox 568 1645 728 1673; x_wconf 84' lang='lat' dir='ltr'><strong>Maussacus</strong></span> <span class='ocrx_word' id='word_1_349' title='bbox 739 1653 849 1680; x_wconf 87' lang='lat' dir='ltr'><strong>quoque</strong></span> <span class='ocrx_word' id='word_1_350' title='bbox 864 1646 898 1673; x_wconf 88' lang='lat' dir='ltr'><strong>ad</strong></span> 
     </span>
    </p>
   </div>
   <div class='ocr_carea' id='block_1_52' title="bbox 106 1692 898 1728">
    <p class='ocr_par' dir='ltr' id='par_1_52' title="bbox 106 1692 898 1728">
     <span class='ocr_line' id='line_1_52' title="bbox 106 1692 898 1728; baseline 0.001 -8"><span class='ocrx_word' id='word_1_351' title='bbox 106 1693 357 1728; x_wconf 79' lang='lat' dir='ltr'><strong>llarpocrationem</strong></span> <span class='ocrx_word' id='word_1_352' title='bbox 369 1701 396 1720; x_wconf 87' lang='grc' dir='ltr'><strong>ν.</strong></span> <span class='ocrx_word' id='word_1_353' title='bbox 408 1692 540 1728; x_wconf 82' lang='grc' dir='ltr'>Βασιλικὴ</span> <span class='ocrx_word' id='word_1_354' title='bbox 558 1693 700 1728; x_wconf 71' lang='grc' dir='ltr'><strong>διαδρομή,</strong></span> <span class='ocrx_word' id='word_1_355' title='bbox 720 1701 804 1720; x_wconf 89' lang='lat' dir='ltr'><strong>unum</strong></span> <span class='ocrx_word' id='word_1_356' title='bbox 817 1701 832 1721; x_wconf 94' lang='lat' dir='ltr'><strong>e</strong></span> <span class='ocrx_word' id='word_1_357' title='bbox 848 1702 898 1721; x_wconf 93' lang='lat' dir='ltr'><strong>no-</strong></span> 
     </span>
    </p>
   </div>
   <div class='ocr_carea' id='block_1_53' title="bbox 107 1738 900 1774">
    <p class='ocr_par' dir='ltr' id='par_1_53' title="bbox 107 1738 900 1774">
     <span class='ocr_line' id='line_1_53' title="bbox 107 1738 900 1774; baseline 0 -8"><span class='ocrx_word' id='word_1_358' title='bbox 107 1747 172 1766; x_wconf 85' lang='lat' dir='ltr'><strong>vem</strong></span> <span class='ocrx_word' id='word_1_359' title='bbox 203 1738 408 1774; x_wconf 75' lang='lat' dir='ltr'><strong>magistratibus</strong></span> <span class='ocrx_word' id='word_1_360' title='bbox 436 1739 649 1766; x_wconf 67' lang='lat' dir='ltr'><strong>Atheniensibus</strong></span> <span class='ocrx_word' id='word_1_361' title='bbox 673 1738 785 1773; x_wconf 83' lang='grc' dir='ltr'><strong>βασιλέα</strong></span> <span class='ocrx_word' id='word_1_362' title='bbox 815 1738 900 1766; x_wconf 90' lang='lat' dir='ltr'><strong>fuisse</strong></span> 
     </span>
    </p>
   </div>
   <div class='ocr_carea' id='block_1_54' title="bbox 109 1784 899 1820">
    <p class='ocr_par' dir='ltr' id='par_1_54' title="bbox 109 1784 899 1820">
     <span class='ocr_line' id='line_1_54' title="bbox 109 1784 899 1820; baseline 0 -10"><span class='ocrx_word' id='word_1_363' title='bbox 109 1790 251 1818; x_wconf 78' lang='lat' dir='ltr'><strong>vocatum,</strong></span> <span class='ocrx_word' id='word_1_364' title='bbox 267 1794 295 1812; x_wconf 86' lang='lat' dir='ltr'><strong>se</strong></span> <span class='ocrx_word' id='word_1_365' title='bbox 305 1785 386 1812; x_wconf 89' lang='lat' dir='ltr'><strong>latius</strong></span> <span class='ocrx_word' id='word_1_366' title='bbox 403 1784 550 1812; x_wconf 89' lang='lat' dir='ltr'><strong>docturum</strong></span> <span class='ocrx_word' id='word_1_367' title='bbox 565 1787 727 1819; x_wconf 83' lang='lat' dir='ltr'><strong>promiserat</strong></span> <span class='ocrx_word' id='word_1_368' title='bbox 742 1784 899 1820; x_wconf 74' lang='grc' dir='ltr'><strong>νν.Θεσμο-</strong></span> 
     </span>
    </p>
   </div>
   <div class='ocr_carea' id='block_1_55' title="bbox 108 1829 900 1867">
    <p class='ocr_par' dir='ltr' id='par_1_55' title="bbox 108 1829 900 1867">
     <span class='ocr_line' id='line_1_55' title="bbox 108 1829 900 1867; baseline -0.004 -8"><span class='ocrx_word' id='word_1_369' title='bbox 108 1832 190 1859; x_wconf 83' lang='grc' dir='ltr'>θέται</span> <span class='ocrx_word' id='word_1_370' title='bbox 203 1831 429 1867; x_wconf 79' lang='grc' dir='ltr'><strong>εῑΠολέμαρχος,</strong></span> <span class='ocrx_word' id='word_1_371' title='bbox 444 1830 518 1865; x_wconf 88' lang='lat' dir='ltr'><strong>quod</strong></span> <span class='ocrx_word' id='word_1_372' title='bbox 531 1835 622 1857; x_wconf 90' lang='lat' dir='ltr'><strong>tamen</strong></span> <span class='ocrx_word' id='word_1_373' title='bbox 639 1829 682 1857; x_wconf 91' lang='lat' dir='ltr'><strong>sui</strong></span> <span class='ocrx_word' id='word_1_374' title='bbox 701 1830 814 1862; x_wconf 88' lang='lat' dir='ltr'><strong>oblitus,</strong></span> <span class='ocrx_word' id='word_1_375' title='bbox 829 1829 900 1856; x_wconf 86' lang='lat' dir='ltr'><strong>haud</strong></span> 
     </span>
    </p>
   </div>
   <div class='ocr_carea' id='block_1_56' title="bbox 105 1876 900 1914">
    <p class='ocr_par' dir='ltr' id='par_1_56' title="bbox 105 1876 900 1914">
     <span class='ocr_line' id='line_1_56' title="bbox 105 1876 900 1914; baseline -0.004 -9"><span class='ocrx_word' id='word_1_376' title='bbox 105 1878 250 1914; x_wconf 74' lang='lat' dir='ltr'><strong>praestitit.</strong></span> <span class='ocrx_word' id='word_1_377' title='bbox 261 1877 330 1904; x_wconf 82' lang='lat' dir='ltr'><strong>Hinc</strong></span> <span class='ocrx_word' id='word_1_378' title='bbox 350 1886 415 1912; x_wconf 74' lang='lat' dir='ltr'><strong>ergo</strong></span> <span class='ocrx_word' id='word_1_379' title='bbox 428 1877 531 1911; x_wconf 91' lang='lat' dir='ltr'><strong>liquido</strong></span> <span class='ocrx_word' id='word_1_380' title='bbox 548 1881 660 1911; x_wconf 84' lang='lat' dir='ltr'><strong>apparet</strong></span> <span class='ocrx_word' id='word_1_381' title='bbox 673 1876 809 1903; x_wconf 90' lang='lat' dir='ltr'><strong>immerito</strong></span> <span class='ocrx_word' id='word_1_382' title='bbox 823 1876 900 1911; x_wconf 83' lang='lat' dir='ltr'><strong>argui</strong></span> 
     </span>
    </p>
   </div>
   <div class='ocr_carea' id='block_1_57' title="bbox 110 1920 901 1956">
    <p class='ocr_par' dir='ltr' id='par_1_57' title="bbox 110 1920 901 1956">
     <span class='ocr_line' id='line_1_57' title="bbox 110 1920 901 1956; baseline -0.001 -7"><span class='ocrx_word' id='word_1_383' title='bbox 110 1922 258 1950; x_wconf 85' lang='lat' dir='ltr'><strong>Erasmum</strong></span> <span class='ocrx_word' id='word_1_384' title='bbox 271 1930 303 1949; x_wconf 91' lang='lat' dir='ltr'><strong>eo</strong></span> <span class='ocrx_word' id='word_1_385' title='bbox 319 1922 441 1955; x_wconf 78' lang='lat' dir='ltr'><strong>nomine,</strong></span> <span class='ocrx_word' id='word_1_386' title='bbox 456 1921 528 1956; x_wconf 88' lang='lat' dir='ltr'><strong>quod</strong></span> <span class='ocrx_word' id='word_1_387' title='bbox 543 1920 653 1956; x_wconf 81' lang='grc' dir='ltr'><strong>βασιλέα</strong></span> <span class='ocrx_word' id='word_1_388' title='bbox 666 1920 812 1956; x_wconf 88' lang='lat' dir='ltr'><strong>Sophronii</strong></span> <span class='ocrx_word' id='word_1_389' title='bbox 832 1929 901 1956; x_wconf 76' lang='lat' dir='ltr'><strong>pra:-</strong></span> 
     </span>
    </p>
   </div>
   <div class='ocr_carea' id='block_1_58' title="bbox 109 1967 381 2004">
    <p class='ocr_par' dir='ltr' id='par_1_58' title="bbox 109 1967 381 2004">
     <span class='ocr_line' id='line_1_58' title="bbox 109 1967 381 2004; baseline 0 -10"><span class='ocrx_word' id='word_1_390' title='bbox 109 1969 210 2004; x_wconf 79' lang='lat' dir='ltr'><strong>{ectum</strong></span> <span class='ocrx_word' id='word_1_391' title='bbox 225 1967 381 1995; x_wconf 87' lang='lat' dir='ltr'><strong>reddiderit.</strong></span> 
     </span>
    </p>
   </div>
   <div class='ocr_carea' id='block_1_59' title="bbox 149 2013 900 2048">
    <p class='ocr_par' dir='ltr' id='par_1_59' title="bbox 149 2013 900 2048">
     <span class='ocr_line' id='line_1_59' title="bbox 149 2013 900 2048; baseline -0.001 -7"><span class='ocrx_word' id='word_1_392' title='bbox 149 2014 250 2041; x_wconf 77' lang='lat' dir='ltr'><strong>Verum</strong></span> <span class='ocrx_word' id='word_1_393' title='bbox 268 2015 294 2040; x_wconf 91' lang='lat' dir='ltr'><strong>in</strong></span> <span class='ocrx_word' id='word_1_394' title='bbox 312 2014 364 2041; x_wconf 90' lang='lat' dir='ltr'><strong>isto</strong></span> <span class='ocrx_word' id='word_1_395' title='bbox 383 2013 576 2048; x_wconf 84' lang='lat' dir='ltr'><strong>Sophroniano</strong></span> <span class='ocrx_word' id='word_1_396' title='bbox 587 2013 648 2040; x_wconf 79' lang='lat' dir='ltr'><strong>loro</strong></span> <span class='ocrx_word' id='word_1_397' title='bbox 664 2013 834 2041; x_wconf 86' lang='lat' dir='ltr'><strong>enucleando</strong></span> <span class='ocrx_word' id='word_1_398' title='bbox 847 2014 900 2040; x_wconf 85' lang='lat' dir='ltr'><strong>im-</strong></span> 
     </span>
    </p>
   </div>
   <div class='ocr_carea' id='block_1_60' title="bbox 110 2057 903 2093">
    <p class='ocr_par' dir='ltr' id='par_1_60' title="bbox 110 2057 903 2093">
     <span class='ocr_line' id='line_1_60' title="bbox 110 2057 903 2093; baseline 0 -7"><span class='ocrx_word' id='word_1_399' title='bbox 110 2059 217 2087; x_wconf 80' lang='lat' dir='ltr'><strong>morari</strong></span> <span class='ocrx_word' id='word_1_400' title='bbox 229 2059 319 2086; x_wconf 88' lang='lat' dir='ltr'><strong>adhuc</strong></span> <span class='ocrx_word' id='word_1_401' title='bbox 335 2066 481 2093; x_wconf 89' lang='lat' dir='ltr'><strong>parumper</strong></span> <span class='ocrx_word' id='word_1_402' title='bbox 496 2059 587 2085; x_wconf 89' lang='lat' dir='ltr'><strong>liceat.</strong></span> <span class='ocrx_word' id='word_1_403' title='bbox 607 2057 693 2086; x_wconf 90' lang='lat' dir='ltr'><strong>Nobis</strong></span> <span class='ocrx_word' id='word_1_404' title='bbox 710 2059 840 2085; x_wconf 90' lang='lat' dir='ltr'><strong>nimirum</strong></span> <span class='ocrx_word' id='word_1_405' title='bbox 848 2059 903 2086; x_wconf 93' lang='lat' dir='ltr'><strong>dis-</strong></span> 
     </span>
    </p>
   </div>
   <div class='ocr_carea' id='block_1_61' title="bbox 102 2104 900 2140">
    <p class='ocr_par' dir='ltr' id='par_1_61' title="bbox 102 2104 900 2140">
     <span class='ocr_line' id='line_1_61' title="bbox 102 2104 900 2140; baseline -0.001 -7"><span class='ocrx_word' id='word_1_406' title='bbox 102 2105 279 2133; x_wconf 84' lang='lat' dir='ltr'><strong>cutientibus</strong></span> <span class='ocrx_word' id='word_1_407' title='bbox 318 2105 466 2140; x_wconf 88' lang='lat' dir='ltr'><strong>Sophronii</strong></span> <span class='ocrx_word' id='word_1_408' title='bbox 494 2105 586 2137; x_wconf 88' lang='lat' dir='ltr'><strong>verba,</strong></span> <span class='ocrx_word' id='word_1_409' title='bbox 614 2105 701 2139; x_wconf 88' lang='lat' dir='ltr'><strong>deque</strong></span> <span class='ocrx_word' id='word_1_410' title='bbox 725 2104 900 2132; x_wconf 88' lang='lat' dir='ltr'><strong>Macedonica</strong></span> 
     </span>
    </p>
   </div>
   <div class='ocr_carea' id='block_1_62' title="bbox 111 2151 898 2186">
    <p class='ocr_par' dir='ltr' id='par_1_62' title="bbox 111 2151 898 2186">
     <span class='ocr_line' id='line_1_62' title="bbox 111 2151 898 2186; baseline 0 -8"><span class='ocrx_word' id='word_1_411' title='bbox 111 2152 216 2180; x_wconf 79' lang='lat' dir='ltr'><strong>Edessa</strong></span> <span class='ocrx_word' id='word_1_412' title='bbox 235 2151 281 2178; x_wconf 90' lang='lat' dir='ltr'><strong>illa</strong></span> <span class='ocrx_word' id='word_1_413' title='bbox 302 2159 363 2178; x_wconf 90' lang='lat' dir='ltr'><strong>esse</strong></span> <span class='ocrx_word' id='word_1_414' title='bbox 386 2151 544 2186; x_wconf 86' lang='lat' dir='ltr'><strong>accipienda</strong></span> <span class='ocrx_word' id='word_1_415' title='bbox 567 2151 652 2185; x_wconf 88' lang='lat' dir='ltr'><strong>probe</strong></span> <span class='ocrx_word' id='word_1_416' title='bbox 674 2151 898 2185; x_wconf 71' lang='lat' dir='ltr'><strong>intelligentibus,</strong></span> 
     </span>
    </p>
   </div>
   <div class='ocr_carea' id='block_1_63' title="bbox 957 905 1740 943">
    <p class='ocr_par' dir='ltr' id='par_1_63' title="bbox 957 905 1740 943">
     <span class='ocr_line' id='line_1_63' title="bbox 957 905 1740 943; baseline 0.006 -12"><span class='ocrx_word' id='word_1_417' title='bbox 957 905 1123 941; x_wconf 84' lang='grc' dir='ltr'><strong>Ἐδεσσηνῶν</strong></span> <span class='ocrx_word' id='word_1_418' title='bbox 1135 927 1143 940; x_wconf 86' lang='lat'><strong>,</strong></span> <span class='ocrx_word' id='word_1_419' title='bbox 1161 907 1349 935; x_wconf 87' lang='lat' dir='ltr'><strong>tantummodo</strong></span> <span class='ocrx_word' id='word_1_420' title='bbox 1369 908 1467 936; x_wconf 89' lang='lat' dir='ltr'><strong>litteris</strong></span> <span class='ocrx_word' id='word_1_421' title='bbox 1488 908 1577 943; x_wconf 90' lang='lat' dir='ltr'><strong>primo</strong></span> <span class='ocrx_word' id='word_1_422' title='bbox 1594 909 1740 936; x_wconf 84' lang='lat' dir='ltr'><strong>tradidisse</strong></span> 
     </span>
    </p>
   </div>
   <div class='ocr_carea' id='block_1_64' title="bbox 950 953 1741 990">
    <p class='ocr_par' dir='ltr' id='par_1_64' title="bbox 950 953 1741 990">
     <span class='ocr_line' id='line_1_64' title="bbox 950 953 1741 990; baseline 0.003 -10"><span class='ocrx_word' id='word_1_423' title='bbox 950 953 1097 988; x_wconf 76' lang='lat' dir='ltr'><strong>putabam;</strong></span> <span class='ocrx_word' id='word_1_424' title='bbox 1116 961 1197 988; x_wconf 90' lang='lat' dir='ltr'><strong>quem</strong></span> <span class='ocrx_word' id='word_1_425' title='bbox 1210 954 1319 989; x_wconf 90' lang='lat' dir='ltr'><strong>quidem</strong></span> <span class='ocrx_word' id='word_1_426' title='bbox 1333 954 1423 981; x_wconf 91' lang='lat' dir='ltr'><strong>locum</strong></span> <span class='ocrx_word' id='word_1_427' title='bbox 1436 962 1470 982; x_wconf 92' lang='lat' dir='ltr'><strong>ne</strong></span> <span class='ocrx_word' id='word_1_428' title='bbox 1480 954 1542 989; x_wconf 90' lang='lat' dir='ltr'><strong>quis</strong></span> <span class='ocrx_word' id='word_1_429' title='bbox 1557 955 1693 990; x_wconf 86' lang='lat' dir='ltr'><strong>acciperet</strong></span> <span class='ocrx_word' id='word_1_430' title='bbox 1705 955 1741 982; x_wconf 89' lang='lat' dir='ltr'><strong>de</strong></span> 
     </span>
    </p>
   </div>
   <div class='ocr_carea' id='block_1_65' title="bbox 950 998 1740 1036">
    <p class='ocr_par' dir='ltr' id='par_1_65' title="bbox 950 998 1740 1036">
     <span class='ocr_line' id='line_1_65' title="bbox 950 998 1740 1036; baseline 0.004 -11"><span class='ocrx_word' id='word_1_431' title='bbox 950 998 1118 1027; x_wconf 87' lang='lat' dir='ltr'><strong>Osrhoenica</strong></span> <span class='ocrx_word' id='word_1_432' title='bbox 1133 999 1246 1032; x_wconf 82' lang='lat' dir='ltr'><strong>Edessa,</strong></span> <span class='ocrx_word' id='word_1_433' title='bbox 1259 1001 1300 1028; x_wconf 90' lang='lat' dir='ltr'><strong>vir</strong></span> <span class='ocrx_word' id='word_1_434' title='bbox 1316 1001 1416 1036; x_wconf 88' lang='lat' dir='ltr'><strong>aliquis</strong></span> <span class='ocrx_word' id='word_1_435' title='bbox 1431 1001 1557 1028; x_wconf 87' lang='lat' dir='ltr'><strong>eruditus</strong></span> <span class='ocrx_word' id='word_1_436' title='bbox 1570 1001 1674 1028; x_wconf 85' lang='lat' dir='ltr'><strong>codicis</strong></span> <span class='ocrx_word' id='word_1_437' title='bbox 1687 1001 1740 1034; x_wconf 76' lang='lat' dir='ltr'><strong>So-</strong></span> 
     </span>
    </p>
   </div>
   <div class='ocr_carea' id='block_1_66' title="bbox 951 1044 1738 1080">
    <p class='ocr_par' dir='ltr' id='par_1_66' title="bbox 951 1044 1738 1080">
     <span class='ocr_line' id='line_1_66' title="bbox 951 1044 1738 1080; baseline 0.003 -10"><span class='ocrx_word' id='word_1_438' title='bbox 951 1044 1096 1078; x_wconf 89' lang='lat' dir='ltr'><strong>phroniani</strong></span> <span class='ocrx_word' id='word_1_439' title='bbox 1111 1053 1166 1072; x_wconf 72' lang='lat' dir='ltr'><strong>om</strong></span> <span class='ocrx_word' id='word_1_440' title='bbox 1193 1045 1316 1073; x_wconf 83' lang='lat' dir='ltr'><strong>alleverit</strong></span> <span class='ocrx_word' id='word_1_441' title='bbox 1327 1051 1404 1073; x_wconf 87' lang='lat' dir='ltr'><strong>vetus</strong></span> <span class='ocrx_word' id='word_1_442' title='bbox 1418 1046 1493 1073; x_wconf 92' lang='lat' dir='ltr'><strong>urbis</strong></span> <span class='ocrx_word' id='word_1_443' title='bbox 1506 1054 1603 1073; x_wconf 90' lang='lat' dir='ltr'><strong>nomen</strong></span> <span class='ocrx_word' id='word_1_444' title='bbox 1626 1045 1738 1080; x_wconf 76' lang='grc' dir='ltr'>Αιγαια,</span> 
     </span>
    </p>
   </div>
   <div class='ocr_carea' id='block_1_67' title="bbox 950 1089 1739 1128">
    <p class='ocr_par' dir='ltr' id='par_1_67' title="bbox 950 1089 1739 1128">
     <span class='ocr_line' id='line_1_67' title="bbox 950 1089 1739 1128; baseline 0.003 -12"><span class='ocrx_word' id='word_1_445' title='bbox 950 1089 1068 1124; x_wconf 83' lang='lat' dir='ltr'><strong>indeque</strong></span> <span class='ocrx_word' id='word_1_446' title='bbox 1079 1089 1227 1118; x_wconf 83' lang='lat' dir='ltr'><strong>formatum</strong></span> <span class='ocrx_word' id='word_1_447' title='bbox 1241 1091 1342 1126; x_wconf 81' lang='lat' dir='ltr'><strong>gentile</strong></span> <span class='ocrx_word' id='word_1_448' title='bbox 1350 1091 1510 1128; x_wconf 64' lang='grc' dir='ltr'><strong>Αἰγαιάτης*</strong></span> <span class='ocrx_word' id='word_1_449' title='bbox 1518 1099 1636 1126; x_wconf 90' lang='lat' dir='ltr'><strong>quorum</strong></span> <span class='ocrx_word' id='word_1_450' title='bbox 1652 1099 1739 1118; x_wconf 87' lang='lat' dir='ltr'><strong>unum</strong></span> 
     </span>
    </p>
   </div>
   <div class='ocr_carea' id='block_1_68' title="bbox 950 1135 1739 1171">
    <p class='ocr_par' dir='ltr' id='par_1_68' title="bbox 950 1135 1739 1171">
     <span class='ocr_line' id='line_1_68' title="bbox 950 1135 1739 1171; baseline 0.003 -9"><span class='ocrx_word' id='word_1_451' title='bbox 950 1135 1101 1162; x_wconf 84' lang='lat' dir='ltr'><strong>alterumve</strong></span> <span class='ocrx_word' id='word_1_452' title='bbox 1126 1140 1218 1171; x_wconf 89' lang='lat' dir='ltr'><strong>postea</strong></span> <span class='ocrx_word' id='word_1_453' title='bbox 1241 1137 1370 1165; x_wconf 86' lang='lat' dir='ltr'><strong>librarius</strong></span> <span class='ocrx_word' id='word_1_454' title='bbox 1389 1138 1516 1165; x_wconf 84' lang='lat' dir='ltr'><strong>indoctus</strong></span> <span class='ocrx_word' id='word_1_455' title='bbox 1531 1145 1546 1165; x_wconf 90' lang='lat' dir='ltr'><strong>e</strong></span> <span class='ocrx_word' id='word_1_456' title='bbox 1566 1141 1642 1164; x_wconf 82' lang='lat' dir='ltr'><strong>textu</strong></span> <span class='ocrx_word' id='word_1_457' title='bbox 1663 1138 1739 1165; x_wconf 74' lang='lat' dir='ltr'><strong>exci-</strong></span> 
     </span>
    </p>
   </div>
   <div class='ocr_carea' id='block_1_69' title="bbox 950 1181 1740 1218">
    <p class='ocr_par' dir='ltr' id='par_1_69' title="bbox 950 1181 1740 1218">
     <span class='ocr_line' id='line_1_69' title="bbox 950 1181 1740 1218; baseline 0.004 -10"><span class='ocrx_word' id='word_1_458' title='bbox 950 1181 1024 1209; x_wconf 87' lang='lat' dir='ltr'><strong>disse</strong></span> <span class='ocrx_word' id='word_1_459' title='bbox 1038 1183 1199 1217; x_wconf 86' lang='lat' dir='ltr'><strong>conjiciens,</strong></span> <span class='ocrx_word' id='word_1_460' title='bbox 1220 1183 1343 1218; x_wconf 86' lang='lat' dir='ltr'><strong>adeoque</strong></span> <span class='ocrx_word' id='word_1_461' title='bbox 1368 1183 1420 1218; x_wconf 91' lang='lat' dir='ltr'><strong>ipsi</strong></span> <span class='ocrx_word' id='word_1_462' title='bbox 1447 1184 1622 1211; x_wconf 77' lang='lat' dir='ltr'><strong>intexendum</strong></span> <span class='ocrx_word' id='word_1_463' title='bbox 1645 1184 1740 1211; x_wconf 73' lang='lat' dir='ltr'><strong>existi-</strong></span> 
     </span>
    </p>
   </div>
   <div class='ocr_carea' id='block_1_70' title="bbox 951 1229 1736 1264">
    <p class='ocr_par' dir='ltr' id='par_1_70' title="bbox 951 1229 1736 1264">
     <span class='ocr_line' id='line_1_70' title="bbox 951 1229 1736 1264; baseline 0.003 -11"><span class='ocrx_word' id='word_1_464' title='bbox 951 1234 1041 1259; x_wconf 91' lang='lat' dir='ltr'><strong>mans,</strong></span> <span class='ocrx_word' id='word_1_465' title='bbox 1068 1229 1245 1263; x_wconf 81' lang='lat' dir='ltr'><strong>exscripserit</strong></span> <span class='ocrx_word' id='word_1_466' title='bbox 1267 1236 1373 1263; x_wconf 88' lang='lat' dir='ltr'><strong>suoque</strong></span> <span class='ocrx_word' id='word_1_467' title='bbox 1390 1229 1539 1264; x_wconf 82' lang='lat' dir='ltr'><strong>exemplari</strong></span> <span class='ocrx_word' id='word_1_468' title='bbox 1563 1229 1736 1257; x_wconf 84' lang='lat' dir='ltr'><strong>inseruerit:</strong></span> 
     </span>
    </p>
   </div>
   <div class='ocr_carea' id='block_1_71' title="bbox 951 1273 1739 1310">
    <p class='ocr_par' dir='ltr' id='par_1_71' title="bbox 951 1273 1739 1310">
     <span class='ocr_line' id='line_1_71' title="bbox 951 1273 1739 1310; baseline 0.003 -11"><span class='ocrx_word' id='word_1_469' title='bbox 951 1277 1033 1307; x_wconf 89' lang='lat' dir='ltr'><strong>atque</strong></span> <span class='ocrx_word' id='word_1_470' title='bbox 1053 1273 1089 1300; x_wconf 89' lang='lat' dir='ltr'><strong>ita</strong></span> <span class='ocrx_word' id='word_1_471' title='bbox 1107 1273 1237 1308; x_wconf 88' lang='lat' dir='ltr'><strong>deinceps</strong></span> <span class='ocrx_word' id='word_1_472' title='bbox 1262 1274 1337 1301; x_wconf 84' lang='lat' dir='ltr'><strong>velut</strong></span> <span class='ocrx_word' id='word_1_473' title='bbox 1356 1275 1497 1309; x_wconf 88' lang='lat' dir='ltr'><strong>proprium</strong></span> <span class='ocrx_word' id='word_1_474' title='bbox 1518 1274 1638 1310; x_wconf 68' lang='lat' dir='ltr'><strong>praefecti</strong></span> <span class='ocrx_word' id='word_1_475' title='bbox 1663 1274 1739 1302; x_wconf 88' lang='lat' dir='ltr'><strong>urbis</strong></span> 
     </span>
    </p>
   </div>
   <div class='ocr_carea' id='block_1_72' title="bbox 953 1319 1738 1356">
    <p class='ocr_par' dir='ltr' id='par_1_72' title="bbox 953 1319 1738 1356">
     <span class='ocr_line' id='line_1_72' title="bbox 953 1319 1738 1356; baseline 0.004 -11"><span class='ocrx_word' id='word_1_476' title='bbox 953 1326 1051 1346; x_wconf 87' lang='lat' dir='ltr'><strong>nomen</strong></span> <span class='ocrx_word' id='word_1_477' title='bbox 1078 1319 1215 1351; x_wconf 87' lang='lat' dir='ltr'><strong>habitum.</strong></span> <span class='ocrx_word' id='word_1_478' title='bbox 1241 1328 1257 1347; x_wconf 91' lang='lat' dir='ltr'><strong>a</strong></span> <span class='ocrx_word' id='word_1_479' title='bbox 1279 1320 1394 1355; x_wconf 90' lang='lat' dir='ltr'><strong>reliquis</strong></span> <span class='ocrx_word' id='word_1_480' title='bbox 1413 1321 1542 1356; x_wconf 85' lang='lat' dir='ltr'><strong>deinceps</strong></span> <span class='ocrx_word' id='word_1_481' title='bbox 1556 1320 1738 1355; x_wconf 83' lang='lat' dir='ltr'><strong>scriptoribus</strong></span> 
     </span>
    </p>
   </div>
   <div class='ocr_carea' id='block_1_73' title="bbox 951 1367 1740 1404">
    <p class='ocr_par' dir='ltr' id='par_1_73' title="bbox 951 1367 1740 1404">
     <span class='ocr_line' id='line_1_73' title="bbox 951 1367 1740 1404; baseline 0.003 -9"><span class='ocrx_word' id='word_1_482' title='bbox 951 1367 1038 1395; x_wconf 87' lang='lat' dir='ltr'><strong>fuerit</strong></span> <span class='ocrx_word' id='word_1_483' title='bbox 1049 1368 1166 1395; x_wconf 85' lang='lat' dir='ltr'><strong>subinde</strong></span> <span class='ocrx_word' id='word_1_484' title='bbox 1180 1374 1362 1404; x_wconf 86' lang='lat' dir='ltr'><strong>usurpatum;</strong></span> <span class='ocrx_word' id='word_1_485' title='bbox 1379 1370 1450 1397; x_wconf 90' lang='lat' dir='ltr'><strong>unde</strong></span> <span class='ocrx_word' id='word_1_486' title='bbox 1461 1370 1571 1397; x_wconf 81' lang='lat' dir='ltr'><strong>tandem</strong></span> <span class='ocrx_word' id='word_1_487' title='bbox 1590 1370 1618 1397; x_wconf 92' lang='lat' dir='ltr'><strong>in</strong></span> <span class='ocrx_word' id='word_1_488' title='bbox 1638 1374 1740 1398; x_wconf 74' lang='lat' dir='ltr'><strong>nostra:</strong></span> 
     </span>
    </p>
   </div>
   <div class='ocr_carea' id='block_1_74' title="bbox 951 1414 1701 1450">
    <p class='ocr_par' dir='ltr' id='par_1_74' title="bbox 951 1414 1701 1450">
     <span class='ocr_line' id='line_1_74' title="bbox 951 1414 1701 1450; baseline 0.001 -8"><span class='ocrx_word' id='word_1_489' title='bbox 951 1422 1060 1450; x_wconf 88' lang='lat' dir='ltr'><strong>quoque</strong></span> <span class='ocrx_word' id='word_1_490' title='bbox 1079 1414 1206 1449; x_wconf 68' lang='lat' dir='ltr'><strong>Epistolas</strong></span> <span class='ocrx_word' id='word_1_491' title='bbox 1219 1415 1345 1442; x_wconf 59' lang='lat' dir='ltr'><strong>Achaica</strong></span> <span class='ocrx_word' id='word_1_492' title='bbox 1362 1416 1528 1450; x_wconf 79' lang='lat' dir='ltr'><strong>exemplaria</strong></span> <span class='ocrx_word' id='word_1_493' title='bbox 1542 1415 1701 1444; x_wconf 87' lang='lat' dir='ltr'><strong>dimanarit.</strong></span> 
     </span>
    </p>
   </div>
   <div class='ocr_carea' id='block_1_75' title="bbox 985 1460 1741 1498">
    <p class='ocr_par' dir='ltr' id='par_1_75' title="bbox 985 1460 1741 1498">
     <span class='ocr_line' id='line_1_75' title="bbox 985 1460 1741 1498; baseline 0.004 -11"><span class='ocrx_word' id='word_1_494' title='bbox 985 1460 1020 1487; x_wconf 70' lang='lat' dir='ltr'><strong>At</strong></span> <span class='ocrx_word' id='word_1_495' title='bbox 1032 1461 1084 1488; x_wconf 93' lang='lat' dir='ltr'><strong>hoc</strong></span> <span class='ocrx_word' id='word_1_496' title='bbox 1099 1461 1208 1488; x_wconf 88' lang='lat' dir='ltr'><strong>demum</strong></span> <span class='ocrx_word' id='word_1_497' title='bbox 1223 1466 1265 1489; x_wconf 88' lang='lat' dir='ltr'><strong>est</strong></span> <span class='ocrx_word' id='word_1_498' title='bbox 1278 1462 1419 1489; x_wconf 87' lang='lat' dir='ltr'><strong>hariolari.</strong></span> <span class='ocrx_word' id='word_1_499' title='bbox 1431 1461 1498 1489; x_wconf 91' lang='lat' dir='ltr'><strong>Illud</strong></span> <span class='ocrx_word' id='word_1_500' title='bbox 1515 1463 1607 1498; x_wconf 90' lang='lat' dir='ltr'><strong>potius</strong></span> <span class='ocrx_word' id='word_1_501' title='bbox 1623 1461 1741 1490; x_wconf 82' lang='lat' dir='ltr'><strong>fortasse</strong></span> 
     </span>
    </p>
   </div>
   <div class='ocr_carea' id='block_1_76' title="bbox 951 1507 1741 1544">
    <p class='ocr_par' dir='ltr' id='par_1_76' title="bbox 951 1507 1741 1544">
     <span class='ocr_line' id='line_1_76' title="bbox 951 1507 1741 1544; baseline 0.004 -11"><span class='ocrx_word' id='word_1_502' title='bbox 951 1507 1111 1541; x_wconf 82' lang='lat' dir='ltr'><strong>dicendum,</strong></span> <span class='ocrx_word' id='word_1_503' title='bbox 1135 1507 1248 1542; x_wconf 60' lang='lat' dir='ltr'><strong>[Egeam</strong></span> <span class='ocrx_word' id='word_1_504' title='bbox 1275 1509 1386 1542; x_wconf 89' lang='lat' dir='ltr'><strong>quidem</strong></span> <span class='ocrx_word' id='word_1_505' title='bbox 1417 1508 1504 1537; x_wconf 88' lang='lat' dir='ltr'><strong>fuisse</strong></span> <span class='ocrx_word' id='word_1_506' title='bbox 1541 1513 1668 1537; x_wconf 91' lang='lat' dir='ltr'><strong>vocatum</strong></span> <span class='ocrx_word' id='word_1_507' title='bbox 1692 1509 1741 1544; x_wconf 94' lang='lat' dir='ltr'><strong>qui</strong></span> 
     </span>
    </p>
   </div>
   <div class='ocr_carea' id='block_1_77' title="bbox 951 1552 1741 1590">
    <p class='ocr_par' dir='ltr' id='par_1_77' title="bbox 951 1552 1741 1590">
     <span class='ocr_line' id='line_1_77' title="bbox 951 1552 1741 1590; baseline 0.004 -10"><span class='ocrx_word' id='word_1_508' title='bbox 951 1552 1059 1581; x_wconf 55' lang='lat' dir='ltr'><strong>Edessa</strong></span> <span class='ocrx_word' id='word_1_509' title='bbox 1075 1561 1107 1581; x_wconf 90' lang='lat' dir='ltr'><strong>ac</strong></span> <span class='ocrx_word' id='word_1_510' title='bbox 1119 1553 1208 1582; x_wconf 87' lang='lat' dir='ltr'><strong>Patris</strong></span> <span class='ocrx_word' id='word_1_511' title='bbox 1221 1555 1380 1590; x_wconf 76' lang='lat' dir='ltr'><strong>praefuerit;</strong></span> <span class='ocrx_word' id='word_1_512' title='bbox 1394 1561 1582 1583; x_wconf 89' lang='lat' dir='ltr'><strong>verumtamen</strong></span> <span class='ocrx_word' id='word_1_513' title='bbox 1602 1563 1656 1583; x_wconf 91' lang='lat' dir='ltr'><strong>non</strong></span> <span class='ocrx_word' id='word_1_514' title='bbox 1680 1556 1741 1584; x_wconf 88' lang='lat' dir='ltr'><strong>ideo</strong></span> 
     </span>
    </p>
   </div>
   <div class='ocr_carea' id='block_1_78' title="bbox 950 1601 1739 1637">
    <p class='ocr_par' dir='ltr' id='par_1_78' title="bbox 950 1601 1739 1637">
     <span class='ocr_line' id='line_1_78' title="bbox 950 1601 1739 1637; baseline 0.003 -10"><span class='ocrx_word' id='word_1_515' title='bbox 950 1601 1042 1628; x_wconf 87' lang='lat' dir='ltr'><strong>statim</strong></span> <span class='ocrx_word' id='word_1_516' title='bbox 1057 1601 1171 1635; x_wconf 83' lang='lat' dir='ltr'><strong>colligas</strong></span> <span class='ocrx_word' id='word_1_517' title='bbox 1191 1601 1268 1628; x_wconf 85' lang='lat' dir='ltr'><strong>velim</strong></span> <span class='ocrx_word' id='word_1_518' title='bbox 1290 1601 1380 1636; x_wconf 90' lang='lat' dir='ltr'><strong>ipsum</strong></span> <span class='ocrx_word' id='word_1_519' title='bbox 1395 1607 1476 1637; x_wconf 80' lang='lat' dir='ltr'><strong>gente</strong></span> <span class='ocrx_word' id='word_1_520' title='bbox 1503 1602 1587 1630; x_wconf 90' lang='lat' dir='ltr'><strong>fuisse</strong></span> <span class='ocrx_word' id='word_1_521' title='bbox 1602 1602 1739 1636; x_wconf 62' lang='lat' dir='ltr'><strong>Graecum,</strong></span> 
     </span>
    </p>
   </div>
   <div class='ocr_carea' id='block_1_79' title="bbox 951 1645 1741 1682">
    <p class='ocr_par' dir='ltr' id='par_1_79' title="bbox 951 1645 1741 1682">
     <span class='ocr_line' id='line_1_79' title="bbox 951 1645 1741 1682; baseline 0.004 -10"><span class='ocrx_word' id='word_1_522' title='bbox 951 1653 1005 1672; x_wconf 93' lang='lat' dir='ltr'><strong>non</strong></span> <span class='ocrx_word' id='word_1_523' title='bbox 1023 1645 1196 1679; x_wconf 82' lang='lat' dir='ltr'><strong>Romanum;</strong></span> <span class='ocrx_word' id='word_1_524' title='bbox 1215 1646 1338 1681; x_wconf 87' lang='lat' dir='ltr'><strong>adeoque</strong></span> <span class='ocrx_word' id='word_1_525' title='bbox 1358 1648 1531 1682; x_wconf 90' lang='lat' dir='ltr'><strong>proconsulis</strong></span> <span class='ocrx_word' id='word_1_526' title='bbox 1547 1652 1596 1674; x_wconf 90' lang='lat' dir='ltr'><strong>aut</strong></span> <span class='ocrx_word' id='word_1_527' title='bbox 1617 1648 1741 1675; x_wconf 87' lang='lat' dir='ltr'><strong>consulis</strong></span> 
     </span>
    </p>
   </div>
   <div class='ocr_carea' id='block_1_80' title="bbox 950 1693 1740 1729">
    <p class='ocr_par' dir='ltr' id='par_1_80' title="bbox 950 1693 1740 1729">
     <span class='ocr_line' id='line_1_80' title="bbox 950 1693 1740 1729; baseline 0.005 -11"><span class='ocrx_word' id='word_1_528' title='bbox 950 1699 1050 1719; x_wconf 92' lang='lat' dir='ltr'><strong>munus</strong></span> <span class='ocrx_word' id='word_1_529' title='bbox 1065 1693 1153 1720; x_wconf 87' lang='lat' dir='ltr'><strong>eidem</strong></span> <span class='ocrx_word' id='word_1_530' title='bbox 1169 1693 1220 1720; x_wconf 85' lang='lat' dir='ltr'><strong>rite</strong></span> <span class='ocrx_word' id='word_1_531' title='bbox 1234 1693 1354 1720; x_wconf 89' lang='lat' dir='ltr'><strong>conferri</strong></span> <span class='ocrx_word' id='word_1_532' title='bbox 1367 1694 1438 1721; x_wconf 91' lang='lat' dir='ltr'><strong>haud</strong></span> <span class='ocrx_word' id='word_1_533' title='bbox 1453 1694 1586 1729; x_wconf 89' lang='lat' dir='ltr'><strong>potuisse.</strong></span> <span class='ocrx_word' id='word_1_534' title='bbox 1600 1693 1740 1722; x_wconf 78' lang='lat' dir='ltr'><strong>Romanos</strong></span> 
     </span>
    </p>
   </div>
   <div class='ocr_carea' id='block_1_81' title="bbox 950 1737 1742 1775">
    <p class='ocr_par' dir='ltr' id='par_1_81' title="bbox 950 1737 1742 1775">
     <span class='ocr_line' id='line_1_81' title="bbox 950 1737 1742 1775; baseline 0.006 -12"><span class='ocrx_word' id='word_1_535' title='bbox 950 1737 1022 1764; x_wconf 89' lang='lat' dir='ltr'><strong>enim</strong></span> <span class='ocrx_word' id='word_1_536' title='bbox 1035 1738 1200 1773; x_wconf 88' lang='lat' dir='ltr'><strong>quandoque</strong></span> <span class='ocrx_word' id='word_1_537' title='bbox 1207 1739 1241 1766; x_wconf 91' lang='lat' dir='ltr'><strong>ab</strong></span> <span class='ocrx_word' id='word_1_538' title='bbox 1254 1738 1368 1766; x_wconf 91' lang='lat' dir='ltr'><strong>urbibus</strong></span> <span class='ocrx_word' id='word_1_539' title='bbox 1383 1744 1410 1767; x_wconf 91' lang='lat' dir='ltr'><strong>et</strong></span> <span class='ocrx_word' id='word_1_540' title='bbox 1421 1740 1529 1775; x_wconf 89' lang='lat' dir='ltr'><strong>populis</strong></span> <span class='ocrx_word' id='word_1_541' title='bbox 1540 1741 1651 1767; x_wconf 90' lang='lat' dir='ltr'><strong>nomina</strong></span> <span class='ocrx_word' id='word_1_542' title='bbox 1663 1749 1742 1768; x_wconf 89' lang='lat' dir='ltr'><strong>usur-</strong></span> 
     </span>
    </p>
   </div>
   <div class='ocr_carea' id='block_1_82' title="bbox 950 1781 1741 1820">
    <p class='ocr_par' dir='ltr' id='par_1_82' title="bbox 950 1781 1741 1820">
     <span class='ocr_line' id='line_1_82' title="bbox 950 1781 1741 1820; baseline 0.006 -10"><span class='ocrx_word' id='word_1_543' title='bbox 950 1791 1046 1818; x_wconf 83' lang='lat' dir='ltr'><strong>passe,</strong></span> <span class='ocrx_word' id='word_1_544' title='bbox 1074 1792 1162 1819; x_wconf 91' lang='lat' dir='ltr'><strong>neque</strong></span> <span class='ocrx_word' id='word_1_545' title='bbox 1187 1781 1270 1812; x_wconf 91' lang='lat' dir='ltr'><strong>etiam</strong></span> <span class='ocrx_word' id='word_1_546' title='bbox 1297 1793 1313 1812; x_wconf 87' lang='lat' dir='ltr'><strong>a</strong></span> <span class='ocrx_word' id='word_1_547' title='bbox 1333 1786 1544 1820; x_wconf 74' lang='lat' dir='ltr'><strong>cognominibus</strong></span> <span class='ocrx_word' id='word_1_548' title='bbox 1569 1786 1671 1815; x_wconf 63' lang='lat' dir='ltr'><strong>Graecis</strong></span> <span class='ocrx_word' id='word_1_549' title='bbox 1687 1787 1741 1815; x_wconf 84' lang='lat' dir='ltr'><strong>sibi</strong></span> 
     </span>
    </p>
   </div>
   <div class='ocr_carea' id='block_1_83' title="bbox 950 1831 1737 1868">
    <p class='ocr_par' dir='ltr' id='par_1_83' title="bbox 950 1831 1737 1868">
     <span class='ocr_line' id='line_1_83' title="bbox 950 1831 1737 1868; baseline 0.005 -11"><span class='ocrx_word' id='word_1_550' title='bbox 950 1831 1307 1865; x_wconf 86' lang='lat' dir='ltr'><strong>asciscendisabhorruisse,</strong></span> <span class='ocrx_word' id='word_1_551' title='bbox 1314 1832 1366 1859; x_wconf 93' lang='lat' dir='ltr'><strong>viri</strong></span> <span class='ocrx_word' id='word_1_552' title='bbox 1374 1832 1527 1860; x_wconf 86' lang='lat' dir='ltr'><strong>doctissimi</strong></span> <span class='ocrx_word' id='word_1_553' title='bbox 1544 1831 1660 1861; x_wconf 88' lang='lat' dir='ltr'><strong>Ursinus</strong></span> <span class='ocrx_word' id='word_1_554' title='bbox 1668 1834 1737 1868; x_wconf 84' lang='lat'><strong>(55),</strong></span> 
     </span>
    </p>
   </div>
   <div class='ocr_carea' id='block_1_84' title="bbox 950 1874 1740 1913">
    <p class='ocr_par' dir='ltr' id='par_1_84' title="bbox 950 1874 1740 1913">
     <span class='ocr_line' id='line_1_84' title="bbox 950 1874 1740 1913; baseline 0.005 -12"><span class='ocrx_word' id='word_1_555' title='bbox 950 1874 1104 1902; x_wconf 82' lang='lat' dir='ltr'><strong>Panvinius</strong></span> <span class='ocrx_word' id='word_1_556' title='bbox 1117 1876 1173 1912; x_wconf 78' lang='lat'><strong>(56)</strong></span> <span class='ocrx_word' id='word_1_557' title='bbox 1190 1882 1217 1903; x_wconf 85' lang='lat' dir='ltr'><strong>et</strong></span> <span class='ocrx_word' id='word_1_558' title='bbox 1230 1876 1359 1911; x_wconf 77' lang='lat' dir='ltr'><strong>Sigonius</strong></span> <span class='ocrx_word' id='word_1_559' title='bbox 1375 1877 1554 1912; x_wconf 90' lang='lat' dir='ltr'><strong>prodiderunt</strong></span> <span class='ocrx_word' id='word_1_560' title='bbox 1567 1887 1573 1905; x_wconf 89' lang='lat'>:</span> <span class='ocrx_word' id='word_1_561' title='bbox 1587 1879 1740 1913; x_wconf 87' lang='lat' dir='ltr'><strong>utproiude</strong></span> 
     </span>
    </p>
   </div>
   <div class='ocr_carea' id='block_1_85' title="bbox 949 1921 1741 1958">
    <p class='ocr_par' dir='ltr' id='par_1_85' title="bbox 949 1921 1741 1958">
     <span class='ocr_line' id='line_1_85' title="bbox 949 1921 1741 1958; baseline 0.004 -10"><span class='ocrx_word' id='word_1_562' title='bbox 949 1922 985 1948; x_wconf 90' lang='lat' dir='ltr'><strong>ab</strong></span> <span class='ocrx_word' id='word_1_563' title='bbox 999 1921 1085 1957; x_wconf 72' lang='lat' dir='ltr'><strong>.Egea</strong></span> <span class='ocrx_word' id='word_1_564' title='bbox 1100 1923 1157 1950; x_wconf 90' lang='lat' dir='ltr'><strong>sive</strong></span> <span class='ocrx_word' id='word_1_565' title='bbox 1171 1923 1206 1949; x_wconf 93' lang='lat' dir='ltr'><strong>ab</strong></span> <span class='ocrx_word' id='word_1_566' title='bbox 1220 1922 1355 1958; x_wconf 71' lang='grc' dir='ltr'><strong>ίΕθεαιίε,</strong></span> <span class='ocrx_word' id='word_1_567' title='bbox 1371 1923 1609 1951; x_wconf 85' lang='lat' dir='ltr'><strong>Macedonicorum</strong></span> <span class='ocrx_word' id='word_1_568' title='bbox 1623 1924 1741 1952; x_wconf 86' lang='lat' dir='ltr'><strong>Edesse-</strong></span> 
     </span>
    </p>
   </div>
   <div class='ocr_carea' id='block_1_86' title="bbox 951 1968 1739 2005">
    <p class='ocr_par' dir='ltr' id='par_1_86' title="bbox 951 1968 1739 2005">
     <span class='ocr_line' id='line_1_86' title="bbox 951 1968 1739 2005; baseline 0.005 -11"><span class='ocrx_word' id='word_1_569' title='bbox 951 1975 1049 1995; x_wconf 86' lang='lat' dir='ltr'><strong>norum</strong></span> <span class='ocrx_word' id='word_1_570' title='bbox 1063 1968 1130 1996; x_wconf 89' lang='lat' dir='ltr'><strong>urbe</strong></span> <span class='ocrx_word' id='word_1_571' title='bbox 1142 1977 1174 1996; x_wconf 89' lang='lat' dir='ltr'><strong>ac</strong></span> <span class='ocrx_word' id='word_1_572' title='bbox 1185 1970 1298 2004; x_wconf 90' lang='lat' dir='ltr'><strong>populo,</strong></span> <span class='ocrx_word' id='word_1_573' title='bbox 1312 1969 1413 2005; x_wconf 65' lang='lat' dir='ltr'><strong>Aigcas</strong></span> <span class='ocrx_word' id='word_1_574' title='bbox 1423 1970 1486 1997; x_wconf 90' lang='lat' dir='ltr'><strong>item</strong></span> <span class='ocrx_word' id='word_1_575' title='bbox 1501 1975 1594 1998; x_wconf 90' lang='lat' dir='ltr'><strong>noster</strong></span> <span class='ocrx_word' id='word_1_576' title='bbox 1606 1970 1739 2005; x_wconf 84' lang='lat' dir='ltr'><strong>appellari</strong></span> 
     </span>
    </p>
   </div>
   <div class='ocr_carea' id='block_1_87' title="bbox 950 2014 1739 2052">
    <p class='ocr_par' dir='ltr' id='par_1_87' title="bbox 950 2014 1739 2052">
     <span class='ocr_line' id='line_1_87' title="bbox 950 2014 1739 2052; baseline 0.005 -12"><span class='ocrx_word' id='word_1_577' title='bbox 950 2014 1080 2047; x_wconf 84' lang='lat' dir='ltr'><strong>potuerit.</strong></span> <span class='ocrx_word' id='word_1_578' title='bbox 1096 2014 1124 2041; x_wconf 91' lang='lat' dir='ltr'><strong>Si</strong></span> <span class='ocrx_word' id='word_1_579' title='bbox 1142 2015 1204 2049; x_wconf 89' lang='lat' dir='ltr'><strong>quis</strong></span> <span class='ocrx_word' id='word_1_580' title='bbox 1219 2023 1284 2042; x_wconf 89' lang='lat' dir='ltr'><strong>vero</strong></span> <span class='ocrx_word' id='word_1_581' title='bbox 1297 2023 1360 2043; x_wconf 89' lang='lat' dir='ltr'><strong>eum</strong></span> <span class='ocrx_word' id='word_1_582' title='bbox 1387 2015 1472 2044; x_wconf 85' lang='lat' dir='ltr'><strong>fuisse</strong></span> <span class='ocrx_word' id='word_1_583' title='bbox 1487 2017 1593 2052; x_wconf 76' lang='lat' dir='ltr'><strong>origine</strong></span> <span class='ocrx_word' id='word_1_584' title='bbox 1612 2016 1739 2044; x_wconf 75' lang='lat' dir='ltr'><strong>Grateum</strong></span> 
     </span>
    </p>
   </div>
   <div class='ocr_carea' id='block_1_88' title="bbox 951 2061 1740 2098">
    <p class='ocr_par' dir='ltr' id='par_1_88' title="bbox 951 2061 1740 2098">
     <span class='ocr_line' id='line_1_88' title="bbox 951 2061 1740 2098; baseline 0.003 -10"><span class='ocrx_word' id='word_1_585' title='bbox 951 2061 1116 2094; x_wconf 84' lang='lat' dir='ltr'><strong>contendat;</strong></span> <span class='ocrx_word' id='word_1_586' title='bbox 1131 2061 1203 2096; x_wconf 89' lang='lat' dir='ltr'><strong>quod</strong></span> <span class='ocrx_word' id='word_1_587' title='bbox 1219 2069 1285 2089; x_wconf 90' lang='lat' dir='ltr'><strong>sane</strong></span> <span class='ocrx_word' id='word_1_588' title='bbox 1298 2062 1392 2090; x_wconf 82' lang='lat' dir='ltr'><strong>fratris</strong></span> <span class='ocrx_word' id='word_1_589' title='bbox 1403 2063 1464 2097; x_wconf 87' lang='lat' dir='ltr'><strong>ejus</strong></span> <span class='ocrx_word' id='word_1_590' title='bbox 1480 2070 1580 2090; x_wconf 91' lang='lat' dir='ltr'><strong>nomen</strong></span> <span class='ocrx_word' id='word_1_591' title='bbox 1597 2063 1645 2098; x_wconf 90' lang='lat' dir='ltr'><strong>qui</strong></span> <span class='ocrx_word' id='word_1_592' title='bbox 1662 2062 1740 2090; x_wconf 90' lang='lat' dir='ltr'><strong>Stra—</strong></span> 
     </span>
    </p>
   </div>
   <div class='ocr_carea' id='block_1_89' title="bbox 952 2104 1740 2144">
    <p class='ocr_par' dir='ltr' id='par_1_89' title="bbox 952 2104 1740 2144">
     <span class='ocr_line' id='line_1_89' title="bbox 952 2104 1740 2144; baseline 0.004 -11"><span class='ocrx_word' id='word_1_593' title='bbox 952 2107 1036 2134; x_wconf 86' lang='lat' dir='ltr'><strong>tocles</strong></span> <span class='ocrx_word' id='word_1_594' title='bbox 1051 2108 1137 2139; x_wconf 88' lang='lat' dir='ltr'><strong>audit,</strong></span> <span class='ocrx_word' id='word_1_595' title='bbox 1154 2108 1269 2135; x_wconf 86' lang='lat' dir='ltr'><strong>suadere</strong></span> <span class='ocrx_word' id='word_1_596' title='bbox 1290 2104 1415 2142; x_wconf 85' lang='lat' dir='ltr'><strong>videtur;</strong></span> <span class='ocrx_word' id='word_1_597' title='bbox 1432 2108 1505 2136; x_wconf 89' lang='lat' dir='ltr'><strong>haud</strong></span> <span class='ocrx_word' id='word_1_598' title='bbox 1515 2108 1643 2144; x_wconf 81' lang='lat' dir='ltr'><strong>equidem</strong></span> <span class='ocrx_word' id='word_1_599' title='bbox 1656 2116 1740 2144; x_wconf 82' lang='lat' dir='ltr'><strong>repu-</strong></span> 
     </span>
    </p>
   </div>
   <div class='ocr_carea' id='block_1_90' title="bbox 952 2152 1739 2189">
    <p class='ocr_par' dir='ltr' id='par_1_90' title="bbox 952 2152 1739 2189">
     <span class='ocr_line' id='line_1_90' title="bbox 952 2152 1739 2189; baseline 0.004 -10"><span class='ocrx_word' id='word_1_600' title='bbox 952 2153 1102 2189; x_wconf 74' lang='lat' dir='ltr'><strong>gnaverim.</strong></span> <span class='ocrx_word' id='word_1_601' title='bbox 1128 2152 1221 2188; x_wconf 88' lang='lat' dir='ltr'><strong>Neque</strong></span> <span class='ocrx_word' id='word_1_602' title='bbox 1248 2155 1322 2181; x_wconf 91' lang='lat' dir='ltr'><strong>enim</strong></span> <span class='ocrx_word' id='word_1_603' title='bbox 1348 2154 1459 2182; x_wconf 91' lang='lat' dir='ltr'><strong>demum</strong></span> <span class='ocrx_word' id='word_1_604' title='bbox 1483 2155 1605 2183; x_wconf 87' lang='lat' dir='ltr'><strong>insolens</strong></span> <span class='ocrx_word' id='word_1_605' title='bbox 1630 2155 1739 2183; x_wconf 77' lang='lat' dir='ltr'><strong>urbium</strong></span> 
     </span>
    </p>
   </div>
   <div class='ocr_carea' id='block_1_91' title="bbox 111 2195 1739 2235">
    <p class='ocr_par' dir='ltr' id='par_1_91' title="bbox 111 2195 1739 2235">
     <span class='ocr_line' id='line_1_91' title="bbox 111 2195 1739 2235; baseline 0.004 -12"><span class='ocrx_word' id='word_1_606' title='bbox 111 2197 184 2224; x_wconf 87' lang='lat' dir='ltr'><strong>illud</strong></span> <span class='ocrx_word' id='word_1_607' title='bbox 200 2197 283 2224; x_wconf 89' lang='lat' dir='ltr'><strong>etiam</strong></span> <span class='ocrx_word' id='word_1_608' title='bbox 299 2196 380 2232; x_wconf 79' lang='lat' dir='ltr'><strong>Trogi</strong></span> <span class='ocrx_word' id='word_1_609' title='bbox 392 2196 515 2232; x_wconf 87' lang='lat' dir='ltr'><strong>Pompeii</strong></span> <span class='ocrx_word' id='word_1_610' title='bbox 530 2197 600 2231; x_wconf 89' lang='lat' dir='ltr'><strong>apud</strong></span> <span class='ocrx_word' id='word_1_611' title='bbox 625 2195 764 2224; x_wconf 83' lang='lat' dir='ltr'><strong>Justinum</strong></span> <span class='ocrx_word' id='word_1_612' title='bbox 777 2196 834 2232; x_wconf 82' lang='grc'>(50)</span> <span class='ocrx_word' id='word_1_613' title='bbox 849 2204 899 2232; x_wconf 92' lang='lat' dir='ltr'><strong>op-</strong></span> <span class='ocrx_word' id='word_1_614' title='bbox 916 2203 938 2230; x_wconf 77' lang='grc' dir='ltr'>ι)</span> <span class='ocrx_word' id='word_1_615' title='bbox 954 2200 1074 2234; x_wconf 79' lang='lat' dir='ltr'><strong>regimen</strong></span> <span class='ocrx_word' id='word_1_616' title='bbox 1086 2205 1113 2227; x_wconf 92' lang='lat' dir='ltr'><strong>et</strong></span> <span class='ocrx_word' id='word_1_617' title='bbox 1125 2200 1227 2228; x_wconf 76' lang='lat' dir='ltr'><strong>Graecis</strong></span> <span class='ocrx_word' id='word_1_618' title='bbox 1239 2201 1384 2229; x_wconf 88' lang='lat' dir='ltr'><strong>tradidisse</strong></span> <span class='ocrx_word' id='word_1_619' title='bbox 1393 2200 1582 2235; x_wconf 84' lang='lat' dir='ltr'><strong>Romanos,ut</strong></span> <span class='ocrx_word' id='word_1_620' title='bbox 1595 2202 1739 2230; x_wconf 79' lang='lat' dir='ltr'><strong>enummis</strong></span> 
     </span>
    </p>
   </div>
   <div class='ocr_carea' id='block_1_92' title="bbox 107 2243 901 2280">
    <p class='ocr_par' dir='ltr' id='par_1_92' title="bbox 107 2243 901 2280">
     <span class='ocr_line' id='line_1_92' title="bbox 107 2243 901 2280; baseline 0 -9"><span class='ocrx_word' id='word_1_621' title='bbox 107 2249 231 2280; x_wconf 74' lang='lat' dir='ltr'><strong>portune</strong></span> <span class='ocrx_word' id='word_1_622' title='bbox 247 2243 384 2270; x_wconf 87' lang='lat' dir='ltr'><strong>succurrit</strong></span> <span class='ocrx_word' id='word_1_623' title='bbox 401 2251 408 2269; x_wconf 87' lang='lat'><strong>:</strong></span> <span class='ocrx_word' id='word_1_624' title='bbox 428 2253 437 2269; x_wconf 80' lang='grc' dir='ltr'>ι</span> <span class='ocrx_word' id='word_1_625' title='bbox 453 2244 586 2276; x_wconf 78' lang='lat' dir='ltr'><strong>Caranus,</strong></span> <span class='ocrx_word' id='word_1_626' title='bbox 602 2243 700 2277; x_wconf 89' lang='lat' dir='ltr'><strong>inquit,</strong></span> <span class='ocrx_word' id='word_1_627' title='bbox 714 2251 776 2270; x_wconf 91' lang='lat' dir='ltr'><strong>cum</strong></span> <span class='ocrx_word' id='word_1_628' title='bbox 803 2251 901 2278; x_wconf 80' lang='lat' dir='ltr'><strong>magna</strong></span> 
     </span>
    </p>
   </div>
   <div class='ocr_carea' id='block_1_93' title="bbox 112 2289 901 2324">
    <p class='ocr_par' dir='ltr' id='par_1_93' title="bbox 112 2289 901 2324">
     <span class='ocr_line' id='line_1_93' title="bbox 112 2289 901 2324; baseline -0.001 -7"><span class='ocrx_word' id='word_1_629' title='bbox 112 2291 288 2318; x_wconf 91' lang='lat' dir='ltr'><strong>multitudine</strong></span> <span class='ocrx_word' id='word_1_630' title='bbox 295 2290 463 2322; x_wconf 66' lang='lat' dir='ltr'><strong>Graecorum,</strong></span> <span class='ocrx_word' id='word_1_631' title='bbox 474 2290 550 2317; x_wconf 86' lang='lat' dir='ltr'><strong>sedes</strong></span> <span class='ocrx_word' id='word_1_632' title='bbox 560 2289 586 2316; x_wconf 93' lang='lat' dir='ltr'><strong>in</strong></span> <span class='ocrx_word' id='word_1_633' title='bbox 600 2289 757 2317; x_wconf 87' lang='lat' dir='ltr'><strong>Macedonia</strong></span> <span class='ocrx_word' id='word_1_634' title='bbox 769 2296 901 2324; x_wconf 84' lang='lat' dir='ltr'><strong>responso</strong></span> 
     </span>
    </p>
   </div>
   <div class='ocr_carea' id='block_1_94' title="bbox 111 2334 899 2371">
    <p class='ocr_par' dir='ltr' id='par_1_94' title="bbox 111 2334 899 2371">
     <span class='ocr_line' id='line_1_94' title="bbox 111 2334 899 2371; baseline -0.004 -7"><span class='ocrx_word' id='word_1_635' title='bbox 111 2336 320 2371; x_wconf 86' lang='lat' dir='ltr'><strong>oraculijussus</strong></span> <span class='ocrx_word' id='word_1_636' title='bbox 334 2343 467 2370; x_wconf 72' lang='lat' dir='ltr'><strong>quaerere,</strong></span> <span class='ocrx_word' id='word_1_637' title='bbox 482 2343 543 2362; x_wconf 91' lang='lat' dir='ltr'><strong>cum</strong></span> <span class='ocrx_word' id='word_1_638' title='bbox 561 2335 588 2361; x_wconf 95' lang='lat' dir='ltr'><strong>in</strong></span> <span class='ocrx_word' id='word_1_639' title='bbox 601 2334 752 2362; x_wconf 84' lang='lat' dir='ltr'><strong>Emathiam</strong></span> <span class='ocrx_word' id='word_1_640' title='bbox 769 2335 899 2368; x_wconf 87' lang='lat' dir='ltr'><strong>venisset,</strong></span> 
     </span>
    </p>
   </div>
   <div class='ocr_carea' id='block_1_95' title="bbox 107 2380 900 2416">
    <p class='ocr_par' dir='ltr' id='par_1_95' title="bbox 107 2380 900 2416">
     <span class='ocr_line' id='line_1_95' title="bbox 107 2380 900 2416; baseline -0.004 -6"><span class='ocrx_word' id='word_1_641' title='bbox 107 2383 208 2410; x_wconf 77' lang='lat' dir='ltr'><strong>urbem</strong></span> <span class='ocrx_word' id='word_1_642' title='bbox 224 2381 353 2409; x_wconf 89' lang='lat' dir='ltr'><strong>Edessam</strong></span> <span class='ocrx_word' id='word_1_643' title='bbox 368 2382 522 2416; x_wconf 87' lang='lat' dir='ltr'><strong>occupavit.</strong></span> <span class='ocrx_word' id='word_1_644' title='bbox 544 2381 619 2408; x_wconf 85' lang='lat' dir='ltr'><strong>lianc</strong></span> <span class='ocrx_word' id='word_1_645' title='bbox 639 2386 730 2408; x_wconf 89' lang='lat' dir='ltr'><strong>autem</strong></span> <span class='ocrx_word' id='word_1_646' title='bbox 755 2381 850 2408; x_wconf 89' lang='lat' dir='ltr'><strong>urbem</strong></span> <span class='ocrx_word' id='word_1_647' title='bbox 864 2380 900 2408; x_wconf 91' lang='lat' dir='ltr'><strong>ob</strong></span> 
     </span>
    </p>
   </div>
   <div class='ocr_carea' id='block_1_96' title="bbox 112 2427 899 2464">
    <p class='ocr_par' dir='ltr' id='par_1_96' title="bbox 112 2427 899 2464">
     <span class='ocr_line' id='line_1_96' title="bbox 112 2427 899 2464; baseline -0.003 -8"><span class='ocrx_word' id='word_1_648' title='bbox 112 2427 273 2456; x_wconf 82' lang='lat' dir='ltr'><strong>memoriam</strong></span> <span class='ocrx_word' id='word_1_649' title='bbox 302 2428 441 2460; x_wconf 89' lang='lat' dir='ltr'><strong>muneris,</strong></span> <span class='ocrx_word' id='word_1_650' title='bbox 459 2427 576 2462; x_wconf 71' lang='lat' dir='ltr'><strong>.Egeas;</strong></span> <span class='ocrx_word' id='word_1_651' title='bbox 602 2428 742 2464; x_wconf 83' lang='lat' dir='ltr'><strong>populum,</strong></span> <span class='ocrx_word' id='word_1_652' title='bbox 769 2427 899 2462; x_wconf 62' lang='lat' dir='ltr'><strong>[Egeatas</strong></span> 
     </span>
    </p>
   </div>
   <div class='ocr_carea' id='block_1_97' title="bbox 149 2548 656 2584">
    <p class='ocr_par' dir='ltr' id='par_1_97' title="bbox 149 2548 656 2584">
     <span class='ocr_line' id='line_1_97' title="bbox 149 2548 656 2584; baseline 0 -8"><span class='ocrx_word' id='word_1_653' title='bbox 149 2549 206 2582; x_wconf 69' lang='grc'>(46)</span> <span class='ocrx_word' id='word_1_654' title='bbox 227 2548 297 2584; x_wconf 81' lang='lat' dir='ltr'><strong>Plin.</strong></span> <span class='ocrx_word' id='word_1_655' title='bbox 314 2548 399 2581; x_wconf 77' lang='lat' dir='ltr'><strong>Hist.,</strong></span> <span class='ocrx_word' id='word_1_656' title='bbox 412 2549 462 2576; x_wconf 91' lang='lat' dir='ltr'><strong>lih.</strong></span> <span class='ocrx_word' id='word_1_657' title='bbox 481 2557 517 2580; x_wconf 80' lang='lat' dir='ltr'><strong>Iv,</strong></span> <span class='ocrx_word' id='word_1_658' title='bbox 533 2557 593 2584; x_wconf 87' lang='lat' dir='ltr'><strong>cap.</strong></span> <span class='ocrx_word' id='word_1_659' title='bbox 610 2549 656 2576; x_wconf 70' lang='lat'><strong>2.5.</strong></span> 
     </span>
    </p>
   </div>
   <div class='ocr_carea' id='block_1_98' title="bbox 149 2583 748 2618">
    <p class='ocr_par' dir='ltr' id='par_1_98' title="bbox 149 2583 748 2618">
     <span class='ocr_line' id='line_1_98' title="bbox 149 2583 748 2618; baseline 0 -8"><span class='ocrx_word' id='word_1_660' title='bbox 149 2585 206 2618; x_wconf 77' lang='grc'>(47)</span> <span class='ocrx_word' id='word_1_661' title='bbox 226 2583 313 2612; x_wconf 89' lang='lat' dir='ltr'><strong>Tacit.</strong></span> <span class='ocrx_word' id='word_1_662' title='bbox 333 2584 493 2617; x_wconf 81' lang='lat' dir='ltr'><strong>Annat.,|ib.</strong></span> <span class='ocrx_word' id='word_1_663' title='bbox 512 2593 531 2618; x_wconf 79' lang='grc' dir='ltr'><strong>ί,</strong></span> <span class='ocrx_word' id='word_1_664' title='bbox 551 2593 628 2618; x_wconf 83' lang='lat' dir='ltr'><strong>capp.</strong></span> <span class='ocrx_word' id='word_1_665' title='bbox 645 2585 688 2616; x_wconf 82' lang='grc'>76,</span> <span class='ocrx_word' id='word_1_666' title='bbox 703 2583 748 2611; x_wconf 84' lang='lat'><strong>80.</strong></span> 
     </span>
    </p>
   </div>
   <div class='ocr_carea' id='block_1_99' title="bbox 149 2619 753 2654">
    <p class='ocr_par' dir='ltr' id='par_1_99' title="bbox 149 2619 753 2654">
     <span class='ocr_line' id='line_1_99' title="bbox 149 2619 753 2654; baseline -0.002 -7"><span class='ocrx_word' id='word_1_667' title='bbox 149 2619 207 2653; x_wconf 70' lang='grc'>(48)</span> <span class='ocrx_word' id='word_1_668' title='bbox 225 2620 287 2654; x_wconf 69' lang='grc' dir='ltr'><strong>ᾼΙὶ).</strong></span> <span class='ocrx_word' id='word_1_669' title='bbox 311 2619 346 2654; x_wconf 72' lang='lat' dir='ltr'><strong>ad</strong></span> <span class='ocrx_word' id='word_1_670' title='bbox 363 2619 488 2653; x_wconf 78' lang='lat' dir='ltr'><strong>Ilesyclt.,</strong></span> <span class='ocrx_word' id='word_1_671' title='bbox 502 2625 569 2646; x_wconf 91' lang='lat' dir='ltr'><strong>tom.</strong></span> <span class='ocrx_word' id='word_1_672' title='bbox 584 2619 605 2653; x_wconf 84' lang='grc' dir='ltr'>Ι,</span> <span class='ocrx_word' id='word_1_673' title='bbox 618 2628 678 2654; x_wconf 77' lang='lat' dir='ltr'><strong>pag.</strong></span> <span class='ocrx_word' id='word_1_674' title='bbox 691 2620 753 2647; x_wconf 82' lang='lat'><strong>699.</strong></span> 
     </span>
    </p>
   </div>
   <div class='ocr_carea' id='block_1_100' title="bbox 149 2653 558 2689">
    <p class='ocr_par' dir='ltr' id='par_1_100' title="bbox 149 2653 558 2689">
     <span class='ocr_line' id='line_1_100' title="bbox 149 2653 558 2689; baseline 0 -8"><span class='ocrx_word' id='word_1_675' title='bbox 149 2654 208 2689; x_wconf 62' lang='lat'><strong>(49)</strong></span> <span class='ocrx_word' id='word_1_676' title='bbox 227 2653 306 2689; x_wconf 77' lang='lat' dir='ltr'><strong>Hom.</strong></span> <span class='ocrx_word' id='word_1_677' title='bbox 324 2653 432 2688; x_wconf 53' lang='grc' dir='ltr'><strong>ϐάθη,</strong></span> <span class='ocrx_word' id='word_1_678' title='bbox 449 2655 483 2687; x_wconf 83' lang='grc' dir='ltr'>Α,</span> <span class='ocrx_word' id='word_1_679' title='bbox 497 2654 558 2681; x_wconf 68' lang='grc'><strong>594.</strong></span> 
     </span>
    </p>
   </div>
   <div class='ocr_carea' id='block_1_101' title="bbox 149 2688 669 2724">
    <p class='ocr_par' dir='ltr' id='par_1_101' title="bbox 149 2688 669 2724">
     <span class='ocr_line' id='line_1_101' title="bbox 149 2688 669 2724; baseline 0 -8"><span class='ocrx_word' id='word_1_680' title='bbox 149 2689 206 2724; x_wconf 78' lang='lat'><strong>(50)</strong></span> <span class='ocrx_word' id='word_1_681' title='bbox 226 2688 426 2724; x_wconf 33' lang='lat' dir='ltr'><strong>Justinaﬂist”</strong></span> <span class='ocrx_word' id='word_1_682' title='bbox 439 2689 484 2716; x_wconf 89' lang='lat' dir='ltr'><strong>lib.</strong></span> <span class='ocrx_word' id='word_1_683' title='bbox 503 2697 551 2716; x_wconf 80' lang='lat' dir='ltr'><strong>vn.</strong></span> <span class='ocrx_word' id='word_1_684' title='bbox 567 2697 627 2724; x_wconf 90' lang='lat' dir='ltr'><strong>cap.</strong></span> <span class='ocrx_word' id='word_1_685' title='bbox 644 2690 669 2716; x_wconf 78' lang='lat' dir='ltr'><strong>i.</strong></span> 
     </span>
    </p>
   </div>
   <div class='ocr_carea' id='block_1_102' title="bbox 148 2723 633 2759">
    <p class='ocr_par' dir='ltr' id='par_1_102' title="bbox 148 2723 633 2759">
     <span class='ocr_line' id='line_1_102' title="bbox 148 2723 633 2759; baseline 0 -8"><span class='ocrx_word' id='word_1_686' title='bbox 148 2724 207 2759; x_wconf 78' lang='grc'>(51)</span> <span class='ocrx_word' id='word_1_687' title='bbox 227 2723 298 2752; x_wconf 86' lang='lat' dir='ltr'><strong>Plin.</strong></span> <span class='ocrx_word' id='word_1_688' title='bbox 313 2723 396 2754; x_wconf 75' lang='grc' dir='ltr'><strong>Ηίςι..</strong></span> <span class='ocrx_word' id='word_1_689' title='bbox 413 2724 458 2751; x_wconf 91' lang='lat' dir='ltr'><strong>lib.</strong></span> <span class='ocrx_word' id='word_1_690' title='bbox 477 2732 514 2754; x_wconf 80' lang='lat' dir='ltr'><strong>iv.</strong></span> <span class='ocrx_word' id='word_1_691' title='bbox 530 2733 590 2759; x_wconf 85' lang='lat' dir='ltr'><strong>cap.</strong></span> <span class='ocrx_word' id='word_1_692' title='bbox 607 2725 633 2751; x_wconf 85' lang='lat'><strong>9.</strong></span> 
     </span>
    </p>
   </div>
   <div class='ocr_carea' id='block_1_103' title="bbox 149 2759 893 2797">
    <p class='ocr_par' dir='ltr' id='par_1_103' title="bbox 149 2759 893 2797">
     <span class='ocr_line' id='line_1_103' title="bbox 149 2759 893 2797; baseline 0.004 -11"><span class='ocrx_word' id='word_1_693' title='bbox 149 2759 309 2797; x_wconf 42' lang='grc' dir='ltr'><strong>(δὴ-γονὴ</strong></span> <span class='ocrx_word' id='word_1_694' title='bbox 332 2759 366 2785; x_wconf 86' lang='lat' dir='ltr'><strong>ad</strong></span> <span class='ocrx_word' id='word_1_695' title='bbox 385 2759 477 2793; x_wconf 80' lang='lat' dir='ltr'><strong>Pomp.</strong></span> <span class='ocrx_word' id='word_1_696' title='bbox 498 2759 573 2792; x_wconf 70' lang='grc' dir='ltr'><strong>Μειη</strong></span> <span class='ocrx_word' id='word_1_697' title='bbox 594 2760 641 2787; x_wconf 88' lang='lat' dir='ltr'><strong>lib.</strong></span> <span class='ocrx_word' id='word_1_698' title='bbox 662 2769 691 2792; x_wconf 82' lang='lat' dir='ltr'><strong>ll,</strong></span> <span class='ocrx_word' id='word_1_699' title='bbox 705 2769 765 2796; x_wconf 89' lang='lat' dir='ltr'><strong>cap.</strong></span> <span class='ocrx_word' id='word_1_700' title='bbox 783 2762 810 2793; x_wconf 81' lang='grc'>5,</span> <span class='ocrx_word' id='word_1_701' title='bbox 831 2770 893 2797; x_wconf 75' lang='lat' dir='ltr'><strong>pag.</strong></span> 
     </span>
    </p>
   </div>
   <div class='ocr_carea' id='block_1_104' title="bbox 113 2794 297 2826">
    <p class='ocr_par' dir='ltr' id='par_1_104' title="bbox 113 2794 297 2826">
     <span class='ocr_line' id='line_1_104' title="bbox 113 2794 297 2826; baseline -0.022 -2"><span class='ocrx_word' id='word_1_702' title='bbox 113 2795 177 2826; x_wconf 69' lang='lat' dir='ltr'><strong>I40,</strong></span> <span class='ocrx_word' id='word_1_703' title='bbox 192 2794 257 2821; x_wconf 85' lang='lat' dir='ltr'><strong>edit.</strong></span> <span class='ocrx_word' id='word_1_704' title='bbox 271 2794 297 2820; x_wconf 81' lang='lat' dir='ltr'><strong>i.</strong></span> 
     </span>
    </p>
   </div>
   <div class='ocr_carea' id='block_1_105' title="bbox 148 2829 894 2867">
    <p class='ocr_par' dir='ltr' id='par_1_105' title="bbox 148 2829 894 2867">
     <span class='ocr_line' id='line_1_105' title="bbox 148 2829 894 2867; baseline 0.003 -10"><span class='ocrx_word' id='word_1_705' title='bbox 148 2829 208 2862; x_wconf 74' lang='lat' dir='ltr'><strong>(b3)</strong></span> <span class='ocrx_word' id='word_1_706' title='bbox 226 2829 380 2864; x_wconf 86' lang='lat' dir='ltr'><strong>Sophron.,</strong></span> <span class='ocrx_word' id='word_1_707' title='bbox 398 2830 468 2864; x_wconf 84' lang='lat' dir='ltr'><strong>apud</strong></span> <span class='ocrx_word' id='word_1_708' title='bbox 489 2830 594 2858; x_wconf 70' lang='lat' dir='ltr'><strong>Fabric.</strong></span> <span class='ocrx_word' id='word_1_709' title='bbox 613 2831 684 2860; x_wconf 75' lang='lat' dir='ltr'><strong>Bibl.</strong></span> <span class='ocrx_word' id='word_1_710' title='bbox 707 2832 810 2866; x_wconf 57' lang='grc' dir='ltr'><strong>πρίει,</strong></span> <span class='ocrx_word' id='word_1_711' title='bbox 834 2840 894 2867; x_wconf 79' lang='lat' dir='ltr'><strong>pag.</strong></span> 
     </span>
    </p>
   </div>
   <div class='ocr_carea' id='block_1_106' title="bbox 953 2246 1740 2283">
    <p class='ocr_par' dir='ltr' id='par_1_106' title="bbox 953 2246 1740 2283">
     <span class='ocr_line' id='line_1_106' title="bbox 953 2246 1740 2283; baseline 0.003 -11"><span class='ocrx_word' id='word_1_712' title='bbox 953 2246 1073 2280; x_wconf 83' lang='lat' dir='ltr'><strong>antiquis</strong></span> <span class='ocrx_word' id='word_1_713' title='bbox 1093 2247 1177 2281; x_wconf 88' lang='lat' dir='ltr'><strong>liquet</strong></span> <span class='ocrx_word' id='word_1_714' title='bbox 1193 2254 1200 2273; x_wconf 90' lang='lat'><strong>:</strong></span> <span class='ocrx_word' id='word_1_715' title='bbox 1215 2255 1230 2274; x_wconf 90' lang='lat' dir='ltr'><strong>e</strong></span> <span class='ocrx_word' id='word_1_716' title='bbox 1252 2247 1353 2283; x_wconf 87' lang='lat' dir='ltr'><strong>quibus</strong></span> <span class='ocrx_word' id='word_1_717' title='bbox 1373 2247 1505 2275; x_wconf 85' lang='lat' dir='ltr'><strong>discimus</strong></span> <span class='ocrx_word' id='word_1_718' title='bbox 1525 2247 1583 2283; x_wconf 82' lang='lat'><strong>(57)</strong></span> <span class='ocrx_word' id='word_1_719' title='bbox 1619 2248 1740 2275; x_wconf 81' lang='lat' dir='ltr'><strong>Aristar-</strong></span> 
     </span>
    </p>
   </div>
   <div class='ocr_carea' id='block_1_107' title="bbox 952 2290 1739 2324">
    <p class='ocr_par' dir='ltr' id='par_1_107' title="bbox 952 2290 1739 2324">
     <span class='ocr_line' id='line_1_107' title="bbox 952 2290 1739 2324; baseline 0.001 -7"><span class='ocrx_word' id='word_1_720' title='bbox 952 2291 1033 2318; x_wconf 89' lang='lat' dir='ltr'><strong>chum</strong></span> <span class='ocrx_word' id='word_1_721' title='bbox 1048 2291 1187 2324; x_wconf 83' lang='lat' dir='ltr'><strong>Damonis,</strong></span> <span class='ocrx_word' id='word_1_722' title='bbox 1201 2291 1386 2319; x_wconf 75' lang='lat' dir='ltr'><strong>Metrodorum</strong></span> <span class='ocrx_word' id='word_1_723' title='bbox 1403 2291 1543 2324; x_wconf 83' lang='lat' dir='ltr'><strong>Meneclis,</strong></span> <span class='ocrx_word' id='word_1_724' title='bbox 1554 2290 1739 2319; x_wconf 83' lang='lat' dir='ltr'><strong>Nicostratum</strong></span> 
     </span>
    </p>
   </div>
   <div class='ocr_carea' id='block_1_108' title="bbox 950 2335 1738 2371">
    <p class='ocr_par' dir='ltr' id='par_1_108' title="bbox 950 2335 1738 2371">
     <span class='ocr_line' id='line_1_108' title="bbox 950 2335 1738 2371; baseline -0.001 -8"><span class='ocrx_word' id='word_1_725' title='bbox 950 2336 1101 2363; x_wconf 80' lang='lat' dir='ltr'><strong>Callistrati</strong></span> <span class='ocrx_word' id='word_1_726' title='bbox 1116 2341 1143 2363; x_wconf 86' lang='lat' dir='ltr'><strong>et</strong></span> <span class='ocrx_word' id='word_1_727' title='bbox 1154 2335 1347 2363; x_wconf 73' lang='lat' dir='ltr'><strong>Eschrionem</strong></span> <span class='ocrx_word' id='word_1_728' title='bbox 1361 2336 1448 2371; x_wconf 73' lang='lat' dir='ltr'><strong>Lysiae</strong></span> <span class='ocrx_word' id='word_1_729' title='bbox 1468 2336 1549 2368; x_wconf 82' lang='lat' dir='ltr'><strong>filios,</strong></span> <span class='ocrx_word' id='word_1_730' title='bbox 1565 2335 1738 2363; x_wconf 82' lang='lat' dir='ltr'><strong>Patrensinm</strong></span> 
     </span>
    </p>
   </div>
   <div class='ocr_carea' id='block_1_109' title="bbox 951 2381 1738 2418">
    <p class='ocr_par' dir='ltr' id='par_1_109' title="bbox 951 2381 1738 2418">
     <span class='ocr_line' id='line_1_109' title="bbox 951 2381 1738 2418; baseline 0 -10"><span class='ocrx_word' id='word_1_731' title='bbox 951 2387 1081 2417; x_wconf 69' lang='lat' dir='ltr'><strong>praetores</strong></span> <span class='ocrx_word' id='word_1_732' title='bbox 1103 2382 1199 2410; x_wconf 82' lang='lat' dir='ltr'><strong>fuisse.</strong></span> <span class='ocrx_word' id='word_1_733' title='bbox 1225 2383 1277 2416; x_wconf 85' lang='lat' dir='ltr'><strong>Qui</strong></span> <span class='ocrx_word' id='word_1_734' title='bbox 1299 2391 1364 2418; x_wconf 84' lang='lat' dir='ltr'><strong>ergo</strong></span> <span class='ocrx_word' id='word_1_735' title='bbox 1382 2387 1497 2417; x_wconf 70' lang='lat' dir='ltr'><strong>prteerat</strong></span> <span class='ocrx_word' id='word_1_736' title='bbox 1519 2381 1628 2409; x_wconf 62' lang='lat' dir='ltr'><strong>Edessa:</strong></span> <span class='ocrx_word' id='word_1_737' title='bbox 1645 2386 1738 2409; x_wconf 86' lang='lat' dir='ltr'><strong>noster</strong></span> 
     </span>
    </p>
   </div>
   <div class='ocr_carea' id='block_1_110' title="bbox 950 2427 1737 2464">
    <p class='ocr_par' dir='ltr' id='par_1_110' title="bbox 950 2427 1737 2464">
     <span class='ocr_line' id='line_1_110' title="bbox 950 2427 1737 2464; baseline 0 -9"><span class='ocrx_word' id='word_1_738' title='bbox 950 2428 1061 2464; x_wconf 64' lang='lat' dir='ltr'><strong>Algeas,</strong></span> <span class='ocrx_word' id='word_1_739' title='bbox 1088 2427 1233 2456; x_wconf 88' lang='lat' dir='ltr'><strong>Patrarum</strong></span> <span class='ocrx_word' id='word_1_740' title='bbox 1250 2437 1360 2464; x_wconf 90' lang='lat' dir='ltr'><strong>quoque</strong></span> <span class='ocrx_word' id='word_1_741' title='bbox 1386 2429 1531 2464; x_wconf 71' lang='lat' dir='ltr'><strong>praefectus</strong></span> <span class='ocrx_word' id='word_1_742' title='bbox 1558 2429 1651 2461; x_wconf 82' lang='lat' dir='ltr'><strong>fuerit,</strong></span> <span class='ocrx_word' id='word_1_743' title='bbox 1680 2432 1737 2455; x_wconf 79' lang='lat' dir='ltr'><strong>nou</strong></span> 
     </span>
    </p>
   </div>
   <div class='ocr_carea' id='block_1_111' title="bbox 949 2551 1083 2582">
    <p class='ocr_par' dir='ltr' id='par_1_111' title="bbox 949 2551 1083 2582">
     <span class='ocr_line' id='line_1_111' title="bbox 949 2551 1083 2582; baseline 0.015 -4"><span class='ocrx_word' id='word_1_744' title='bbox 949 2551 1012 2582; x_wconf 69' lang='lat'><strong>225,</strong></span> <span class='ocrx_word' id='word_1_745' title='bbox 1027 2552 1083 2580; x_wconf 88' lang='lat' dir='ltr'><strong>alii.</strong></span> 
     </span>
    </p>
   </div>
   <div class='ocr_carea' id='block_1_112' title="bbox 986 2587 1734 2624">
    <p class='ocr_par' dir='ltr' id='par_1_112' title="bbox 986 2587 1734 2624">
     <span class='ocr_line' id='line_1_112' title="bbox 986 2587 1734 2624; baseline 0.001 -10"><span class='ocrx_word' id='word_1_746' title='bbox 986 2587 1042 2624; x_wconf 68' lang='grc'>(54)</span> <span class='ocrx_word' id='word_1_747' title='bbox 1065 2587 1162 2624; x_wconf 72' lang='lat' dir='ltr'><strong>Menol.</strong></span> <span class='ocrx_word' id='word_1_748' title='bbox 1195 2587 1279 2615; x_wconf 66' lang='lat' dir='ltr'><strong>Graec.</strong></span> <span class='ocrx_word' id='word_1_749' title='bbox 1308 2588 1408 2624; x_wconf 67' lang='lat' dir='ltr'><strong>Basil.,</strong></span> <span class='ocrx_word' id='word_1_750' title='bbox 1437 2593 1507 2624; x_wconf 87' lang='lat' dir='ltr'><strong>part.</strong></span> <span class='ocrx_word' id='word_1_751' title='bbox 1536 2596 1565 2624; x_wconf 40' lang='grc' dir='ltr'>ι,</span> <span class='ocrx_word' id='word_1_752' title='bbox 1585 2596 1645 2624; x_wconf 71' lang='lat' dir='ltr'><strong>pag.</strong></span> <span class='ocrx_word' id='word_1_753' title='bbox 1665 2588 1734 2620; x_wconf 70' lang='lat' dir='ltr'><strong>22f:</strong></span> 
     </span>
    </p>
   </div>
   <div class='ocr_carea' id='block_1_113' title="bbox 949 2621 1734 2659">
    <p class='ocr_par' dir='ltr' id='par_1_113' title="bbox 949 2621 1734 2659">
     <span class='ocr_line' id='line_1_113' title="bbox 949 2621 1734 2659; baseline 0.001 -10"><span class='ocrx_word' id='word_1_754' title='bbox 949 2621 1186 2659; x_wconf 64' lang='lat' dir='ltr'><strong>Pseudo-Doroth.</strong></span> <span class='ocrx_word' id='word_1_755' title='bbox 1218 2624 1289 2658; x_wconf 90' lang='lat' dir='ltr'><strong>apud</strong></span> <span class='ocrx_word' id='word_1_756' title='bbox 1311 2623 1408 2659; x_wconf 81' lang='lat' dir='ltr'><strong>Cang.,</strong></span> <span class='ocrx_word' id='word_1_757' title='bbox 1428 2621 1527 2651; x_wconf 86' lang='lat' dir='ltr'><strong>Chron.</strong></span> <span class='ocrx_word' id='word_1_758' title='bbox 1552 2621 1660 2656; x_wconf 52' lang='lat' dir='ltr'><strong>re“)...</strong></span> <span class='ocrx_word' id='word_1_759' title='bbox 1673 2631 1734 2659; x_wconf 74' lang='lat' dir='ltr'><strong>pag.</strong></span> 
     </span>
    </p>
   </div>
   <div class='ocr_carea' id='block_1_114' title="bbox 948 2657 1564 2694">
    <p class='ocr_par' dir='ltr' id='par_1_114' title="bbox 948 2657 1564 2694">
     <span class='ocr_line' id='line_1_114' title="bbox 948 2657 1564 2694; baseline 0.006 -11"><span class='ocrx_word' id='word_1_760' title='bbox 948 2657 1142 2694; x_wconf 19' lang='lat' dir='ltr'><strong>4557;77Nieeph.</strong></span> <span class='ocrx_word' id='word_1_761' title='bbox 1161 2657 1319 2691; x_wconf 57' lang='grc' dir='ltr'><strong>Ηὶδιζειειη</strong></span> <span class='ocrx_word' id='word_1_762' title='bbox 1333 2657 1383 2686; x_wconf 54' lang='lat' dir='ltr'><strong>lib:</strong></span> <span class='ocrx_word' id='word_1_763' title='bbox 1401 2667 1431 2692; x_wconf 85' lang='grc' dir='ltr'><strong>ιι,</strong></span> <span class='ocrx_word' id='word_1_764' title='bbox 1447 2667 1508 2694; x_wconf 87' lang='lat' dir='ltr'><strong>cap.</strong></span> <span class='ocrx_word' id='word_1_765' title='bbox 1520 2659 1564 2687; x_wconf 82' lang='lat'><strong>59.</strong></span> 
     </span>
    </p>
   </div>
   <div class='ocr_carea' id='block_1_115' title="bbox 983 2692 1734 2730">
    <p class='ocr_par' dir='ltr' id='par_1_115' title="bbox 983 2692 1734 2730">
     <span class='ocr_line' id='line_1_115' title="bbox 983 2692 1734 2730; baseline 0.003 -11"><span class='ocrx_word' id='word_1_766' title='bbox 983 2692 1198 2730; x_wconf 52' lang='lat' dir='ltr'><strong>(55)__I‘_‘.:_ll_lsin.</strong></span> <span class='ocrx_word' id='word_1_767' title='bbox 1211 2694 1247 2721; x_wconf 88' lang='lat' dir='ltr'><strong>De</strong></span> <span class='ocrx_word' id='word_1_768' title='bbox 1256 2694 1345 2730; x_wconf 75' lang='lat' dir='ltr'><strong>fumil.</strong></span> <span class='ocrx_word' id='word_1_769' title='bbox 1358 2695 1447 2728; x_wconf 63' lang='lat' dir='ltr'><strong>Bouh,</strong></span> <span class='ocrx_word' id='word_1_770' title='bbox 1459 2692 1489 2722; x_wconf 65' lang='lat' dir='ltr'><strong>v.</strong></span> <span class='ocrx_word' id='word_1_771' title='bbox 1498 2694 1636 2722; x_wconf 74' lang='lat' dir='ltr'><strong>Pinarium</strong></span> <span class='ocrx_word' id='word_1_772' title='bbox 1651 2699 1734 2730; x_wconf 46' lang='lat' dir='ltr'><strong>gent,</strong></span> 
     </span>
    </p>
   </div>
   <div class='ocr_carea' id='block_1_116' title="bbox 949 2727 1572 2765">
    <p class='ocr_par' dir='ltr' id='par_1_116' title="bbox 949 2727 1572 2765">
     <span class='ocr_line' id='line_1_116' title="bbox 949 2727 1572 2765; baseline 0.008 -12"><span class='ocrx_word' id='word_1_773' title='bbox 949 2727 1076 2765; x_wconf 15' lang='lat' dir='ltr'><strong>tont.7&gt;\&#39;l_l</strong></span> <span class='ocrx_word' id='word_1_774' title='bbox 1094 2728 1168 2755; x_wconf 78' lang='lat' dir='ltr'><strong>Tim.</strong></span> <span class='ocrx_word' id='word_1_775' title='bbox 1187 2727 1293 2764; x_wconf 70' lang='lat' dir='ltr'><strong>Antiqq.</strong></span> <span class='ocrx_word' id='word_1_776' title='bbox 1312 2729 1399 2761; x_wconf 81' lang='lat' dir='ltr'><strong>Ram.,</strong></span> <span class='ocrx_word' id='word_1_777' title='bbox 1413 2727 1475 2765; x_wconf 79' lang='lat' dir='ltr'><strong>pag.</strong></span> <span class='ocrx_word' id='word_1_778' title='bbox 1493 2730 1572 2758; x_wconf 67' lang='grc' dir='ltr'><strong>ηυγ.</strong></span> 
     </span>
    </p>
   </div>
   <div class='ocr_carea' id='block_1_117' title="bbox 985 2762 1734 2801">
    <p class='ocr_par' dir='ltr' id='par_1_117' title="bbox 985 2762 1734 2801">
     <span class='ocr_line' id='line_1_117' title="bbox 985 2762 1734 2801; baseline 0.005 -13"><span class='ocrx_word' id='word_1_779' title='bbox 985 2762 1145 2801; x_wconf 73' lang='lat' dir='ltr'><strong>(56)_Pa_nv.</strong></span> <span class='ocrx_word' id='word_1_780' title='bbox 1165 2769 1192 2801; x_wconf 87' lang='lat' dir='ltr'><strong>_ct</strong></span> <span class='ocrx_word' id='word_1_781' title='bbox 1215 2762 1310 2800; x_wconf 66' lang='lat' dir='ltr'><strong>Sigon.</strong></span> <span class='ocrx_word' id='word_1_782' title='bbox 1334 2765 1372 2792; x_wconf 84' lang='lat' dir='ltr'><strong>De</strong></span> <span class='ocrx_word' id='word_1_783' title='bbox 1394 2762 1465 2792; x_wconf 61' lang='lat' dir='ltr'><strong>nbm&#39;.</strong></span> <span class='ocrx_word' id='word_1_784' title='bbox 1489 2765 1577 2801; x_wconf 67' lang='lat' dir='ltr'><strong>Herm,</strong></span> <span class='ocrx_word' id='word_1_785' title='bbox 1603 2770 1670 2794; x_wconf 89' lang='lat' dir='ltr'><strong>tom.</strong></span> <span class='ocrx_word' id='word_1_786' title='bbox 1695 2764 1734 2799; x_wconf 86' lang='lat' dir='ltr'><strong>ll,</strong></span> 
     </span>
    </p>
   </div>
   <div class='ocr_carea' id='block_1_118' title="bbox 951 2797 1516 2834">
    <p class='ocr_par' dir='ltr' id='par_1_118' title="bbox 951 2797 1516 2834">
     <span class='ocr_line' id='line_1_118' title="bbox 951 2797 1516 2834; baseline 0.005 -10"><span class='ocrx_word' id='word_1_787' title='bbox 951 2797 1144 2834; x_wconf 57' lang='lat' dir='ltr'><strong>Tltqs.Attliqq.</strong></span> <span class='ocrx_word' id='word_1_788' title='bbox 1162 2797 1415 2834; x_wconf 47' lang='lat' dir='ltr'><strong>ltont.,&#39;pagg.976,</strong></span> <span class='ocrx_word' id='word_1_789' title='bbox 1437 2801 1516 2828; x_wconf 77' lang='grc'><strong>1015.</strong></span> 
     </span>
    </p>
   </div>
   <div class='ocr_carea' id='block_1_119' title="bbox 986 2833 1507 2871">
    <p class='ocr_par' dir='ltr' id='par_1_119' title="bbox 986 2833 1507 2871">
     <span class='ocr_line' id='line_1_119' title="bbox 986 2833 1507 2871; baseline 0.006 -11"><span class='ocrx_word' id='word_1_790' title='bbox 986 2833 1043 2867; x_wconf 77' lang='lat' dir='ltr'><strong>(b7)</strong></span> <span class='ocrx_word' id='word_1_791' title='bbox 1064 2833 1147 2860; x_wconf 86' lang='lat' dir='ltr'><strong>llard.</strong></span> <span class='ocrx_word' id='word_1_792' title='bbox 1165 2834 1231 2868; x_wconf 80' lang='lat' dir='ltr'><strong>Opp.</strong></span> <span class='ocrx_word' id='word_1_793' title='bbox 1253 2833 1354 2869; x_wconf 32' lang='lat' dir='ltr'><strong>abiecta</strong></span> <span class='ocrx_word' id='word_1_794' title='bbox 1367 2844 1418 2871; x_wconf 75' lang='lat' dir='ltr'><strong>pag</strong></span> <span class='ocrx_word' id='word_1_795' title='bbox 1446 2836 1507 2863; x_wconf 74' lang='lat'><strong>152.</strong></span> 
     </span>
    </p>
   </div>
  </div>
