1916 3099
181 71 245 100 ΙΞΗ

604 74 908 106 PRESBYTERORUM
921 76 1209 112 ET‘DIACONORUM
1230 77 1369 107 ACHAIE

1745 81 1819 108 12!?

179 129 312 165 dignitate
325 131 527 167 proconsulari,
546 133 592 162 sed
619 137 743 164 consulis
757 137 837 164 titulo
852 137 969 171 insigni-
985 139 1007 168 Α
1022 141 1118 171 agente
1134 136 1337 171 dispensatione
1349 137 1376 164 id
1391 137 1524 165 accidisse
1538 137 1676 172 potuerit;
1691 142 1722 165 ut
1735 139 1814 166 scili-

179 181 234 208 tus,
252 181 282 203 ut
296 184 329 204 ex
349 183 441 206 nostra
458 178 579 214 Epistola
601 187 729 215 constat;
746 183 793 211 ubi
812 191 864 211 non
888 183 969 210 ἀνθύ-

179 229 281 255 πατος,
303 223 349 250 sed
372 223 474 256 ὕπατος
493 229 601 254 tantum
621 232 736 255 vocatur
757 238 764 255 τ
783 237 839 264 quo
858 229 968 264 quidem

179 266 289 294 nomine
303 268 354 294 viri
368 269 491 303 primarii
514 274 541 297 et
555 279 682 306 proceres
706 274 873 309 quandoque
893 274 969 301 desi-

178 318 297 346 gnantur
317 323 323 341 :
348 315 447 350 hisque
463 317 577 351 passim,
595 319 714 346 maxime
736 320 845 347 urbium
859 325 886 347 et
900 320 968 348 civi-

179 364 265 386 tatum
282 360 429 395 prtel'ectis,
445 364 600 392 consularis
616 365 734 400 dignitas
749 366 783 393 ab
794 366 968 400 imperatori-

179 404 230 432 bus
245 413 375 434 concessa
392 407 502 443 legitur,
524 414 553 437 ut
572 410 665 438 videre
682 416 723 439 est
741 412 812 446 apud
834 412 967 446 Cangium

180 451 207 477 in
224 455 340 486 tttroque
354 452 495 482 Glossario
512 455 581 490 (58).
597 458 631 483 At
645 456 678 484 de
691 457 734 485 his
747 457 888 485 hactenus.
907 457 968 484 Cae-

179 503 236 524 tera
247 498 321 525 enim
332 499 435 527 leviora
452 509 513 536 qua:
527 502 585 529 sive
597 503 629 529 ad
647 503 823 531 minuendam
839 503 966 538 Epistolat

179 547 279 570 nostra:
293 546 496 578 auctoritatem,
511 546 567 574 sive
581 548 613 574 ad
623 549 683 583 ejus
700 549 882 584 integritatem
894 557 968 577 ever-

179 588 288 616 tendam
303 590 385 624 objiei
401 591 501 624 solent,
517 594 644 620 consulto
660 595 847 629 praeterimus;
865 603 899 623 ne
913 596 966 623 sci-

179 635 241 662 licet
256 635 405 664 minutiora
432 639 571 674 persequi,
588 647 655 667 neve
674 640 743 667 nihil
757 641 884 669 omittere
899 642 967 670 velle

177 681 320 709 videamur
336 691 343 709 :
361 683 382 710 si
399 684 462 718 quis
477 689 569 712 autem
586 693 617 712 ea
635 693 716 714 nosse
730 687 815 722 cupit,
833 695 966 722 nuperum

176 727 308 754 editorem
323 728 491 763 Lipsiensem
508 731 597 758 adeat.

214 772 281 801 Vlll.
297 775 375 808 Quod
393 781 530 811 superest,
550 777 576 804 in
599 781 705 813 tempus
718 778 892 814 inquisituris
911 788 967 816 quo

1020 187 1063 210 cet
1076 181 1213 218 Evangelii
1229 183 1480 218 praedicatiolatius
1492 188 1598 219 pateret
1610 183 1636 211 in
1651 184 1814 217 dies,Chri-

1020 228 1166 264 stianaque
1182 228 1247 256 ﬁdes
1259 229 1285 255 in
1299 229 1399 256 animis
1409 229 1578 256 credentium
1593 229 1707 257 altiores
1720 235 1813 265 ageret

1020 274 1137 307 radices,
1154 279 1236 309 atque
1251 275 1287 302 ita
1300 274 1410 302 demum
1430 275 1553 302 nascenti
1565 274 1667 302 Christi
1683 275 1813 304 Ecclesia:

1019 320 1087 347 satis
1099 321 1257 348 consultum
1271 320 1351 348 foret.

1055 365 1150 402 Neque
1169 367 1258 402 magis
1275 372 1353 402 urget
1369 367 1454 394 altera
1481 367 1611 402 objectio,
1635 368 1670 395 ab
1697 368 1811 403 imperio

1020 413 1182 447 Vespasiani
1206 413 1310 440 nomini
1329 412 1487 440 Christiano
1506 413 1578 441 haud
1598 414 1702 441 infesto
1716 415 1809 450 petita.

1020 458 1128 485 Nullum
1144 459 1253 493 quidem
1270 459 1297 485 in
1315 458 1465 486 Ecclesiam
1483 460 1518 487 ab
1538 468 1571 487 eo
1586 461 1672 488 latum
1691 461 1809 489 edictum

1021 505 1127 540 uspiam
1147 506 1438 539 occurrit,.accetlente
1452 507 1478 533 in
1494 507 1591 542 primis
1606 512 1674 534 teste
1690 508 1811 542 locuple-

1020 551 1128 579 tissitno
1153 551 1323 580 Tertulliano
1347 554 1403 588 (65)
1423 561 1430 579 τ
1456 564 1465 579 ι
1484 553 1596 586 Quales,
1615 555 1719 589 inquit,
1741 556 1810 591 leges

1019 596 1079 623 ista:
1094 605 1164 630 quas
1177 597 1307 625 adversus
1319 605 1379 629 nos,
1397 598 1448 625 soli
1463 604 1652 633 exsequuntur
1669 600 1809 635 impii?....

1019 650 1088 676 quas
1116 643 1209 670 nullus
1241 642 1436 678 Vespasianus.
1464 652 1621 679 quanquam
1652 645 1810 673 Iudaeorum

1018 687 1201 714 debellator...
1220 688 1378 722 impressit?
1396 698 1404 714 ι
1421 697 1476 724 quo
1489 697 1556 717 sane
1571 698 1654 717 sensu
1673 691 1812 726 accipien-

1019 731 1071 759 dtts
1091 732 1173 759 etiattt
1192 733 1301 759 videtur
1317 732 1463 766 Eusebius,
1478 734 1524 760 ubi
1541 735 1637 761 scribit
1655 735 1713 769 (64)
1730 745 1741 761 ι
1764 735 1811 762 Ve-

1018 778 1173 812 spasianum
1185 778 1268 814 μηδὲν
1282 778 1343 804 καθ’
1354 778 1431 814 ἡμῶν
1448 780 1548 806 ἄτοπον
1560 781 1648 807 animo
1663 782 1807 816 agitasse.)

177 820 279 856 scripta
300 821 351 849 luit
374 823 432 850 lucc
454 822 574 858 Epistola
590 823 719 852 Ecclesiae
736 826 874 859 Achaicae,
888 827 966 854 nobis
983 827 1004 854 B
1019 823 1088 850 Hinc
1103 828 1192 851 tamen
1215 824 1286 851 11³11ίῖ
1308 824 1490 860 colligendum
1521 827 1641 853 armum“
1667 835 1809 861 numl‘lam

178 866 294 899 primum
313 872 387 895 esset
409 869 605 901 deﬁniendum,
629 878 684 904 quo
708 871 817 898 demum
844 880 916 900 anno
934 872 964 899 B.

176 911 300 940 Andreas
316 914 456 948 apostolus
466 916 625 950 martyrium
635 923 733 951 passus
742 922 902 951 censeatur;
916 918 968 945 hoc

176 959 250 986 enim
278 961 362 987 semel
391 961 550 995 explorato,
576 962 642 989 illud
664 963 746 990 etiam
773 964 825 990 levi
856 964 967 999 negotio

176 1006 259 1032 statui
269 1013 348 1040 posse
362 1007 719 1045 intelligiturzsiquidemex
734 1012 828 1039 eadem
843 1011 966 1047 Epistola

176 1057 284 1080 constat
305 1053 339 1080 ab
365 1054 475 1082 Achaiie
497 1056 663 1092 presbyteris
686 1062 713 1085 et
742 1058 867 1086 diaconis
892 1059 966 1086 illam

176 1097 261 1125 fuisse
283 1101 473 1134 perscriptam,
495 1102 542 1136 qui
563 1104 651 1130 sancti
677 1105 795 1138 apostoli
819 1105 965 1132 certamini

176 1148 344 1178 spectatores
371 1146 531 1175 interfuisse
556 1150 746 1184 perhibentur.
770 1149 869 1178 Verum
900 1151 967 1178 deli-

174 1189 311 1217 eientibus
327 1192 436 1226 penitus
453 1194 593 1222 solidioris
609 1195 783 1231 antiquitatis
803 1205 967 1224 monumen-

175 1235 221 1267 tis,
241 1237 407 1272 conjecturis
429 1244 534 1268 tantum
557 1249 613 1269 rem
633 1242 790 1278 transigunt
805 1244 965 1271 criticorum

176 1282 234 1309 lilii.
251 1283 303 1310 Alii
327 1285 462 1319 siquidem
483 1286 540 1322 (59)
563 1296 635 1314 anno
656 1297 718 1316 aera:
733 1289 897 1317 Christiana:
914 1289 964 1323 66,

174 1333 223 1356 aut
234 1329 268 1356 70
276 1329 305 1356 Β.
314 1331 450 1358 Andream
463 1340 574 1367 passum
590 1334 820 1362 existimant.Alii
836 1336 965 1371 vero(60)

175 1383 248 1403 anno
271 1376 377 1411 imperii
402 1377 564 1413 Vespasiani
585 1381 691 1415 pritno,
717 1382 760 1409 vel
785 1382 881 1409 saltem
907 1383 966 1418 ipso

174 1421 264 1449 adhuc
279 1422 440 1457 imperante.
455 1425 508 1452 Alii
525 1426 634 1453 demum
653 1427 710 1463 (6|)
728 1428 779 1455 sub
795 1428 963 1457 Domitiano.

173 1467 243 1494 Cum
261 1472 351 1495 autem
371 1471 483 1497 omnino
507 1471 674 1507 inexplorata
699 1481 743 1501 res
762 1474 906 1508 habeatur,
922 1482 966 1502 re-

174 1514 364 1550 eentioresque
377 1524 427 1551 pro
439 1517 522 1544 animi
537 1518 650 1546 arbitrio
666 1519 730 1546 huic
746 1520 786 1546 vel
802 1520 841 1547 illi
856 1525 966 1548 senten-

174 1560 220 1587 tize
235 1561 412 1595 adhzereant;
433 1571 484 1590 nos
509 1564 610 1599 itaque,
627 1565 714 1593 donec
728 1566 754 1592 in
772 1566 890 1593 obscuro
909 1571 965 1593 tra-

174 1606 241 1633 mite
263 1607 318 1634 dux
347 1609 431 1636 tutior
457 1614 568 1644 pra-eat.
592 1611 777 1638 cunctabundi
798 1611 872 1644 licet,
893 1612 965 1639 circa

175 1652 275 1680 Christi
292 1660 394 1681 annum
407 1653 441 1681 80
452 1656 526 1695 cruci
541 1655 649 1683 anisum
664 1657 690 1683 ὃ.
705 1657 841 1684 Andream
855 1662 965 1692 aposto-

175 1699 231 1726 lum
249 1700 413 1736 martyrium
427 1709 647 1735 consummasse,
666 1703 786 1738 adeoque
804 1712 865 1730 mox
880 1704 966 1732 luisse

175 1747 352 1781 perscriptam
362 1747 608 1784 circumlatamque
622 1749 748 1776 Ecclesiae
763 1749 889 1777 Achaicae
902 1749 966 1785 Epi-

175 1793 272 1819 stolam
284 1794 485 1822 existimamus.

211 1838 354 1866 Mirabitur
363 1839 479 1868 fortasse
494 1841 631 1876 quispiam
648 1849 698 1870 nos
709 1842 751 1870 vel
763 1842 872 1878 longius
881 1851 964 1878 quam

174 1891 224 1918 par
249 1885 284 1912 sit
311 1884 342 1912 Β.
373 1886 487 1920 apostoli
506 1887 588 1914 vitam
609 1887 777 1921 protrahere,
799 1888 841 1914 vel
868 1888 960 1923 potius

176 1932 265 1966 ipsum
281 1932 397 1967 imperio
408 1932 569 1968 Vespasiani
584 1933 737 1966 desinente,
754 1934 885 1970 martyrio
897 1935 964 1962 sub-

174 1978 260 2005 iatum
277 1986 410 2010 asserere,
429 1987 510 2014 quem
536 1984 626 2006 tamen
657 1980 878 2007 Christianorum
903 1988 965 2015 per-

175 2029 329 2052 secutorem
351 2024 436 2052 fuisse
459 2033 539 2052 nemo
567 2026 674 2052 dixerit.
696 2025 736 2052 Ad
755 2026 874 2060 primum
900 2034 965 2054 vero

175 2071 247 2105 quod
258 2070 364 2103 attinet,
380 2071 528 2106 objectioni
545 2071 718 2098 occurrimus
733 2080 862 2107 magnum
878 2071 964 2099 Baro-

175 2116 251 2143 nium
268 2116 412 2149 assectati;
425 2116 472 2151 qui
488 2117 521 2144 de
534 2117 686 2144 novissimo
698 2117 796 2150 lustro,
811 2122 838 2144 et
853 2118 962 2153 quidem

1020 869 1129 897 infenso
1147 875 1229 905 atque.
1243 871 1354 898 inimico
1377 871 1471 898 animo
1494 871 1519 898 in
1532 872 1710 900 Christianos
1726 873 1810 900 fuisse

1019 913 1232 950 Vespasianum,
1258 922 1346 949 neque
1369 915 1422 942 ulla
1447 916 1560 942 omnino
1576 915 1677 950 injuria
1694 923 1744 944 eos
1760 917 1810 943 ali-

1018 961 1129 994 quando
1145 960 1280 988 alfeeisse.
1299 960 1473 987 Contrarium
1491 961 1571 988 docet
1594 960 1717 989 Hilarius
1731 962 1808 996 (65):

1020 1013 1030 1029 ι
1046 1004 1134 1035 Anne.
1149 1005 1237 1035 ait....
1254 1004 1357 1032 Paulus
1414 1005 1521 1033 Nerone
1540 1014 1581 1040 se,
1593 1007 1688 1039 credo,
1707 1006 1810 1042 Vespa-

1017 1050 1096 1077 siano
1113 1055 1161 1077 aut
1182 1050 1264 1077 Decio
1287 1051 1523 1086 patrocinantibus
1537 1053 1676 1084 tuebatur,
1692 1060 1809 1086 quorum

1018 1096 1044 1122 in
1054 1103 1103 1123 nos
1112 1096 1182 1122 odiis
1195 1097 1333 1123 confessio
1340 1097 1440 1124 divinm
1449 1098 1653 1132 praedicationis
1661 1098 1806 1126 elﬂoruit‘b

1017 1141 1120 1169 Hilario
1131 1143 1295 1177 astipulatur
1310 1143 1494 1171 Theodoritus
1508 1144 1564 1178 (66)
1574 1153 1580 1170 :
1590 1145 1650 1170 Τῶν
1666 1145 1696 1171 δὲ
1714 1145 1809 1171 ἁλιέων

1016 1189 1063 1216 καὶ
1072 1189 1197 1216 τελωνῶν
1212 1190 1259 1216 καὶ
1275 1190 1465 1226 σκηνορῤάφου
1480 1191 1544 1221 τοὺς
1559 1191 1668 1226 νόμους,
1684 1191 1716 1217 οὐ
1732 1191 1810 1222 Γάϊος

1018 1236 1136 1271 ἴσχυσεν,
1161 1237 1191 1262 οὺ
1214 1236 1346 1268 Κλαύδιος
1364 1236 1527 1268 καταλῦσαι,
1551 1238 1582 1263 οὺ
1599 1237 1696 1272 Νέρων
1716 1239 1730 1264 ὀ
1752 1239 1808 1272 μετ’

1016 1283 1153 1314 ἐκείνους·
1174 1283 1221 1309 καὶ
1240 1283 1338 1314 ταῦτα,
1361 1283 1406 1310 δύο
1421 1284 1475 1310 τῶν
1492 1284 1646 1319 νομοθετῶν
1664 1284 1730 1315 τοὺς
1749 1284 1808 1318 ὰρὶ-

1017 1337 1095 1360 στους
1112 1329 1324 1360 κατακοντίσας’
1340 1329 1451 1365 καὶγὰρ
1467 1329 1512 1356 τὸν
1529 1330 1632 1365 Πέτρον
1645 1330 1749 1361 ἐκεῖνος
1764 1330 1809 1356 καὶ

1015 1375 1061 1401 τὸν
1076 1375 1179 1402 Παῦλον
1191 1376 1303 1402 ἀνεῖλεν·
1319 1376 1375 1402 ἀλλ’
1385 1376 1416 1402 οὐ
1434 1375 1569 1408 ξυνανεῖλε
1585 1377 1642 1407 τοῖς
1653 1377 1810 1411 νῡμοοέταις

1015 1421 1079 1453 τοὺς
1094 1421 1203 1457 νόμους,
1219 1422 1269 1448 οὐκ
1284 1422 1498 1455 Οὐεσπασιανὸς,
1521 1423 1552 1448 οὐ
1569 1422 1659 1454 Τίτος,
1677 1423 1708 1449 σὺ
1726 1424 1809 1458 Δομε-

1016 1467 1118 1500 τιανὸς,
1143 1469 1191 1495 καὶ
1209 1468 1312 1501 ταῦτα,
1331 1469 1437 1500 πολλοῖς
1450 1470 1511 1495 κατ’
1529 1469 1630 1501 αὐτῶν,
1645 1469 1694 1495 καὶ
1711 1478 1809 1496 παντο-

1016 1514 1112 1546 δαποῖς
1126 1514 1300 1550 χρησάμενος
1316 1516 1503 1551 μηχανήμασι.
1521 1514 1548 1541 Id
1561 1521 1602 1542 est
1619 1524 1626 1541 :
1639 1515 1809 1542 Piscatornm

1016 1565 1104 1587 autem
1143 1566 1167 1588 et
1204 1560 1405 1595 publicanorum
1444 1562 1671 1596 tentoriorumque
1710 1561 1809 1587 sutoris

1016 1607 1094 1642 leges,
1113 1615 1165 1634 non
1183 1607 1276 1639 Caius,
1294 1615 1346 1633 non
1360 1606 1490 1634 Claudius
1500 1607 1642 1634 dissolvere
1655 1613 1808 1641 potuerunt,

1017 1662 1098 1689 neque
1124 1654 1232 1680 illorum
1258 1662 1392 1680 successor
1411 1653 1511 1681 Nero:
1537 1655 1580 1680 hic
1603 1655 1673 1681 enim
1703 1655 1809 1681 tametsi

1016 1701 1083 1726 duos
1097 1700 1210 1734 optimos
1224 1699 1391 1734 legislatures
1403 1700 1558 1731 sustulerit;
1572 1699 1682 1726 Petrum
1698 1708 1810 1735 namque

1016 1754 1048 1772 ac
1061 1745 1177 1772 Paulum
1194 1745 1416 1780 interﬁcijursit;
1428 1751 1455 1772 at
1467 1751 1536 1772 certe
1548 1745 1616 1781 leges
1632 1753 1694 1771 cum
1706 1745 1810 1779 legisla-

1017 1793 1118 1820 toribus
1135 1793 1205 1819 haud
1223 1792 1343 1820 sustulit.
1361 1791 1422 1819 Non
1446 1791 1633 1827 Vespasianus,
1655 1800 1706 1818 non
1724 1791 1808 1824 Titus,

1016 1848 1068 1866 non
1084 1839 1268 1872 Domitianus;
1284 1849 1436 1876 quanquam
1449 1839 1540 1866 multis
1556 1848 1587 1866 ac
1599 1839 1748 1874 omnigenis
1758 1847 1810 1865 ma-

1016 1886 1212 1913 chinationibus
1224 1895 1269 1913 eas
1284 1895 1435 1922 oppugnare
1453 1886 1626 1912 contenderit.

1039 1931 1132 1967 Neque
1138 1932 1247 1959 demum
1256 1937 1335 1967 putes
1345 1933 1468 1960 laudatos
1476 1931 1571 1959 Patres
1579 1931 1630 1959 sibi
1640 1931 1758 1959 invicem
1768 1932 1811 1959 ad-

1015 1978 1129 2011 versari;
1139 1979 1299 2005 convenient
1307 1979 1390 2009 enim,
1399 1984 1429 2006 ut
1441 1983 1513 2006 recte
1523 1977 1729 2013 Havercampus
1742 1978 1808 2013 (67),

1016 2024 1038 2051 si
1063 2024 1166 2051 dixeris
1178 2024 1203 2051 id
1228 2025 1300 2059 quod
1311 2033 1354 2052 res
1365 2030 1416 2057 est,
1427 2025 1555 2052 Ecclesiae
1570 2030 1763 2059 persecutores
1777 2025 1809 2051 ab

1016 2069 1120 2097 llilario
1143 2078 1175 2097 ac
1204 2069 1372 2098 Theodorito
1396 2074 1582 2102 memoratos,
1607 2074 1679 2096 tecte
1697 2069 1807 2104 quidem

1015 2124 1122 2147 omnes.
1138 2124 1192 2144 non
1206 2125 1270 2144 vero
1281 2121 1374 2151 aperta
1390 2116 1428 2147 vi,
1441 2120 1472 2142 ut
1483 2114 1565 2148 Nero,
1580 2121 1610 2142 ut
1624 2115 1807 2147 Domitianus,

175 2163 228 2190 sub
241 2162 409 2197 Vespasiano
421 2168 534 2197 peracto
550 2164 632 2191 verba
657 2163 761 2192 faciens
784 2164 853 2199 (62),
872 2165 962 2192 locum
981 2167 1003 2194 1)
1018 2161 1104 2190 fuisse
1115 2167 1268 2197 grassatos.
1286 2161 1326 2189 Ad
1358 2161 1554 2196 Vespasianum
1579 2169 1646 2188 sane
1660 2162 1736 2196 quod
1749 2162 1808 2188 atti-

174 2215 210 2235 ex
225 2207 314 2234 Plinio
323 2207 421 2235 reeitat
431 2216 463 2235 ex
477 2216 532 2243 quo
545 2209 623 2243 plane
635 2210 830 2244 comperimus,
843 2210 886 2237 his
899 2210 966 2245 ipsis

176 2254 348 2288 temporibus
374 2255 530 2289 complures
556 2256 627 2282 ultra
655 2256 835 2283 centesimum
862 2264 965 2283 annum

177 2299 259 2326 vitam
278 2300 406 2333 duxisse;
423 2305 452 2326 ut
466 2301 580 2335 proinde
597 2309 648 2336 pro
661 2306 785 2328 monstro
801 2302 896 2329 haberi
918 2310 967 2328 ne-

175 2349 269 2380 queat,
298 2345 319 2372 si
337 2353 368 2372 ea
387 2349 547 2380 tempestate
577 2346 701 2372 nonnulli
718 2354 751 2373 ex
771 2347 917 2382 apostolis,
938 2351 967 2373 ut

175 2391 209 2418 de
228 2391 333 2419 Joanne
351 2392 517 2427 evangelista
539 2393 626 2427 deque
650 2393 755 2427 aliquot
777 2394 965 2428 apostolorum

176 2438 319 2472 discipulis
339 2438 435 2465 saltent
455 2438 551 2473 liquet,
575 2439 697 2474 lougmva
716 2444 796 2467 attate
815 2439 966 2466 decessisse

176 2483 305 2510 dicantur
323 2492 374 2511 :eo
390 2484 525 2519 inprimis
544 2485 666 2517 nomine,
682 2486 755 2521 quod
777 2486 868 2513 divina
882 2486 964 2513 etiam

213 2549 269 2586 (58)
289 2549 375 2587 Cong.
390 2551 463 2578 Clas.
478 2551 575 2586 (inca,
589 2561 615 2580 ν.
636 2553 767 2587 Ὗπατοι,
782 2559 809 2581 et
824 2553 915 2581 Latin.
936 2563 963 2581 v.

179 2585 310 2620 pramx.
353 2585 360 2587 ⁷
760 2585 764 2587 ’

209 2621 264 2652 (59)
280 2619 483 2657 TillemJIem.
503 2622 578 2653 τιτι..
595 2627 662 2649 tom.
676 2622 697 2655 l,
713 2630 774 2657 pag.
789 2621 850 2649 593-

211 2656 267 2690 (60)
286 2656 362 2684 llaill.
388 2655 445 2683 Vica
470 2657 514 2684 des
538 2658 640 2690 Snints,
658 2655 724 2684 tom.
744 2655 792 2690 Ill,
815 2665 877 2693 pag.
894 2657 962 2691 Mil;

175 2689 414 2727 Woog..gexercit.
429 2700 458 2723 tt,
472 2700 534 2727 pag.
552 2693 614 2720 109.

177 2727 265 2786 nail)
287 2725 434 2754 Florentio.
462 2725 521 2754 Vel:
547 2731 632 2754 occid.
659 2728 723 2755 eccl.
754 2727 880 2764 Marlyr.,
902 2737 961 2764 pag.

210 2795 266 2827 (62)
285 2795 383 2823 Barou.
401 2797 433 2824 ad
452 2806 516 2825 ann.
533 2798 577 2829 76.
593 2798 606 2833 §
624 2799 651 2826 2.

1018 2212 1078 2241 net,
1102 2208 1189 2243 magis
1211 2209 1301 2235 adhuc
1328 2208 1354 2235 in
1375 2216 1406 2235 ea
1435 2207 1569 2235 sententia
1598 2207 1752 2234 confirmor
1778 2215 1808 2234 ex

1017 2253 1186 2289 llegesippo;
1208 2255 1253 2289 qui
1269 2255 1340 2289 apud
1356 2253 1503 2281 Eusebium
1517 2258 1634 2280 testatur
1650 2253 1719 2288 (68),
1734 2261 1809 2280 eum-

1018 2300 1078 2327 dem
1095 2300 1288 2335 imperatorem
1303 2310 1312 2326 ‹
1332 2305 1393 2336 post
1403 2305 1586 2335 expugnatam
1603 2298 1809 2334 Hierosolymo-

1018 2353 1078 2372 rum
1103 2346 1252 2376 civitatem.
1273 2354 1321 2374 eos
1341 2346 1388 2381 qui
1413 2354 1427 2372 a
1450 2345 1553 2373 Davide
1577 2353 1664 2380 genus
1678 2346 1808 2373 ducerent

1017 2392 1138 2426 perquiri
1146 2392 1275 2426 jussisse,
1284 2399 1318 2419 ne
1328 2392 1474 2426 quisquam
1484 2391 1555 2426 apud
1566 2390 1679 2419 Judzeos
1691 2399 1724 2418 ex
1737 2392 1806 2427 regia

1018 2438 1101 2472 stirpe
1128 2442 1299 2472 superesset,
1333 2445 1420 2472 eaque
1444 2445 1478 2464 cx
1502 2445 1587 2465 causa
1616 2438 1807 2472 gravissimam

1017 2492 1114 2512 rursus
1129 2484 1346 2519 persecutionem
1361 2483 1462 2511 .ludaeis
1476 2484 1578 2511 illatam
1592 2483 1689 2511 fuisse.
1704 2493 1713 2509 ι
1732 2483 1807 2516 Quod

1054 2553 1111 2588 (05)
1132 2552 1246 2580 Tertull.
1259 2553 1383 2588 Apolog.,
1400 2561 1460 2587 cap.
1476 2552 1502 2579 5.

1053 2589 1111 2624 (64)
1131 2588 1232 2624 Euseb.
1250 2588 1320 2615 Hist.
1334 2588 1410 2621 «ξι-ειη
1428 2589 1473 2615 lib.
1493 2596 1534 2620 ιιι,
1547 2596 1608 2623 cap.
1629 2588 1670 2615 l7.

1053 2624 1110 2658 (65)
1131 2623 1215 2651 llilar.
1230 2624 1280 2652 lib.
1304 2629 1389 2650 contr.
1404 2624 1511 2654 Arium,
1531 2632 1558 2650 η.
1573 2624 1600 2650 5.

1052 2657 1108 2694 (66)
1119 2658 1265 2702 "Theodor.
1279 2657 1364 2686 erc.
1382 2659 1468 2693 aliaet.
1489 2663 1588 2692 cural.,
1605 2658 1670 2685 dial.
1687 2667 1726 2691 Ix,
1741 2663 1804 2685 tum.

1017 2694 1246 2792 gio'i'fiiiim.
1263 2729 1303 2756 Ad
1329 2728 1442 2757 Tertull.
1461 2729 1586 2764 Apolug.,
1602 2736 1664 2765 pag.
1684 2729 1730 2762 62,
1749 2733 1802 2757 not.

1054 2785 1110 2835 (.68)
1131 2800 1230 2828 Euseb.
1252 2790 1417 2834 ιιίει.“ιῑττι,,
1433 2801 1480 2828 lib.
1497 2808 1527 2834 ιι,
1547 2809 1606 2836 cap.
1620 2801 1662 2828 t2.
