  <div class='ocr_page' id='page_1' title='image "/cluster/home/n/w/nwhite01/storage/ocr_20150623/2/njp.32101077772349/814.png"; bbox 0 0 1916 3099; ppageno 0'>
   <div class='ocr_carea' id='block_1_1' title="bbox 73 118 137 146">
    <p class='ocr_par' dir='ltr' id='par_1_1' title="bbox 73 118 137 146">
     <span class='ocr_line' id='line_1_1' title="bbox 73 118 137 146; baseline 0.016 -1"><span class='ocrx_word' id='word_1_1' title='bbox 73 118 137 146; x_wconf 67' lang='lat' dir='ltr'><strong>EB</strong></span> 
     </span>
    </p>
   </div>
   <div class='ocr_carea' id='block_1_2' title="bbox 391 109 1301 144">
    <p class='ocr_par' dir='ltr' id='par_1_2' title="bbox 391 109 1301 144">
     <span class='ocr_line' id='line_1_2' title="bbox 391 109 1301 144; baseline 0.001 -1"><span class='ocrx_word' id='word_1_2' title='bbox 391 115 559 144; x_wconf 78' lang='lat' dir='ltr'><strong>EPISTOLA</strong></span> <span class='ocrx_word' id='word_1_3' title='bbox 579 116 622 144; x_wconf 83' lang='lat' dir='ltr'><strong>DE</strong></span> <span class='ocrx_word' id='word_1_4' title='bbox 641 115 824 144; x_wconf 75' lang='lat' dir='ltr'><strong>MARTYRIO</strong></span> <span class='ocrx_word' id='word_1_5' title='bbox 841 116 870 144; x_wconf 90' lang='lat' dir='ltr'><strong>S.</strong></span> <span class='ocrx_word' id='word_1_6' title='bbox 894 116 1054 144; x_wconf 66' lang='lat' dir='ltr'><strong>ANDREE.</strong></span> <span class='ocrx_word' id='word_1_7' title='bbox 1071 132 1104 138; x_wconf 83' lang='lat'><strong>—-</strong></span> <span class='ocrx_word' id='word_1_8' title='bbox 1118 109 1301 144; x_wconf 65' lang='lat' dir='ltr'><strong>PROOEMIA.</strong></span> 
     </span>
    </p>
   </div>
   <div class='ocr_carea' id='block_1_3' title="bbox 1623 116 1693 144">
    <p class='ocr_par' dir='ltr' id='par_1_3' title="bbox 1623 116 1693 144">
     <span class='ocr_line' id='line_1_3' title="bbox 1623 116 1693 144; baseline -0.014 0"><span class='ocrx_word' id='word_1_9' title='bbox 1623 116 1693 144; x_wconf 70' lang='grc'><strong>1214</strong></span> 
     </span>
    </p>
   </div>
   <div class='ocr_carea' id='block_1_4' title="bbox 71 171 1690 211">
    <p class='ocr_par' dir='ltr' id='par_1_4' title="bbox 71 171 1690 211">
     <span class='ocr_line' id='line_1_4' title="bbox 71 171 1690 211; baseline -0.002 -9"><span class='ocrx_word' id='word_1_10' title='bbox 71 175 177 211; x_wconf 81' lang='lat' dir='ltr'><strong>quidem</strong></span> <span class='ocrx_word' id='word_1_11' title='bbox 191 174 289 201; x_wconf 89' lang='lat' dir='ltr'><strong>iterum</strong></span> <span class='ocrx_word' id='word_1_12' title='bbox 302 177 382 208; x_wconf 86' lang='lat' dir='ltr'><strong>atque</strong></span> <span class='ocrx_word' id='word_1_13' title='bbox 395 173 492 200; x_wconf 89' lang='lat' dir='ltr'><strong>iterum</strong></span> <span class='ocrx_word' id='word_1_14' title='bbox 507 181 522 200; x_wconf 87' lang='lat' dir='ltr'><strong>a</strong></span> <span class='ocrx_word' id='word_1_15' title='bbox 532 173 687 200; x_wconf 84' lang='lat' dir='ltr'><strong>Domitiano</strong></span> <span class='ocrx_word' id='word_1_16' title='bbox 694 177 776 206; x_wconf 86' lang='lat' dir='ltr'><strong>atque</strong></span> <span class='ocrx_word' id='word_1_17' title='bbox 788 171 856 199; x_wconf 86' lang='lat' dir='ltr'><strong>Tra—</strong></span> <span class='ocrx_word' id='word_1_18' title='bbox 870 176 894 205; x_wconf 75' lang='grc' dir='ltr'><strong>Α</strong></span> <span class='ocrx_word' id='word_1_19' title='bbox 908 181 969 200; x_wconf 87' lang='lat' dir='ltr'><strong>rum</strong></span> <span class='ocrx_word' id='word_1_20' title='bbox 987 174 1089 200; x_wconf 89' lang='lat' dir='ltr'><strong>rituum</strong></span> <span class='ocrx_word' id='word_1_21' title='bbox 1106 178 1282 200; x_wconf 74' lang='lat' dir='ltr'><strong>conservator</strong></span> <span class='ocrx_word' id='word_1_22' title='bbox 1298 172 1377 200; x_wconf 85' lang='lat' dir='ltr'><strong>fuerit</strong></span> <span class='ocrx_word' id='word_1_23' title='bbox 1389 172 1554 208; x_wconf 84' lang='lat' dir='ltr'><strong>appellatus;</strong></span> <span class='ocrx_word' id='word_1_24' title='bbox 1572 177 1690 199; x_wconf 85' lang='lat' dir='ltr'><strong>attamen</strong></span> 
     </span>
    </p>
   </div>
   <div class='ocr_carea' id='block_1_5' title="bbox 70 217 852 256">
    <p class='ocr_par' dir='ltr' id='par_1_5' title="bbox 70 217 852 256">
     <span class='ocr_line' id='line_1_5' title="bbox 70 217 852 256; baseline -0.005 -8"><span class='ocrx_word' id='word_1_25' title='bbox 70 221 132 256; x_wconf 87' lang='lat' dir='ltr'><strong>jauo</strong></span> <span class='ocrx_word' id='word_1_26' title='bbox 154 220 306 248; x_wconf 89' lang='lat' dir='ltr'><strong>factitatutn</strong></span> <span class='ocrx_word' id='word_1_27' title='bbox 332 219 427 246; x_wconf 86' lang='lat' dir='ltr'><strong>scribit</strong></span> <span class='ocrx_word' id='word_1_28' title='bbox 445 219 515 246; x_wconf 85' lang='lat' dir='ltr'><strong>idem</strong></span> <span class='ocrx_word' id='word_1_29' title='bbox 533 219 668 246; x_wconf 86' lang='lat' dir='ltr'><strong>Eusebius</strong></span> <span class='ocrx_word' id='word_1_30' title='bbox 689 218 758 253; x_wconf 87' lang='lat'><strong>(69).</strong></span> <span class='ocrx_word' id='word_1_31' title='bbox 783 217 852 244; x_wconf 90' lang='lat' dir='ltr'><strong>Cum</strong></span> 
     </span>
    </p>
   </div>
   <div class='ocr_carea' id='block_1_6' title="bbox 72 263 856 301">
    <p class='ocr_par' dir='ltr' id='par_1_6' title="bbox 72 263 856 301">
     <span class='ocr_line' id='line_1_6' title="bbox 72 263 856 301; baseline -0.006 -7"><span class='ocrx_word' id='word_1_32' title='bbox 72 272 159 294; x_wconf 84' lang='lat' dir='ltr'><strong>autem</strong></span> <span class='ocrx_word' id='word_1_33' title='bbox 177 265 332 301; x_wconf 82' lang='lat' dir='ltr'><strong>persecutio</strong></span> <span class='ocrx_word' id='word_1_34' title='bbox 356 269 451 292; x_wconf 89' lang='lat' dir='ltr'><strong>contra</strong></span> <span class='ocrx_word' id='word_1_35' title='bbox 476 264 584 291; x_wconf 67' lang='lat' dir='ltr'><strong>Judmos</strong></span> <span class='ocrx_word' id='word_1_36' title='bbox 603 264 654 291; x_wconf 86' lang='lat' dir='ltr'><strong>sub</strong></span> <span class='ocrx_word' id='word_1_37' title='bbox 678 263 722 290; x_wconf 90' lang='lat' dir='ltr'><strong>bis</strong></span> <span class='ocrx_word' id='word_1_38' title='bbox 748 263 856 290; x_wconf 91' lang='lat' dir='ltr'><strong>duobus</strong></span> 
     </span>
    </p>
   </div>
   <div class='ocr_carea' id='block_1_7' title="bbox 73 308 855 348">
    <p class='ocr_par' dir='ltr' id='par_1_7' title="bbox 73 308 855 348">
     <span class='ocr_line' id='line_1_7' title="bbox 73 308 855 348; baseline -0.006 -8"><span class='ocrx_word' id='word_1_39' title='bbox 73 312 216 348; x_wconf 75' lang='lat' dir='ltr'><strong>postremis</strong></span> <span class='ocrx_word' id='word_1_40' title='bbox 232 311 454 346; x_wconf 81' lang='lat' dir='ltr'><strong>imperatoribus,</strong></span> <span class='ocrx_word' id='word_1_41' title='bbox 478 311 504 337; x_wconf 92' lang='lat' dir='ltr'><strong>in</strong></span> <span class='ocrx_word' id='word_1_42' title='bbox 522 310 696 338; x_wconf 89' lang='lat' dir='ltr'><strong>Christianos</strong></span> <span class='ocrx_word' id='word_1_43' title='bbox 710 309 793 336; x_wconf 86' lang='lat' dir='ltr'><strong>etiam</strong></span> <span class='ocrx_word' id='word_1_44' title='bbox 813 308 855 335; x_wconf 94' lang='lat' dir='ltr'><strong>in-</strong></span> 
     </span>
    </p>
   </div>
   <div class='ocr_carea' id='block_1_8' title="bbox 72 353 858 392">
    <p class='ocr_par' dir='ltr' id='par_1_8' title="bbox 72 353 858 392">
     <span class='ocr_line' id='line_1_8' title="bbox 72 353 858 392; baseline -0.005 -7"><span class='ocrx_word' id='word_1_45' title='bbox 72 357 187 390; x_wconf 88' lang='lat' dir='ltr'><strong>vaserit;</strong></span> <span class='ocrx_word' id='word_1_46' title='bbox 202 356 297 392; x_wconf 89' lang='lat' dir='ltr'><strong>quidni</strong></span> <span class='ocrx_word' id='word_1_47' title='bbox 311 363 392 391; x_wconf 90' lang='lat' dir='ltr'><strong>porro</strong></span> <span class='ocrx_word' id='word_1_48' title='bbox 405 356 432 382; x_wconf 92' lang='lat' dir='ltr'><strong>in</strong></span> <span class='ocrx_word' id='word_1_49' title='bbox 450 355 632 390; x_wconf 87' lang='lat' dir='ltr'><strong>Vespasianea</strong></span> <span class='ocrx_word' id='word_1_50' title='bbox 648 362 758 390; x_wconf 88' lang='lat' dir='ltr'><strong>quoque</strong></span> <span class='ocrx_word' id='word_1_51' title='bbox 772 353 798 381; x_wconf 89' lang='lat' dir='ltr'><strong>id</strong></span> <span class='ocrx_word' id='word_1_52' title='bbox 811 361 858 381; x_wconf 86' lang='lat' dir='ltr'><strong>ac-</strong></span> 
     </span>
    </p>
   </div>
   <div class='ocr_carea' id='block_1_9' title="bbox 73 398 857 437">
    <p class='ocr_par' dir='ltr' id='par_1_9' title="bbox 73 398 857 437">
     <span class='ocr_line' id='line_1_9' title="bbox 73 398 857 437; baseline -0.008 -6"><span class='ocrx_word' id='word_1_53' title='bbox 73 403 189 431; x_wconf 81' lang='lat' dir='ltr'><strong>ciderit?</strong></span> <span class='ocrx_word' id='word_1_54' title='bbox 205 403 235 430; x_wconf 89' lang='lat' dir='ltr'><strong>ln</strong></span> <span class='ocrx_word' id='word_1_55' title='bbox 254 402 351 437; x_wconf 87' lang='lat' dir='ltr'><strong>primis</strong></span> <span class='ocrx_word' id='word_1_56' title='bbox 370 408 434 428; x_wconf 91' lang='lat' dir='ltr'><strong>vero</strong></span> <span class='ocrx_word' id='word_1_57' title='bbox 447 401 470 428; x_wconf 89' lang='lat' dir='ltr'><strong>si</strong></span> <span class='ocrx_word' id='word_1_58' title='bbox 489 402 626 433; x_wconf 86' lang='lat' dir='ltr'><strong>attendas,</strong></span> <span class='ocrx_word' id='word_1_59' title='bbox 643 404 708 426; x_wconf 83' lang='lat' dir='ltr'><strong>tunc</strong></span> <span class='ocrx_word' id='word_1_60' title='bbox 726 398 857 433; x_wconf 90' lang='lat' dir='ltr'><strong>temporis</strong></span> 
     </span>
    </p>
   </div>
   <div class='ocr_carea' id='block_1_10' title="bbox 74 443 857 484">
    <p class='ocr_par' dir='ltr' id='par_1_10' title="bbox 74 443 857 484">
     <span class='ocr_line' id='line_1_10' title="bbox 74 443 857 484; baseline -0.009 -7"><span class='ocrx_word' id='word_1_61' title='bbox 74 455 99 477; x_wconf 87' lang='lat' dir='ltr'><strong>et</strong></span> <span class='ocrx_word' id='word_1_62' title='bbox 116 449 257 484; x_wconf 83' lang='lat' dir='ltr'><strong>deinceps,</strong></span> <span class='ocrx_word' id='word_1_63' title='bbox 274 447 430 475; x_wconf 76' lang='lat' dir='ltr'><strong>Judzeorum</strong></span> <span class='ocrx_word' id='word_1_64' title='bbox 451 446 561 474; x_wconf 89' lang='lat' dir='ltr'><strong>nomine</strong></span> <span class='ocrx_word' id='word_1_65' title='bbox 577 445 662 472; x_wconf 90' lang='lat' dir='ltr'><strong>fuisse</strong></span> <span class='ocrx_word' id='word_1_66' title='bbox 679 449 791 472; x_wconf 84' lang='lat' dir='ltr'><strong>vocatos</strong></span> <span class='ocrx_word' id='word_1_67' title='bbox 810 443 857 478; x_wconf 92' lang='lat' dir='ltr'><strong>qui</strong></span> 
     </span>
    </p>
   </div>
   <div class='ocr_carea' id='block_1_11' title="bbox 74 489 858 529">
    <p class='ocr_par' dir='ltr' id='par_1_11' title="bbox 74 489 858 529">
     <span class='ocr_line' id='line_1_11' title="bbox 74 489 858 529; baseline -0.009 -6"><span class='ocrx_word' id='word_1_68' title='bbox 74 494 230 523; x_wconf 84' lang='lat' dir='ltr'><strong>Christiana</strong></span> <span class='ocrx_word' id='word_1_69' title='bbox 245 493 416 529; x_wconf 85' lang='lat' dir='ltr'><strong>professione</strong></span> <span class='ocrx_word' id='word_1_70' title='bbox 437 496 626 519; x_wconf 84' lang='lat' dir='ltr'><strong>censerentur.</strong></span> <span class='ocrx_word' id='word_1_71' title='bbox 653 489 760 523; x_wconf 87' lang='lat' dir='ltr'><strong>Quibus</strong></span> <span class='ocrx_word' id='word_1_72' title='bbox 773 490 858 517; x_wconf 83' lang='lat' dir='ltr'><strong>addas</strong></span> 
     </span>
    </p>
   </div>
   <div class='ocr_carea' id='block_1_12' title="bbox 74 534 860 573">
    <p class='ocr_par' dir='ltr' id='par_1_12' title="bbox 74 534 860 573">
     <span class='ocr_line' id='line_1_12' title="bbox 74 534 860 573; baseline -0.009 -5"><span class='ocrx_word' id='word_1_73' title='bbox 74 541 192 569; x_wconf 85' lang='lat' dir='ltr'><strong>maxime</strong></span> <span class='ocrx_word' id='word_1_74' title='bbox 203 541 294 572; x_wconf 87' lang='lat' dir='ltr'><strong>velim,</strong></span> <span class='ocrx_word' id='word_1_75' title='bbox 312 539 510 573; x_wconf 84' lang='lat' dir='ltr'><strong>Vespasianum</strong></span> <span class='ocrx_word' id='word_1_76' title='bbox 528 542 671 573; x_wconf 82' lang='lat' dir='ltr'><strong>propterea</strong></span> <span class='ocrx_word' id='word_1_77' title='bbox 690 537 723 563; x_wconf 91' lang='lat' dir='ltr'><strong>de</strong></span> <span class='ocrx_word' id='word_1_78' title='bbox 748 534 860 562; x_wconf 87' lang='lat' dir='ltr'><strong>Davidis</strong></span> 
     </span>
    </p>
   </div>
   <div class='ocr_carea' id='block_1_13' title="bbox 75 581 861 624">
    <p class='ocr_par' dir='ltr' id='par_1_13' title="bbox 75 581 861 624">
     <span class='ocr_line' id='line_1_13' title="bbox 75 581 861 624; baseline -0.01 -9"><span class='ocrx_word' id='word_1_79' title='bbox 75 588 203 624; x_wconf 81' lang='lat' dir='ltr'><strong>progenie</strong></span> <span class='ocrx_word' id='word_1_80' title='bbox 228 587 346 614; x_wconf 90' lang='lat' dir='ltr'><strong>tollenda</strong></span> <span class='ocrx_word' id='word_1_81' title='bbox 370 585 517 620; x_wconf 78' lang='lat' dir='ltr'><strong>cogitasse,</strong></span> <span class='ocrx_word' id='word_1_82' title='bbox 538 589 569 611; x_wconf 88' lang='lat' dir='ltr'><strong>ut</strong></span> <span class='ocrx_word' id='word_1_83' title='bbox 592 591 654 611; x_wconf 92' lang='lat' dir='ltr'><strong>cum</strong></span> <span class='ocrx_word' id='word_1_84' title='bbox 678 581 797 609; x_wconf 88' lang='lat' dir='ltr'><strong>Baronio</strong></span> <span class='ocrx_word' id='word_1_85' title='bbox 820 581 861 608; x_wconf 90' lang='lat' dir='ltr'><strong>lo-</strong></span> 
     </span>
    </p>
   </div>
   <div class='ocr_carea' id='block_1_14' title="bbox 75 627 860 668">
    <p class='ocr_par' dir='ltr' id='par_1_14' title="bbox 75 627 860 668">
     <span class='ocr_line' id='line_1_14' title="bbox 75 627 860 668; baseline -0.01 -7"><span class='ocrx_word' id='word_1_86' title='bbox 75 642 143 668; x_wconf 83' lang='lat' dir='ltr'><strong>quar</strong></span> <span class='ocrx_word' id='word_1_87' title='bbox 158 632 227 667; x_wconf 86' lang='lat'><strong>(70),</strong></span> <span class='ocrx_word' id='word_1_88' title='bbox 244 633 308 668; x_wconf 87' lang='lat' dir='ltr'><strong>quia</strong></span> <span class='ocrx_word' id='word_1_89' title='bbox 332 640 366 659; x_wconf 74' lang='lat' dir='ltr'><strong>ex</strong></span> <span class='ocrx_word' id='word_1_90' title='bbox 380 631 500 666; x_wconf 80' lang='lat' dir='ltr'><strong>Josepho</strong></span> <span class='ocrx_word' id='word_1_91' title='bbox 516 629 633 664; x_wconf 84' lang='lat' dir='ltr'><strong>aliisque</strong></span> <span class='ocrx_word' id='word_1_92' title='bbox 650 627 775 661; x_wconf 85' lang='lat' dir='ltr'><strong>reseiret,</strong></span> <span class='ocrx_word' id='word_1_93' title='bbox 796 634 860 653; x_wconf 92' lang='lat' dir='ltr'><strong>ora—</strong></span> 
     </span>
    </p>
   </div>
   <div class='ocr_carea' id='block_1_15' title="bbox 76 671 862 713">
    <p class='ocr_par' dir='ltr' id='par_1_15' title="bbox 76 671 862 713">
     <span class='ocr_line' id='line_1_15' title="bbox 76 671 862 713; baseline -0.01 -7"><span class='ocrx_word' id='word_1_94' title='bbox 76 679 143 706; x_wconf 86' lang='lat' dir='ltr'><strong>culis</strong></span> <span class='ocrx_word' id='word_1_95' title='bbox 155 678 350 713; x_wconf 88' lang='lat' dir='ltr'><strong>prophetarum</strong></span> <span class='ocrx_word' id='word_1_96' title='bbox 367 676 451 703; x_wconf 89' lang='lat' dir='ltr'><strong>fuisse</strong></span> <span class='ocrx_word' id='word_1_97' title='bbox 466 675 636 710; x_wconf 77' lang='lat' dir='ltr'><strong>praedictum,</strong></span> <span class='ocrx_word' id='word_1_98' title='bbox 650 681 684 701; x_wconf 84' lang='lat' dir='ltr'><strong>ex</strong></span> <span class='ocrx_word' id='word_1_99' title='bbox 702 673 776 700; x_wconf 91' lang='lat' dir='ltr'><strong>illius</strong></span> <span class='ocrx_word' id='word_1_100' title='bbox 790 671 862 707; x_wconf 89' lang='lat' dir='ltr'><strong>regis</strong></span> 
     </span>
    </p>
   </div>
   <div class='ocr_carea' id='block_1_16' title="bbox 76 718 863 757">
    <p class='ocr_par' dir='ltr' id='par_1_16' title="bbox 76 718 863 757">
     <span class='ocr_line' id='line_1_16' title="bbox 76 718 863 757; baseline -0.009 -6"><span class='ocrx_word' id='word_1_101' title='bbox 76 722 178 751; x_wconf 86' lang='lat' dir='ltr'><strong>familia</strong></span> <span class='ocrx_word' id='word_1_102' title='bbox 193 724 330 750; x_wconf 88' lang='lat' dir='ltr'><strong>hominem</strong></span> <span class='ocrx_word' id='word_1_103' title='bbox 345 727 533 757; x_wconf 80' lang='lat' dir='ltr'><strong>regnaturum,</strong></span> <span class='ocrx_word' id='word_1_104' title='bbox 547 720 626 754; x_wconf 88' lang='lat' dir='ltr'><strong>cujus</strong></span> <span class='ocrx_word' id='word_1_105' title='bbox 637 718 779 754; x_wconf 88' lang='lat' dir='ltr'><strong>imperium</strong></span> <span class='ocrx_word' id='word_1_106' title='bbox 790 721 863 745; x_wconf 85' lang='lat' dir='ltr'><strong>esset</strong></span> 
     </span>
    </p>
   </div>
   <div class='ocr_carea' id='block_1_17' title="bbox 77 764 861 803">
    <p class='ocr_par' dir='ltr' id='par_1_17' title="bbox 77 764 861 803">
     <span class='ocr_line' id='line_1_17' title="bbox 77 764 861 803; baseline -0.008 -7"><span class='ocrx_word' id='word_1_107' title='bbox 77 774 221 796; x_wconf 80' lang='lat' dir='ltr'><strong>:eternum.</strong></span> <span class='ocrx_word' id='word_1_108' title='bbox 239 768 307 796; x_wconf 89' lang='lat' dir='ltr'><strong>llinc</strong></span> <span class='ocrx_word' id='word_1_109' title='bbox 322 776 387 803; x_wconf 81' lang='lat' dir='ltr'><strong>ergo</strong></span> <span class='ocrx_word' id='word_1_110' title='bbox 403 768 454 795; x_wconf 89' lang='lat' dir='ltr'><strong>sibi</strong></span> <span class='ocrx_word' id='word_1_111' title='bbox 476 767 587 801; x_wconf 84' lang='lat' dir='ltr'><strong>suisque</strong></span> <span class='ocrx_word' id='word_1_112' title='bbox 604 764 774 800; x_wconf 79' lang='lat' dir='ltr'><strong>prospiciens</strong></span> <span class='ocrx_word' id='word_1_113' title='bbox 790 764 861 791; x_wconf 87' lang='lat' dir='ltr'><strong>idem</strong></span> 
     </span>
    </p>
   </div>
   <div class='ocr_carea' id='block_1_18' title="bbox 78 810 863 850">
    <p class='ocr_par' dir='ltr' id='par_1_18' title="bbox 78 810 863 850">
     <span class='ocr_line' id='line_1_18' title="bbox 78 810 863 850; baseline -0.008 -8"><span class='ocrx_word' id='word_1_114' title='bbox 78 815 242 850; x_wconf 84' lang='lat' dir='ltr'><strong>imperator,</strong></span> <span class='ocrx_word' id='word_1_115' title='bbox 260 822 293 842; x_wconf 86' lang='lat' dir='ltr'><strong>ex</strong></span> <span class='ocrx_word' id='word_1_116' title='bbox 312 814 441 841; x_wconf 83' lang='lat' dir='ltr'><strong>Davidica</strong></span> <span class='ocrx_word' id='word_1_117' title='bbox 463 814 546 848; x_wconf 86' lang='lat' dir='ltr'><strong>stirpe</strong></span> <span class='ocrx_word' id='word_1_118' title='bbox 567 816 715 847; x_wconf 79' lang='lat' dir='ltr'><strong>prognatos</strong></span> <span class='ocrx_word' id='word_1_119' title='bbox 735 810 787 837; x_wconf 84' lang='lat' dir='ltr'><strong>fuit</strong></span> <span class='ocrx_word' id='word_1_120' title='bbox 802 817 863 844; x_wconf 90' lang='lat' dir='ltr'><strong>per-</strong></span> 
     </span>
    </p>
   </div>
   <div class='ocr_carea' id='block_1_19' title="bbox 905 219 1690 247">
    <p class='ocr_par' dir='ltr' id='par_1_19' title="bbox 905 219 1690 247">
     <span class='ocr_line' id='line_1_19' title="bbox 905 219 1690 247; baseline -0.003 -1"><span class='ocrx_word' id='word_1_121' title='bbox 905 224 1009 247; x_wconf 79' lang='lat' dir='ltr'><strong>untntn</strong></span> <span class='ocrx_word' id='word_1_122' title='bbox 1025 220 1102 247; x_wconf 89' lang='lat' dir='ltr'><strong>abest</strong></span> <span class='ocrx_word' id='word_1_123' title='bbox 1126 225 1156 247; x_wconf 92' lang='lat' dir='ltr'><strong>ut</strong></span> <span class='ocrx_word' id='word_1_124' title='bbox 1181 227 1278 247; x_wconf 81' lang='lat' dir='ltr'><strong>saxum</strong></span> <span class='ocrx_word' id='word_1_125' title='bbox 1294 219 1346 246; x_wconf 90' lang='lat' dir='ltr'><strong>hoc</strong></span> <span class='ocrx_word' id='word_1_126' title='bbox 1365 219 1397 246; x_wconf 87' lang='lat' dir='ltr'><strong>ad</strong></span> <span class='ocrx_word' id='word_1_127' title='bbox 1419 219 1593 246; x_wconf 87' lang='lat' dir='ltr'><strong>Christianos</strong></span> <span class='ocrx_word' id='word_1_128' title='bbox 1617 219 1690 246; x_wconf 82' lang='lat' dir='ltr'><strong>haud</strong></span> 
     </span>
    </p>
   </div>
   <div class='ocr_carea' id='block_1_20' title="bbox 905 265 1693 300">
    <p class='ocr_par' dir='ltr' id='par_1_20' title="bbox 905 265 1693 300">
     <span class='ocr_line' id='line_1_20' title="bbox 905 265 1693 300; baseline 0 -8"><span class='ocrx_word' id='word_1_129' title='bbox 905 265 1045 300; x_wconf 78' lang='lat' dir='ltr'><strong>respiciat,</strong></span> <span class='ocrx_word' id='word_1_130' title='bbox 1069 269 1101 292; x_wconf 95' lang='lat' dir='ltr'><strong>ut</strong></span> <span class='ocrx_word' id='word_1_131' title='bbox 1124 265 1216 299; x_wconf 86' lang='lat' dir='ltr'><strong>potius</strong></span> <span class='ocrx_word' id='word_1_132' title='bbox 1240 265 1275 292; x_wconf 91' lang='lat' dir='ltr'><strong>ob</strong></span> <span class='ocrx_word' id='word_1_133' title='bbox 1299 265 1421 292; x_wconf 89' lang='lat' dir='ltr'><strong>eamdem</strong></span> <span class='ocrx_word' id='word_1_134' title='bbox 1446 273 1556 292; x_wconf 83' lang='lat' dir='ltr'><strong>causam</strong></span> <span class='ocrx_word' id='word_1_135' title='bbox 1582 271 1693 300; x_wconf 89' lang='lat' dir='ltr'><strong>propter</strong></span> 
     </span>
    </p>
   </div>
   <div class='ocr_carea' id='block_1_21' title="bbox 907 310 1692 346">
    <p class='ocr_par' dir='ltr' id='par_1_21' title="bbox 907 310 1692 346">
     <span class='ocr_line' id='line_1_21' title="bbox 907 310 1692 346; baseline -0.004 -7"><span class='ocrx_word' id='word_1_136' title='bbox 907 319 988 346; x_wconf 85' lang='lat' dir='ltr'><strong>quam</strong></span> <span class='ocrx_word' id='word_1_137' title='bbox 1005 316 1033 339; x_wconf 85' lang='lat' dir='ltr'><strong>et</strong></span> <span class='ocrx_word' id='word_1_138' title='bbox 1049 311 1150 338; x_wconf 81' lang='lat' dir='ltr'><strong>Neroni</strong></span> <span class='ocrx_word' id='word_1_139' title='bbox 1167 316 1194 339; x_wconf 88' lang='lat' dir='ltr'><strong>et</strong></span> <span class='ocrx_word' id='word_1_140' title='bbox 1207 311 1375 338; x_wconf 80' lang='lat' dir='ltr'><strong>Diocletiano</strong></span> <span class='ocrx_word' id='word_1_141' title='bbox 1390 314 1491 344; x_wconf 52' lang='lat' dir='ltr'><strong>tropaea</strong></span> <span class='ocrx_word' id='word_1_142' title='bbox 1509 310 1595 344; x_wconf 87' lang='lat' dir='ltr'><strong>posita</strong></span> <span class='ocrx_word' id='word_1_143' title='bbox 1616 315 1692 343; x_wconf 89' lang='lat' dir='ltr'><strong>sunt,</strong></span> 
     </span>
    </p>
   </div>
   <div class='ocr_carea' id='block_1_22' title="bbox 907 355 1692 390">
    <p class='ocr_par' dir='ltr' id='par_1_22' title="bbox 907 355 1692 390">
     <span class='ocr_line' id='line_1_22' title="bbox 907 355 1692 390; baseline -0.003 -6"><span class='ocrx_word' id='word_1_144' title='bbox 907 357 943 385; x_wconf 92' lang='lat' dir='ltr'><strong>oh</strong></span> <span class='ocrx_word' id='word_1_145' title='bbox 959 357 1195 385; x_wconf 80' lang='lat' dir='ltr'><strong>conservationem</strong></span> <span class='ocrx_word' id='word_1_146' title='bbox 1210 357 1339 384; x_wconf 89' lang='lat' dir='ltr'><strong>nimirum</strong></span> <span class='ocrx_word' id='word_1_147' title='bbox 1356 355 1536 390; x_wconf 83' lang='lat' dir='ltr'><strong>superstitiosi</strong></span> <span class='ocrx_word' id='word_1_148' title='bbox 1552 356 1692 382; x_wconf 88' lang='lat' dir='ltr'><strong>numintnn</strong></span> 
     </span>
    </p>
   </div>
   <div class='ocr_carea' id='block_1_23' title="bbox 908 400 1695 438">
    <p class='ocr_par' dir='ltr' id='par_1_23' title="bbox 908 400 1695 438">
     <span class='ocr_line' id='line_1_23' title="bbox 908 400 1695 438; baseline -0.003 -7"><span class='ocrx_word' id='word_1_149' title='bbox 908 404 1008 436; x_wconf 80' lang='lat' dir='ltr'><strong>cultus,</strong></span> <span class='ocrx_word' id='word_1_150' title='bbox 1021 404 1184 438; x_wconf 90' lang='lat' dir='ltr'><strong>insculptum</strong></span> <span class='ocrx_word' id='word_1_151' title='bbox 1199 402 1265 430; x_wconf 89' lang='lat' dir='ltr'><strong>illud</strong></span> <span class='ocrx_word' id='word_1_152' title='bbox 1277 410 1337 430; x_wconf 87' lang='lat' dir='ltr'><strong>esse</strong></span> <span class='ocrx_word' id='word_1_153' title='bbox 1348 402 1485 430; x_wconf 84' lang='lat' dir='ltr'><strong>definiam.</strong></span> <span class='ocrx_word' id='word_1_154' title='bbox 1494 412 1502 426; x_wconf 81' lang='grc' dir='ltr'><strong>ι</strong></span> <span class='ocrx_word' id='word_1_155' title='bbox 1515 400 1575 428; x_wconf 71' lang='lat' dir='ltr'><strong>“me</strong></span> <span class='ocrx_word' id='word_1_156' title='bbox 1587 401 1695 436; x_wconf 90' lang='lat' dir='ltr'><strong>aliaque</strong></span> 
     </span>
    </p>
   </div>
   <div class='ocr_carea' id='block_1_24' title="bbox 909 447 1694 485">
    <p class='ocr_par' dir='ltr' id='par_1_24' title="bbox 909 447 1694 485">
     <span class='ocr_line' id='line_1_24' title="bbox 909 447 1694 485; baseline -0.004 -8"><span class='ocrx_word' id='word_1_157' title='bbox 909 450 987 485; x_wconf 89' lang='lat' dir='ltr'><strong>plura</strong></span> <span class='ocrx_word' id='word_1_158' title='bbox 1014 450 1041 476; x_wconf 94' lang='lat' dir='ltr'><strong>in</strong></span> <span class='ocrx_word' id='word_1_159' title='bbox 1067 449 1189 477; x_wconf 85' lang='lat' dir='ltr'><strong>eamdem</strong></span> <span class='ocrx_word' id='word_1_160' title='bbox 1214 448 1373 476; x_wconf 88' lang='lat' dir='ltr'><strong>sententiam</strong></span> <span class='ocrx_word' id='word_1_161' title='bbox 1392 447 1424 474; x_wconf 89' lang='lat' dir='ltr'><strong>V.</strong></span> <span class='ocrx_word' id='word_1_162' title='bbox 1443 448 1473 474; x_wconf 87' lang='lat' dir='ltr'><strong>C.</strong></span> <span class='ocrx_word' id='word_1_163' title='bbox 1491 447 1557 480; x_wconf 74' lang='lat' dir='ltr'><strong>Qua:</strong></span> <span class='ocrx_word' id='word_1_164' title='bbox 1584 448 1694 481; x_wconf 82' lang='lat' dir='ltr'><strong>quidem</strong></span> 
     </span>
    </p>
   </div>
   <div class='ocr_carea' id='block_1_25' title="bbox 909 493 1695 532">
    <p class='ocr_par' dir='ltr' id='par_1_25' title="bbox 909 493 1695 532">
     <span class='ocr_line' id='line_1_25' title="bbox 909 493 1695 532; baseline -0.005 -8"><span class='ocrx_word' id='word_1_165' title='bbox 909 496 996 531; x_wconf 83' lang='lat' dir='ltr'><strong>magis</strong></span> <span class='ocrx_word' id='word_1_166' title='bbox 1010 497 1153 532; x_wconf 76' lang='lat' dir='ltr'><strong>magisque</strong></span> <span class='ocrx_word' id='word_1_167' title='bbox 1164 495 1312 523; x_wconf 90' lang='lat' dir='ltr'><strong>conﬁrtnat</strong></span> <span class='ocrx_word' id='word_1_168' title='bbox 1335 494 1386 522; x_wconf 88' lang='lat' dir='ltr'><strong>iste</strong></span> <span class='ocrx_word' id='word_1_169' title='bbox 1412 494 1571 529; x_wconf 85' lang='lat' dir='ltr'><strong>sepulcralis</strong></span> <span class='ocrx_word' id='word_1_170' title='bbox 1586 493 1665 528; x_wconf 83' lang='lat' dir='ltr'><strong>lapis,</strong></span> <span class='ocrx_word' id='word_1_171' title='bbox 1680 501 1695 520; x_wconf 82' lang='lat' dir='ltr'><strong>a</strong></span> 
     </span>
    </p>
   </div>
   <div class='ocr_carea' id='block_1_26' title="bbox 910 541 1365 578">
    <p class='ocr_par' dir='ltr' id='par_1_26' title="bbox 910 541 1365 578">
     <span class='ocr_line' id='line_1_26' title="bbox 910 541 1365 578; baseline -0.004 -8"><span class='ocrx_word' id='word_1_172' title='bbox 910 548 1005 570; x_wconf 86' lang='lat' dir='ltr'><strong>nostro</strong></span> <span class='ocrx_word' id='word_1_173' title='bbox 1018 543 1121 578; x_wconf 86' lang='lat' dir='ltr'><strong>Aringo</strong></span> <span class='ocrx_word' id='word_1_174' title='bbox 1133 542 1275 577; x_wconf 83' lang='lat' dir='ltr'><strong>evulgatus</strong></span> <span class='ocrx_word' id='word_1_175' title='bbox 1289 541 1345 574; x_wconf 72' lang='grc' dir='ltr'><strong>(Η)</strong></span> <span class='ocrx_word' id='word_1_176' title='bbox 1359 550 1365 568; x_wconf 89' lang='lat'>:</span> 
     </span>
    </p>
   </div>
   <div class='ocr_carea' id='block_1_27' title="bbox 982 597 1530 628">
    <p class='ocr_par' dir='ltr' id='par_1_27' title="bbox 982 597 1530 628">
     <span class='ocr_line' id='line_1_27' title="bbox 982 597 1530 628; baseline -0.011 0"><span class='ocrx_word' id='word_1_177' title='bbox 982 601 1027 628; x_wconf 80' lang='lat' dir='ltr'><strong>Sic</strong></span> <span class='ocrx_word' id='word_1_178' title='bbox 1047 607 1145 627; x_wconf 72' lang='lat' dir='ltr'><strong>PREHIA</strong></span> <span class='ocrx_word' id='word_1_179' title='bbox 1165 606 1264 626; x_wconf 63' lang='lat' dir='ltr'><strong>ssnvas</strong></span> <span class='ocrx_word' id='word_1_180' title='bbox 1284 597 1450 625; x_wconf 74' lang='lat' dir='ltr'><strong>VESPASIANE</strong></span> <span class='ocrx_word' id='word_1_181' title='bbox 1468 604 1530 623; x_wconf 79' lang='lat' dir='ltr'><strong>ntus</strong></span> 
     </span>
    </p>
   </div>
   <div class='ocr_carea' id='block_1_28' title="bbox 981 646 1462 673">
    <p class='ocr_par' dir='ltr' id='par_1_28' title="bbox 981 646 1462 673">
     <span class='ocr_line' id='line_1_28' title="bbox 981 646 1462 673; baseline -0.008 0"><span class='ocrx_word' id='word_1_182' title='bbox 981 646 1094 673; x_wconf 73' lang='lat' dir='ltr'><strong>CIVITAS</strong></span> <span class='ocrx_word' id='word_1_183' title='bbox 1114 653 1156 672; x_wconf 84' lang='lat' dir='ltr'><strong>UBI</strong></span> <span class='ocrx_word' id='word_1_184' title='bbox 1175 652 1272 672; x_wconf 77' lang='lat' dir='ltr'><strong>GLORIE</strong></span> <span class='ocrx_word' id='word_1_185' title='bbox 1293 652 1344 671; x_wconf 78' lang='grc' dir='ltr'><strong>ἸἮΕ</strong></span> <span class='ocrx_word' id='word_1_186' title='bbox 1364 651 1462 670; x_wconf 70' lang='grc' dir='ltr'>Αυτοιιι</span> 
     </span>
    </p>
   </div>
   <div class='ocr_carea' id='block_1_29' title="bbox 982 689 1586 719">
    <p class='ocr_par' dir='ltr' id='par_1_29' title="bbox 982 689 1586 719">
     <span class='ocr_line' id='line_1_29' title="bbox 982 689 1586 719; baseline -0.005 0"><span class='ocrx_word' id='word_1_187' title='bbox 982 691 1139 719; x_wconf 62' lang='lat' dir='ltr'><strong>Passurus</strong></span> <span class='ocrx_word' id='word_1_188' title='bbox 1158 699 1189 718; x_wconf 79' lang='lat' dir='ltr'><strong>ss</strong></span> <span class='ocrx_word' id='word_1_189' title='bbox 1209 698 1299 718; x_wconf 79' lang='lat' dir='ltr'><strong>uonTE</strong></span> <span class='ocrx_word' id='word_1_190' title='bbox 1319 689 1460 717; x_wconf 75' lang='lat' dir='ltr'><strong>GAUDENTI</strong></span> <span class='ocrx_word' id='word_1_191' title='bbox 1480 697 1586 716; x_wconf 78' lang='lat' dir='ltr'><strong>LETABE</strong></span> 
     </span>
    </p>
   </div>
   <div class='ocr_carea' id='block_1_30' title="bbox 983 735 1579 765">
    <p class='ocr_par' dir='ltr' id='par_1_30' title="bbox 983 735 1579 765">
     <span class='ocr_line' id='line_1_30' title="bbox 983 735 1579 765; baseline -0.007 0"><span class='ocrx_word' id='word_1_192' title='bbox 983 738 1115 765; x_wconf 73' lang='lat' dir='ltr'><strong>PItOMlSIT</strong></span> <span class='ocrx_word' id='word_1_193' title='bbox 1136 745 1195 764; x_wconf 80' lang='lat' dir='ltr'><strong>ISTE</strong></span> <span class='ocrx_word' id='word_1_194' title='bbox 1214 744 1267 763; x_wconf 71' lang='lat' dir='ltr'><strong>[MT</strong></span> <span class='ocrx_word' id='word_1_195' title='bbox 1287 735 1406 763; x_wconf 75' lang='lat' dir='ltr'><strong>KRISTUS</strong></span> <span class='ocrx_word' id='word_1_196' title='bbox 1425 744 1504 763; x_wconf 78' lang='lat' dir='ltr'><strong>OMNIA</strong></span> <span class='ocrx_word' id='word_1_197' title='bbox 1525 743 1579 762; x_wconf 78' lang='lat' dir='ltr'><strong>TIBI</strong></span> 
     </span>
    </p>
   </div>
   <div class='ocr_carea' id='block_1_31' title="bbox 984 784 1581 818">
    <p class='ocr_par' dir='ltr' id='par_1_31' title="bbox 984 784 1581 818">
     <span class='ocr_line' id='line_1_31' title="bbox 984 784 1581 818; baseline -0.005 -6"><span class='ocrx_word' id='word_1_198' title='bbox 984 784 1035 818; x_wconf 77' lang='lat' dir='ltr'><strong>QUI</strong></span> <span class='ocrx_word' id='word_1_199' title='bbox 1056 791 1139 811; x_wconf 72' lang='lat' dir='ltr'><strong>ALIUH</strong></span> <span class='ocrx_word' id='word_1_200' title='bbox 1158 790 1274 810; x_wconf 77' lang='lat' dir='ltr'><strong>PAl&#39;tAVl&#39;l&#39;</strong></span> <span class='ocrx_word' id='word_1_201' title='bbox 1293 790 1439 809; x_wconf 67' lang='lat' dir='ltr'><strong>THEATRL‘M</strong></span> <span class='ocrx_word' id='word_1_202' title='bbox 1459 790 1484 809; x_wconf 74' lang='lat' dir='ltr'><strong>1N</strong></span> <span class='ocrx_word' id='word_1_203' title='bbox 1502 789 1581 809; x_wconf 82' lang='lat' dir='ltr'><strong>CELO.</strong></span> 
     </span>
    </p>
   </div>
   <div class='ocr_carea' id='block_1_32' title="bbox 75 837 1701 894">
    <p class='ocr_par' dir='ltr' id='par_1_32' title="bbox 75 837 1701 894">
     <span class='ocr_line' id='line_1_32' title="bbox 78 837 810 850; baseline -0.007 -8"><span class='ocrx_word' id='word_1_204' title='bbox 78 837 221 850; x_wconf 56' lang='grc' dir='ltr'><strong>...πω--.μ</strong></span> <span class='ocrx_word' id='word_1_205' title='bbox 235 837 242 847; x_wconf 90' lang='grc'>,</span> <span class='ocrx_word' id='word_1_206' title='bbox 261 837 293 842; x_wconf 50' lang='grc' dir='ltr'><strong>ν.-</strong></span> <span class='ocrx_word' id='word_1_207' title='bbox 312 837 441 841; x_wconf 48' lang='grc' dir='ltr'><strong>ηαυη</strong></span> <span class='ocrx_word' id='word_1_208' title='bbox 463 837 507 840; x_wconf 52' lang='grc' dir='ltr'><strong>ηπ</strong></span> <span class='ocrx_word' id='word_1_209' title='bbox 535 837 546 840; x_wconf 78' lang='grc'>,</span> <span class='ocrx_word' id='word_1_210' title='bbox 587 837 614 839; x_wconf 78' lang='grc'>.,</span> <span class='ocrx_word' id='word_1_211' title='bbox 802 837 810 844; x_wconf 88' lang='lat'>_</span> 
     </span>
     <span class='ocr_line' id='line_1_33' title="bbox 75 837 1701 894; baseline -0.01 -6"><span class='ocrx_word' id='word_1_212' title='bbox 75 861 377 894; x_wconf 73' lang='lat' dir='ltr'><strong>,secutuszatleoquene</strong></span> <span class='ocrx_word' id='word_1_213' title='bbox 393 837 645 894; x_wconf 58' lang='lat' dir='ltr'><strong>apostolisqurideih</strong></span> <span class='ocrx_word' id='word_1_214' title='bbox 660 857 707 891; x_wconf 89' lang='lat' dir='ltr'><strong>qui</strong></span> <span class='ocrx_word' id='word_1_215' title='bbox 720 863 754 883; x_wconf 76' lang='lat' dir='ltr'><strong>ex</strong></span> <span class='ocrx_word' id='word_1_216' title='bbox 769 854 861 882; x_wconf 68' lang='lat' dir='ltr'><strong>Iudaea</strong></span> <span class='ocrx_word' id='word_1_217' title='bbox 877 845 899 873; x_wconf 80' lang='grc' dir='ltr'>Β</span> <span class='ocrx_word' id='word_1_218' title='bbox 913 844 964 872; x_wconf 65' lang='lat' dir='ltr'><strong>Ubi</strong></span> <span class='ocrx_word' id='word_1_219' title='bbox 989 842 1139 871; x_wconf 67' lang='grc' dir='ltr'><strong>εοηδυιθείε</strong></span> <span class='ocrx_word' id='word_1_220' title='bbox 1162 841 1300 894; x_wconf 44' lang='lat' dir='ltr'><strong>etM-lle</strong></span> <span class='ocrx_word' id='word_1_221' title='bbox 1316 839 1460 867; x_wconf 67' lang='grc' dir='ltr'><strong>θάηοτθιη·</strong></span> <span class='ocrx_word' id='word_1_222' title='bbox 1475 838 1569 873; x_wconf 70' lang='lat' dir='ltr'><strong>Neque</strong></span> <span class='ocrx_word' id='word_1_223' title='bbox 1584 837 1701 865; x_wconf 51' lang='lat'><strong>“&quot;3539</strong></span> 
     </span>
    </p>
   </div>
   <div class='ocr_carea' id='block_1_33' title="bbox 77 903 865 942">
    <p class='ocr_par' dir='ltr' id='par_1_33' title="bbox 77 903 865 942">
     <span class='ocr_line' id='line_1_34' title="bbox 77 903 865 942; baseline -0.008 -8"><span class='ocrx_word' id='word_1_224' title='bbox 77 912 166 940; x_wconf 91' lang='lat' dir='ltr'><strong>erant,</strong></span> <span class='ocrx_word' id='word_1_225' title='bbox 179 908 280 942; x_wconf 89' lang='lat' dir='ltr'><strong>quique</strong></span> <span class='ocrx_word' id='word_1_226' title='bbox 295 906 435 933; x_wconf 89' lang='lat' dir='ltr'><strong>Christum</strong></span> <span class='ocrx_word' id='word_1_227' title='bbox 449 913 541 939; x_wconf 78' lang='lat' dir='ltr'><strong>regem</strong></span> <span class='ocrx_word' id='word_1_228' title='bbox 557 913 571 931; x_wconf 88' lang='lat' dir='ltr'><strong>a</strong></span> <span class='ocrx_word' id='word_1_229' title='bbox 587 903 728 939; x_wconf 87' lang='lat' dir='ltr'><strong>prophetis</strong></span> <span class='ocrx_word' id='word_1_230' title='bbox 740 909 865 937; x_wconf 62' lang='lat' dir='ltr'><strong>praenun-</strong></span> 
     </span>
    </p>
   </div>
   <div class='ocr_carea' id='block_1_34' title="bbox 80 949 865 988">
    <p class='ocr_par' dir='ltr' id='par_1_34' title="bbox 80 949 865 988">
     <span class='ocr_line' id='line_1_35' title="bbox 80 949 865 988; baseline -0.008 -8"><span class='ocrx_word' id='word_1_231' title='bbox 80 954 174 981; x_wconf 89' lang='lat' dir='ltr'><strong>tiatum</strong></span> <span class='ocrx_word' id='word_1_232' title='bbox 190 952 376 988; x_wconf 71' lang='lat' dir='ltr'><strong>praedicabant</strong></span> <span class='ocrx_word' id='word_1_233' title='bbox 389 952 502 987; x_wconf 88' lang='lat' dir='ltr'><strong>ubique,</strong></span> <span class='ocrx_word' id='word_1_234' title='bbox 513 952 628 986; x_wconf 90' lang='lat' dir='ltr'><strong>ipsemet</strong></span> <span class='ocrx_word' id='word_1_235' title='bbox 643 949 799 985; x_wconf 85' lang='lat' dir='ltr'><strong>pepercisse</strong></span> <span class='ocrx_word' id='word_1_236' title='bbox 813 955 865 983; x_wconf 93' lang='lat' dir='ltr'><strong>pu-</strong></span> 
     </span>
    </p>
   </div>
   <div class='ocr_carea' id='block_1_35' title="bbox 81 999 188 1025">
    <p class='ocr_par' dir='ltr' id='par_1_35' title="bbox 81 999 188 1025">
     <span class='ocr_line' id='line_1_36' title="bbox 81 999 188 1025; baseline -0.009 -1"><span class='ocrx_word' id='word_1_237' title='bbox 81 999 188 1025; x_wconf 88' lang='lat' dir='ltr'><strong>tandus.</strong></span> 
     </span>
    </p>
   </div>
   <div class='ocr_carea' id='block_1_36' title="bbox 113 1039 864 1079">
    <p class='ocr_par' dir='ltr' id='par_1_36' title="bbox 113 1039 864 1079">
     <span class='ocr_line' id='line_1_37' title="bbox 113 1039 864 1079; baseline -0.008 -8"><span class='ocrx_word' id='word_1_238' title='bbox 113 1043 185 1077; x_wconf 85' lang='lat' dir='ltr'><strong>Quid</strong></span> <span class='ocrx_word' id='word_1_239' title='bbox 202 1043 274 1079; x_wconf 93' lang='lat' dir='ltr'><strong>quod</strong></span> <span class='ocrx_word' id='word_1_240' title='bbox 286 1043 417 1070; x_wconf 89' lang='lat' dir='ltr'><strong>nonnulla</strong></span> <span class='ocrx_word' id='word_1_241' title='bbox 434 1042 460 1069; x_wconf 90' lang='lat' dir='ltr'><strong>in</strong></span> <span class='ocrx_word' id='word_1_242' title='bbox 481 1041 598 1069; x_wconf 78' lang='lat' dir='ltr'><strong>vetustis</strong></span> <span class='ocrx_word' id='word_1_243' title='bbox 616 1039 802 1068; x_wconf 80' lang='lat' dir='ltr'><strong>monumentis</strong></span> <span class='ocrx_word' id='word_1_244' title='bbox 815 1046 864 1066; x_wconf 88' lang='lat' dir='ltr'><strong>su-</strong></span> 
     </span>
    </p>
   </div>
   <div class='ocr_carea' id='block_1_37' title="bbox 80 1085 864 1125">
    <p class='ocr_par' dir='ltr' id='par_1_37' title="bbox 80 1085 864 1125">
     <span class='ocr_line' id='line_1_38' title="bbox 80 1085 864 1125; baseline -0.008 -8"><span class='ocrx_word' id='word_1_245' title='bbox 80 1095 194 1125; x_wconf 85' lang='lat' dir='ltr'><strong>persunt</strong></span> <span class='ocrx_word' id='word_1_246' title='bbox 205 1090 297 1117; x_wconf 86' lang='lat' dir='ltr'><strong>adhuc</strong></span> <span class='ocrx_word' id='word_1_247' title='bbox 316 1089 440 1122; x_wconf 81' lang='lat' dir='ltr'><strong>vestigia,</strong></span> <span class='ocrx_word' id='word_1_248' title='bbox 455 1088 528 1115; x_wconf 88' lang='lat' dir='ltr'><strong>unde</strong></span> <span class='ocrx_word' id='word_1_249' title='bbox 546 1087 681 1122; x_wconf 83' lang='lat' dir='ltr'><strong>conjicere</strong></span> <span class='ocrx_word' id='word_1_250' title='bbox 700 1086 762 1120; x_wconf 87' lang='lat' dir='ltr'><strong>jure</strong></span> <span class='ocrx_word' id='word_1_251' title='bbox 774 1085 864 1117; x_wconf 84' lang='lat' dir='ltr'><strong>liceat,</strong></span> 
     </span>
    </p>
   </div>
   <div class='ocr_carea' id='block_1_38' title="bbox 81 1131 866 1170">
    <p class='ocr_par' dir='ltr' id='par_1_38' title="bbox 81 1131 866 1170">
     <span class='ocr_line' id='line_1_39' title="bbox 81 1131 866 1170; baseline -0.009 -7"><span class='ocrx_word' id='word_1_252' title='bbox 81 1145 96 1163; x_wconf 89' lang='lat' dir='ltr'><strong>a</strong></span> <span class='ocrx_word' id='word_1_253' title='bbox 111 1135 281 1170; x_wconf 82' lang='lat' dir='ltr'><strong>Vespasiano</strong></span> <span class='ocrx_word' id='word_1_254' title='bbox 304 1135 453 1169; x_wconf 87' lang='lat' dir='ltr'><strong>aliquando</strong></span> <span class='ocrx_word' id='word_1_255' title='bbox 475 1135 500 1160; x_wconf 93' lang='lat' dir='ltr'><strong>in</strong></span> <span class='ocrx_word' id='word_1_256' title='bbox 524 1133 696 1160; x_wconf 80' lang='lat' dir='ltr'><strong>Christianos</strong></span> <span class='ocrx_word' id='word_1_257' title='bbox 719 1131 866 1158; x_wconf 64' lang='lat' dir='ltr'><strong>saevitum?</strong></span> 
     </span>
    </p>
   </div>
   <div class='ocr_carea' id='block_1_39' title="bbox 81 1177 846 1216">
    <p class='ocr_par' dir='ltr' id='par_1_39' title="bbox 81 1177 846 1216">
     <span class='ocr_line' id='line_1_40' title="bbox 81 1177 846 1216; baseline -0.007 -8"><span class='ocrx_word' id='word_1_258' title='bbox 81 1182 177 1210; x_wconf 73' lang='lat' dir='ltr'><strong>Exstat</strong></span> <span class='ocrx_word' id='word_1_259' title='bbox 188 1183 259 1216; x_wconf 90' lang='lat' dir='ltr'><strong>apud</strong></span> <span class='ocrx_word' id='word_1_260' title='bbox 273 1181 418 1209; x_wconf 81' lang='lat' dir='ltr'><strong>Gruterum</strong></span> <span class='ocrx_word' id='word_1_261' title='bbox 435 1180 490 1215; x_wconf 84' lang='lat' dir='ltr'><strong>(7t)</strong></span> <span class='ocrx_word' id='word_1_262' title='bbox 510 1179 653 1214; x_wconf 86' lang='lat' dir='ltr'><strong>inscriptio</strong></span> <span class='ocrx_word' id='word_1_263' title='bbox 668 1177 822 1212; x_wconf 88' lang='lat' dir='ltr'><strong>hujnsmodi</strong></span> <span class='ocrx_word' id='word_1_264' title='bbox 839 1184 846 1202; x_wconf 92' lang='lat'><strong>:</strong></span> 
     </span>
    </p>
   </div>
   <div class='ocr_carea' id='block_1_40' title="bbox 124 1243 831 1277">
    <p class='ocr_par' dir='ltr' id='par_1_40' title="bbox 124 1243 831 1277">
     <span class='ocr_line' id='line_1_41' title="bbox 124 1243 831 1277; baseline -0.011 0"><span class='ocrx_word' id='word_1_265' title='bbox 124 1250 182 1277; x_wconf 70' lang='lat' dir='ltr'><strong>lar.</strong></span> <span class='ocrx_word' id='word_1_266' title='bbox 202 1250 375 1276; x_wconf 75' lang='lat' dir='ltr'><strong>VESPASIANO.</strong></span> <span class='ocrx_word' id='word_1_267' title='bbox 393 1249 460 1275; x_wconf 76' lang='lat' dir='ltr'><strong>Avo.</strong></span> <span class='ocrx_word' id='word_1_268' title='bbox 476 1247 561 1274; x_wconf 73' lang='lat' dir='ltr'><strong>PONT.</strong></span> <span class='ocrx_word' id='word_1_269' title='bbox 577 1245 647 1272; x_wconf 58' lang='lat' dir='ltr'><strong>Max.</strong></span> <span class='ocrx_word' id='word_1_270' title='bbox 669 1243 746 1271; x_wconf 74' lang='lat' dir='ltr'><strong>Tum.</strong></span> <span class='ocrx_word' id='word_1_271' title='bbox 763 1243 831 1270; x_wconf 78' lang='lat' dir='ltr'><strong>Por.</strong></span> 
     </span>
    </p>
   </div>
   <div class='ocr_carea' id='block_1_41' title="bbox 224 1288 726 1328">
    <p class='ocr_par' dir='ltr' id='par_1_41' title="bbox 224 1288 726 1328">
     <span class='ocr_line' id='line_1_42' title="bbox 224 1288 726 1328; baseline -0.014 -6"><span class='ocrx_word' id='word_1_272' title='bbox 224 1303 254 1322; x_wconf 91' lang='grc' dir='ltr'><strong>ιιι</strong></span> <span class='ocrx_word' id='word_1_273' title='bbox 271 1294 290 1322; x_wconf 89' lang='grc' dir='ltr'><strong>Ι.</strong></span> <span class='ocrx_word' id='word_1_274' title='bbox 306 1295 370 1328; x_wconf 79' lang='lat' dir='ltr'><strong>Cos.</strong></span> <span class='ocrx_word' id='word_1_275' title='bbox 383 1301 441 1320; x_wconf 85' lang='grc' dir='ltr'>νιιι.</span> <span class='ocrx_word' id='word_1_276' title='bbox 461 1293 551 1320; x_wconf 73' lang='lat' dir='ltr'><strong>Dssrc.</strong></span> <span class='ocrx_word' id='word_1_277' title='bbox 566 1299 613 1317; x_wconf 87' lang='lat' dir='ltr'><strong>vnt</strong></span> <span class='ocrx_word' id='word_1_278' title='bbox 628 1290 648 1318; x_wconf 92' lang='lat' dir='ltr'><strong>l.</strong></span> <span class='ocrx_word' id='word_1_279' title='bbox 662 1289 692 1316; x_wconf 88' lang='lat' dir='ltr'><strong>P.</strong></span> <span class='ocrx_word' id='word_1_280' title='bbox 708 1288 726 1315; x_wconf 79' lang='grc' dir='ltr'><strong><em>Ρ</em></strong></span> 
     </span>
    </p>
   </div>
   <div class='ocr_carea' id='block_1_42' title="bbox 349 1340 607 1367">
    <p class='ocr_par' dir='ltr' id='par_1_42' title="bbox 349 1340 607 1367">
     <span class='ocr_line' id='line_1_43' title="bbox 349 1340 607 1367; baseline -0.016 0"><span class='ocrx_word' id='word_1_281' title='bbox 349 1340 491 1367; x_wconf 67' lang='grc' dir='ltr'>διειιιιιῃιι</span> <span class='ocrx_word' id='word_1_282' title='bbox 510 1346 607 1365; x_wconf 68' lang='lat' dir='ltr'><strong>mutva</strong></span> 
     </span>
    </p>
   </div>
   <div class='ocr_carea' id='block_1_43' title="bbox 382 1385 567 1412">
    <p class='ocr_par' dir='ltr' id='par_1_43' title="bbox 382 1385 567 1412">
     <span class='ocr_line' id='line_1_44' title="bbox 382 1385 567 1412; baseline -0.011 0"><span class='ocrx_word' id='word_1_283' title='bbox 382 1385 567 1412; x_wconf 74' lang='lat' dir='ltr'><strong>RESTITVTORI</strong></span> 
     </span>
    </p>
   </div>
   <div class='ocr_carea' id='block_1_44' title="bbox 296 1431 659 1460">
    <p class='ocr_par' dir='ltr' id='par_1_44' title="bbox 296 1431 659 1460">
     <span class='ocr_line' id='line_1_45' title="bbox 296 1431 659 1460; baseline -0.008 -2"><span class='ocrx_word' id='word_1_284' title='bbox 296 1431 336 1458; x_wconf 84' lang='grc' dir='ltr'><strong>Ετ</strong></span> <span class='ocrx_word' id='word_1_285' title='bbox 355 1451 361 1457; x_wconf 90' lang='grc'>.</span> <span class='ocrx_word' id='word_1_286' title='bbox 383 1439 485 1458; x_wconf 78' lang='lat' dir='ltr'><strong>turvvu</strong></span> <span class='ocrx_word' id='word_1_287' title='bbox 502 1449 509 1457; x_wconf 89' lang='lat'><strong>.</strong></span> <span class='ocrx_word' id='word_1_288' title='bbox 529 1437 659 1460; x_wconf 77' lang='lat' dir='ltr'><strong>ANTIQVOR</strong></span> 
     </span>
    </p>
   </div>
   <div class='ocr_carea' id='block_1_45' title="bbox 373 1477 580 1506">
    <p class='ocr_par' dir='ltr' id='par_1_45' title="bbox 373 1477 580 1506">
     <span class='ocr_line' id='line_1_46' title="bbox 373 1477 580 1506; baseline -0.01 -3"><span class='ocrx_word' id='word_1_289' title='bbox 373 1477 580 1506; x_wconf 70' lang='lat' dir='ltr'><strong>CONSERVATOIU</strong></span> 
     </span>
    </p>
   </div>
   <div class='ocr_carea' id='block_1_46' title="bbox 356 1521 607 1550">
    <p class='ocr_par' dir='ltr' id='par_1_46' title="bbox 356 1521 607 1550">
     <span class='ocr_line' id='line_1_47' title="bbox 356 1521 607 1550; baseline -0.012 0"><span class='ocrx_word' id='word_1_290' title='bbox 356 1523 477 1550; x_wconf 77' lang='lat' dir='ltr'><strong>SODALES</strong></span> <span class='ocrx_word' id='word_1_291' title='bbox 498 1542 505 1549; x_wconf 93' lang='lat'><strong>.</strong></span> <span class='ocrx_word' id='word_1_292' title='bbox 526 1521 607 1548; x_wconf 87' lang='grc' dir='ltr'>Τιτιι</span> 
     </span>
    </p>
   </div>
   <div class='ocr_carea' id='block_1_47' title="bbox 87 1587 873 1629">
    <p class='ocr_par' dir='ltr' id='par_1_47' title="bbox 87 1587 873 1629">
     <span class='ocr_line' id='line_1_48' title="bbox 87 1587 873 1629; baseline -0.01 -7"><span class='ocrx_word' id='word_1_293' title='bbox 87 1593 157 1622; x_wconf 80' lang='lat' dir='ltr'><strong>Huic</strong></span> <span class='ocrx_word' id='word_1_294' title='bbox 182 1593 298 1629; x_wconf 82' lang='lat' dir='ltr'><strong>geminae</strong></span> <span class='ocrx_word' id='word_1_295' title='bbox 322 1591 422 1618; x_wconf 87' lang='lat' dir='ltr'><strong>ibidem</strong></span> <span class='ocrx_word' id='word_1_296' title='bbox 449 1590 509 1617; x_wconf 70' lang='lat' dir='ltr'><strong>alia:</strong></span> <span class='ocrx_word' id='word_1_297' title='bbox 537 1589 598 1617; x_wconf 77' lang='lat' dir='ltr'><strong>duae</strong></span> <span class='ocrx_word' id='word_1_298' title='bbox 628 1591 777 1616; x_wconf 88' lang='lat' dir='ltr'><strong>occurrunt</strong></span> <span class='ocrx_word' id='word_1_299' title='bbox 804 1587 873 1622; x_wconf 69' lang='lat'>(72).</span> 
     </span>
    </p>
   </div>
   <div class='ocr_carea' id='block_1_48' title="bbox 91 1633 874 1674">
    <p class='ocr_par' dir='ltr' id='par_1_48' title="bbox 91 1633 874 1674">
     <span class='ocr_line' id='line_1_49' title="bbox 91 1633 874 1674; baseline -0.009 -7"><span class='ocrx_word' id='word_1_300' title='bbox 91 1649 101 1666; x_wconf 73' lang='grc' dir='ltr'><strong>ι</strong></span> <span class='ocrx_word' id='word_1_301' title='bbox 120 1641 240 1674; x_wconf 90' lang='lat' dir='ltr'><strong>Quarum</strong></span> <span class='ocrx_word' id='word_1_302' title='bbox 256 1637 463 1672; x_wconf 88' lang='lat' dir='ltr'><strong>inscriptionum</strong></span> <span class='ocrx_word' id='word_1_303' title='bbox 479 1635 614 1663; x_wconf 88' lang='lat' dir='ltr'><strong>sententia</strong></span> <span class='ocrx_word' id='word_1_304' title='bbox 624 1638 654 1661; x_wconf 80' lang='grc' dir='ltr'><strong>ιιι</strong></span> <span class='ocrx_word' id='word_1_305' title='bbox 669 1637 769 1669; x_wconf 85' lang='lat' dir='ltr'><strong>pateat,</strong></span> <span class='ocrx_word' id='word_1_306' title='bbox 782 1633 874 1660; x_wconf 87' lang='lat' dir='ltr'><strong>verbis</strong></span> 
     </span>
    </p>
   </div>
   <div class='ocr_carea' id='block_1_49' title="bbox 89 1681 875 1716">
    <p class='ocr_par' dir='ltr' id='par_1_49' title="bbox 89 1681 875 1716">
     <span class='ocr_line' id='line_1_50' title="bbox 89 1681 875 1716; baseline -0.009 -3"><span class='ocrx_word' id='word_1_307' title='bbox 89 1692 150 1713; x_wconf 91' lang='lat' dir='ltr'><strong>utor</strong></span> <span class='ocrx_word' id='word_1_308' title='bbox 166 1685 267 1712; x_wconf 90' lang='lat' dir='ltr'><strong>eruditi</strong></span> <span class='ocrx_word' id='word_1_309' title='bbox 284 1683 401 1710; x_wconf 86' lang='lat' dir='ltr'><strong>Walehii</strong></span> <span class='ocrx_word' id='word_1_310' title='bbox 417 1681 485 1716; x_wconf 74' lang='grc'><strong>(75),</strong></span> <span class='ocrx_word' id='word_1_311' title='bbox 501 1682 584 1716; x_wconf 86' lang='lat' dir='ltr'><strong>probe</strong></span> <span class='ocrx_word' id='word_1_312' title='bbox 608 1681 749 1708; x_wconf 87' lang='lat' dir='ltr'><strong>sciendum</strong></span> <span class='ocrx_word' id='word_1_313' title='bbox 761 1684 812 1712; x_wconf 88' lang='lat' dir='ltr'><strong>est,</strong></span> <span class='ocrx_word' id='word_1_314' title='bbox 827 1687 875 1706; x_wconf 81' lang='lat' dir='ltr'><strong>vc-</strong></span> 
     </span>
    </p>
   </div>
   <div class='ocr_carea' id='block_1_50' title="bbox 90 1725 875 1767">
    <p class='ocr_par' dir='ltr' id='par_1_50' title="bbox 90 1725 875 1767">
     <span class='ocr_line' id='line_1_51' title="bbox 90 1725 875 1767; baseline -0.009 -9"><span class='ocrx_word' id='word_1_315' title='bbox 90 1737 161 1760; x_wconf 81' lang='lat' dir='ltr'><strong>teres</strong></span> <span class='ocrx_word' id='word_1_316' title='bbox 187 1731 306 1767; x_wconf 89' lang='lat' dir='ltr'><strong>plurium</strong></span> <span class='ocrx_word' id='word_1_317' title='bbox 326 1729 469 1756; x_wconf 88' lang='lat' dir='ltr'><strong>numinum</strong></span> <span class='ocrx_word' id='word_1_318' title='bbox 489 1727 609 1754; x_wconf 87' lang='lat' dir='ltr'><strong>cultores</strong></span> <span class='ocrx_word' id='word_1_319' title='bbox 626 1733 687 1754; x_wconf 88' lang='lat' dir='ltr'><strong>eam</strong></span> <span class='ocrx_word' id='word_1_320' title='bbox 702 1725 875 1760; x_wconf 88' lang='lat' dir='ltr'><strong>potissimum</strong></span> 
     </span>
    </p>
   </div>
   <div class='ocr_carea' id='block_1_51' title="bbox 90 1770 877 1810">
    <p class='ocr_par' dir='ltr' id='par_1_51' title="bbox 90 1770 877 1810">
     <span class='ocr_line' id='line_1_52' title="bbox 90 1770 877 1810; baseline -0.011 -4"><span class='ocrx_word' id='word_1_321' title='bbox 90 1779 124 1805; x_wconf 79' lang='lat' dir='ltr'><strong>ob</strong></span> <span class='ocrx_word' id='word_1_322' title='bbox 143 1785 258 1805; x_wconf 86' lang='lat' dir='ltr'><strong>causam</strong></span> <span class='ocrx_word' id='word_1_323' title='bbox 280 1778 314 1803; x_wconf 92' lang='lat' dir='ltr'><strong>de</strong></span> <span class='ocrx_word' id='word_1_324' title='bbox 337 1781 427 1810; x_wconf 78' lang='lat' dir='ltr'><strong>strage</strong></span> <span class='ocrx_word' id='word_1_325' title='bbox 450 1777 560 1801; x_wconf 89' lang='lat' dir='ltr'><strong>cruenta</strong></span> <span class='ocrx_word' id='word_1_326' title='bbox 581 1772 798 1800; x_wconf 87' lang='lat' dir='ltr'><strong>Christianorum</strong></span> <span class='ocrx_word' id='word_1_327' title='bbox 819 1770 877 1806; x_wconf 83' lang='lat' dir='ltr'><strong>glo-</strong></span> 
     </span>
    </p>
   </div>
   <div class='ocr_carea' id='block_1_52' title="bbox 91 1817 877 1858">
    <p class='ocr_par' dir='ltr' id='par_1_52' title="bbox 91 1817 877 1858">
     <span class='ocr_line' id='line_1_53' title="bbox 91 1817 877 1858; baseline -0.014 -5"><span class='ocrx_word' id='word_1_328' title='bbox 91 1825 177 1852; x_wconf 85' lang='lat' dir='ltr'><strong>riatos</strong></span> <span class='ocrx_word' id='word_1_329' title='bbox 191 1823 285 1856; x_wconf 85' lang='lat' dir='ltr'><strong>fuisse,</strong></span> <span class='ocrx_word' id='word_1_330' title='bbox 303 1821 375 1858; x_wconf 90' lang='lat' dir='ltr'><strong>quod</strong></span> <span class='ocrx_word' id='word_1_331' title='bbox 397 1821 441 1848; x_wconf 84' lang='lat' dir='ltr'><strong>illa</strong></span> <span class='ocrx_word' id='word_1_332' title='bbox 457 1820 572 1855; x_wconf 77' lang='lat' dir='ltr'><strong>patriam</strong></span> <span class='ocrx_word' id='word_1_333' title='bbox 594 1818 753 1853; x_wconf 82' lang='lat' dir='ltr'><strong>religionem</strong></span> <span class='ocrx_word' id='word_1_334' title='bbox 776 1817 877 1852; x_wconf 91' lang='lat' dir='ltr'><strong>optime</strong></span> 
     </span>
    </p>
   </div>
   <div class='ocr_carea' id='block_1_53' title="bbox 90 1864 878 1903">
    <p class='ocr_par' dir='ltr' id='par_1_53' title="bbox 90 1864 878 1903">
     <span class='ocr_line' id='line_1_54' title="bbox 90 1864 878 1903; baseline -0.013 -4"><span class='ocrx_word' id='word_1_335' title='bbox 90 1871 247 1899; x_wconf 84' lang='lat' dir='ltr'><strong>conservari</strong></span> <span class='ocrx_word' id='word_1_336' title='bbox 261 1869 312 1896; x_wconf 86' lang='lat' dir='ltr'><strong>sibi</strong></span> <span class='ocrx_word' id='word_1_337' title='bbox 326 1867 543 1903; x_wconf 81' lang='lat' dir='ltr'><strong>persuadebant;</strong></span> <span class='ocrx_word' id='word_1_338' title='bbox 556 1870 596 1898; x_wconf 89' lang='lat' dir='ltr'><strong>ut,</strong></span> <span class='ocrx_word' id='word_1_339' title='bbox 609 1865 632 1892; x_wconf 87' lang='lat' dir='ltr'><strong>si</strong></span> <span class='ocrx_word' id='word_1_340' title='bbox 650 1864 783 1899; x_wconf 91' lang='lat' dir='ltr'><strong>majorum</strong></span> <span class='ocrx_word' id='word_1_341' title='bbox 799 1870 878 1890; x_wconf 84' lang='lat' dir='ltr'><strong>sacra</strong></span> 
     </span>
    </p>
   </div>
   <div class='ocr_carea' id='block_1_54' title="bbox 91 1909 879 1951">
    <p class='ocr_par' dir='ltr' id='par_1_54' title="bbox 91 1909 879 1951">
     <span class='ocr_line' id='line_1_55' title="bbox 91 1909 879 1951; baseline -0.011 -8"><span class='ocrx_word' id='word_1_342' title='bbox 91 1917 125 1945; x_wconf 88' lang='lat' dir='ltr'><strong>ab</strong></span> <span class='ocrx_word' id='word_1_343' title='bbox 140 1916 242 1951; x_wconf 81' lang='lat' dir='ltr'><strong>injuria</strong></span> <span class='ocrx_word' id='word_1_344' title='bbox 269 1919 296 1942; x_wconf 84' lang='lat' dir='ltr'><strong>et</strong></span> <span class='ocrx_word' id='word_1_345' title='bbox 322 1919 479 1948; x_wconf 86' lang='lat' dir='ltr'><strong>contemptu</strong></span> <span class='ocrx_word' id='word_1_346' title='bbox 500 1912 645 1939; x_wconf 89' lang='lat' dir='ltr'><strong>defendere</strong></span> <span class='ocrx_word' id='word_1_347' title='bbox 665 1917 813 1944; x_wconf 85' lang='lat' dir='ltr'><strong>eorumque</strong></span> <span class='ocrx_word' id='word_1_348' title='bbox 837 1909 879 1935; x_wconf 92' lang='lat' dir='ltr'><strong>di-</strong></span> 
     </span>
    </p>
   </div>
   <div class='ocr_carea' id='block_1_55' title="bbox 92 1955 878 1997">
    <p class='ocr_par' dir='ltr' id='par_1_55' title="bbox 92 1955 878 1997">
     <span class='ocr_line' id='line_1_56' title="bbox 92 1955 878 1997; baseline -0.011 -8"><span class='ocrx_word' id='word_1_349' title='bbox 92 1962 226 1997; x_wconf 77' lang='lat' dir='ltr'><strong>gnitatem</strong></span> <span class='ocrx_word' id='word_1_350' title='bbox 245 1959 316 1987; x_wconf 91' lang='lat' dir='ltr'><strong>tueri</strong></span> <span class='ocrx_word' id='word_1_351' title='bbox 337 1959 400 1994; x_wconf 88' lang='lat' dir='ltr'><strong>quis</strong></span> <span class='ocrx_word' id='word_1_352' title='bbox 417 1958 509 1990; x_wconf 84' lang='lat' dir='ltr'><strong>vellet,</strong></span> <span class='ocrx_word' id='word_1_353' title='bbox 533 1957 558 1983; x_wconf 93' lang='lat' dir='ltr'><strong>id</strong></span> <span class='ocrx_word' id='word_1_354' title='bbox 579 1956 638 1983; x_wconf 88' lang='lat' dir='ltr'><strong>sine</strong></span> <span class='ocrx_word' id='word_1_355' title='bbox 660 1955 878 1982; x_wconf 88' lang='lat' dir='ltr'><strong>Christianorum</strong></span> 
     </span>
    </p>
   </div>
   <div class='ocr_carea' id='block_1_56' title="bbox 93 2000 881 2043">
    <p class='ocr_par' dir='ltr' id='par_1_56' title="bbox 93 2000 881 2043">
     <span class='ocr_line' id='line_1_57' title="bbox 93 2000 881 2043; baseline -0.014 -7"><span class='ocrx_word' id='word_1_356' title='bbox 93 2007 272 2043; x_wconf 84' lang='lat' dir='ltr'><strong>oppressione</strong></span> <span class='ocrx_word' id='word_1_357' title='bbox 300 2012 450 2038; x_wconf 90' lang='lat' dir='ltr'><strong>eorumque</strong></span> <span class='ocrx_word' id='word_1_358' title='bbox 474 2003 614 2038; x_wconf 85' lang='lat' dir='ltr'><strong>religionis</strong></span> <span class='ocrx_word' id='word_1_359' title='bbox 634 2002 788 2032; x_wconf 81' lang='lat' dir='ltr'><strong>eversione,</strong></span> <span class='ocrx_word' id='word_1_360' title='bbox 807 2000 881 2026; x_wconf 93' lang='lat' dir='ltr'><strong>nullo</strong></span> 
     </span>
    </p>
   </div>
   <div class='ocr_carea' id='block_1_57' title="bbox 93 2045 880 2084">
    <p class='ocr_par' dir='ltr' id='par_1_57' title="bbox 93 2045 880 2084">
     <span class='ocr_line' id='line_1_58' title="bbox 93 2045 880 2084; baseline -0.013 -3"><span class='ocrx_word' id='word_1_361' title='bbox 93 2053 178 2080; x_wconf 90' lang='lat' dir='ltr'><strong>modo</strong></span> <span class='ocrx_word' id='word_1_362' title='bbox 196 2053 248 2079; x_wconf 86' lang='lat' dir='ltr'><strong>rite</strong></span> <span class='ocrx_word' id='word_1_363' title='bbox 265 2051 322 2079; x_wconf 90' lang='lat' dir='ltr'><strong>ﬁeri</strong></span> <span class='ocrx_word' id='word_1_364' title='bbox 349 2054 486 2084; x_wconf 65' lang='lat' dir='ltr'><strong>possum.</strong></span> <span class='ocrx_word' id='word_1_365' title='bbox 507 2048 569 2075; x_wconf 67' lang='lat' dir='ltr'><strong>Haec</strong></span> <span class='ocrx_word' id='word_1_366' title='bbox 588 2055 652 2074; x_wconf 82' lang='lat' dir='ltr'><strong>vero</strong></span> <span class='ocrx_word' id='word_1_367' title='bbox 672 2054 733 2073; x_wconf 90' lang='lat' dir='ltr'><strong>cum</strong></span> <span class='ocrx_word' id='word_1_368' title='bbox 756 2046 792 2072; x_wconf 89' lang='lat' dir='ltr'><strong>ita</strong></span> <span class='ocrx_word' id='word_1_369' title='bbox 816 2045 880 2075; x_wconf 84' lang='lat' dir='ltr'><strong>sint.</strong></span> 
     </span>
    </p>
   </div>
   <div class='ocr_carea' id='block_1_58' title="bbox 93 2091 881 2135">
    <p class='ocr_par' dir='ltr' id='par_1_58' title="bbox 93 2091 881 2135">
     <span class='ocr_line' id='line_1_59' title="bbox 93 2091 881 2135; baseline -0.013 -8"><span class='ocrx_word' id='word_1_370' title='bbox 93 2101 140 2135; x_wconf 90' lang='lat' dir='ltr'><strong>qui</strong></span> <span class='ocrx_word' id='word_1_371' title='bbox 161 2106 216 2127; x_wconf 87' lang='lat' dir='ltr'><strong>non</strong></span> <span class='ocrx_word' id='word_1_372' title='bbox 235 2097 337 2130; x_wconf 88' lang='lat' dir='ltr'><strong>videat,</strong></span> <span class='ocrx_word' id='word_1_373' title='bbox 352 2095 483 2127; x_wconf 90' lang='lat' dir='ltr'><strong>arbitror,</strong></span> <span class='ocrx_word' id='word_1_374' title='bbox 507 2094 565 2121; x_wconf 84' lang='lat' dir='ltr'><strong>fore</strong></span> <span class='ocrx_word' id='word_1_375' title='bbox 590 2093 743 2124; x_wconf 86' lang='lat' dir='ltr'><strong>neminem,</strong></span> <span class='ocrx_word' id='word_1_376' title='bbox 765 2098 830 2118; x_wconf 80' lang='lat' dir='ltr'><strong>saxa</strong></span> <span class='ocrx_word' id='word_1_377' title='bbox 855 2091 881 2117; x_wconf 94' lang='lat' dir='ltr'><strong>in</strong></span> 
     </span>
    </p>
   </div>
   <div class='ocr_carea' id='block_1_59' title="bbox 94 2136 881 2180">
    <p class='ocr_par' dir='ltr' id='par_1_59' title="bbox 94 2136 881 2180">
     <span class='ocr_line' id='line_1_60' title="bbox 94 2136 881 2180; baseline -0.017 -6"><span class='ocrx_word' id='word_1_378' title='bbox 94 2145 196 2180; x_wconf 87' lang='lat' dir='ltr'><strong>quibus</strong></span> <span class='ocrx_word' id='word_1_379' title='bbox 217 2147 327 2179; x_wconf 88' lang='lat' dir='ltr'><strong>propter</strong></span> <span class='ocrx_word' id='word_1_380' title='bbox 350 2140 584 2169; x_wconf 86' lang='lat' dir='ltr'><strong>conservationem</strong></span> <span class='ocrx_word' id='word_1_381' title='bbox 610 2137 715 2171; x_wconf 79' lang='lat' dir='ltr'><strong>antiqui</strong></span> <span class='ocrx_word' id='word_1_382' title='bbox 740 2136 881 2163; x_wconf 72' lang='lat' dir='ltr'><strong>nuntiarint</strong></span> 
     </span>
    </p>
   </div>
   <div class='ocr_carea' id='block_1_60' title="bbox 96 2185 883 2226">
    <p class='ocr_par' dir='ltr' id='par_1_60' title="bbox 96 2185 883 2226">
     <span class='ocr_line' id='line_1_61' title="bbox 96 2185 883 2226; baseline -0.017 -7"><span class='ocrx_word' id='word_1_383' title='bbox 96 2192 196 2222; x_wconf 85' lang='lat' dir='ltr'><strong>cultus,</strong></span> <span class='ocrx_word' id='word_1_384' title='bbox 224 2190 318 2226; x_wconf 80' lang='lat' dir='ltr'><strong>gratiae</strong></span> <span class='ocrx_word' id='word_1_385' title='bbox 343 2185 554 2222; x_wconf 87' lang='lat' dir='ltr'><strong>imperatoribus</strong></span> <span class='ocrx_word' id='word_1_386' title='bbox 580 2191 612 2211; x_wconf 90' lang='lat' dir='ltr'><strong>ea</strong></span> <span class='ocrx_word' id='word_1_387' title='bbox 644 2185 802 2217; x_wconf 87' lang='lat' dir='ltr'><strong>tempestate</strong></span> <span class='ocrx_word' id='word_1_388' title='bbox 822 2188 883 2215; x_wconf 89' lang='lat' dir='ltr'><strong>per-</strong></span> 
     </span>
    </p>
   </div>
   <div class='ocr_carea' id='block_1_61' title="bbox 97 2227 883 2267">
    <p class='ocr_par' dir='ltr' id='par_1_61' title="bbox 97 2227 883 2267">
     <span class='ocr_line' id='line_1_62' title="bbox 97 2227 883 2267; baseline -0.017 -2"><span class='ocrx_word' id='word_1_389' title='bbox 97 2244 165 2265; x_wconf 79' lang='lat' dir='ltr'><strong>actae</strong></span> <span class='ocrx_word' id='word_1_390' title='bbox 187 2240 261 2267; x_wconf 91' lang='lat' dir='ltr'><strong>sunt,</strong></span> <span class='ocrx_word' id='word_1_391' title='bbox 282 2235 318 2261; x_wconf 89' lang='lat' dir='ltr'><strong>ab</strong></span> <span class='ocrx_word' id='word_1_392' title='bbox 343 2233 398 2260; x_wconf 90' lang='lat' dir='ltr'><strong>illis</strong></span> <span class='ocrx_word' id='word_1_393' title='bbox 412 2239 474 2266; x_wconf 76' lang='lat' dir='ltr'><strong>quae</strong></span> <span class='ocrx_word' id='word_1_394' title='bbox 490 2231 590 2257; x_wconf 82' lang='lat' dir='ltr'><strong>diserte</strong></span> <span class='ocrx_word' id='word_1_395' title='bbox 603 2229 636 2256; x_wconf 93' lang='lat' dir='ltr'><strong>de</strong></span> <span class='ocrx_word' id='word_1_396' title='bbox 661 2228 750 2255; x_wconf 89' lang='lat' dir='ltr'><strong>deleto</strong></span> <span class='ocrx_word' id='word_1_397' title='bbox 773 2227 883 2254; x_wconf 89' lang='lat' dir='ltr'><strong>nomine</strong></span> 
     </span>
    </p>
   </div>
   <div class='ocr_carea' id='block_1_62' title="bbox 98 2278 883 2315">
    <p class='ocr_par' dir='ltr' id='par_1_62' title="bbox 98 2278 883 2315">
     <span class='ocr_line' id='line_1_63' title="bbox 98 2278 883 2315; baseline -0.017 -4"><span class='ocrx_word' id='word_1_398' title='bbox 98 2283 255 2311; x_wconf 80' lang='lat' dir='ltr'><strong>Christiano</strong></span> <span class='ocrx_word' id='word_1_399' title='bbox 267 2282 426 2315; x_wconf 87' lang='lat' dir='ltr'><strong>loquuntur,</strong></span> <span class='ocrx_word' id='word_1_400' title='bbox 439 2282 574 2312; x_wconf 84' lang='lat' dir='ltr'><strong>quatenus</strong></span> <span class='ocrx_word' id='word_1_401' title='bbox 585 2283 680 2302; x_wconf 87' lang='lat' dir='ltr'><strong>eorum</strong></span> <span class='ocrx_word' id='word_1_402' title='bbox 693 2278 883 2309; x_wconf 86' lang='lat' dir='ltr'><strong>argumentum</strong></span> 
     </span>
    </p>
   </div>
   <div class='ocr_carea' id='block_1_63' title="bbox 98 2319 883 2360">
    <p class='ocr_par' dir='ltr' id='par_1_63' title="bbox 98 2319 883 2360">
     <span class='ocr_line' id='line_1_64' title="bbox 98 2319 883 2360; baseline -0.017 -2"><span class='ocrx_word' id='word_1_403' title='bbox 98 2338 130 2357; x_wconf 88' lang='lat' dir='ltr'><strong>ac</strong></span> <span class='ocrx_word' id='word_1_404' title='bbox 162 2327 324 2356; x_wconf 80' lang='lat' dir='ltr'><strong>sententiam</strong></span> <span class='ocrx_word' id='word_1_405' title='bbox 355 2325 529 2360; x_wconf 83' lang='lat' dir='ltr'><strong>cogitamus,</strong></span> <span class='ocrx_word' id='word_1_406' title='bbox 551 2322 625 2349; x_wconf 90' lang='lat' dir='ltr'><strong>nulla</strong></span> <span class='ocrx_word' id='word_1_407' title='bbox 649 2321 752 2348; x_wconf 83' lang='lat' dir='ltr'><strong>ratione</strong></span> <span class='ocrx_word' id='word_1_408' title='bbox 777 2319 883 2346; x_wconf 88' lang='lat' dir='ltr'><strong>diversa</strong></span> 
     </span>
    </p>
   </div>
   <div class='ocr_carea' id='block_1_64' title="bbox 99 2365 882 2408">
    <p class='ocr_par' dir='ltr' id='par_1_64' title="bbox 99 2365 882 2408">
     <span class='ocr_line' id='line_1_65' title="bbox 99 2365 882 2408; baseline -0.017 -5"><span class='ocrx_word' id='word_1_409' title='bbox 99 2377 203 2408; x_wconf 85' lang='lat' dir='ltr'><strong>fuisse;</strong></span> <span class='ocrx_word' id='word_1_410' title='bbox 227 2372 357 2408; x_wconf 90' lang='lat' dir='ltr'><strong>quoniam</strong></span> <span class='ocrx_word' id='word_1_411' title='bbox 373 2371 431 2405; x_wconf 86' lang='lat' dir='ltr'><strong>ipsa</strong></span> <span class='ocrx_word' id='word_1_412' title='bbox 456 2370 513 2396; x_wconf 71' lang='lat' dir='ltr'><strong>hzec</strong></span> <span class='ocrx_word' id='word_1_413' title='bbox 538 2367 658 2402; x_wconf 70' lang='lat' dir='ltr'><strong>profanae</strong></span> <span class='ocrx_word' id='word_1_414' title='bbox 678 2366 815 2401; x_wconf 83' lang='lat' dir='ltr'><strong>religionis</strong></span> <span class='ocrx_word' id='word_1_415' title='bbox 835 2365 882 2391; x_wconf 89' lang='lat' dir='ltr'><strong>de-</strong></span> 
     </span>
    </p>
   </div>
   <div class='ocr_carea' id='block_1_65' title="bbox 99 2411 882 2454">
    <p class='ocr_par' dir='ltr' id='par_1_65' title="bbox 99 2411 882 2454">
     <span class='ocr_line' id='line_1_66' title="bbox 99 2411 882 2454; baseline -0.017 -5"><span class='ocrx_word' id='word_1_416' title='bbox 99 2421 198 2454; x_wconf 88' lang='lat' dir='ltr'><strong>fensio,</strong></span> <span class='ocrx_word' id='word_1_417' title='bbox 216 2420 242 2446; x_wconf 93' lang='lat' dir='ltr'><strong>in</strong></span> <span class='ocrx_word' id='word_1_418' title='bbox 258 2417 458 2452; x_wconf 85' lang='lat' dir='ltr'><strong>oppugnatione</strong></span> <span class='ocrx_word' id='word_1_419' title='bbox 473 2414 636 2441; x_wconf 81' lang='lat' dir='ltr'><strong>Christianae</strong></span> <span class='ocrx_word' id='word_1_420' title='bbox 651 2412 770 2439; x_wconf 78' lang='lat' dir='ltr'><strong>maxime</strong></span> <span class='ocrx_word' id='word_1_421' title='bbox 792 2411 882 2446; x_wconf 89' lang='lat' dir='ltr'><strong>posita</strong></span> 
     </span>
    </p>
   </div>
   <div class='ocr_carea' id='block_1_66' title="bbox 99 2456 885 2498">
    <p class='ocr_par' dir='ltr' id='par_1_66' title="bbox 99 2456 885 2498">
     <span class='ocr_line' id='line_1_67' title="bbox 99 2456 885 2498; baseline -0.017 -3"><span class='ocrx_word' id='word_1_422' title='bbox 99 2472 168 2495; x_wconf 82' lang='lat' dir='ltr'><strong>erat.</strong></span> <span class='ocrx_word' id='word_1_423' title='bbox 185 2464 321 2498; x_wconf 86' lang='lat' dir='ltr'><strong>——Quare</strong></span> <span class='ocrx_word' id='word_1_424' title='bbox 347 2463 410 2490; x_wconf 89' lang='lat' dir='ltr'><strong>licet</strong></span> <span class='ocrx_word' id='word_1_425' title='bbox 432 2460 618 2495; x_wconf 87' lang='lat' dir='ltr'><strong>Vespasianus</strong></span> <span class='ocrx_word' id='word_1_426' title='bbox 643 2459 669 2486; x_wconf 92' lang='lat' dir='ltr'><strong>in</strong></span> <span class='ocrx_word' id='word_1_427' title='bbox 691 2457 780 2492; x_wconf 91' lang='lat' dir='ltr'><strong>lapide</strong></span> <span class='ocrx_word' id='word_1_428' title='bbox 803 2456 885 2483; x_wconf 92' lang='lat' dir='ltr'><strong>modo</strong></span> 
     </span>
    </p>
   </div>
   <div class='ocr_carea' id='block_1_67' title="bbox 100 2501 884 2541">
    <p class='ocr_par' dir='ltr' id='par_1_67' title="bbox 100 2501 884 2541">
     <span class='ocr_line' id='line_1_68' title="bbox 100 2501 884 2541; baseline -0.018 0"><span class='ocrx_word' id='word_1_429' title='bbox 100 2514 218 2541; x_wconf 88' lang='lat' dir='ltr'><strong>adducto</strong></span> <span class='ocrx_word' id='word_1_430' title='bbox 242 2518 296 2538; x_wconf 91' lang='lat' dir='ltr'><strong>non</strong></span> <span class='ocrx_word' id='word_1_431' title='bbox 316 2508 535 2536; x_wconf 86' lang='lat' dir='ltr'><strong>Christianorum</strong></span> <span class='ocrx_word' id='word_1_432' title='bbox 561 2504 665 2535; x_wconf 89' lang='lat' dir='ltr'><strong>hostis,</strong></span> <span class='ocrx_word' id='word_1_433' title='bbox 690 2502 736 2530; x_wconf 88' lang='lat' dir='ltr'><strong>sed</strong></span> <span class='ocrx_word' id='word_1_434' title='bbox 756 2501 884 2536; x_wconf 90' lang='lat' dir='ltr'><strong>antiquo-</strong></span> 
     </span>
    </p>
   </div>
   <div class='ocr_carea' id='block_1_68' title="bbox 137 2569 814 2612">
    <p class='ocr_par' dir='ltr' id='par_1_68' title="bbox 137 2569 814 2612">
     <span class='ocr_line' id='line_1_69' title="bbox 137 2569 814 2612; baseline -0.015 -7"><span class='ocrx_word' id='word_1_435' title='bbox 137 2578 193 2612; x_wconf 74' lang='lat'><strong>(69)</strong></span> <span class='ocrx_word' id='word_1_436' title='bbox 214 2576 314 2604; x_wconf 86' lang='lat' dir='ltr'><strong>Euseb.</strong></span> <span class='ocrx_word' id='word_1_437' title='bbox 333 2575 403 2612; x_wconf 80' lang='lat' dir='ltr'><strong>llist.</strong></span> <span class='ocrx_word' id='word_1_438' title='bbox 416 2573 558 2612; x_wconf 71' lang='lat' dir='ltr'><strong>eccl._,_lib.</strong></span> <span class='ocrx_word' id='word_1_439' title='bbox 574 2580 602 2603; x_wconf 83' lang='grc' dir='ltr'>ιι,</span> <span class='ocrx_word' id='word_1_440' title='bbox 619 2578 697 2604; x_wconf 84' lang='lat' dir='ltr'><strong>capp.</strong></span> <span class='ocrx_word' id='word_1_441' title='bbox 711 2570 754 2600; x_wconf 78' lang='grc'><strong>19,</strong></span> <span class='ocrx_word' id='word_1_442' title='bbox 767 2569 814 2596; x_wconf 73' lang='lat'><strong>22.</strong></span> 
     </span>
    </p>
   </div>
   <div class='ocr_carea' id='block_1_69' title="bbox 138 2607 600 2649">
    <p class='ocr_par' dir='ltr' id='par_1_69' title="bbox 138 2607 600 2649">
     <span class='ocr_line' id='line_1_70' title="bbox 138 2607 600 2649; baseline -0.015 -10"><span class='ocrx_word' id='word_1_443' title='bbox 138 2607 195 2649; x_wconf 64' lang='grc' dir='ltr'><strong>(Μ’)</strong></span> <span class='ocrx_word' id='word_1_444' title='bbox 217 2612 316 2649; x_wconf 64' lang='lat' dir='ltr'><strong>fiaron.</strong></span> <span class='ocrx_word' id='word_1_445' title='bbox 337 2610 370 2637; x_wconf 84' lang='lat' dir='ltr'><strong>ad</strong></span> <span class='ocrx_word' id='word_1_446' title='bbox 389 2617 451 2635; x_wconf 88' lang='lat' dir='ltr'><strong>ann.</strong></span> <span class='ocrx_word' id='word_1_447' title='bbox 533 2607 600 2649; x_wconf 49' lang='grc' dir='ltr'>ᾗχι.</span> 
     </span>
    </p>
   </div>
   <div class='ocr_carea' id='block_1_70' title="bbox 139 2641 636 2683">
    <p class='ocr_par' dir='ltr' id='par_1_70' title="bbox 139 2641 636 2683">
     <span class='ocr_line' id='line_1_71' title="bbox 139 2641 636 2683; baseline -0.018 -8"><span class='ocrx_word' id='word_1_448' title='bbox 139 2641 196 2683; x_wconf 59' lang='grc'><strong>(71)</strong></span> <span class='ocrx_word' id='word_1_449' title='bbox 216 2648 293 2674; x_wconf 82' lang='lat' dir='ltr'><strong>Grut.</strong></span> <span class='ocrx_word' id='word_1_450' title='bbox 309 2654 335 2680; x_wconf 90' lang='lat' dir='ltr'><strong>p.</strong></span> <span class='ocrx_word' id='word_1_451' title='bbox 347 2641 636 2683; x_wconf 61' lang='lat' dir='ltr'><strong>CCxl.lll,_insct‘ipl._5.</strong></span> 
     </span>
    </p>
   </div>
   <div class='ocr_carea' id='block_1_71' title="bbox 139 2674 887 2724">
    <p class='ocr_par' dir='ltr' id='par_1_71' title="bbox 139 2674 887 2724">
     <span class='ocr_line' id='line_1_72' title="bbox 139 2674 887 2724; baseline -0.015 -14"><span class='ocrx_word' id='word_1_452' title='bbox 139 2674 196 2724; x_wconf 50' lang='lat' dir='ltr'><strong>{ﬁt</strong></span> <span class='ocrx_word' id='word_1_453' title='bbox 215 2682 291 2724; x_wconf 48' lang='lat' dir='ltr'><strong>&quot;Ibid.</strong></span> <span class='ocrx_word' id='word_1_454' title='bbox 349 2687 436 2707; x_wconf 71' lang='lat' dir='ltr'><strong>CCLIV.</strong></span> <span class='ocrx_word' id='word_1_455' title='bbox 461 2674 584 2711; x_wconf 85' lang='lat' dir='ltr'><strong>inscript.</strong></span> <span class='ocrx_word' id='word_1_456' title='bbox 600 2677 665 2707; x_wconf 73' lang='grc' dir='ltr'>ἲ,οι</span> <span class='ocrx_word' id='word_1_457' title='bbox 687 2683 714 2709; x_wconf 88' lang='lat' dir='ltr'><strong>p.</strong></span> <span class='ocrx_word' id='word_1_458' title='bbox 731 2681 827 2704; x_wconf 71' lang='lat' dir='ltr'><strong>CCLXX.</strong></span> <span class='ocrx_word' id='word_1_459' title='bbox 846 2674 887 2700; x_wconf 90' lang='lat' dir='ltr'><strong>in-</strong></span> 
     </span>
    </p>
   </div>
   <div class='ocr_carea' id='block_1_72' title="bbox 105 2719 886 2790">
    <p class='ocr_par' dir='ltr' id='par_1_72' title="bbox 105 2719 886 2790">
     <span class='ocr_line' id='line_1_73' title="bbox 105 2719 886 2790; baseline -0.017 -9"><span class='ocrx_word' id='word_1_460' title='bbox 105 2719 323 2790; x_wconf 26' lang='lat' dir='ltr'><strong>soltl&#39;lpgjiaaleh.</strong></span> <span class='ocrx_word' id='word_1_461' title='bbox 339 2749 454 2786; x_wconf 70' lang='lat' dir='ltr'><strong>Expleta.</strong></span> <span class='ocrx_word' id='word_1_462' title='bbox 467 2755 554 2784; x_wconf 71' lang='grc' dir='ltr'><strong>ρει-δρα</strong></span> <span class='ocrx_word' id='word_1_463' title='bbox 585 2745 697 2773; x_wconf 69' lang='lat' dir='ltr'><strong>Narem.</strong></span> <span class='ocrx_word' id='word_1_464' title='bbox 713 2751 773 2778; x_wconf 88' lang='lat' dir='ltr'><strong>cap.</strong></span> <span class='ocrx_word' id='word_1_465' title='bbox 789 2744 816 2775; x_wconf 79' lang='grc'><strong>5,</strong></span> <span class='ocrx_word' id='word_1_466' title='bbox 833 2743 847 2775; x_wconf 62' lang='grc' dir='ltr'>ξ</span> <span class='ocrx_word' id='word_1_467' title='bbox 860 2744 886 2776; x_wconf 83' lang='lat' dir='ltr'><strong>G,</strong></span> 
     </span>
    </p>
   </div>
   <div class='ocr_carea' id='block_1_73' title="bbox 107 2789 883 2859">
    <p class='ocr_par' dir='ltr' id='par_1_73' title="bbox 107 2789 883 2859">
     <span class='ocr_line' id='line_1_74' title="bbox 107 2789 307 2823; baseline -0.015 -8"><span class='ocrx_word' id='word_1_468' title='bbox 107 2798 166 2823; x_wconf 64' lang='lat' dir='ltr'><strong>pou.</strong></span> <span class='ocrx_word' id='word_1_469' title='bbox 182 2789 214 2814; x_wconf 85' lang='grc'>77</span> <span class='ocrx_word' id='word_1_470' title='bbox 232 2795 307 2821; x_wconf 81' lang='lat' dir='ltr'><strong>seqq.</strong></span> 
     </span>
     <span class='ocr_line' id='line_1_75' title="bbox 142 2814 883 2859; baseline -0.016 -8"><span class='ocrx_word' id='word_1_471' title='bbox 142 2825 199 2859; x_wconf 65' lang='lat' dir='ltr'><strong>at)</strong></span> <span class='ocrx_word' id='word_1_472' title='bbox 219 2824 312 2857; x_wconf 73' lang='lat' dir='ltr'><strong>At-ing.</strong></span> <span class='ocrx_word' id='word_1_473' title='bbox 331 2822 404 2848; x_wconf 76' lang='lat' dir='ltr'><strong>Hum.</strong></span> <span class='ocrx_word' id='word_1_474' title='bbox 422 2820 550 2851; x_wconf 61' lang='lat' dir='ltr'><strong>subtern,</strong></span> <span class='ocrx_word' id='word_1_475' title='bbox 573 2817 591 2845; x_wconf 90' lang='grc' dir='ltr'><strong>Ι.</strong></span> <span class='ocrx_word' id='word_1_476' title='bbox 615 2825 657 2850; x_wconf 84' lang='lat' dir='ltr'><strong>III,</strong></span> <span class='ocrx_word' id='word_1_477' title='bbox 675 2824 698 2843; x_wconf 74' lang='grc' dir='ltr'><strong>ς.</strong></span> <span class='ocrx_word' id='word_1_478' title='bbox 713 2815 758 2847; x_wconf 64' lang='lat'><strong>9‘2,</strong></span> <span class='ocrx_word' id='word_1_479' title='bbox 777 2822 803 2848; x_wconf 67' lang='grc' dir='ltr'><strong>ιτ.</strong></span> <span class='ocrx_word' id='word_1_480' title='bbox 823 2814 883 2840; x_wconf 65' lang='grc' dir='ltr'>(μοιξ.</span> 
     </span>
    </p>
   </div>
   <div class='ocr_carea' id='block_1_74' title="bbox 915 885 1702 922">
    <p class='ocr_par' dir='ltr' id='par_1_74' title="bbox 915 885 1702 922">
     <span class='ocr_line' id='line_1_76' title="bbox 915 885 1702 922; baseline -0.008 -5"><span class='ocrx_word' id='word_1_481' title='bbox 915 891 1033 918; x_wconf 90' lang='lat' dir='ltr'><strong>alienum</strong></span> <span class='ocrx_word' id='word_1_482' title='bbox 1046 889 1110 922; x_wconf 85' lang='lat' dir='ltr'><strong>erit,</strong></span> <span class='ocrx_word' id='word_1_483' title='bbox 1119 887 1192 915; x_wconf 90' lang='lat' dir='ltr'><strong>aliud</strong></span> <span class='ocrx_word' id='word_1_484' title='bbox 1212 887 1238 913; x_wconf 92' lang='lat' dir='ltr'><strong>in</strong></span> <span class='ocrx_word' id='word_1_485' title='bbox 1255 886 1326 913; x_wconf 88' lang='lat' dir='ltr'><strong>hanc</strong></span> <span class='ocrx_word' id='word_1_486' title='bbox 1337 893 1393 913; x_wconf 89' lang='lat' dir='ltr'><strong>rem</strong></span> <span class='ocrx_word' id='word_1_487' title='bbox 1410 885 1596 912; x_wconf 89' lang='lat' dir='ltr'><strong>testimonium</strong></span> <span class='ocrx_word' id='word_1_488' title='bbox 1609 889 1702 919; x_wconf 83' lang='lat' dir='ltr'><strong>petere</strong></span> 
     </span>
    </p>
   </div>
   <div class='ocr_carea' id='block_1_75' title="bbox 915 931 1703 970">
    <p class='ocr_par' dir='ltr' id='par_1_75' title="bbox 915 931 1703 970">
     <span class='ocr_line' id='line_1_77' title="bbox 915 931 1703 970; baseline -0.009 -6"><span class='ocrx_word' id='word_1_489' title='bbox 915 938 949 965; x_wconf 90' lang='lat' dir='ltr'><strong>ah</strong></span> <span class='ocrx_word' id='word_1_490' title='bbox 966 937 1041 963; x_wconf 88' lang='lat' dir='ltr'><strong>Actis</strong></span> <span class='ocrx_word' id='word_1_491' title='bbox 1064 935 1094 963; x_wconf 88' lang='lat' dir='ltr'><strong>S.</strong></span> <span class='ocrx_word' id='word_1_492' title='bbox 1116 933 1293 970; x_wconf 82' lang='lat' dir='ltr'><strong>Apollinaris,</strong></span> <span class='ocrx_word' id='word_1_493' title='bbox 1309 940 1363 960; x_wconf 93' lang='lat' dir='ltr'><strong>non</strong></span> <span class='ocrx_word' id='word_1_494' title='bbox 1389 932 1442 959; x_wconf 89' lang='lat' dir='ltr'><strong>illis</strong></span> <span class='ocrx_word' id='word_1_495' title='bbox 1457 932 1567 967; x_wconf 87' lang='lat' dir='ltr'><strong>quidem</strong></span> <span class='ocrx_word' id='word_1_496' title='bbox 1582 931 1703 965; x_wconf 87' lang='lat' dir='ltr'><strong>interpo—</strong></span> 
     </span>
    </p>
   </div>
   <div class='ocr_carea' id='block_1_76' title="bbox 915 977 1701 1013">
    <p class='ocr_par' dir='ltr' id='par_1_76' title="bbox 915 977 1701 1013">
     <span class='ocr_line' id='line_1_78' title="bbox 915 977 1701 1013; baseline -0.01 -3"><span class='ocrx_word' id='word_1_497' title='bbox 915 983 979 1010; x_wconf 85' lang='lat' dir='ltr'><strong>latis</strong></span> <span class='ocrx_word' id='word_1_498' title='bbox 997 987 1043 1009; x_wconf 86' lang='lat' dir='ltr'><strong>aut</strong></span> <span class='ocrx_word' id='word_1_499' title='bbox 1058 981 1192 1012; x_wconf 88' lang='lat' dir='ltr'><strong>conﬁctis,</strong></span> <span class='ocrx_word' id='word_1_500' title='bbox 1211 980 1259 1007; x_wconf 86' lang='lat' dir='ltr'><strong>sed</strong></span> <span class='ocrx_word' id='word_1_501' title='bbox 1284 979 1317 1006; x_wconf 88' lang='lat' dir='ltr'><strong>iis</strong></span> <span class='ocrx_word' id='word_1_502' title='bbox 1337 986 1398 1013; x_wconf 64' lang='lat' dir='ltr'><strong>qua:</strong></span> <span class='ocrx_word' id='word_1_503' title='bbox 1421 977 1511 1005; x_wconf 89' lang='lat' dir='ltr'><strong>medio</strong></span> <span class='ocrx_word' id='word_1_504' title='bbox 1536 977 1636 1004; x_wconf 74' lang='lat' dir='ltr'><strong>saaeulo</strong></span> <span class='ocrx_word' id='word_1_505' title='bbox 1651 983 1701 1009; x_wconf 83' lang='lat' dir='ltr'><strong>vit,</strong></span> 
     </span>
    </p>
   </div>
   <div class='ocr_carea' id='block_1_77' title="bbox 917 1022 1702 1061">
    <p class='ocr_par' dir='ltr' id='par_1_77' title="bbox 917 1022 1702 1061">
     <span class='ocr_line' id='line_1_79' title="bbox 917 1022 1702 1061; baseline -0.009 -6"><span class='ocrx_word' id='word_1_506' title='bbox 917 1028 1029 1056; x_wconf 84' lang='lat' dir='ltr'><strong>Maurus</strong></span> <span class='ocrx_word' id='word_1_507' title='bbox 1044 1027 1267 1061; x_wconf 71' lang='lat' dir='ltr'><strong>archiepiswpus</strong></span> <span class='ocrx_word' id='word_1_508' title='bbox 1283 1025 1427 1052; x_wconf 82' lang='lat' dir='ltr'><strong>Ravennas</strong></span> <span class='ocrx_word' id='word_1_509' title='bbox 1439 1023 1548 1050; x_wconf 91' lang='lat' dir='ltr'><strong>laminis</strong></span> <span class='ocrx_word' id='word_1_510' title='bbox 1567 1022 1702 1057; x_wconf 82' lang='lat' dir='ltr'><strong>argenteis</strong></span> 
     </span>
    </p>
   </div>
   <div class='ocr_carea' id='block_1_78' title="bbox 917 1068 1703 1105">
    <p class='ocr_par' dir='ltr' id='par_1_78' title="bbox 917 1068 1703 1105">
     <span class='ocr_line' id='line_1_80' title="bbox 917 1068 1703 1105; baseline -0.01 -4"><span class='ocrx_word' id='word_1_511' title='bbox 917 1073 1027 1102; x_wconf 77' lang='lat' dir='ltr'><strong>inscribi</strong></span> <span class='ocrx_word' id='word_1_512' title='bbox 1043 1073 1159 1105; x_wconf 85' lang='lat' dir='ltr'><strong>curavit,</strong></span> <span class='ocrx_word' id='word_1_513' title='bbox 1175 1076 1206 1099; x_wconf 85' lang='lat' dir='ltr'><strong>ut</strong></span> <span class='ocrx_word' id='word_1_514' title='bbox 1219 1071 1303 1099; x_wconf 79' lang='lat' dir='ltr'><strong>refert</strong></span> <span class='ocrx_word' id='word_1_515' title='bbox 1314 1069 1521 1105; x_wconf 80' lang='lat' dir='ltr'><strong>Agnellus(75).</strong></span> <span class='ocrx_word' id='word_1_516' title='bbox 1539 1068 1605 1097; x_wconf 74' lang='lat' dir='ltr'><strong>Rem</strong></span> <span class='ocrx_word' id='word_1_517' title='bbox 1619 1075 1703 1095; x_wconf 89' lang='lat' dir='ltr'><strong>enar-</strong></span> 
     </span>
    </p>
   </div>
   <div class='ocr_carea' id='block_1_79' title="bbox 916 1114 1704 1155">
    <p class='ocr_par' dir='ltr' id='par_1_79' title="bbox 916 1114 1704 1155">
     <span class='ocr_line' id='line_1_81' title="bbox 916 1114 1704 1155; baseline -0.01 -8"><span class='ocrx_word' id='word_1_518' title='bbox 916 1125 959 1148; x_wconf 89' lang='lat' dir='ltr'><strong>rat</strong></span> <span class='ocrx_word' id='word_1_519' title='bbox 976 1127 1130 1155; x_wconf 87' lang='lat' dir='ltr'><strong>anonymus</strong></span> <span class='ocrx_word' id='word_1_520' title='bbox 1146 1122 1241 1146; x_wconf 85' lang='lat' dir='ltr'><strong>auctor</strong></span> <span class='ocrx_word' id='word_1_521' title='bbox 1257 1117 1392 1152; x_wconf 82' lang='lat' dir='ltr'><strong>Spicilegii</strong></span> <span class='ocrx_word' id='word_1_522' title='bbox 1408 1115 1566 1142; x_wconf 77' lang='lat' dir='ltr'><strong>Ravennatis</strong></span> <span class='ocrx_word' id='word_1_523' title='bbox 1583 1114 1704 1141; x_wconf 69' lang='lat' dir='ltr'><strong>historica</strong></span> 
     </span>
    </p>
   </div>
   <div class='ocr_carea' id='block_1_80' title="bbox 918 1159 1703 1198">
    <p class='ocr_par' dir='ltr' id='par_1_80' title="bbox 918 1159 1703 1198">
     <span class='ocr_line' id='line_1_82' title="bbox 918 1159 1703 1198; baseline -0.009 -6"><span class='ocrx_word' id='word_1_524' title='bbox 918 1166 993 1193; x_wconf 89' lang='lat' dir='ltr'><strong>hisce</strong></span> <span class='ocrx_word' id='word_1_525' title='bbox 1010 1165 1099 1192; x_wconf 83' lang='lat' dir='ltr'><strong>verbis</strong></span> <span class='ocrx_word' id='word_1_526' title='bbox 1114 1164 1170 1198; x_wconf 83' lang='lat'><strong>(76)</strong></span> <span class='ocrx_word' id='word_1_527' title='bbox 1185 1173 1191 1191; x_wconf 91' lang='lat'>:</span> <span class='ocrx_word' id='word_1_528' title='bbox 1210 1173 1219 1189; x_wconf 85' lang='grc'><strong>«</strong></span> <span class='ocrx_word' id='word_1_529' title='bbox 1240 1163 1305 1190; x_wconf 68' lang='lat' dir='ltr'><strong>Duae</strong></span> <span class='ocrx_word' id='word_1_530' title='bbox 1323 1163 1348 1189; x_wconf 93' lang='lat' dir='ltr'><strong>in</strong></span> <span class='ocrx_word' id='word_1_531' title='bbox 1365 1161 1459 1189; x_wconf 87' lang='lat' dir='ltr'><strong>eodem</strong></span> <span class='ocrx_word' id='word_1_532' title='bbox 1482 1160 1607 1195; x_wconf 84' lang='lat' dir='ltr'><strong>sepulcro</strong></span> <span class='ocrx_word' id='word_1_533' title='bbox 1629 1159 1703 1186; x_wconf 92' lang='lat' dir='ltr'><strong>inve-</strong></span> 
     </span>
    </p>
   </div>
   <div class='ocr_carea' id='block_1_81' title="bbox 917 1204 1702 1245">
    <p class='ocr_par' dir='ltr' id='par_1_81' title="bbox 917 1204 1702 1245">
     <span class='ocr_line' id='line_1_83' title="bbox 917 1204 1702 1245; baseline -0.009 -7"><span class='ocrx_word' id='word_1_534' title='bbox 917 1213 1032 1239; x_wconf 87' lang='lat' dir='ltr'><strong>niuntur</strong></span> <span class='ocrx_word' id='word_1_535' title='bbox 1054 1215 1188 1245; x_wconf 59' lang='lat' dir='ltr'><strong>argenteae</strong></span> <span class='ocrx_word' id='word_1_536' title='bbox 1207 1209 1316 1237; x_wconf 63' lang='lat' dir='ltr'><strong>laminae</strong></span> <span class='ocrx_word' id='word_1_537' title='bbox 1330 1209 1420 1243; x_wconf 87' lang='lat' dir='ltr'><strong>(anno</strong></span> <span class='ocrx_word' id='word_1_538' title='bbox 1433 1207 1501 1234; x_wconf 81' lang='lat' dir='ltr'><strong>H75</strong></span> <span class='ocrx_word' id='word_1_539' title='bbox 1514 1204 1702 1240; x_wconf 65' lang='lat' dir='ltr'><strong>detectae).....</strong></span> 
     </span>
    </p>
   </div>
   <div class='ocr_carea' id='block_1_82' title="bbox 919 1252 1704 1293">
    <p class='ocr_par' dir='ltr' id='par_1_82' title="bbox 919 1252 1704 1293">
     <span class='ocr_line' id='line_1_84' title="bbox 919 1252 1704 1293; baseline -0.01 -8"><span class='ocrx_word' id='word_1_540' title='bbox 919 1258 947 1285; x_wconf 85' lang='lat' dir='ltr'><strong>In</strong></span> <span class='ocrx_word' id='word_1_541' title='bbox 971 1258 1059 1293; x_wconf 90' lang='lat' dir='ltr'><strong>prima</strong></span> <span class='ocrx_word' id='word_1_542' title='bbox 1087 1257 1245 1291; x_wconf 80' lang='lat' dir='ltr'><strong>legebantur</strong></span> <span class='ocrx_word' id='word_1_543' title='bbox 1277 1256 1353 1282; x_wconf 84' lang='lat' dir='ltr'><strong>ista:</strong></span> <span class='ocrx_word' id='word_1_544' title='bbox 1380 1253 1472 1280; x_wconf 81' lang='lat' dir='ltr'><strong>On&#39;ws</strong></span> <span class='ocrx_word' id='word_1_545' title='bbox 1498 1261 1529 1279; x_wconf 67' lang='lat' dir='ltr'><strong>sn</strong></span> <span class='ocrx_word' id='word_1_546' title='bbox 1554 1252 1704 1278; x_wconf 69' lang='lat' dir='ltr'><strong>ANTIOCHIA</strong></span> 
     </span>
    </p>
   </div>
   <div class='ocr_carea' id='block_1_83' title="bbox 919 1300 1704 1331">
    <p class='ocr_par' dir='ltr' id='par_1_83' title="bbox 919 1300 1704 1331">
     <span class='ocr_line' id='line_1_85' title="bbox 919 1300 1704 1331; baseline -0.011 0"><span class='ocrx_word' id='word_1_547' title='bbox 919 1311 1021 1331; x_wconf 71' lang='lat' dir='ltr'><strong>annos</strong></span> <span class='ocrx_word' id='word_1_548' title='bbox 1038 1303 1228 1330; x_wconf 71' lang='lat' dir='ltr'><strong>APOLLINAMS.</strong></span> <span class='ocrx_word' id='word_1_549' title='bbox 1252 1317 1285 1322; x_wconf 60' lang='grc' dir='ltr'><strong>ν-</strong></span> <span class='ocrx_word' id='word_1_550' title='bbox 1303 1300 1352 1327; x_wconf 79' lang='lat' dir='ltr'><strong>Hic</strong></span> <span class='ocrx_word' id='word_1_551' title='bbox 1380 1307 1506 1326; x_wconf 77' lang='lat' dir='ltr'><strong>rosrtens</strong></span> <span class='ocrx_word' id='word_1_552' title='bbox 1528 1305 1615 1325; x_wconf 71' lang='lat' dir='ltr'><strong>cassus</strong></span> <span class='ocrx_word' id='word_1_553' title='bbox 1643 1304 1704 1323; x_wconf 73' lang='lat' dir='ltr'><strong>ssr.</strong></span> 
     </span>
    </p>
   </div>
   <div class='ocr_carea' id='block_1_84' title="bbox 921 1342 1707 1377">
    <p class='ocr_par' dir='ltr' id='par_1_84' title="bbox 921 1342 1707 1377">
     <span class='ocr_line' id='line_1_86' title="bbox 921 1342 1707 1377; baseline -0.013 0"><span class='ocrx_word' id='word_1_554' title='bbox 921 1350 1036 1377; x_wconf 78' lang='lat' dir='ltr'><strong>DIUTIUS</strong></span> <span class='ocrx_word' id='word_1_555' title='bbox 1045 1357 1127 1376; x_wconf 71' lang='lat' dir='ltr'><strong>suras</strong></span> <span class='ocrx_word' id='word_1_556' title='bbox 1144 1355 1244 1375; x_wconf 58' lang='lat' dir='ltr'><strong>pansas</strong></span> <span class='ocrx_word' id='word_1_557' title='bbox 1255 1354 1352 1374; x_wconf 83' lang='lat' dir='ltr'><strong>STETIT</strong></span> <span class='ocrx_word' id='word_1_558' title='bbox 1364 1352 1441 1372; x_wconf 74' lang='lat' dir='ltr'><strong>NL’DIS</strong></span> <span class='ocrx_word' id='word_1_559' title='bbox 1451 1350 1568 1371; x_wconf 78' lang='lat' dir='ltr'><strong>PEDIBUS.</strong></span> <span class='ocrx_word' id='word_1_560' title='bbox 1581 1342 1707 1373; x_wconf 71' lang='lat' dir='ltr'><strong>Eoounso</strong></span> 
     </span>
    </p>
   </div>
   <div class='ocr_carea' id='block_1_85' title="bbox 922 1394 1707 1426">
    <p class='ocr_par' dir='ltr' id='par_1_85' title="bbox 922 1394 1707 1426">
     <span class='ocr_line' id='line_1_87' title="bbox 922 1394 1707 1426; baseline -0.013 -3"><span class='ocrx_word' id='word_1_561' title='bbox 922 1402 1068 1426; x_wconf 69' lang='lat' dir='ltr'><strong>APPENSUS,</strong></span> <span class='ocrx_word' id='word_1_562' title='bbox 1085 1402 1173 1422; x_wconf 72' lang='lat' dir='ltr'><strong>DENUD</strong></span> <span class='ocrx_word' id='word_1_563' title='bbox 1192 1399 1380 1424; x_wconf 72' lang='lat' dir='ltr'><strong>\‘ERBERATUS,</strong></span> <span class='ocrx_word' id='word_1_564' title='bbox 1400 1399 1480 1418; x_wconf 71' lang='lat' dir='ltr'><strong>SUPER</strong></span> <span class='ocrx_word' id='word_1_565' title='bbox 1500 1396 1597 1416; x_wconf 71' lang='lat' dir='ltr'><strong>PLAGAS</strong></span> <span class='ocrx_word' id='word_1_566' title='bbox 1620 1394 1707 1418; x_wconf 70' lang='lat' dir='ltr'><strong>AQUAH</strong></span> 
     </span>
    </p>
   </div>
   <div class='ocr_carea' id='block_1_86' title="bbox 921 1435 1708 1469">
    <p class='ocr_par' dir='ltr' id='par_1_86' title="bbox 921 1435 1708 1469">
     <span class='ocr_line' id='line_1_88' title="bbox 921 1435 1708 1469; baseline -0.013 0"><span class='ocrx_word' id='word_1_567' title='bbox 921 1449 1034 1469; x_wconf 71' lang='lat' dir='ltr'><strong>RECEPIT</strong></span> <span class='ocrx_word' id='word_1_568' title='bbox 1051 1449 1230 1468; x_wconf 73' lang='lat' dir='ltr'><strong>FERVIDAM....</strong></span> <span class='ocrx_word' id='word_1_569' title='bbox 1245 1439 1400 1465; x_wconf 66' lang='lat' dir='ltr'><strong>Dsruucrus</strong></span> <span class='ocrx_word' id='word_1_570' title='bbox 1415 1445 1463 1463; x_wconf 64' lang='grc' dir='ltr'><strong>εει·</strong></span> <span class='ocrx_word' id='word_1_571' title='bbox 1481 1443 1528 1463; x_wconf 79' lang='lat' dir='ltr'><strong>sun</strong></span> <span class='ocrx_word' id='word_1_572' title='bbox 1543 1435 1708 1461; x_wconf 79' lang='lat' dir='ltr'><strong>VESPASIANO</strong></span> 
     </span>
    </p>
   </div>
   <div class='ocr_carea' id='block_1_87' title="bbox 921 1483 1636 1515">
    <p class='ocr_par' dir='ltr' id='par_1_87' title="bbox 921 1483 1636 1515">
     <span class='ocr_line' id='line_1_89' title="bbox 921 1483 1636 1515; baseline -0.014 0"><span class='ocrx_word' id='word_1_573' title='bbox 921 1487 1034 1515; x_wconf 54' lang='lat' dir='ltr'><strong>Casus</strong></span> <span class='ocrx_word' id='word_1_574' title='bbox 1050 1487 1177 1514; x_wconf 69' lang='lat' dir='ltr'><strong>Ancus-ro</strong></span> <span class='ocrx_word' id='word_1_575' title='bbox 1192 1494 1206 1512; x_wconf 64' lang='grc' dir='ltr'><strong>ς</strong></span> <span class='ocrx_word' id='word_1_576' title='bbox 1221 1485 1401 1511; x_wconf 54' lang='lat' dir='ltr'><strong>liam-nomon</strong></span> <span class='ocrx_word' id='word_1_577' title='bbox 1413 1483 1605 1509; x_wconf 70' lang='lat' dir='ltr'><strong>AUGUSTARUM.</strong></span> <span class='ocrx_word' id='word_1_578' title='bbox 1626 1489 1636 1505; x_wconf 72' lang='grc' dir='ltr'><strong>ι</strong></span> 
     </span>
    </p>
   </div>
   <div class='ocr_carea' id='block_1_88' title="bbox 960 1524 1709 1566">
    <p class='ocr_par' dir='ltr' id='par_1_88' title="bbox 960 1524 1709 1566">
     <span class='ocr_line' id='line_1_90' title="bbox 960 1524 1709 1566; baseline -0.015 -7"><span class='ocrx_word' id='word_1_579' title='bbox 960 1532 1037 1559; x_wconf 87' lang='lat' dir='ltr'><strong>Haud</strong></span> <span class='ocrx_word' id='word_1_580' title='bbox 1064 1531 1190 1566; x_wconf 89' lang='lat' dir='ltr'><strong>equidem</strong></span> <span class='ocrx_word' id='word_1_581' title='bbox 1219 1529 1311 1556; x_wconf 76' lang='lat' dir='ltr'><strong>nescio</strong></span> <span class='ocrx_word' id='word_1_582' title='bbox 1340 1526 1522 1554; x_wconf 87' lang='lat' dir='ltr'><strong>Mamachium</strong></span> <span class='ocrx_word' id='word_1_583' title='bbox 1542 1524 1574 1550; x_wconf 91' lang='lat' dir='ltr'><strong>V.</strong></span> <span class='ocrx_word' id='word_1_584' title='bbox 1592 1524 1621 1550; x_wconf 78' lang='grc' dir='ltr'><strong>Ο.</strong></span> <span class='ocrx_word' id='word_1_585' title='bbox 1647 1530 1709 1550; x_wconf 92' lang='lat' dir='ltr'><strong>cum</strong></span> 
     </span>
    </p>
   </div>
   <div class='ocr_carea' id='block_1_89' title="bbox 925 1568 1711 1614">
    <p class='ocr_par' dir='ltr' id='par_1_89' title="bbox 925 1568 1711 1614">
     <span class='ocr_line' id='line_1_91' title="bbox 925 1568 1711 1614; baseline -0.015 -8"><span class='ocrx_word' id='word_1_586' title='bbox 925 1579 996 1614; x_wconf 89' lang='lat' dir='ltr'><strong>apud</strong></span> <span class='ocrx_word' id='word_1_587' title='bbox 1017 1577 1149 1604; x_wconf 88' lang='lat' dir='ltr'><strong>llilarium</strong></span> <span class='ocrx_word' id='word_1_588' title='bbox 1165 1577 1225 1603; x_wconf 91' lang='lat' dir='ltr'><strong>loco</strong></span> <span class='ocrx_word' id='word_1_589' title='bbox 1245 1575 1371 1609; x_wconf 89' lang='lat' dir='ltr'><strong>superius</strong></span> <span class='ocrx_word' id='word_1_590' title='bbox 1393 1573 1527 1600; x_wconf 85' lang='lat' dir='ltr'><strong>adducto.</strong></span> <span class='ocrx_word' id='word_1_591' title='bbox 1545 1575 1601 1597; x_wconf 93' lang='lat' dir='ltr'><strong>tum</strong></span> <span class='ocrx_word' id='word_1_592' title='bbox 1623 1569 1649 1596; x_wconf 94' lang='lat' dir='ltr'><strong>in</strong></span> <span class='ocrx_word' id='word_1_593' title='bbox 1668 1568 1711 1595; x_wconf 88' lang='lat' dir='ltr'><strong>his</strong></span> 
     </span>
    </p>
   </div>
   <div class='ocr_carea' id='block_1_90' title="bbox 926 1614 1711 1659">
    <p class='ocr_par' dir='ltr' id='par_1_90' title="bbox 926 1614 1711 1659">
     <span class='ocr_line' id='line_1_92' title="bbox 926 1614 1711 1659; baseline -0.017 -7"><span class='ocrx_word' id='word_1_594' title='bbox 926 1625 955 1652; x_wconf 87' lang='lat' dir='ltr'><strong>S.</strong></span> <span class='ocrx_word' id='word_1_595' title='bbox 977 1623 1142 1659; x_wconf 85' lang='lat' dir='ltr'><strong>Apollinaris</strong></span> <span class='ocrx_word' id='word_1_596' title='bbox 1165 1621 1250 1653; x_wconf 81' lang='lat' dir='ltr'><strong>Actis,</strong></span> <span class='ocrx_word' id='word_1_597' title='bbox 1277 1618 1437 1654; x_wconf 83' lang='lat' dir='ltr'><strong>Vespasiani</strong></span> <span class='ocrx_word' id='word_1_598' title='bbox 1463 1616 1597 1644; x_wconf 88' lang='lat' dir='ltr'><strong>vocabulo</strong></span> <span class='ocrx_word' id='word_1_599' title='bbox 1617 1614 1711 1641; x_wconf 89' lang='lat' dir='ltr'><strong>Domi-</strong></span> 
     </span>
    </p>
   </div>
   <div class='ocr_carea' id='block_1_91' title="bbox 925 1659 1711 1703">
    <p class='ocr_par' dir='ltr' id='par_1_91' title="bbox 925 1659 1711 1703">
     <span class='ocr_line' id='line_1_93' title="bbox 925 1659 1711 1703; baseline -0.017 -5"><span class='ocrx_word' id='word_1_600' title='bbox 925 1672 1029 1699; x_wconf 88' lang='lat' dir='ltr'><strong>tianum</strong></span> <span class='ocrx_word' id='word_1_601' title='bbox 1053 1669 1226 1703; x_wconf 84' lang='lat' dir='ltr'><strong>designatum</strong></span> <span class='ocrx_word' id='word_1_602' title='bbox 1253 1672 1366 1693; x_wconf 82' lang='lat' dir='ltr'><strong>censere</strong></span> <span class='ocrx_word' id='word_1_603' title='bbox 1387 1664 1461 1698; x_wconf 81' lang='lat'><strong>(77);</strong></span> <span class='ocrx_word' id='word_1_604' title='bbox 1491 1669 1572 1697; x_wconf 85' lang='lat' dir='ltr'><strong>quem</strong></span> <span class='ocrx_word' id='word_1_605' title='bbox 1601 1659 1711 1695; x_wconf 91' lang='lat' dir='ltr'><strong>quidem</strong></span> 
     </span>
    </p>
   </div>
   <div class='ocr_carea' id='block_1_92' title="bbox 927 1707 1713 1752">
    <p class='ocr_par' dir='ltr' id='par_1_92' title="bbox 927 1707 1713 1752">
     <span class='ocr_line' id='line_1_94' title="bbox 927 1707 1713 1752; baseline -0.018 -8"><span class='ocrx_word' id='word_1_606' title='bbox 927 1720 1129 1752; x_wconf 90' lang='lat' dir='ltr'><strong>persecutorem</strong></span> <span class='ocrx_word' id='word_1_607' title='bbox 1153 1712 1248 1742; x_wconf 84' lang='lat' dir='ltr'><strong>fuisse.</strong></span> <span class='ocrx_word' id='word_1_608' title='bbox 1267 1718 1320 1738; x_wconf 87' lang='lat' dir='ltr'><strong>non</strong></span> <span class='ocrx_word' id='word_1_609' title='bbox 1348 1707 1620 1743; x_wconf 88' lang='lat' dir='ltr'><strong>itemVespasianum</strong></span> <span class='ocrx_word' id='word_1_610' title='bbox 1647 1712 1713 1731; x_wconf 83' lang='lat' dir='ltr'><strong>eoa-</strong></span> 
     </span>
    </p>
   </div>
   <div class='ocr_carea' id='block_1_93' title="bbox 927 1751 1714 1791">
    <p class='ocr_par' dir='ltr' id='par_1_93' title="bbox 927 1751 1714 1791">
     <span class='ocr_line' id='line_1_95' title="bbox 927 1751 1714 1791; baseline -0.019 -1"><span class='ocrx_word' id='word_1_611' title='bbox 927 1751 1000 1790; x_wconf 83' lang='lat' dir='ltr'><strong>stat:</strong></span> <span class='ocrx_word' id='word_1_612' title='bbox 1018 1769 1050 1789; x_wconf 87' lang='lat' dir='ltr'><strong>eo</strong></span> <span class='ocrx_word' id='word_1_613' title='bbox 1061 1760 1103 1787; x_wconf 92' lang='lat' dir='ltr'><strong>vel</strong></span> <span class='ocrx_word' id='word_1_614' title='bbox 1124 1758 1252 1790; x_wconf 86' lang='lat' dir='ltr'><strong>maxime,</strong></span> <span class='ocrx_word' id='word_1_615' title='bbox 1265 1756 1364 1791; x_wconf 81' lang='lat' dir='ltr'><strong>inquit,</strong></span> <span class='ocrx_word' id='word_1_616' title='bbox 1381 1754 1453 1790; x_wconf 91' lang='lat' dir='ltr'><strong>quod</strong></span> <span class='ocrx_word' id='word_1_617' title='bbox 1471 1754 1496 1779; x_wconf 92' lang='lat' dir='ltr'><strong>in</strong></span> <span class='ocrx_word' id='word_1_618' title='bbox 1513 1751 1634 1786; x_wconf 87' lang='lat' dir='ltr'><strong>antiquis</strong></span> <span class='ocrx_word' id='word_1_619' title='bbox 1654 1756 1714 1776; x_wconf 88' lang='lat' dir='ltr'><strong>uto-</strong></span> 
     </span>
    </p>
   </div>
   <div class='ocr_carea' id='block_1_94' title="bbox 928 1795 1712 1837">
    <p class='ocr_par' dir='ltr' id='par_1_94' title="bbox 928 1795 1712 1837">
     <span class='ocr_line' id='line_1_96' title="bbox 928 1795 1712 1837; baseline -0.018 -2"><span class='ocrx_word' id='word_1_620' title='bbox 928 1807 1065 1835; x_wconf 90' lang='lat' dir='ltr'><strong>numentis</strong></span> <span class='ocrx_word' id='word_1_621' title='bbox 1077 1804 1246 1832; x_wconf 90' lang='lat' dir='ltr'><strong>Domitianus</strong></span> <span class='ocrx_word' id='word_1_622' title='bbox 1258 1801 1421 1837; x_wconf 86' lang='lat' dir='ltr'><strong>quandoque</strong></span> <span class='ocrx_word' id='word_1_623' title='bbox 1431 1798 1618 1833; x_wconf 84' lang='lat' dir='ltr'><strong>Vespasianus</strong></span> <span class='ocrx_word' id='word_1_624' title='bbox 1629 1795 1712 1822; x_wconf 89' lang='lat' dir='ltr'><strong>etiam</strong></span> 
     </span>
    </p>
   </div>
   <div class='ocr_carea' id='block_1_95' title="bbox 928 1842 1711 1885">
    <p class='ocr_par' dir='ltr' id='par_1_95' title="bbox 928 1842 1711 1885">
     <span class='ocr_line' id='line_1_97' title="bbox 928 1842 1711 1885; baseline -0.02 -3"><span class='ocrx_word' id='word_1_625' title='bbox 928 1854 1073 1885; x_wconf 87' lang='lat' dir='ltr'><strong>voeitetur,</strong></span> <span class='ocrx_word' id='word_1_626' title='bbox 1089 1856 1118 1878; x_wconf 91' lang='lat' dir='ltr'><strong>ut</strong></span> <span class='ocrx_word' id='word_1_627' title='bbox 1131 1854 1204 1885; x_wconf 89' lang='lat' dir='ltr'><strong>patet</strong></span> <span class='ocrx_word' id='word_1_628' title='bbox 1213 1857 1246 1876; x_wconf 81' lang='lat' dir='ltr'><strong>ex</strong></span> <span class='ocrx_word' id='word_1_629' title='bbox 1263 1847 1439 1881; x_wconf 87' lang='lat' dir='ltr'><strong>inscriptione</strong></span> <span class='ocrx_word' id='word_1_630' title='bbox 1453 1844 1523 1879; x_wconf 89' lang='lat' dir='ltr'><strong>apud</strong></span> <span class='ocrx_word' id='word_1_631' title='bbox 1538 1842 1711 1870; x_wconf 85' lang='lat' dir='ltr'><strong>Hermolaum</strong></span> 
     </span>
    </p>
   </div>
   <div class='ocr_carea' id='block_1_96' title="bbox 929 1888 1713 1928">
    <p class='ocr_par' dir='ltr' id='par_1_96' title="bbox 929 1888 1713 1928">
     <span class='ocr_line' id='line_1_98' title="bbox 929 1888 1713 1928; baseline -0.018 0"><span class='ocrx_word' id='word_1_632' title='bbox 929 1900 1080 1928; x_wconf 87' lang='lat' dir='ltr'><strong>Barbarum</strong></span> <span class='ocrx_word' id='word_1_633' title='bbox 1101 1897 1143 1924; x_wconf 80' lang='lat' dir='ltr'><strong>Ad</strong></span> <span class='ocrx_word' id='word_1_634' title='bbox 1165 1895 1248 1922; x_wconf 78' lang='lat' dir='ltr'><strong>Plinii</strong></span> <span class='ocrx_word' id='word_1_635' title='bbox 1270 1894 1389 1928; x_wconf 79' lang='lat' dir='ltr'><strong>prwfat.,</strong></span> <span class='ocrx_word' id='word_1_636' title='bbox 1411 1899 1472 1926; x_wconf 74' lang='lat' dir='ltr'><strong>qua:</strong></span> <span class='ocrx_word' id='word_1_637' title='bbox 1497 1890 1536 1917; x_wconf 93' lang='lat' dir='ltr'><strong>sic</strong></span> <span class='ocrx_word' id='word_1_638' title='bbox 1557 1897 1586 1916; x_wconf 88' lang='lat' dir='ltr'><strong>se</strong></span> <span class='ocrx_word' id='word_1_639' title='bbox 1608 1888 1713 1915; x_wconf 83' lang='lat' dir='ltr'><strong>habet:</strong></span> 
     </span>
    </p>
   </div>
   <div class='ocr_carea' id='block_1_97' title="bbox 929 1934 1716 1974">
    <p class='ocr_par' dir='ltr' id='par_1_97' title="bbox 929 1934 1716 1974">
     <span class='ocr_line' id='line_1_99' title="bbox 929 1934 1716 1974; baseline -0.019 0"><span class='ocrx_word' id='word_1_640' title='bbox 929 1947 986 1974; x_wconf 76' lang='lat' dir='ltr'><strong>lup.</strong></span> <span class='ocrx_word' id='word_1_641' title='bbox 1001 1945 1073 1972; x_wconf 55' lang='lat' dir='ltr'><strong>Cius.</strong></span> <span class='ocrx_word' id='word_1_642' title='bbox 1095 1943 1274 1971; x_wconf 78' lang='lat' dir='ltr'><strong>DOMITIANUS.</strong></span> <span class='ocrx_word' id='word_1_643' title='bbox 1292 1939 1372 1967; x_wconf 76' lang='lat' dir='ltr'><strong>Vssr.</strong></span> <span class='ocrx_word' id='word_1_644' title='bbox 1390 1939 1456 1964; x_wconf 79' lang='lat' dir='ltr'><strong>Avo.</strong></span> <span class='ocrx_word' id='word_1_645' title='bbox 1477 1936 1565 1963; x_wconf 71' lang='lat' dir='ltr'><strong>Genu.</strong></span> <span class='ocrx_word' id='word_1_646' title='bbox 1580 1934 1650 1962; x_wconf 81' lang='lat' dir='ltr'><strong>Jovr.</strong></span> <span class='ocrx_word' id='word_1_647' title='bbox 1668 1934 1716 1961; x_wconf 81' lang='lat' dir='ltr'><strong>Vt-</strong></span> 
     </span>
    </p>
   </div>
   <div class='ocr_carea' id='block_1_98' title="bbox 931 1979 1716 2025">
    <p class='ocr_par' dir='ltr' id='par_1_98' title="bbox 931 1979 1716 2025">
     <span class='ocr_line' id='line_1_100' title="bbox 931 1979 1716 2025; baseline -0.019 -5"><span class='ocrx_word' id='word_1_648' title='bbox 931 2000 1021 2020; x_wconf 81' lang='lat' dir='ltr'><strong>CTOII.</strong></span> <span class='ocrx_word' id='word_1_649' title='bbox 1036 1990 1163 2025; x_wconf 84' lang='lat' dir='ltr'><strong>Ejusdem</strong></span> <span class='ocrx_word' id='word_1_650' title='bbox 1175 1989 1239 2015; x_wconf 90' lang='lat' dir='ltr'><strong>item</strong></span> <span class='ocrx_word' id='word_1_651' title='bbox 1254 1985 1395 2013; x_wconf 63' lang='lat' dir='ltr'><strong>sententia:</strong></span> <span class='ocrx_word' id='word_1_652' title='bbox 1405 1987 1522 2011; x_wconf 83' lang='lat' dir='ltr'><strong>sectator</strong></span> <span class='ocrx_word' id='word_1_653' title='bbox 1536 1981 1624 2008; x_wconf 87' lang='lat' dir='ltr'><strong>fuerat</strong></span> <span class='ocrx_word' id='word_1_654' title='bbox 1635 1979 1716 2008; x_wconf 84' lang='lat' dir='ltr'><strong>Arin-</strong></span> 
     </span>
    </p>
   </div>
   <div class='ocr_carea' id='block_1_99' title="bbox 933 2029 1715 2074">
    <p class='ocr_par' dir='ltr' id='par_1_99' title="bbox 933 2029 1715 2074">
     <span class='ocr_line' id='line_1_101' title="bbox 933 2029 1715 2074; baseline -0.018 -9"><span class='ocrx_word' id='word_1_655' title='bbox 933 2046 994 2074; x_wconf 85' lang='lat' dir='ltr'><strong>gus,</strong></span> <span class='ocrx_word' id='word_1_656' title='bbox 1007 2037 1116 2064; x_wconf 91' lang='lat' dir='ltr'><strong>titulum</strong></span> <span class='ocrx_word' id='word_1_657' title='bbox 1134 2033 1313 2069; x_wconf 85' lang='lat' dir='ltr'><strong>sepulcralcm</strong></span> <span class='ocrx_word' id='word_1_658' title='bbox 1339 2032 1420 2058; x_wconf 76' lang='lat' dir='ltr'><strong>modo</strong></span> <span class='ocrx_word' id='word_1_659' title='bbox 1439 2029 1550 2056; x_wconf 88' lang='lat' dir='ltr'><strong>allatum</strong></span> <span class='ocrx_word' id='word_1_660' title='bbox 1567 2033 1715 2061; x_wconf 83' lang='lat' dir='ltr'><strong>exponens.</strong></span> 
     </span>
    </p>
   </div>
   <div class='ocr_carea' id='block_1_100' title="bbox 933 2072 1717 2117">
    <p class='ocr_par' dir='ltr' id='par_1_100' title="bbox 933 2072 1717 2117">
     <span class='ocr_line' id='line_1_102' title="bbox 933 2072 1717 2117; baseline -0.018 -5"><span class='ocrx_word' id='word_1_661' title='bbox 933 2072 1003 2117; x_wconf 62' lang='lat' dir='ltr'><strong>Quid</strong></span> <span class='ocrx_word' id='word_1_662' title='bbox 1029 2082 1149 2117; x_wconf 82' lang='lat' dir='ltr'><strong>loquar?</strong></span> <span class='ocrx_word' id='word_1_663' title='bbox 1176 2080 1263 2107; x_wconf 85' lang='lat' dir='ltr'><strong>Esto:</strong></span> <span class='ocrx_word' id='word_1_664' title='bbox 1294 2078 1380 2113; x_wconf 87' lang='lat' dir='ltr'><strong>patris</strong></span> <span class='ocrx_word' id='word_1_665' title='bbox 1409 2083 1508 2102; x_wconf 86' lang='lat' dir='ltr'><strong>nomen</strong></span> <span class='ocrx_word' id='word_1_666' title='bbox 1539 2072 1717 2105; x_wconf 87' lang='lat' dir='ltr'><strong>assumpserit</strong></span> 
     </span>
    </p>
   </div>
   <div class='ocr_carea' id='block_1_101' title="bbox 934 2119 1719 2164">
    <p class='ocr_par' dir='ltr' id='par_1_101' title="bbox 934 2119 1719 2164">
     <span class='ocr_line' id='line_1_103' title="bbox 934 2119 1719 2164; baseline -0.014 -7"><span class='ocrx_word' id='word_1_667' title='bbox 934 2137 1038 2164; x_wconf 91' lang='lat' dir='ltr'><strong>suoque</strong></span> <span class='ocrx_word' id='word_1_668' title='bbox 1055 2127 1190 2155; x_wconf 86' lang='lat' dir='ltr'><strong>addiderit</strong></span> <span class='ocrx_word' id='word_1_669' title='bbox 1206 2124 1387 2156; x_wconf 89' lang='lat' dir='ltr'><strong>Domitianus,</strong></span> <span class='ocrx_word' id='word_1_670' title='bbox 1410 2122 1532 2156; x_wconf 87' lang='lat' dir='ltr'><strong>adeoque</strong></span> <span class='ocrx_word' id='word_1_671' title='bbox 1544 2119 1719 2151; x_wconf 82' lang='lat' dir='ltr'><strong>Domitianus</strong></span> 
     </span>
    </p>
   </div>
   <div class='ocr_carea' id='block_1_102' title="bbox 899 2163 1719 2212">
    <p class='ocr_par' dir='ltr' id='par_1_102' title="bbox 899 2163 1719 2212">
     <span class='ocr_line' id='line_1_104' title="bbox 899 2163 1719 2212; baseline -0.017 -8"><span class='ocrx_word' id='word_1_672' title='bbox 899 2175 1120 2212; x_wconf 75' lang='lat' dir='ltr'><strong>DVespasianus</strong></span> <span class='ocrx_word' id='word_1_673' title='bbox 1149 2172 1230 2199; x_wconf 89' lang='lat' dir='ltr'><strong>fuerit</strong></span> <span class='ocrx_word' id='word_1_674' title='bbox 1268 2169 1415 2204; x_wconf 89' lang='lat' dir='ltr'><strong>aliquando</strong></span> <span class='ocrx_word' id='word_1_675' title='bbox 1443 2166 1617 2201; x_wconf 86' lang='lat' dir='ltr'><strong>appellatus;</strong></span> <span class='ocrx_word' id='word_1_676' title='bbox 1645 2163 1719 2199; x_wconf 89' lang='lat' dir='ltr'><strong>quod</strong></span> 
     </span>
    </p>
   </div>
   <div class='ocr_carea' id='block_1_103' title="bbox 934 2210 1721 2250">
    <p class='ocr_par' dir='ltr' id='par_1_103' title="bbox 934 2210 1721 2250">
     <span class='ocr_line' id='line_1_105' title="bbox 934 2210 1721 2250; baseline -0.019 0"><span class='ocrx_word' id='word_1_677' title='bbox 934 2230 1000 2250; x_wconf 86' lang='lat' dir='ltr'><strong>sane</strong></span> <span class='ocrx_word' id='word_1_678' title='bbox 1011 2226 1067 2248; x_wconf 88' lang='lat' dir='ltr'><strong>tum</strong></span> <span class='ocrx_word' id='word_1_679' title='bbox 1085 2228 1117 2246; x_wconf 84' lang='lat' dir='ltr'><strong>ex</strong></span> <span class='ocrx_word' id='word_1_680' title='bbox 1132 2217 1326 2249; x_wconf 86' lang='lat' dir='ltr'><strong>marmoribus,</strong></span> <span class='ocrx_word' id='word_1_681' title='bbox 1343 2220 1399 2242; x_wconf 90' lang='lat' dir='ltr'><strong>tum</strong></span> <span class='ocrx_word' id='word_1_682' title='bbox 1421 2222 1454 2241; x_wconf 79' lang='lat' dir='ltr'><strong>ex</strong></span> <span class='ocrx_word' id='word_1_683' title='bbox 1471 2212 1592 2240; x_wconf 80' lang='lat' dir='ltr'><strong>nummis</strong></span> <span class='ocrx_word' id='word_1_684' title='bbox 1612 2211 1645 2238; x_wconf 88' lang='lat' dir='ltr'><strong>de</strong></span> <span class='ocrx_word' id='word_1_685' title='bbox 1661 2210 1721 2236; x_wconf 90' lang='lat' dir='ltr'><strong>Tito</strong></span> 
     </span>
    </p>
   </div>
   <div class='ocr_carea' id='block_1_104' title="bbox 934 2256 1722 2301">
    <p class='ocr_par' dir='ltr' id='par_1_104' title="bbox 934 2256 1722 2301">
     <span class='ocr_line' id='line_1_106' title="bbox 934 2256 1722 2301; baseline -0.018 -6"><span class='ocrx_word' id='word_1_686' title='bbox 934 2269 1015 2295; x_wconf 85' lang='lat' dir='ltr'><strong>etiam</strong></span> <span class='ocrx_word' id='word_1_687' title='bbox 1039 2267 1134 2301; x_wconf 77' lang='lat' dir='ltr'><strong>liquet.</strong></span> <span class='ocrx_word' id='word_1_688' title='bbox 1156 2263 1255 2291; x_wconf 84' lang='lat' dir='ltr'><strong>Verum</strong></span> <span class='ocrx_word' id='word_1_689' title='bbox 1274 2268 1304 2289; x_wconf 85' lang='lat' dir='ltr'><strong>ut</strong></span> <span class='ocrx_word' id='word_1_690' title='bbox 1326 2269 1382 2289; x_wconf 89' lang='lat' dir='ltr'><strong>rem</strong></span> <span class='ocrx_word' id='word_1_691' title='bbox 1403 2260 1512 2287; x_wconf 83' lang='lat' dir='ltr'><strong>tandem</strong></span> <span class='ocrx_word' id='word_1_692' title='bbox 1538 2257 1664 2285; x_wconf 88' lang='lat' dir='ltr'><strong>conﬁciat</strong></span> <span class='ocrx_word' id='word_1_693' title='bbox 1679 2256 1722 2282; x_wconf 94' lang='lat' dir='ltr'><strong>vir</strong></span> 
     </span>
    </p>
   </div>
   <div class='ocr_carea' id='block_1_105' title="bbox 934 2303 1721 2346">
    <p class='ocr_par' dir='ltr' id='par_1_105' title="bbox 934 2303 1721 2346">
     <span class='ocr_line' id='line_1_107' title="bbox 934 2303 1721 2346; baseline -0.018 -5"><span class='ocrx_word' id='word_1_694' title='bbox 934 2315 1048 2345; x_wconf 86' lang='lat' dir='ltr'><strong>doctus,</strong></span> <span class='ocrx_word' id='word_1_695' title='bbox 1064 2313 1173 2346; x_wconf 90' lang='lat' dir='ltr'><strong>vimque</strong></span> <span class='ocrx_word' id='word_1_696' title='bbox 1197 2309 1391 2336; x_wconf 85' lang='lat' dir='ltr'><strong>auetoritatum</strong></span> <span class='ocrx_word' id='word_1_697' title='bbox 1408 2311 1490 2340; x_wconf 87' lang='lat' dir='ltr'><strong>atque</strong></span> <span class='ocrx_word' id='word_1_698' title='bbox 1513 2303 1721 2337; x_wconf 86' lang='lat' dir='ltr'><strong>inscriptionum</strong></span> 
     </span>
    </p>
   </div>
   <div class='ocr_carea' id='block_1_106' title="bbox 934 2348 1722 2395">
    <p class='ocr_par' dir='ltr' id='par_1_106' title="bbox 934 2348 1722 2395">
     <span class='ocr_line' id='line_1_108' title="bbox 934 2348 1722 2395; baseline -0.019 -7"><span class='ocrx_word' id='word_1_699' title='bbox 934 2368 1004 2395; x_wconf 88' lang='lat' dir='ltr'><strong>quas</strong></span> <span class='ocrx_word' id='word_1_700' title='bbox 1016 2359 1043 2386; x_wconf 93' lang='lat' dir='ltr'><strong>in</strong></span> <span class='ocrx_word' id='word_1_701' title='bbox 1059 2358 1177 2386; x_wconf 81' lang='lat' dir='ltr'><strong>medium</strong></span> <span class='ocrx_word' id='word_1_702' title='bbox 1191 2356 1273 2383; x_wconf 90' lang='lat' dir='ltr'><strong>modo</strong></span> <span class='ocrx_word' id='word_1_703' title='bbox 1283 2354 1447 2390; x_wconf 90' lang='lat' dir='ltr'><strong>protulimus</strong></span> <span class='ocrx_word' id='word_1_704' title='bbox 1460 2357 1573 2386; x_wconf 85' lang='lat' dir='ltr'><strong>prorsus</strong></span> <span class='ocrx_word' id='word_1_705' title='bbox 1582 2348 1722 2382; x_wconf 82' lang='lat' dir='ltr'><strong>infringat,</strong></span> 
     </span>
    </p>
   </div>
   <div class='ocr_carea' id='block_1_107' title="bbox 936 2393 1723 2437">
    <p class='ocr_par' dir='ltr' id='par_1_107' title="bbox 936 2393 1723 2437">
     <span class='ocr_line' id='line_1_109' title="bbox 936 2393 1723 2437; baseline -0.02 -2"><span class='ocrx_word' id='word_1_706' title='bbox 936 2393 1143 2434; x_wconf 76' lang='lat' dir='ltr'><strong>monumentum</strong></span> <span class='ocrx_word' id='word_1_707' title='bbox 1167 2401 1279 2437; x_wconf 86' lang='lat' dir='ltr'><strong>aliquod</strong></span> <span class='ocrx_word' id='word_1_708' title='bbox 1299 2408 1359 2427; x_wconf 87' lang='lat' dir='ltr'><strong>meo</strong></span> <span class='ocrx_word' id='word_1_709' title='bbox 1378 2398 1488 2433; x_wconf 77' lang='lat' dir='ltr'><strong>quidem</strong></span> <span class='ocrx_word' id='word_1_710' title='bbox 1505 2395 1611 2431; x_wconf 87' lang='lat' dir='ltr'><strong>judicio</strong></span> <span class='ocrx_word' id='word_1_711' title='bbox 1624 2393 1723 2420; x_wconf 84' lang='lat' dir='ltr'><strong>excitet</strong></span> 
     </span>
    </p>
   </div>
   <div class='ocr_carea' id='block_1_108' title="bbox 937 2438 1723 2482">
    <p class='ocr_par' dir='ltr' id='par_1_108' title="bbox 937 2438 1723 2482">
     <span class='ocr_line' id='line_1_110' title="bbox 937 2438 1723 2482; baseline -0.025 1"><span class='ocrx_word' id='word_1_712' title='bbox 937 2461 1049 2482; x_wconf 83' lang='lat' dir='ltr'><strong>necesse</strong></span> <span class='ocrx_word' id='word_1_713' title='bbox 1067 2457 1109 2480; x_wconf 86' lang='lat' dir='ltr'><strong>est</strong></span> <span class='ocrx_word' id='word_1_714' title='bbox 1126 2449 1311 2477; x_wconf 81' lang='lat' dir='ltr'><strong>indubitanter</strong></span> <span class='ocrx_word' id='word_1_715' title='bbox 1330 2444 1550 2474; x_wconf 87' lang='lat' dir='ltr'><strong>Domitianeum;</strong></span> <span class='ocrx_word' id='word_1_716' title='bbox 1573 2447 1628 2474; x_wconf 82' lang='lat' dir='ltr'><strong>quo</strong></span> <span class='ocrx_word' id='word_1_717' title='bbox 1642 2438 1723 2465; x_wconf 89' lang='lat' dir='ltr'><strong>nitni-</strong></span> 
     </span>
    </p>
   </div>
   <div class='ocr_carea' id='block_1_109' title="bbox 937 2484 1724 2532">
    <p class='ocr_par' dir='ltr' id='par_1_109' title="bbox 937 2484 1724 2532">
     <span class='ocr_line' id='line_1_111' title="bbox 937 2484 1724 2532; baseline -0.023 -4"><span class='ocrx_word' id='word_1_718' title='bbox 937 2508 997 2528; x_wconf 86' lang='lat' dir='ltr'><strong>rum</strong></span> <span class='ocrx_word' id='word_1_719' title='bbox 1011 2501 1181 2532; x_wconf 86' lang='lat' dir='ltr'><strong>compertum</strong></span> <span class='ocrx_word' id='word_1_720' title='bbox 1203 2494 1249 2521; x_wconf 88' lang='lat' dir='ltr'><strong>ﬁat</strong></span> <span class='ocrx_word' id='word_1_721' title='bbox 1273 2491 1468 2520; x_wconf 84' lang='lat' dir='ltr'><strong>Domitianum,</strong></span> <span class='ocrx_word' id='word_1_722' title='bbox 1487 2486 1597 2522; x_wconf 89' lang='lat' dir='ltr'><strong>proprio</strong></span> <span class='ocrx_word' id='word_1_723' title='bbox 1612 2484 1724 2512; x_wconf 89' lang='lat' dir='ltr'><strong>nomine</strong></span> 
     </span>
    </p>
   </div>
   <div class='ocr_carea' id='block_1_110' title="bbox 974 2551 1723 2622">
    <p class='ocr_par' dir='ltr' id='par_1_110' title="bbox 974 2551 1723 2622">
     <span class='ocr_line' id='line_1_112' title="bbox 974 2551 1723 2600; baseline -0.021 -7"><span class='ocrx_word' id='word_1_724' title='bbox 974 2565 1030 2600; x_wconf 74' lang='lat'><strong>(75)</strong></span> <span class='ocrx_word' id='word_1_725' title='bbox 1050 2563 1154 2599; x_wconf 81' lang='lat' dir='ltr'><strong>Agnell.</strong></span> <span class='ocrx_word' id='word_1_726' title='bbox 1170 2558 1337 2595; x_wconf 75' lang='lat' dir='ltr'><strong>Lib:pontif.</strong></span> <span class='ocrx_word' id='word_1_727' title='bbox 1352 2557 1423 2584; x_wconf 85' lang='lat' dir='ltr'><strong>inter</strong></span> <span class='ocrx_word' id='word_1_728' title='bbox 1436 2555 1567 2590; x_wconf 80' lang='lat' dir='ltr'><strong>Scriptor.</strong></span> <span class='ocrx_word' id='word_1_729' title='bbox 1580 2560 1632 2579; x_wconf 80' lang='lat' dir='ltr'><strong>rer.</strong></span> <span class='ocrx_word' id='word_1_730' title='bbox 1645 2551 1723 2583; x_wconf 67' lang='grc' dir='ltr'>Ῑηιιη</span> 
     </span>
     <span class='ocr_line' id='line_1_113' title="bbox 976 2596 1710 2622; baseline -0.012 0"><span class='ocrx_word' id='word_1_731' title='bbox 976 2611 992 2622; x_wconf 84' lang='lat' dir='ltr'><strong>u</strong></span> <span class='ocrx_word' id='word_1_732' title='bbox 1024 2600 1043 2622; x_wconf 92' lang='lat' dir='ltr'><strong>ll</strong></span> <span class='ocrx_word' id='word_1_733' title='bbox 1068 2603 1138 2622; x_wconf 82' lang='lat' dir='ltr'><strong>nart.</strong></span> <span class='ocrx_word' id='word_1_734' title='bbox 1154 2606 1172 2622; x_wconf 90' lang='grc' dir='ltr'>ι.</span> <span class='ocrx_word' id='word_1_735' title='bbox 1186 2605 1212 2622; x_wconf 92' lang='lat' dir='ltr'><strong>n.</strong></span> <span class='ocrx_word' id='word_1_736' title='bbox 1229 2596 1289 2622; x_wconf 70' lang='lat' dir='ltr'><strong>Hi.</strong></span> <span class='ocrx_word' id='word_1_737' title='bbox 1702 2620 1710 2622; x_wconf 20' lang='grc' dir='ltr'><strong>Ξ</strong></span> 
     </span>
    </p>
   </div>
   <div class='ocr_carea' id='block_1_111' title="bbox 938 2596 1289 2631">
    <p class='ocr_par' dir='ltr' id='par_1_111' title="bbox 938 2596 1289 2631">
     <span class='ocr_line' id='line_1_114' title="bbox 938 2596 1289 2631; baseline -0.026 -1"><span class='ocrx_word' id='word_1_738' title='bbox 938 2596 1006 2630; x_wconf 80' lang='lat' dir='ltr'><strong>lout.</strong></span> <span class='ocrx_word' id='word_1_739' title='bbox 1023 2596 1055 2631; x_wconf 80' lang='lat' dir='ltr'><strong>ll,</strong></span> <span class='ocrx_word' id='word_1_740' title='bbox 1068 2596 1138 2631; x_wconf 80' lang='lat' dir='ltr'><strong>part.</strong></span> <span class='ocrx_word' id='word_1_741' title='bbox 1154 2606 1172 2628; x_wconf 84' lang='grc' dir='ltr'>ι,</span> <span class='ocrx_word' id='word_1_742' title='bbox 1186 2605 1212 2630; x_wconf 86' lang='lat' dir='ltr'><strong>p.</strong></span> <span class='ocrx_word' id='word_1_743' title='bbox 1229 2596 1289 2622; x_wconf 75' lang='lat' dir='ltr'><strong>Mt.</strong></span> 
     </span>
    </p>
   </div>
   <div class='ocr_carea' id='block_1_112' title="bbox 974 2605 1723 2671">
    <p class='ocr_par' dir='ltr' id='par_1_112' title="bbox 974 2605 1723 2671">
     <span class='ocr_line' id='line_1_115' title="bbox 976 2605 1289 2634; baseline -0.022 -6"><span class='ocrx_word' id='word_1_744' title='bbox 976 2611 1006 2628; x_wconf 83' lang='grc' dir='ltr'>ιι.</span> <span class='ocrx_word' id='word_1_745' title='bbox 1024 2605 1055 2631; x_wconf 85' lang='grc' dir='ltr'><strong>ΙΙ,</strong></span> <span class='ocrx_word' id='word_1_746' title='bbox 1068 2605 1138 2634; x_wconf 86' lang='lat' dir='ltr'><strong>part.</strong></span> <span class='ocrx_word' id='word_1_747' title='bbox 1154 2606 1172 2628; x_wconf 84' lang='grc' dir='ltr'>ι,</span> <span class='ocrx_word' id='word_1_748' title='bbox 1186 2605 1212 2630; x_wconf 79' lang='grc' dir='ltr'><strong>[ι.</strong></span> <span class='ocrx_word' id='word_1_749' title='bbox 1229 2605 1289 2622; x_wconf 70' lang='lat' dir='ltr'><strong>rat.</strong></span> 
     </span>
     <span class='ocr_line' id='line_1_116' title="bbox 974 2620 1723 2671; baseline -0.023 -8"><span class='ocrx_word' id='word_1_750' title='bbox 974 2636 1030 2671; x_wconf 79' lang='lat'><strong>(76)</strong></span> <span class='ocrx_word' id='word_1_751' title='bbox 1051 2635 1152 2671; x_wconf 81' lang='lat' dir='ltr'><strong>Ano_n_._</strong></span> <span class='ocrx_word' id='word_1_752' title='bbox 1163 2631 1256 2671; x_wconf 41' lang='lat' dir='ltr'><strong>Siti-cit.</strong></span> <span class='ocrx_word' id='word_1_753' title='bbox 1267 2666 1272 2671; x_wconf 41' lang='lat'><strong><em>.</em></strong></span> <span class='ocrx_word' id='word_1_754' title='bbox 1285 2629 1399 2671; x_wconf 61' lang='lat' dir='ltr'><strong>Rawmt;</strong></span> <span class='ocrx_word' id='word_1_755' title='bbox 1408 2626 1496 2671; x_wconf 20' lang='lat' dir='ltr'><strong>Vbist:</strong></span> 
     </span>
    </p>
   </div>
   <div class='ocr_carea' id='block_1_113' title="bbox 938 2659 1725 2708">
    <p class='ocr_par' dir='ltr' id='par_1_113' title="bbox 938 2659 1725 2708">
     <span class='ocr_line' id='line_1_117' title="bbox 938 2659 1725 2708; baseline -0.022 -9"><span class='ocrx_word' id='word_1_756' title='bbox 938 2659 1169 2708; x_wconf 34' lang='grc' dir='ltr'><strong>ρηξίίίιξῖρίὃιιι.</strong></span> <span class='ocrx_word' id='word_1_757' title='bbox 1184 2659 1290 2708; x_wconf 50' lang='lat' dir='ltr'><strong>Vitlc&#39;sis</strong></span> <span class='ocrx_word' id='word_1_758' title='bbox 1305 2671 1364 2699; x_wconf 71' lang='lat' dir='ltr'><strong>qua:</strong></span> <span class='ocrx_word' id='word_1_759' title='bbox 1384 2660 1588 2708; x_wconf 42' lang='lat' dir='ltr'><strong>dﬁVq’cspasiani</strong></span> <span class='ocrx_word' id='word_1_760' title='bbox 1601 2659 1725 2693; x_wconf 82' lang='lat' dir='ltr'><strong>jus&#39;sione</strong></span> 
     </span>
    </p>
   </div>
   <div class='ocr_carea' id='block_1_114' title="bbox 940 2697 1461 2735">
    <p class='ocr_par' dir='ltr' id='par_1_114' title="bbox 940 2697 1461 2735">
     <span class='ocr_line' id='line_1_118' title="bbox 940 2697 1461 2735; baseline -0.023 0"><span class='ocrx_word' id='word_1_761' title='bbox 940 2697 1022 2735; x_wconf 51' lang='lat' dir='ltr'><strong>iam</strong></span> <span class='ocrx_word' id='word_1_762' title='bbox 1041 2697 1111 2732; x_wconf 64' lang='lat' dir='ltr'><strong>idem</strong></span> <span class='ocrx_word' id='word_1_763' title='bbox 1128 2709 1233 2729; x_wconf 77' lang='lat' dir='ltr'><strong>auctor.</strong></span> <span class='ocrx_word' id='word_1_764' title='bbox 1247 2702 1265 2727; x_wconf 96' lang='lat' dir='ltr'><strong>l.</strong></span> <span class='ocrx_word' id='word_1_765' title='bbox 1284 2697 1384 2734; x_wconf 49' lang='lat' dir='ltr'><strong>cfpag.</strong></span> <span class='ocrx_word' id='word_1_766' title='bbox 1399 2697 1461 2735; x_wconf 64' lang='grc'><strong>557).</strong></span> 
     </span>
    </p>
   </div>
   <div class='ocr_carea' id='block_1_115' title="bbox 974 2726 1724 2776">
    <p class='ocr_par' dir='ltr' id='par_1_115' title="bbox 974 2726 1724 2776">
     <span class='ocr_line' id='line_1_119' title="bbox 974 2726 1724 2776; baseline -0.019 -9"><span class='ocrx_word' id='word_1_767' title='bbox 1210 2726 1314 2770; x_wconf 56' lang='lat' dir='ltr'><strong>origin.</strong></span> <span class='ocrx_word' id='word_1_768' title='bbox 1325 2726 1473 2767; x_wconf 46' lang='lat' dir='ltr'><strong>letJantiqq.</strong></span> <span class='ocrx_word' id='word_1_769' title='bbox 1491 2730 1602 2762; x_wconf 69' lang='lat' dir='ltr'><strong>Cltrt&#39;st.,</strong></span> <span class='ocrx_word' id='word_1_770' title='bbox 1619 2734 1685 2756; x_wconf 82' lang='lat' dir='ltr'><strong>tom.</strong></span> <span class='ocrx_word' id='word_1_771' title='bbox 1703 2726 1724 2759; x_wconf 77' lang='grc' dir='ltr'><strong>Ι,</strong></span> 
     </span>
    </p>
   </div>
   <div class='ocr_carea' id='block_1_116' title="bbox 940 2774 1164 2813">
    <p class='ocr_par' dir='ltr' id='par_1_116' title="bbox 940 2774 1164 2813">
     <span class='ocr_line' id='line_1_120' title="bbox 940 2774 1164 2813; baseline -0.013 -9"><span class='ocrx_word' id='word_1_772' title='bbox 940 2786 968 2813; x_wconf 72' lang='grc' dir='ltr'><strong>ρ,</strong></span> <span class='ocrx_word' id='word_1_773' title='bbox 980 2774 1044 2807; x_wconf 63' lang='lat' dir='ltr'><strong>Hi,</strong></span> <span class='ocrx_word' id='word_1_774' title='bbox 1061 2778 1118 2802; x_wconf 84' lang='lat' dir='ltr'><strong>not.</strong></span> <span class='ocrx_word' id='word_1_775' title='bbox 1137 2774 1164 2801; x_wconf 85' lang='grc'><strong>6.</strong></span> 
     </span>
    </p>
   </div>
  </div>
