1916 3099
194 111 264 140 I'2l5

604 109 905 138 PIIESBYTEIIORUM
930 108 974 137 ET
991 108 1217 139 DIACONORUM
1236 110 1376 139 ACHALE

1751 111 1825 139 1216

192 170 316 203 omisso,
334 168 535 204 Vespasianum
557 168 719 203 simpliciter
740 167 826 195 fuisse
843 172 979 195 vocatum.
996 169 1019 199 Α
1033 176 1136 202 χυψτες,
1152 176 1202 196 sua
1220 169 1320 197 veritas
1341 173 1463 204 constet;
1485 168 1552 197 nihil
1568 176 1619 197 nos
1633 170 1719 205 cogit,
1735 174 1767 196 ut
1787 169 1822 196 ad

193 216 302 244 Interim
320 223 385 243 vero
395 216 482 243 donec
498 215 523 242 id
540 219 657 250 pra‘stct,
670 214 864 249 Vespasianum
878 219 979 249 patrem

191 263 282 291 allatis
301 263 328 289 in
344 263 413 290 locis
425 262 548 297 accipere
562 261 641 289 nobis
661 269 708 296 per
721 262 810 296 ipsum
825 261 914 289 liccat.

230 308 278 335 Vix
304 309 369 335 dum
393 309 451 336 inec
466 308 645 341 scripseram,
668 315 730 335 cum
748 308 896 342 elegantem
910 306 981 334 Lau-

192 354 272 381 rentii
294 353 411 381 Pataroli
435 354 577 389 epistolam
603 353 691 389 legere
710 354 822 389 contigit
845 354 912 389 (78),
926 361 980 389 qua

192 400 235 426 vir
250 401 375 428 eruditus
398 400 537 435 singulare
561 400 698 427 numisma
720 400 861 428 illustrans
884 401 981 435 hujus-

193 447 266 473 modi
308 446 486 481 inscriptione
525 446 685 481 signatum,
722 446 981 473 ΟΥΕΣΠΛΣΙΛΝΟΣ

191 491 388 523 ΝΕΩῚἘΡΗΣ,
411 491 472 518 Τίιο
493 491 652 526 Vespasiani
677 492 733 519 lilio
759 492 847 526 ipsum
870 494 978 521 asserit.

192 538 279 564 Aliter
292 543 381 565 tamen
396 542 531 565 statuerat
550 538 729 566 doctissimus
750 537 917 572 llarduinus,
932 541 980 575 qui

193 584 299 618 primus
322 584 392 611 idem
407 585 544 611 numisma
559 583 680 619 vulgavit
692 585 767 618 (79);
791 586 899 613 cautius
915 594 979 613 vero

193 629 367 661 Frmlicliius,
382 630 423 656 vir
437 629 462 656 in
477 637 505 657 re
518 631 671 657 nummaria
684 630 762 658 facile
775 631 902 666 princeps
913 633 979 667 (80).

193 674 293 701 Verum
320 680 458 709 utcunque
479 675 589 702 demum
606 682 650 702 res
672 682 702 702 se
727 675 842 708 habeat,
867 676 980 710 hujusce

192 719 367 746 munisrnalis
388 719 551 746 auctoritate
567 727 656 754 neque
676 719 840 746 sententiam
856 725 978 747 nostram

191 766 225 794 de
246 765 468 793 Christianorum
491 771 666 800 persecutore
691 764 858 800 Vespasiano
882 766 977 799 everti,

191 819 280 846 neque
306 811 459 845 oppositam
491 810 635 838 Mamachii
670 811 855 846 conjecturam
887 811 977 840 fulciri

190 865 272 884 nemo
295 865 349 884 non
369 856 463 884 videt:
487 857 622 892 siquidem
647 857 674 884 in
705 857 892 885 monumentis
917 866 978 893 qua:

190 903 351 936 attulimus,
382 903 474 930 nullus
503 903 647 930 character
672 903 802 938 nullaque
833 903 977 938 peculiaris

190 954 254 976 uota
277 949 455 984 perhibetur,
485 955 516 977 ut
544 949 588 976 hic
618 957 684 977 sane
707 957 760 977 vox
781 949 977 984 ΝΕΩΤΕΡΟΣ,

188 995 269 1030 cujus
291 995 316 1023 vi
336 995 420 1022 alium
435 1003 450 1022 a
467 994 634 1030 Vespasiano
656 1000 734 1031 patre
751 1003 900 1031 agnoscere
915 996 978 1031 jure

188 1048 331 1075 cogamur.

225 1087 276 1114 Sed
291 1095 356 1115 ecce
371 1087 419 1115 tibi
434 1088 518 1115 alium
535 1088 640 1116 obicem
652 1108 660 1119 ,
680 1088 754 1115 hunc
778 1087 867 1123 ipsum
886 1088 976 1116 locum

188 1133 366 1168 attingentem
381 1133 415 1161 de
430 1141 485 1168 quo
506 1134 624 1169 agimus,
649 1134 721 1161 haud
739 1141 806 1161 sane
819 1139 978 1170 praetergre-

187 1179 326 1206 diendam.
335 1179 470 1207 Observat
479 1181 607 1208 nimirum
620 1179 804 1207 Florentinius
816 1180 884 1216 (8i),
894 1188 976 1215 quem

187 1224 285 1252 deinde
305 1230 417 1253 secutus
431 1230 473 1252 est
494 1225 686 1253 Tillemontius
698 1225 765 1260 (82),
785 1225 897 1261 Egeam
913 1234 977 1261 pro-

187 1270 330 1297 consulem
360 1270 396 1297 ita
421 1276 547 1298 sanetum
574 1272 730 1306 apostolum
759 1271 846 1298 fuisse
872 1271 976 1299 allocu-

187 1319 245 1341 tum
257 1314 335 1349 (85):
355 1324 364 1340 ι
381 1315 420 1342 Τυ
440 1324 470 1343 es
485 1317 609 1344 Andreas
622 1338 629 1349 ,
653 1316 747 1351 qui....
767 1317 866 1344 suades
887 1317 977 1344 homi-

187 1360 268 1387 nibus
287 1361 508 1395 supcrstitiosazu
522 1361 596 1388 illam
614 1366 717 1389 sectam
732 1370 814 1397 quam
830 1370 916 1397 nuper
929 1363 976 1390 de-

187 1409 286 1432 lectam
304 1405 420 1432 Romani
438 1406 577 1441 principes
597 1407 773 1434 exterminari
791 1407 948 1442 jusserunt?
961 1417 973 1434 ι

188 1450 265 1478 linde
285 1451 345 1478 viro
368 1452 475 1478 erudito
494 1453 576 1480 verba
602 1452 646 1479 illa
669 1453 696 1479 in
719 1460 834 1480 numero
852 1454 975 1481 multitu-

1034 214 1179 242 Domitiani
1203 223 1291 251 usque
1316 222 1421 251 tempus
1444 224 1623 244 exeurramus
1647 237 1653 243 .
1675 216 1733 244 imo
1755 223 1826 243 vero

1032 261 1100 287 nihil
1123 269 1173 289 nos
1195 261 1320 296 prohibet
1340 262 1406 296 quin
1422 262 1515 290 eadem
1534 261 1615 289 verba
1633 262 1692 289 sive
1708 261 1743 289 de
1767 260 1824 289 Vc-

1032 307 1160 342 spasiano
1179 307 1294 342 ejusque
1316 307 1379 335 liliis
1395 307 1456 334 Tito
1476 312 1502 335 et
1519 307 1677 334 Domitiano
1699 306 1824 341 accipia-

1031 362 1111 386 mus;
1130 362 1246 388 quorum
1262 354 1306 381 hic
1322 362 1408 389 usque
1424 355 1458 381 ab
1479 361 1552 381 anno
1568 353 1606 388 Ι69
1626 353 1745 388 imperio
1763 352 1823 381 Ca-

1031 407 1110 427 sarco
1125 406 1283 433 exornatus,
1301 401 1345 429 ille
1365 409 1429 429 vero
1446 409 1518 436 ιιιιιι.1
1531 401 1561 428 71
1589 399 1698 435 imperii
1714 399 1821 434 collega

1032 444 1119 472 fuerat
1131 447 1317 480 renuntiatus;
1334 454 1458 482 quosque
1472 450 1605 482 praeterea
1617 445 1737 480 iunctim
1750 444 1822 471 inter

1031 497 1220 526 persecutores
1231 501 1246 519 a
1261 491 1426 520 Theodorito
1439 493 1589 520 recensitos
1602 491 1734 526 superius
1751 490 1823 517 vidi-

1031 545 1092 564 mus
1106 546 1112 563 :
1130 537 1186 564 sive
1202 538 1256 570 illa,
1270 539 1342 573 quod
1362 539 1479 566 fortasse
1492 538 1579 573 magis
1590 538 1690 572 placet,
1706 536 1740 563 de
1751 543 1822 571 pra-

1030 582 1109 610 fectis
1130 583 1156 610 in
1181 584 1248 610 urbe
1274 584 1476 617 intelligamus.
1496 591 1613 618 quorum
1632 589 1745 610 summa
1763 586 1823 608 erat

1030 629 1187 656 auctoritas.
1198 629 1255 662 Qua
1268 630 1300 656 de
1314 638 1343 656 re
1356 630 1433 657 locus
1445 634 1535 656 exstat
1551 627 1669 663 insignis
1681 626 1755 662 apud
1766 626 1823 653 Cle-

1030 680 1146 702 mentem
1161 674 1313 702 ltomanum
1328 675 1396 710 (84),
1414 676 1460 710 qui
1472 674 1588 702 Paulum
1604 674 1765 709 apostolum
1775 673 1824 699 ἐπὶ

1029 721 1083 747 τῶν
1104 722 1260 757 ἡγουμένων
1285 722 1416 758 martyrio
1442 722 1579 749 sublatum
1602 720 1746 748 memoriae
1766 724 1822 746 tra-

1029 767 1116 794 didit:
1136 768 1196 794 licnt
1216 776 1249 795 ex
1265 769 1380 796 vetustis
1409 767 1595 794 monumentis
1606 774 1669 794 eum
1693 765 1746 793 sub
1768 764 1820 792 Ne-

1029 820 1096 839 rone
1120 821 1230 848 passum
1257 819 1331 841 certo
1356 818 1473 841 constet.
1503 812 1596 848 Neque
1620 813 1704 840 aliter
1724 811 1754 838 S.
1769 810 1822 846 Cy—

993 841 1014 868 Β
1029 841 1141 894 prianus
1154 860 1209 895 (85)
1224 869 1230 887 :
1250 869 1258 886 ι
1275 859 1355 892 Huic,
1371 860 1470 895 inquit,
1493 841 1682 894 persecutiOni
1700 841 1822 892 quotidie

1029 906 1160 933 insistunt
1187 906 1305 941 praefecti
1332 906 1359 933 in
1392 907 1470 938 urbe,
1486 910 1517 932 ut
1537 905 1560 932 si
1585 905 1632 940 qui
1658 903 1714 931 sibi
1737 903 1821 930 oblati

1028 951 1139 984 fuerint,
1157 953 1420 986 animadvertantur,
1436 956 1463 979 et
1484 951 1557 979 bona
1573 958 1670 978 eorum
1689 950 1757 978 Iisco
1773 950 1822 977 ad-

1025 997 1190 1032 judicentur.
1206 1008 1216 1024 ›
1246 997 1351 1031 Quihus
1375 998 1486 1033 insuper
1510 997 1611 1024 addere
1637 997 1706 1024 libet
1727 996 1822 1024 Dionis

1027 1043 1127 1073 verba.
1152 1043 1232 1077 digna
1260 1043 1340 1078 plane
1363 1050 1425 1078 quae
1453 1042 1478 1069 in
1505 1041 1628 1069 eamdem
1654 1042 1820 1069 sententiam

1028 1088 1207 1123 peusitentur.
1224 1087 1269 1115 Sic
1283 1092 1374 1115 autem
1390 1087 1434 1114 ille
1447 1087 1505 1122 (86)
1523 1096 1530 1114 :
1547 1086 1625 1113 Οὕτω
1641 1086 1694 1121 μὲν
1711 1086 1745 1121 6);
1761 1085 1820 1111 τότε

1027 1134 1044 1169 ἡ
1059 1133 1113 1160 τῶν
1129 1134 1270 1169 Ῥωμαίων
1285 1133 1357 1169 ἁρχὴ
1376 1133 1422 1160 δύο
1441 1133 1655 1169 αὐτοκράτορσιν
1670 1133 1732 1167 ἃμα
1748 1131 1820 1157 ἐδού-

1026 1179 1106 1213 λωσε,
1118 1180 1222 1216 Νέρωνι
1238 1181 1285 1206 καὶ
1303 1179 1394 1215 Ἡλίῳ.
1409 1179 1503 1206 Viden'
1513 1175 1627 1206 Illelium
1640 1178 1700 1206 sive
1713 1184 1819 1205 summa

1027 1231 1171 1261 potestate,
1188 1227 1246 1254 sive
1260 1226 1380 1252 nominis
1399 1225 1533 1260 dignitate
1551 1224 1654 1251 Neroni
1672 1230 1820 1257 compara-

1026 1272 1103 1299 tum?
1127 1271 1263 1305 Quorsum
1286 1280 1352 1298 vero
1368 1272 1442 1304 hate,
1459 1270 1589 1305 inquies?
1614 1269 1767 1301 Nimirum,
1792 1273 1821 1294 ut

1026 1319 1204 1352 evincamus,
1225 1325 1256 1345 ex
1290 1317 1418 1353 Epistolat
1443 1321 1544 1344 nostra!
1567 1316 1678 1347 verbis,
1706 1314 1820 1341 Romani

1024 1365 1155 1400 principes
1164 1365 1312 1399 jusserunt,
1330 1364 1420 1391 minus
1436 1367 1509 1390 recte
1532 1362 1624 1397 colligi
1639 1361 1778 1388 Neronem
1793 1365 1821 1387 et

1026 1410 1211 1439 Domitianum
1221 1411 1255 1438 iis
1267 1410 1422 1438 necessario
1431 1409 1577 1442 indicatos,
1587 1416 1650 1436 cum
1663 1413 1691 1435 et
1699 1406 1819 1442 praefecti

1027 1458 1104 1486 urbis
1119 1458 1146 1484 in
1164 1457 1262 1492 primis
1276 1455 1425 1492 signiﬁcari
1441 1462 1525 1490 posse
1539 1454 1703 1486 videantur;
1716 1453 1765 1488 qui
1776 1453 1820 1480 vel

185 1496 258 1524 diuis
275 1495 387 1523 Romani
405 1498 546 1532 principes,
564 1497 749 1525 Domitianum
765 1500 901 1534 respicere
915 1507 974 1527 om-
987 1509 1010 1539 ρ
1024 1504 1059 1531 ab
1081 1510 1135 1530 uno
1161 1503 1324 1538 imperatore
1350 1502 1385 1529 de
1408 1500 1546 1528 vexandis
1562 1499 1731 1527 Christianis
1748 1499 1820 1526 latas

186 1543 252 1571 nino
266 1543 407 1576 videntur,
421 1544 468 1577 qui
487 1545 635 1572 secundam
654 1549 716 1580 post
732 1544 866 1573 Neronem
880 1554 973 1581 per»

185 1589 324 1617 cationcm
344 1590 446 1617 movit:
464 1598 582 1625 euntque
605 1590 677 1618 haud
695 1591 845 1620 verisimile
862 1597 973 1621 censeat

185 1635 220 1662 ad
235 1640 288 1662 tam
308 1635 459 1672 longavam
473 1642 580 1664 aetatem
597 1639 754 1672 pervenisse
770 1644 895 1666 sanctum
907 1647 974 1674 apo-

185 1681 302 1714 stolum,
317 1686 347 1709 ut
373 1683 498 1710 sarculot
521 1688 650 1716 exeunte,
677 1683 729 1711 sub
751 1692 784 1711 eo
807 1684 974 1719 imperatore

185 1736 283 1764 passus
300 1729 487 1757 existimetur:
501 1729 564 1757 hinc
573 1729 700 1765 Epistolas
708 1730 836 1759 Ecelesim
848 1732 974 1760 Achaica:

185 1775 371 1802 sinceritatem
408 1775 435 1802 in
472 1774 585 1803 dubium
616 1777 762 1804 revocandi
799 1778 972 1805 occasionem

185 1825 286 1855 captat.
302 1821 338 1847 At
352 1821 447 1848 istluec
462 1821 571 1848 deruunt
585 1821 704 1857 obiectio
721 1823 787 1850 tanti
801 1830 855 1850 neu
873 1829 926 1856 est,
944 1830 974 1851 ut

184 1866 324 1901 negotium
341 1866 420 1893 nobis
440 1865 578 1894 facessere
592 1868 726 1895 videatur.
743 1868 804 1901 Quo
820 1869 893 1896 enim
910 1878 973 1897 ver-

182 1912 227 1940 bis
241 1912 294 1940 illis
310 1922 318 1937 ι
332 1911 448 1940 Romani
463 1913 610 1948 principes,
625 1923 634 1940 ι
649 1915 706 1942 sive
717 1921 747 1942 ut
761 1916 788 1942 in
804 1921 878 1943 textu
887 1916 912 1942 οἱ
923 1916 974 1952 ἅρ-

1025 1549 1099 1585 leges
1124 1547 1220 1576 edictis
1255 1548 1312 1575 suis
1340 1546 1510 1574 exsecutioni
1537 1545 1709 1573 mandandas
1744 1544 1819 1571 indi-

1025 1598 1130 1626 cerent,
1141 1594 1183 1621 vel
1197 1601 1282 1620 novas
1295 1592 1376 1619 etiam
1398 1591 1500 1619 ferendi
1514 1595 1678 1626 potestatem
1702 1590 1756 1618 sibi
1768 1597 1820 1617 su—

1026 1644 1140 1671 merent,
1151 1643 1180 1666 ut
1191 1639 1224 1666 de
1236 1638 1314 1666 llclio
1327 1642 1509 1672 compertum.
1525 1637 1629 1664 Caetera
1643 1636 1819 1671 praeterimus

1025 1693 1087 1720 quae
1109 1685 1177 1712 alias
1194 1689 1292 1720 praesto
1317 1690 1409 1712 essent
1433 1684 1467 1711 ad
1494 1684 1661 1712 sententiam
1691 1688 1818 1710 nostram

1026 1730 1113 1766 magis
1136 1731 1276 1766 magisque
1292 1730 1484 1763 astruendam;
1506 1738 1540 1757 ne
1564 1729 1694 1757 videlicet
1713 1729 1819 1756 Tullia-

1026 1784 1090 1803 num
1111 1777 1176 1804 illud
1198 1777 1277 1804 nobis
1298 1776 1360 1811 jure
1385 1777 1504 1804 fortasse
1527 1777 1589 1811 quis
1606 1777 1723 1811 objiciat
1738 1776 1816 1812 (87):

1028 1833 1036 1849 ι
1053 1822 1143 1850 Utitur
1158 1823 1184 1849 in
1201 1831 1230 1850 re
1246 1831 1300 1850 non
1315 1823 1396 1850 dubia
1409 1822 1524 1850 testibus
1539 1831 1593 1850 non
1611 1823 1786 1850 necessariis.
1803 1832 1812 1847 ι

1024 1870 1057 1896 lit
1072 1870 1129 1897 limi:
1144 1869 1254 1905 quidem
1273 1869 1307 1896 de
1323 1868 1453 1897 Ecclesiae
1466 1868 1594 1896 Achaica:
1609 1867 1736 1904 Epistula
1749 1869 1816 1896 satis

1027 1921 1120 1944 sunto.

813 2054 1179 2099 EXCEBPTUM

483 2147 528 2177 Ex
547 2146 738 2177 Prmfatione
757 2145 928 2176 clarissimi
950 2145 1009 2176 viri
1025 2144 1229 2176 Constantini
1252 2146 1492 2176 TISCHENDORF.

652 2229 722 2258 (Acta
733 2229 898 2260 apostolorum
909 2228 1058 2261 apocrypha,
1071 2229 1161 2260 Lipsiae
1174 2228 1242 2259 1851,
1255 2229 1330 2260 iri-8.)

527 2337 571 2366 De
584 2324 675 2366 nova!
688 2337 866 2366 recensione
881 2342 990 2367 textus
1016 2338 1166 2367 Actorum
1181 2336 1283 2365 sancti
1301 2335 1439 2366 Δηὼ-αι’.

219 2427 313 2455 Fluxit
327 2427 408 2453 editio
422 2432 511 2453 nostra
522 2434 555 2453 ca:
568 2426 669 2453 duobus
682 2426 850 2460 potissimum
864 2425 998 2451 codicibus
1015 2425 1114 2452 Crwcis
1129 2422 1337 2460 Purisicnsibus.
1354 2423 1428 2460 Alter
1440 2423 1496 2458 (qui
1512 2422 1590 2460 nobis
1607 2428 1647 2460 est
1660 2423 1699 2457 Α)
1718 2419 1807 2458 Regius

176 2468 238 2494 est.
266 2471 334 2489 nunc
362 2463 521 2494 "alienatis,
548 2470 622 2489 nunt.
640 2457 687 2488 88i
701 2481 709 2493 ,
733 2460 825 2488 διεσαιὶ
842 2460 996 2493 undecimi,
1017 2460 1064 2488 fol.
1078 2460 1193 2486 282-;9l
1207 2468 1214 2489 ς
1230 2457 1298 2484 alter
1327 2459 1413 2492 (apud
1435 2467 1481 2484 nos
1506 2463 1544 2485 est
1562 2457 1600 2493 Β)
1626 2457 1806 2485 Coislinidnu:

179 2506 255 2524 unm.
275 2498 334 2529 Izll,
349 2506 417 2524 tmno
434 2498 504 2525 1545
517 2498 642 2532 scriptus,
658 2497 705 2531 fol.
723 2496 818 2523 57-41.

221 2533 279 2559 lluc
292 2533 391 2559 arcedit
408 2533 500 2560 tertius
514 2529 603 2567 (nobis
619 2529 706 2566 estC)
721 2531 803 2558 codex
833 2530 1015 2567 Baroccianus
1036 2539 1108 2557 num.
1126 2530 1177 2557 180
1187 2550 1194 2561 ,
1209 2537 1284 2567 quem
1296 2536 1338 2567 e1:
1352 2529 1542 2567 Πυρρίᾳ-,ηψιὶ
1553 2537 1586 2567 eo
1601 2529 1658 2555 solo
1683 2537 1748 2556 usus
1761 2533 1806 2567 est,

183 2569 329 2595 hausimus.
339 2569 445 2600 Quumo
458 2563 602 2602 vrro'opere
616 2563 735 2594 codiciun
745 2572 896 2593 nostrorum
911 2566 1102 2593 Purisiensium
1113 2571 1199 2592 textus
1214 2565 1357 2592 Omniensi
1372 2565 1456 2591 codici
1466 2563 1569 2598 Wuogii
1581 2570 1701 2597 pta-stet.
1714 2564 1807 2592 nemini

218 2657 276 2691 (78)
298 2657 371 2684 Diar.
392 2656 467 2684 erud.
491 2655 567 2689 llal.,
589 2660 655 2683 tom.
679 2655 806 2688 XXVIII,
825 2663 885 2690 pag.
904 2654 956 2682 510

184 2700 264 2760 sarit.)
297 2727 391 2757 llard.,
406 2726 478 2753 "ist.
492 2726 560 2761 Aug.
574 2726 644 2753 inter
657 2733 716 2760 app.
734 2727 793 2758 εει,
809 2734 869 2761 pag.
885 2725 947 2752 755.

220 2729 276 2795 (80;
297 2761 378 2790 Frwl.
395 2763 476 2794 Qum.
493 2767 601 2788 tentant.
621 2761 762 2788 Dissertat.
777 2762 809 2788 de
828 2761 910 2788 utilit.
929 2769 947 2787 ιη

220 2761 276 2795 (80)
297 2761 378 2790 Ρτωι.
395 2763 476 2794 Qum.
493 2767 601 2788 tentant.
621 2761 762 2788 Dissertat.
777 2762 809 2788 de
828 2761 910 2788 utilit.
929 2761 966 2788 rei

185 2804 283 2822 numm.
299 2803 362 2829 vet.,
376 2804 436 2831 cap.
450 2797 477 2828 5,
495 2804 555 2831 pag.
570 2797 612 2824 l5.

221 2831 504 2862 (8|)FlorentJ’ctust.
516 2831 598 2859 occid.
608 2831 683 2858 Eccl.
696 2831 821 2867 Μαι-19η,
831 2839 893 2866 pag.
905 2831 914 2858 l
924 2832 963 2859 [9.

1058 2654 1115 2690 (82)
1136 2653 1255 2690 Tillcm.,
1274 2653 1354 2690 Mein.
1367 2652 1443 2685 eccl.,
1455 2659 1522 2690 tom».
1542 2652 1563 2685 l,
1578 2661 1644 2689 pag.
1661 2653 1727 2681 59L

1057 2688 1113 2723 (⁷85)
1135 2689 1221 2723 Epist.
1237 2689 1321 2723 presb.
1339 2689 1416 2720 Acin,
1429 2696 1488 2723 cap.
1504 2688 1530 2715 2.

1056 2725 1112 2759 (Si)
1132 2725 1218 2751 Clem.
1233 2723 1264 2750 II.
1281 2723 1366 2758 Epist.
1385 2723 1399 2750 1
1411 2724 1446 2751 ad
1463 2724 1538 2755 Con,
1553 2731 1613 2758 cap.
1629 2725 1660 2759 75.

1056 2758 1112 2794 (85)
1132 2760 1214 2795 Cypr.
1228 2761 1307 2794 epist.
1323 2759 1367 2791 80,
1381 2767 1441 2795 pag.
1458 2759 1520 2790 238,
1537 2760 1604 2786 edit.
1620 2758 1713 2788 Oxon.
1729 2759 1804 2787 1682.

1056 2796 1112 2829 (86)
1133 2794 1182 2822 Dio
1196 2795 1242 2822 lib.
1259 2803 1336 2825 mu,
1354 2803 1414 2829 pag.
1431 2794 1492 2821 720.

1055 2830 1110 2865 (87)
1130 2830 1187 2858 Cic.
1203 2830 1240 2857 Dc
1253 2831 1330 2865 οθὶε..
1349 2830 1397 2858 Ιώ.
1411 2838 1440 2863 ιι,
1454 2837 1513 2865 cap.
1528 2830 1555 2856 2.
