1916 3099
215 139 283 166 1279

929 138 1040 166 ADDEN
1046 138 1100 166 DA.

1763 141 1830 169 ιεεο

212 195 513 229 αὺτούς.ἘΞεταζέο-οω
535 195 570 222 δὲ
591 195 718 230 ἀκριϐῶς
740 197 756 223 ό
780 197 888 231 τρόπος
912 197 959 224 καὶ
980 198 994 223 ό
1008 206 1032 234 Α
1046 197 1130 225 Παῦλ.
1148 197 1335 232 διατάσσομεν
1349 197 1515 233 ἐργάζεσθαι
1539 198 1610 232 τοὺς
1633 198 1731 231 λαοὺς
1751 199 1830 225 πέντε

213 241 280 278 βίος,
296 243 343 269 καὶ
358 243 383 268 εί
397 241 485 268 δοῦλοί
499 242 569 268 είσιν
584 241 601 276 ἢ
620 242 765 278 ἐλεύθεροι.
801 241 828 268 2.
849 243 904 269 Καὶ
916 243 962 269 ἐὰν
977 240 994 280 ᾗ

211 297 256 322 τις
271 288 371 319 δοῦλος,
389 287 535 324 ὲρωτάσθω
555 289 570 314 ό
586 287 738 322 δεσπότης
753 287 834 314 αὺτοῦ
851 289 875 314 εἰ
893 297 995 323 μαρτυ-

212 335 255 370 ρεῖ
282 333 371 369 αὐτῷ·
396 334 420 360 εἰ
443 333 471 360 δὲ
499 332 547 369 μὴ,
571 333 771 367 ἁποϐαλέσθω,
786 334 838 365 ἓως
860 334 893 360 ἂν
909 334 996 366 ἀξιον

210 379 321 407 ἑαυτὸν
336 378 456 415 ἐπιδείξῃ
470 378 508 413 τῷ
524 378 657 415 δεσπότῃ·
677 379 701 405 εί
721 378 749 405 δὲ
763 380 895 414 μαρτυρεῖ
910 378 993 414 αὐτῷ,

211 425 408 462 προσδεχέσθω.
424 425 556 452 Ἐθνικοῦ
581 425 698 459 οἰκέτης
721 424 885 451 διδασκέσθω
905 425 995 460 εὐαρε-

211 474 283 499 στεῖν
299 472 337 507 τῷ
351 471 478 508 δεσπότῃ,
491 471 534 497 ἵνα
551 471 587 507 μὴ
602 471 800 506 βλασφημεῖται
816 472 830 498 ὁ
841 471 929 505 λόγος.
966 471 992 498 5.

211 519 242 545 Et
261 519 309 554 μὲν
325 516 371 545 οὖν
385 518 441 553 ἔχει
457 518 573 552 γυναῖκα
590 517 607 552 ἦ
629 517 645 552 ἡ
665 517 733 552 γυνὴ
756 516 849 552 ἄνδρα,
872 516 994 544 διδασκέ-
1046 541 1052 547 ,
1072 540 1078 546 .
1099 539 1106 546 .

211 565 318 592 σθωσαν
343 563 484 600 ἀρκεῖσθαι
507 564 626 594 ἑαυτοῖς
644 563 669 589 εἰ
689 563 716 589 δὲ
732 562 833 598 ἄγαμοί
849 562 912 593 εἰσι,
931 571 994 597 μαν-

211 609 364 637 θανέτωσαν
381 608 418 644 μὴ
432 608 582 644 πορνεύειν,
594 606 660 634 ἀλλὰ
670 608 768 642 γαμεῖν
782 608 810 633 ὲν
826 607 910 642 νόμῳ.
924 607 956 633 Et
966 607 994 633 δὲ

209 657 224 682 ὁ
241 655 372 690 δεσπότης
387 653 469 681 αὐτοῦ
488 654 582 684 πιστὸς
595 652 632 679 ὢν
648 653 695 680 καὶ
710 652 787 684 εἰδὼς
801 653 840 679 ὅτι
857 653 991 688 πορνεύει,

210 701 240 728 οὺ
253 701 358 728 δίδωσιν
378 699 452 736 αὑτῷ
472 700 588 733 γυναῖκα
603 699 619 734 ἢ
635 700 668 734 τῇ
685 699 795 732 γυναικὶ
815 698 907 734 ἀνδρα,
927 699 993 733 ἀφο-

211 747 397 783 ριζέσθωσαν.
435 745 461 772 4.
487 745 549 772 Ἐάν
572 745 652 780 (Gut.
673 744 738 772 add.
753 744 801 781 δέ)
825 753 867 776 τις
879 744 993 780 δαίμονα

210 793 270 828 ἔχῃ,
285 791 450 819 διδασκέσθω
467 791 517 826 μὲν
533 791 582 825 τὴν
594 790 743 823 εὐσέϐειαν,
758 790 795 826 μὴ
807 790 994 826 προσδεχέσθω

208 839 236 866 δὲ
257 839 297 870 εἰς
313 837 454 865 κοινωνίαν
476 837 540 872 πρὶν
557 837 590 863 ἂν
606 836 772 873 καθαρισθῇ·
793 837 817 863 εί
834 836 862 863 δὲ
881 835 993 868 θάνατος

209 884 376 918 κατεπείγει,
398 881 595 918 προσδεχέσθω.
634 882 660 909 5.
680 881 714 908 Εί
737 890 779 913 τις
801 881 991 916 πορνοϐοσκὸς,
1008 898 1030 928 Β

207 931 226 966 ἢ
245 930 390 957 παυσάσθω
405 929 480 964 (Cot.
496 929 557 956 add.
571 928 629 964 τοῦ)
644 927 842 964 μαστροπεύειν
856 928 873 964 ἦ
888 928 993 955 ἀποσα-

209 977 308 1005 λέσθω
325 977 495 1011 (sequuntur
506 975 584 1011 plura
600 974 671 1010 apud
683 974 770 1010 Cot.).
790 974 849 1001 Τῶν
865 974 911 1000 ἐπὶ
928 982 995 1010 σκη-

207 1023 257 1058 νῆς
273 1022 320 1049 ἐάν
336 1031 378 1054 τις
394 1021 507 1057 προσείη
523 1021 603 1056 (sic)
618 1021 685 1056 ἀνὴρ
702 1021 718 1056 ἢ
743 1021 810 1056 γυνὴ
826 1020 842 1056 ἢ
857 1019 993 1056 ἡνίοχοςῆ

209 1068 363 1104 μονομάχος
386 1068 403 1103 ἦ
431 1067 618 1102 σταδιοδρόμος
633 1067 650 1102 ἢ
665 1066 862 1102 λουδεμπιπὴς
890 1065 992 1102 (codex

207 1115 303 1150 σει-τῆς)
320 1113 336 1148 ἦ
351 1113 499 1147 ὸλυμπικὺς
517 1113 533 1148 ἢ
548 1112 682 1148 χοραύλης
702 1111 719 1146 ἢ
743 1110 901 1147 κιθαριστὴς
916 1110 992 1146 (seq.

208 1161 262 1187 alia
279 1159 349 1195 apud
364 1159 443 1194 Cot.)
458 1159 474 1194 ἢ
491 1159 624 1193 αὔλησιν
642 1157 870 1193 ἐπιδεικνύμενος,
888 1156 905 1191 ἧ
925 1165 994 1183 παυ-

209 1205 351 1233 σάσθωσαν
371 1205 387 1240 ἢ
410 1204 659 1232 ἀποϐαλέσθωσαν.
680 1204 706 1231 6.
726 1203 896 1239 Στρατιώτης
912 1211 993 1238 προσ-

210 1252 256 1279 ιὼν
271 1251 436 1279 διδασκέσθω
451 1250 488 1286 μὴ
506 1250 621 1282 ἀδικεῖν,
649 1250 684 1285 μὴ
703 1251 886 1284 συκοφαντεῖν,
899 1250 992 1284 ἀρκεῖ-

209 1297 271 1324 σθαι
284 1297 312 1324 δὲ
322 1298 377 1328 τοῖς
391 1296 538 1332 διδομένοις
549 1295 690 1330 ὀψωνίοις’
706 1295 865 1330 πιθόμενος
879 1294 992 1330 προσδε-

208 1340 308 1376 χέσθω,
325 1340 471 1374 ἀντιλέγων
485 1339 513 1366 δὲ
527 1339 724 1366 ἀποϐαλέσθω.
734 1339 935 1375 ’Δρῤητοποιὺς,
950 1339 993 1366 κί-

207 1386 306 1418 ναιδος,
325 1385 400 1420 βλὰξ,
419 1386 514 1421 μάγος,
526 1385 704 1420 ὀχλαγωγὸς,
718 1384 865 1418 ἐπαοιδός,
881 1385 991 1418 λῶταε,

207 1431 387 1468 περιάμματα
403 1429 497 1462 ποιῶν,
511 1430 662 1465 οίωνιστὴς,
678 1429 913 1465 συμϐολοδείκτης,
926 1429 994 1457 παλ-

210 1476 268 1512 μῶν
285 1476 430 1512 ὲρμηνεὺς,
447 1475 644 1510 φυλαττόμενος
671 1475 699 1501 ὲν
726 1475 883 1510 συναντήσει
905 1475 993 1507 λωδὰς

209 1522 271 1558 (sic)
287 1521 373 1557 ὄψεων
388 1521 406 1557 ἢ
423 1521 510 1548 ποδῶν
522 1521 539 1556 ἢ
553 1521 665 1557 ὀρνίθων
681 1521 697 1556 ἢ
715 1520 804 1555 γαλῶν
823 1520 839 1556 ἦ
857 1521 992 1557 ἐπιφωνή-

209 1575 279 1594 σεων
294 1567 310 1603 ἢ
325 1566 563 1604 παρακροαμάτων
579 1565 758 1601 συμϐολικῶν,
775 1566 863 1601 χρόνῳ
878 1566 990 1602 δοκιμα-
1004 1572 1025 1601 c

209 1613 364 1646 ζέσθωσαν·
391 1612 566 1644 δυσέκνιπτος
591 1631 598 1638 .
616 1631 624 1638 .
641 1631 648 1639 .
674 1611 924 1639 ἀποϐαλέσθωσαν.
962 1612 989 1638 7.

208 1659 336 1696 Παλλακὴ
355 1679 361 1686 .
375 1679 382 1686 .
396 1678 403 1686 .
420 1658 608 1686 amantum.»
625 1678 632 1685 .
646 1678 653 1685 .
667 1678 674 1684 .
692 1659 717 1685 εί
732 1658 781 1693 μὲν
796 1657 891 1692 δούλη
906 1658 992 1686 ἐστίν

210 1726 217 1733 .
238 1725 245 1733 .
265 1725 272 1732 .
288 1706 312 1732 εί
326 1705 354 1732 δὲ
370 1703 512 1739 ἐλευθέρα,
524 1704 646 1739 γαμείτω
659 1723 665 1730 .
684 1723 692 1730 .
712 1723 719 1730 .
735 1705 750 1731 ό
767 1704 831 1740 (pro
844 1703 884 1739 εἰ)
896 1704 924 1730 δὲ
942 1703 990 1740 μὴ,

208 1751 407 1779 ἀποϐᾱείέσθω.
443 1750 468 1778 8.
496 1750 660 1786 Ἑλληνικοῖς
686 1770 693 1776 .
710 1769 717 1778 .
737 1770 744 1777 .
773 1750 989 1786 μετατιθέσθωῆ

207 1798 396 1825 ἀποϐαλέσθω
413 1816 420 1823 .
436 1816 443 1823 .
459 1815 465 1823 .
487 1796 696 1832 ῑπποδρομικοῒς
711 1797 825 1832 ἀγῶσιν
847 1817 854 1823 .
870 1816 876 1823 .
891 1817 898 1824 .
923 1797 990 1823 ἀπο-

207 1842 352 1871 ϐαλέσθω.
391 1842 417 1870 9.
438 1842 467 1870 '0
483 1842 585 1878 μέλλων
602 1861 610 1869 .
622 1861 629 1869 .
640 1862 646 1868 .
661 1842 765 1869 εὔνοιαν
781 1842 875 1878 (codex
886 1841 988 1878 ἄνοιαν)

206 1889 257 1925 ἔχῃ
273 1889 343 1924 (Cot.
357 1888 419 1915 add.
437 1888 500 1923 περὶ
512 1887 541 1913 τὸ
554 1887 680 1923 πρᾶγμα)
697 1907 704 1914 .
721 1908 728 1914 .
747 1907 755 1914 .
795 1887 836 1915 I0.
858 1906 865 1914 .
882 1906 891 1914 .
908 1906 916 1914 .
929 1886 989 1916 λαῖ-

207 1935 255 1967 κδς
267 1935 320 1970 εἴη.
359 1934 402 1962 II.
422 1934 480 1966 Πᾶς
496 1933 588 1965 πιστὸς
606 1954 613 1960 .
625 1952 634 1960 .
647 1953 653 1960 .
665 1933 719 1970 πρὸ
733 1933 780 1960 τοῦ
793 1934 824 1961 τὸ
837 1933 916 1969 ἔργον
929 1933 990 1968 χεῖ-

204 1988 262 2013 ρον
286 1979 437 2006 ἐπιτελέσαι
464 1998 472 2005 .
491 1998 498 2006 .
517 1998 524 2006 .
550 1980 574 2006 εί
596 1979 624 2006 δέ
640 1987 681 2011 τις
696 1979 787 2014 λόγος
803 1979 990 2015 κατηχήσεως

208 2025 328 2060 γίνεται,
346 2025 590 2062 προτιμησόιτωσαν
606 2045 613 2052 .
633 2046 639 2051 .
659 2045 667 2052 .
689 2025 838 2058 εὐσεόείας.
877 2026 921 2053 12.
940 2027 990 2054 Πι-

208 2070 281 2104 στὸς
297 2071 313 2106 ἢ
330 2071 412 2107 πιστὴ
424 2092 430 2098 .
450 2090 457 2098 .
478 2092 484 2099 .
500 2072 652 2104 ἐπιστολαῖς
665 2071 850 2106 διετάξαμεν.

243 2116 403 2152 lnscriptum
431 2121 473 2145 est
499 2119 603 2153 Πέτρου
631 2118 678 2144 καὶ
704 2117 809 2145 Παύλου
830 2118 884 2145 τῶν
903 2119 987 2153 ἁγίων

207 2160 362 2187 ἀποστόλων
374 2160 492 2193 διάταξις
504 2161 569 2196 (67).

1044 242 1160 278 ἡμέρας,
1179 243 1256 269 σάϐϐ.
1271 243 1299 269 δὲ
1318 252 1345 271 κ.
1362 252 1424 279 κυρ.
1443 242 1646 278 σχολαζέτωσαν
1668 243 1750 279 (Cot.
1769 244 1829 272 add.

1045 290 1093 325 ἐν)
1117 291 1149 325 τῇ
1172 290 1303 326 ἐκκλησίᾳ
1320 309 1328 316 .
1343 311 1350 318 .
1367 309 1373 316 .
1397 291 1540 326 δημιουργ.
1557 291 1669 324 τρόπον
1684 291 1758 326 ἔχειν
1777 311 1784 318 .
1800 311 1807 318 .
1821 312 1828 318 .

1044 336 1070 362 2.
1091 336 1146 371 Τὴν
1161 355 1169 362 .
1187 355 1194 362 .
1215 355 1221 362 .
1235 336 1250 362 ὁ
1268 337 1445 372 συγχωρήσας
1469 335 1550 371 (Cot.
1563 336 1627 364 add.
1644 336 1684 372 ἢ)
1705 337 1756 363 καὶ
1770 338 1831 363 ἀνα-

1045 382 1147 417 στήσας
1166 402 1172 408 .
1191 401 1197 408 .
1215 402 1221 408 .
1239 382 1392 418 πνεύματος
1409 381 1459 417 τὴν
1470 381 1610 410 δοθεῖσαν
1636 401 1645 410 .
1663 401 1671 409 .
1691 402 1699 408 .
1721 383 1752 409 ὲν
1764 383 1829 418 αὐτῇ

1044 428 1116 463 (σοι.
1131 428 1193 456 add.
1207 429 1266 465 τὴν)
1284 429 1484 465 ἀπροσδόκητον
1496 429 1575 465 χάριν
1588 428 1651 462 τοῖς
1665 427 1830 462 ἀνθρώποις

1043 474 1182 502 δεδόσθαι
1200 495 1207 502 .
1222 494 1230 502 .
1245 495 1250 501 .
1268 475 1346 509 λόγον
1361 474 1432 510 (Cot.
1451 474 1513 502 add.
1537 473 1641 510 Ἰησοῦν
1654 474 1784 509 Χριστὸν)
1799 475 1829 500 ἐκ

1127 519 1175 556 τὴν
1202 519 1256 547 τῶν
1282 520 1373 555 ἁγίων
1397 520 1561 554 θεοφανίων
1585 520 1683 556 ἑορτὴν
1709 539 1717 546 .
1736 539 1743 546 .
1759 539 1766 547 .
1802 520 1827 547 5.

1045 566 1101 598 Τὰς
1117 566 1225 602 ἡμέρας
1241 585 1248 592 .
1266 586 1273 594 ,
1293 585 1299 592 .
1320 564 1438 601 ἠξίωσεν
1452 565 1548 601 ἁγίου.

1077 633 1197 666 XXXIV,
1212 634 1224 660 I
1241 633 1307 670 (68).
1326 633 1416 670 Εὗχὰς
1432 634 1503 661 ἐπιτ.
1520 634 1629 668 ὄρθριος
1644 631 1746 669 πρώτῃ
1760 631 1827 667 ὥρᾳ,

1043 679 1122 716 τρίτῃ
1142 687 1173 706 τε
1188 679 1234 706 καὶ
1249 680 1315 716 ἕκτῃ
1337 689 1364 707 κ.
1387 681 1441 707 ἐνν.
1461 679 1509 706 καὶ
1525 679 1647 713 ἑσπέρας
1661 678 1709 706 καὶ
1725 679 1830 705 ἀλεκτο-

1043 725 1319 762 ροφωνίαςῖορθρου
1344 726 1392 762 μὲν
1417 726 1499 762 (Cot.
1518 724 1581 754 add.
1595 723 1828 760 εὐχαριστοῦντες)

1041 769 1083 796 ὅτι
1097 771 1141 804 ἐφ.
1155 771 1228 806 ἡμᾶς
1243 771 1323 806 (Cot.
1339 772 1413 807 ὑμῖν.
1428 779 1483 799 non
1495 770 1557 806 Ue.)
1573 791 1581 799 .
1599 790 1606 797 .
1626 790 1634 798 .
1650 769 1759 797 νύκταν
1773 789 1781 796 .
1798 789 1805 796 .
1820 789 1828 796 .

1042 814 1083 841 δτι
1099 816 1128 843 ἐν
1143 816 1220 851 αὐτῇ
1234 817 1387 852 ἀπόφασιν
1397 816 1456 845 ἀπὸ
1471 817 1585 844 Πιλάτου
1597 815 1694 843 ἓλαὸεν
1708 815 1829 851 ὸΚὺριος

1045 881 1051 888 .
1068 880 1076 888 .
1094 880 1102 887 .
1126 862 1283 898 ἐσταυρώθη
1300 864 1316 890 ό
1330 863 1471 897 Χριστός·
1491 862 1589 899 ὲννάτῃ
1605 861 1688 897 (Col.
1704 861 1768 888 add.
1783 861 1828 896 δέ)

1043 906 1084 933 ὅτι
1100 906 1188 934 πάντα
1202 907 1348 943 ἐκεκίνητο
1371 927 1378 934 .
1397 927 1404 934 .
1422 927 1431 935 .
1451 908 1495 943 ἐφ’
1511 908 1641 942 ἑσπέρας
1662 907 1693 935 δὲ
1716 908 1774 942 εὐχ.
1790 908 1829 934 ὅτι

1044 951 1110 987 ἡμῖν
1126 951 1197 987 (Cot.
1213 951 1287 987 ὑμῖν,
1301 951 1351 980 Ue.
1365 952 1432 988 om.)
1442 952 1552 980 ἔδωκεν
1567 951 1743 979 ἀνάπαυσιν
1756 950 1827 986 (Cot.

1044 997 1106 1024 add.
1122 992 1195 1032 τῶν)
1211 997 1402 1034 καθημερινῶν
1429 1018 1436 1025 .
1451 1017 1459 1025 .
1473 1019 1480 1026 .
1506 997 1560 1032 τῆς
1582 997 1746 1033 παρουσίας
1770 1017 1778 1023 .
1796 1016 1804 1023 .
1819 1015 1828 1023 .

1042 1043 1070 1070 2.
1091 1044 1122 1070 Εί
1139 1043 1177 1080 μὴ
1194 1064 1201 1071 .
1221 1065 1228 1072 .
1244 1064 1250 1070 .
1268 1044 1417 1079 προσιέναι
1441 1063 1448 1072 .
1463 1063 1471 1070 .
1488 1063 1497 1071 .
1519 1043 1656 1079 φευκτέος
1673 1062 1681 1069 .
1698 1062 1705 1069 .
1721 1062 1730 1069 .
1746 1042 1829 1074 οὕτως

1043 1089 1093 1117 καί
1107 1090 1131 1115 οἱ
1148 1090 1254 1124 ἐναγεῖς
1275 1089 1434 1125 μιαίνουσιν.
1471 1090 1497 1118 5.
1523 1090 1555 1116 Et
1576 1090 1612 1116 δὲ
1632 1090 1702 1126 μήτε
1717 1090 1748 1115 ὲν
1763 1089 1829 1124 οἴκῳ

1043 1135 1102 1170 ἅμα
1119 1136 1187 1172 μήτε
1202 1136 1232 1162 ὲν
1245 1136 1321 1163 ὲκκλ.
1338 1135 1410 1172 (Cot.
1425 1135 1487 1163 add.
1504 1135 1742 1171 cvvaﬁpoweﬁvat)
1756 1135 1829 1162 δυνα-

1042 1182 1097 1214 τὸν,
1118 1182 1232 1214 ἕκαστος
1253 1182 1335 1216 (σοι.
1352 1181 1416 1210 add.
1433 1182 1509 1217 παρ’)
1526 1181 1614 1216 ἑαυτῷ
1628 1181 1757 1216 ψαλλέτω
1771 1200 1779 1208 .
1797 1201 1804 1208 .
1820 1201 1827 1208 .

1042 1227 1091 1254 ἐὰν
1105 1224 1156 1255 ὦσι
1173 1227 1221 1263 (ita
1234 1232 1306 1256 recte
1322 1228 1403 1256 etiam
1420 1228 1468 1257 Ue.
1483 1233 1578 1256 contra
1593 1228 1653 1256 (Σοί.
1667 1228 1735 1264 sic!)
1750 1228 1828 1263 φησὶν

1043 1273 1057 1298 ὁ
1071 1273 1172 1310 Κύριος
1193 1273 1278 1310 (item
1292 1274 1353 1307 Ue.,
1366 1274 1426 1303 σοι.
1444 1275 1512 1310 om.)
1534 1294 1543 1301 .
1560 1295 1567 1302 .
1582 1295 1590 1302 .
1627 1274 1653 1302 4.
1685 1295 1692 1302 .
1707 1293 1717 1301 .
1736 1293 1744 1300 .
1771 1273 1827 1300 κατ’

1042 1317 1096 1347 οϊκ.
1114 1320 1304 1356 προσευχέσθω
1316 1321 1361 1356 (ab
1375 1321 1427 1349 hoc
1440 1329 1569 1357 προσευχ.
1585 1321 1676 1350 scriba
1691 1320 1828 1348 transiluit

1043 1365 1077 1393 ad
1104 1366 1240 1401 alterum)
1260 1385 1268 1393 .
1286 1387 1293 1394 .
1312 1385 1320 1393 .
1364 1367 1389 1395 5.
1409 1386 1417 1394 .
1432 1387 1442 1398 ι
1459 1388 1466 1394 .
1480 1366 1583 1399 δούλοις
1598 1367 1654 1402 (ita
1674 1371 1752 1395 recte
1768 1366 1828 1399 Ue.,

1042 1409 1103 1438 (λοι.
1120 1410 1217 1446 δοῦλοι)
1234 1430 1241 1438 .
1257 1431 1263 1437 .
1280 1431 1288 1438 .
1304 1411 1554 1439 ἀποϐαλέσθωσαν.
1570 1410 1630 1440 lam
1645 1413 1772 1447 sequitur
1784 1418 1828 1439 ca-

1043 1459 1092 1491 put
1102 1464 1168 1489 xui,
1184 1457 1258 1484 nullo
1267 1457 1346 1485 titqu
1361 1461 1408 1485 aut
1420 1462 1484 1486 nota
1500 1458 1672 1493 interposita.
1682 1459 1828 1486 Ἐπιτελεί-

1044 1502 1099 1529 σοω
1110 1502 1180 1537 (Cot.
1194 1502 1256 1530 add.
1271 1503 1309 1539 δὲ)
1322 1503 1400 1539 τρίτα
1416 1523 1441 1531 ..
1452 1523 1460 1531 .
1475 1504 1504 1532 ἐν
1519 1504 1605 1540 ψαλμ.
1615 1505 1687 1540 (Cot.
1702 1505 1768 1534 add.
1782 1505 1828 1532 καὶ

1042 1546 1218 1583 ἀναγνώσεσι)
1235 1548 1282 1574 καὶ
1294 1549 1457 1584 προσευχαῖς
1471 1568 1480 1576 .
1492 1568 1499 1574 .
1514 1569 1521 1575 .
1533 1549 1580 1576 καὶ
1591 1550 1758 1584 τριακοστὰ
1774 1570 1782 1578 ,
1796 1571 1803 1577 .
1817 1570 1824 1578 .

1042 1593 1088 1620 ὑπ.
1107 1593 1202 1628 μνείας
1217 1593 1316 1621 αὐτῶν
1332 1594 1444 1622 διδόσθω
1455 1596 1487 1622 ὲκ
1498 1604 1523 1622 τ.
1540 1595 1587 1622 ὑπ.
1604 1596 1708 1630 αὐτοῖς
1724 1597 1766 1630 εἰς
1782 1598 1824 1626 ἀν.

1041 1637 1149 1665 αὐτῶν.

1081 1705 1171 1740 XLIII,
1186 1707 1278 1741 XLIV,
1294 1708 1320 1736 Ι.
1349 1708 1395 1736 Ἐν
1419 1708 1448 1736 δὲ
1467 1710 1526 1742 ταῖς
1541 1709 1674 1745 μνήμαις
1691 1731 1698 1738 .
1712 1728 1725 1739 ο
1740 1731 1747 1738 .
1765 1719 1826 1746 πρε-

1041 1753 1166 1790 σϐύτεροι
1177 1754 1232 1789 γὰρ
1248 1774 1254 1781 .
1268 1773 1276 1782 .
1296 1776 1302 1782 .
1317 1755 1390 1790 λέγει
1401 1755 1456 1792 γὰρ
1466 1775 1474 1783 .
1488 1775 1496 1783 .
1513 1776 1520 1782 .
1537 1754 1609 1783 οἶνον
1622 1756 1695 1792 (Cot.
1711 1757 1776 1785 add.
1787 1757 1824 1792 δὲ)

1043 1796 1081 1832 μὴ
1096 1815 1104 1823 ,
1121 1816 1127 1822 .
1145 1817 1152 1824 .
1171 1797 1200 1823 οὐ
1219 1797 1295 1833 (Cot.
1312 1799 1374 1826 add.
1393 1799 1448 1836 μὴ)
1469 1799 1599 1828 δύνωνται
1613 1821 1620 1828 .
1636 1821 1644 1830 .
1662 1821 1671 1829 .
1689 1802 1760 1838 μετὰ
1775 1803 1825 1829 τὸν

1041 1843 1106 1871 Θεὸν
1134 1865 1141 1872 .
1161 1864 1168 1870 .
1187 1864 1194 1871 .
1221 1845 1270 1881 οὐχ
1295 1845 1338 1872 ἵνα
1361 1846 1399 1882 μὴ
1421 1847 1548 1875 πίωσιν·
1563 1848 1632 1881 ὅλως
1644 1848 1700 1886 γὰρ
1712 1850 1763 1877 οὐκ
1778 1851 1823 1887 (ila

1042 1889 1123 1917 etiam
1139 1889 1201 1923 Ue.,
1216 1890 1277 1919 Cot.
1293 1891 1357 1928 καί)
1374 1912 1381 1920 .
1396 1912 1404 1920 .
1418 1914 1426 1922 .
1442 1894 1478 1930 μὴ
1494 1895 1593 1922 πίνειν
1607 1893 1680 1923 οἶνον
1695 1897 1739 1929 εἰς
1764 1916 1772 1924 .
1788 1917 1795 1924 .
1815 1917 1822 1924 .

1041 1935 1095 1963 τοῦ
1111 1935 1237 1971 μεθύσου.
1273 1937 1302 1965 2.
1321 1958 1328 1965 .
1347 1959 1353 1965 .
1372 1959 1379 1966 .
1400 1939 1431 1966 τὸ
1450 1940 1534 1975 δνομα
1551 1941 1652 1977 Κυρίου
1675 1943 1730 1970 τοῦ
1752 1942 1823 1970 Θεοῦ

1042 1980 1120 2017 ἡμῶν
1139 1981 1204 2017 Ἰησ.
1220 1983 1271 2018 Χρ.
1301 2004 1308 2010 .
1323 2004 1330 2011 .
1347 2004 1354 2011 .
1377 1985 1470 2021 εἴρηκε
1485 1986 1544 2013 Τίνι
1563 2007 1571 2014 ,
1587 2007 1595 2014 .
1614 2007 1621 2014 .
1638 1987 1669 2014 οὐ
1688 1988 1744 2015 τῶν
1760 1997 1823 2023 κρο-

1041 2025 1094 2057 rit.
1108 2027 1139 2053 ὲν
1152 2028 1217 2063 οἴνῳ
1230 2029 1276 2055 καὶ
1292 2032 1550 2059 κατασκοπούντων
1565 2041 1595 2060 π.
1609 2042 1640 2060 π.
1657 2034 1713 2068 γξν.
1743 2034 1819 2062 XLV.

1043 2093 1050 2100 .
1064 2094 1070 2100 .
1088 2094 1094 2101 .
1122 2075 1287 2108 προσίενται
1309 2096 1316 2103 .
1333 2097 1340 2103 .
1355 2096 1362 2103 .
1390 2077 1433 2112 ἐφ’
1455 2078 1559 2111 ἑαυτοῖς
1586 2099 1593 2106 .
1609 2100 1616 2107 .
1633 2100 1640 2107 .
1682 2079 1775 2112 XLVI,
1798 2082 1819 2108 I.

1043 2118 1133 2146 Τοῦτο
1145 2120 1174 2146 δὲ
1189 2122 1263 2163 κοινῇ
1280 2121 1354 2149 πᾶσι
1373 2143 1379 2148 .
1393 2142 1400 2149 .
1410 2143 1418 2149 .
1433 2124 1466 2159 τῇ
1480 2124 1554 2160 αὐτῷ
1567 2125 1676 2163 δοθείσῃ
1688 2126 1764 2159 τάξει
1779 2147 1785 2153 .
1795 2147 1802 2153 .
1812 2147 1818 2153 .

1038 2163 1053 2190 ὁ
1071 2163 1176 2192 ἀκούων
1190 2160 1244 2202 γὰρ
1265 2167 1351 2202 ὑμῶν,
1369 2168 1450 2204 φησὶν
1462 2170 1476 2196 ὁ
1488 2169 1600 2207 Κύριος,
1618 2160 1686 2207 ιμᾶτ,
1704 2192 1711 2199 .
1730 2193 1736 2199 .
1754 2193 1761 2199 .
1775 2172 1818 2198 καί

244 2206 361 2240 XXXIII,
378 2207 403 2234 I.
429 2207 499 2242 Ἐγὼ
529 2207 631 2242 Πέτρος
658 2208 705 2236 καὶ
729 2209 808 2244 (Cot.
833 2209 894 2237 add.
919 2209 985 2244 ἐγὼ)

1044 2211 1052 2237 5
1064 2210 1114 2246 ἐμὲ
1127 2211 1241 2246 ἀθετῶν,
1256 2217 1309 2241 etc.

987 2334 1055 2378 II.

535 2402 638 2433 νοτίδι
657 2403 824 2435 Lectiones
838 2404 878 2436 ad
893 2405 1066 2437 Clementis
1080 2406 1237 2439 Homilias
1259 2412 1290 2440 et
1305 2409 1486 2449 Epitomen.

227 2519 534 2568 :tiiiteignyilioidootos
549 2522 825 2568 cﬁuftatgig‘roglltis
849 2523 964 2568 Rom‘aui
979 2535 1040 2562 quae
1061 2527 1382 2568 feruntur_Homiliai_-um
1406 2530 1752 2568 d»uo_tantum_yhucusquc
1773 2541 1817 2561 co-

206 2553 284 2604 ἐξὲξ
308 2554 538 2604 ἱξξῐειὶιοεηεξὲεξ.
555 2556 629 2604 AJP?
715 2558 868 2604 Ρξιεεέείιξιξετ
878 2561 925 2604 ea
938 2553 1757 2604 ﬂigi-1min:st’aémaasiia‘eeaz;Hamz"xa'i:fir."a
1772 2553 1816 2604 sia

205 2589 362 2638 ξῗέῖῖιςεςζ
375 2589 628 2638 ἓςῖιριζιξείὲἒλρξιβζ
642 2593 790 2638 εβὲσλέεγς
798 2594 845 2638 71:39?
852 2589 918 2638 _'sql_o
938 2597 1076 2624 nitebatur
1084 2589 1193 2638 nouitio"
1201 2589 1451 2638 iidiéiéfuféglﬁﬁf
1462 2589 1688 2638 ῐρἶιῖἦῖεῇἔῖιὲ
1695 2589 1817 2638 Βαίὲίῦἧὲ

206 2624 630 2670 ξροξξοίίςξξμορμξ,οξηοξξόιὶῑὶιῖε
641 2628 749 2670 repetiit
760 2624 870 2670 cieri-gi.
885 2630 950 2670 itein‘
964 2639 1066 2667 nupera
1083 2624 1630 2670 δίιηνέειὲῇξᾰίίὶοἷΝιῖιῖέτὲῐιὶιέἓυῖἒῖιῖ
1644 2624 1818 2667 ᾖῖεῗέὲᾶξῖ

206 2658 251 2691 sit,
266 2657 463 2687 Ottobonihnus
477 2659 635 2695 Vaticanus,
651 2657 685 2690 aI)
699 2663 811 2691 Aiberto
825 2657 1138 2701 Dréssélriurvorntuﬁsfét“
1148 2657 1353 2697 3366183333
1473 2657 1816 2702 'ifoEiiiXéKJEditiJﬁ

237 2735 455 2780 ,(ίὶῖλῐξτοκίῐημε
469 2738 607 2780 tituluslin
623 2740 714 2780 tabuia
732 2741 835 2780 (πίναξ)
849 2747 910 2771 est:
923 2743 988 2780 περὶ

205 2771 251 2796 τοῦ
263 2771 404 2804 φυλάττειν
416 2773 528 2801 ἕκαστον
543 2774 617 2807 τάξιν
632 2775 679 2802 καὶ
691 2771 870 2812 λειτουργίαν.

1074 2745 1131 2782 (68)
1143 2746 1221 2774 Nulla
1233 2747 1320 2775 textui
1332 2748 1475 2784 inscriptio
1487 2750 1635 2785 praeposita
1653 2754 1708 2780 est.

238 2846 246 2855 “
257 2846 300 2872 Ha:
311 2851 368 2874 sunt
377 2850 441 2880 apud
453 2857 496 2876 nos
507 2853 646 2878 numerales
659 2855 723 2879 nota
735 2855 801 2886 typis
809 2855 978 2887 grandioribus
990 2863 1115 2889 expressa:
1126 2865 1182 2890 quae
1194 2860 1274 2885 textui
1287 2860 1496 2886 intermiscentur.
1518 2861 1587 2888 Enn.
1603 2862 1680 2888 Pun.
