3902 6312
99 307 143 367 9
584 286 600 319 ’
1271 295 1472 354 LIBER
1510 294 1599 353 DE
1637 270 2338 353 rnescn‘wrromeus.
3170 342 3179 352 .
3398 288 3469 347 to

2604 551 3100 562 5-m—

110 504 3383 576 Ἥ

916 739 1350 828 QUINTI
1447 737 2025 812 SEPTIMII
2118 735 2806 810 FLORENTIS

428 1280 549 1509 Α

591 1088 761 1238 β
974 914 2636 1186 ΤΕιήἪιιιΑΜ
2778 1238 2785 1250 κ

1512 1464 1856 1549 LIBER
1910 1463 2068 1549 DE

72 1750 3473 2112 EPB/ESCRIPTIONIBUS

778 2277 1625 2391 ADVERSUS
1688 2279 1766 2387 Ε

1880 2273 2188 2387 ἘΙέΕ
2202 2276 2364 2385 TI
2379 2280 2657 2388 COS
2695 2281 2799 2387 (α).

1460 2562 2119 2597 ...ὼ-

1568 2782 2066 2850 PROOEMIUM.

108 3039 115 3044 ’
180 3038 310 3097 Etsi
336 3030 694 3094 Tertulliani
739 3028 806 3086 de
839 3022 1340 3097 Prmscriptionibus
1377 3018 1597 3087 librum,
1631 3020 1770 3076 inter
1795 3020 1960 3081 Ανθῑ
2011 3025 2386 3087 argumentum
2421 3033 2436 3074 :
2466 3017 2523 3073 i°
2565 3019 2696 3076 nihil
2748 3021 2801 3078 in
2853 3021 2956 3080 hoc
3012 3021 3154 3084 libro
3205 3032 3476 3093 contineri

106 3135 306 3190 omnia
337 3130 469 3201 ejus
493 3122 768 3197 opuscula
798 3122 955 3192 longe
983 3115 1481 3191 prwstautissimum
1504 3128 1645 3181 esse,
1676 3128 1770 3192 eo.-

102 3244 216 3300 que
241 3241 361 3282 uno
389 3224 510 3279 telo
534 3227 769 3275 cunctas
792 3216 1028 3272 omnium
1053 3223 1354 3284 temporum
1377 3210 1617 3265 hmrescs
1642 3222 1770 3278 pro-

98 3332 321 3380 stratas
357 3310 752 3389 pessumdari,
774 3325 930 3366 nemo
956 3310 1077 3364 ierit
1106 3307 1311 3363 iulicias
1331 3348 1346 3373 ,
1373 3306 1564 3376 cuique
1591 3313 1770 3359 tamen

121 3424 244 3472 tota
268 3422 363 3467 est.
396 3408 611 3472 ardua,
646 3419 766 3475 qua:
788 3404 854 3459 ab
884 3405 999 3472 ipso
1024 3402 1204 3473 eperis
1221 3414 1448 3456 occursu
1466 3397 1766 3465 suborilur,

124 3501 563 3563 :ontrovcrsia,
606 3510 838 3569 quonam
892 3508 1085 3565 nempe
1139 3490 1477 3564 potissimum
1507 3498 1763 3559 tempore,

100 3615 173 3655 an
202 3608 363 3661 ante,
388 3602 609 3667 postve
633 3588 882 3643 Auctoris
899 3587 963 3642 ad
987 3585 1336 3642 Montanistas
1357 3582 1676 3649 discessum,
1698 3581 1765 3634 li-

104 3692 296 3749 bellus
322 3692 439 3745 iste
474 3683 569 3740 vel
608 3681 775 3735 fuerit
802 3680 995 3743 editus,
1028 3677 1108 3733 vel
1138 3684 1410 3733 exaratos.

174 3784 361 3838 Porro
411 3771 752 3834 communis
795 3779 876 3825 est
911 3770 1310 3824 Catlnlicnrum
1354 3764 1620 3822 sententia
1663 3762 1767 3820 hoc

88 3866 242 3946 {opus
272 3870 563 3929 eximium
616 3875 873 3918 crescere
910 3860 1044 3916 intra
1077 3860 1347 3915 hmreseos
1376 3867 1528 3927 septa
1574 3854 1765 3925 nequi-

97 3969 254 4022 \‘issc
288 3984 301 4018 :
330 3963 494 4018 viros
545 3953 928 4018 doctissimos,
976 3952 1447 4022 alnplissimosque
1480 3960 1764 4003 recenseas

96 4062 272 4117 velim
308 4057 447 4112 huic
479 4047 745 4124 Opinioni
777 4045 1131 4115 sull‘ragantes
1155 4088 1171 4112 ,
1206 4042 1455 4098 videlicet
1477 4040 1765 4095 llaronium

100 4157 116 4219 (
147 4154 223 4207 ad
278 4164 491 4203 mmum
556 4140 700 4204 197,
734 4138 791 4192 u°
826 4139 885 4192 ll
908 4138 951 4208 ),
982 4135 1381 4191 Tillemontium
1442 4133 1459 4203 (
1496 4130 1768 4187 Mémoires

94 4222 233 4315 puur
265 4242 442 4298 servir
472 4240 507 4291 ὰ
541 4232 832 4291 l’Hisloire
876 4218 1247 4301 ecélésiastique
1268 4271 1283 4294 ,
1339 4238 1376 4282 t.
1432 4228 1498 4283 lll
1520 4268 1536 4294 ,
1569 4236 1684 4281 note
1732 4226 1767 4280 6

92 4355 184 4391 sur
217 4333 552 4405 'l'erlulliqn,
598 4343 660 4397 ῃ.
691 4323 801 4380 500
826 4333 872 4376 et
902 4323 1083 4394 anim),
1120 4323 1178 4375 ι).
1216 4321 1424 4392 llemig.
1473 4319 1762 4376 Cellerium
1798 4336 1844 4396 Β

90 4430 114 4502 η(
129 4429 369 4483 Histoire
392 4426 489 4479 des
515 4428 744 4475 nulcurs
766 4415 1191 4485 ecclésiasliques,
1213 4424 1251 4468 ι.
1271 4412 1335 4479 ll,
1357 4415 1442 4470 ch.
1459 4413 1549 4478 28,
1568 4422 1664 4467 art.
1679 4412 1762 4475 γι.

94 4541 152 4591 ν.
177 4520 349 4592 595),
390 4516 622 4582 Fleury
653 4512 669 4576 (
693 4506 922 4561 Histoire
948 4505 1324 4576 ccclésiuslique
1343 4546 1358 4571 ,
1387 4515 1424 4558 ι.
1469 4504 1530 4570 ΙΙ,
1559 4505 1645 4558 liv.
1699 4503 1760 4571 V,

90 4585 155 4669 ir
180 4613 254 4669 9.8
273 4585 408 4683 )',‘J.
437 4610 510 4663 Α.
548 4599 810 4659 Moehler
837 4598 1163 4671 (Patrologie
1189 4598 1322 4653 oder
1347 4596 1659 4652 christlichc
1678 4595 1764 4649 lit-

96 4716 248 4762 terar
276 4689 666 4775 geschiclitc)
697 4691 850 4762 cujus
890 4701 1073 4761 utpote
1094 4689 1432 4756 recentioris,
1454 4703 1517 4743 ac
1539 4687 1761 4758 proinde

126 4810 437 4854 :etcrorum
464 4786 708 4861 plenius
735 4798 927 4838 sensus
944 4783 1233 4839 referentis
1254 4780 1411 4836 verba
1431 4781 1518 4835 hic
1540 4779 1760 4835 laudare

464 4813 708 4861 plCIIIIID
735 4813 927 4838 δυιιδιιδ
945 4813 958 4839 Ι
974 4813 1078 4838 UIUI
1094 4813 1233 4838 υιιιιο
1255 4813 1411 4836 δειυιι
1432 4813 1518 4835 "Ib
1540 4813 1756 4835 Ιαυυαιυ

88 4813 212 5036 [ron
242 4886 459 4958 pigebit
487 4900 502 4933 :
566 4899 587 4932 ι
642 4875 717 4930 Ea
746 4883 851 4938 est,
884 4874 1090 4945 inquit,
1137 4874 1361 4942 hujusce
1407 4872 1528 4928 libri
1580 4887 1756 4937 mens,

130 4996 167 5035 0
188 4993 287 5036 per
304 4976 597 5036 integrum
634 4966 951 5021 contexitur
967 4965 1150 5030 modo,
1169 4980 1277 5035 quo
1310 4973 1489 5034 pateat
1511 4962 1756 5019 catholici

130 4996 167 5035 0
187 4993 287 5049 per
304 4976 597 5045 integrum
634 4966 951 5021 contexitur
967 4965 1150 5030 modo,
1169 4980 1277 5035 quo
1310 4973 1489 5034 pateat
1511 4962 1758 5019 catholici

88 5040 352 5131 Iauctoris
382 5040 599 5123 sinceri
612 5070 723 5115 tas.
747 5057 847 5114 Ubi
866 5058 1007 5112 enim
1024 5059 1075 5112 in
1099 5050 1541 5112 Montanistaruni
1566 5056 1761 5127 placita

86 5176 252 5222 totus
284 5158 477 5217 semel
503 5152 741 5216 abierit,
767 5150 1050 5221 palamque
1078 5150 1146 5205 ab
1163 5149 1403 5205 Ecclesia
1422 5148 1731 5204 discesserit
1748 5187 1763 5211 ,

88 5260 201 5328 jam
232 5270 354 5312 non
402 5250 678 5307 licuisset.
697 5257 767 5298 eo
794 5258 973 5297 rerum
1018 5242 1414 5312 verborumque
1447 5240 1681 5312 pondere
1709 5249 1765 5296 et

115 5348 427 5422 integritate
459 5350 739 5397 asserere
765 5335 1004 5404 palmare
1024 5337 1125 5391 hoc
1148 5335 1568 5407 prmscriptionis
1604 5350 1764 5405 argu-

80 5350 352 5539 gncntum
371 5480 390 5504 ,
422 5448 548 5507 quo
577 5429 850 5494 deinceps
878 5442 907 5480 a
935 5429 1228 5486 Catholicis
1258 5432 1486 5500 ipsemet
1509 5428 1611 5485 fuit
1650 5429 1764 5500 agi.

1876 3105 2017 3178 quod
2041 3117 2279 3178 apertam
2324 3109 2564 3166 redoleat
2588 3110 2839 3170 haeresim
2862 3132 2879 3184 ;
2903 3117 2961 3171 2°
2993 3118 3105 3183 into
3129 3120 3268 3179 haud
3295 3123 3475 3185 dubiis

1877 3197 2082 3270 liquere
2126 3200 2295 3271 signis
2342 3204 2633 3260 Auctorem
2687 3206 2855 3265 fuisse
2898 3218 3022 3267 tunc
3065 3216 3324 3286 temporis
3348 3234 3473 3276 cum

1876 3289 2118 3347 Ecclesia
2138 3308 2358 3349 romana
2372 3297 2748 3355 communione
2776 3305 3139 3361 consociatum
3160 3324 3175 3375 ;
3206 3310 3265 3365 δι’
3286 3311 3474 3370 nullihi

1875 3385 1963 3440 vel
2003 3385 2222 3440 minime
2245 3385 2314 3442 de
2358 3388 2589 3458 quodam
2620 3391 2930 3462 Artemone,
2955 3399 3284 3469 nequissimo
3309 3402 3479 3462 haere-

1874 3477 2109 3543 siarcha,
2141 3478 2357 3535 Christo
2384 3479 2718 3538 divinitatem
2747 3485 3104 3559 ahjudicante,
3130 3495 3473 3556 meminisse:

1874 3570 2016 3626 unde
2028 3570 2228 3626 inferre
2243 3571 2519 3641 licet,ante
2532 3578 2839 3635 Artemonis
2855 3589 3188 3653 tempora,ac
3203 3588 3431 3659 proinde
3443 3607 3472 3648 a

1872 3661 2205 3720 Tcrtulliano
2225 3664 2460 3720 nondum
2482 3667 2633 3738 lapso
2662 3669 2853 3726 librum
2882 3672 3050 3731 fuisse
3074 3681 3464 3751 conscriptum.

1942 3756 2071 3812 Hazc
2098 3767 2152 3813 et
2175 3756 2258 3817 his
2302 3759 2499 3817 similia
2533 3762 2724 3818 all‘crre
2748 3765 2939 3833 solent,
2974 3783 3072 3823 aee
3114 3780 3289 3827 tamen
3315 3789 3467 3830 como

1871 3845 2031 3903 mode
2058 3849 2320 3919 planeque
2345 3864 2654 3923 oppugnant
2695 3854 2974 3925 ipsiusmet
3002 3859 3312 3919 Tertulliani
3355 3876 3467 3924 tes-

1872 3941 2151 3998 timonium
2175 3952 2296 4013 post
2320 3944 2529 4015 lapsum
2558 3951 2940 4013 assererantis,
2970 3952 3023 4006 in
3041 3953 3190 4011 libris
3210 3957 3469 4017 adversus

1872 4033 2220 4102 Mareionem,
2246 4036 2387 4091 hunc
2417 4037 2485 4092 de
2514 4038 3014 4110 Prtescriptionihus
3041 4047 3276 4104 nondum
3305 4050 3470 4110 fuisse

1872 4127 2098 4194 editum,
2126 4130 2200 4186 uti
2226 4131 2397 4188 fusius
2420 4132 2602 4188 videre
2622 4135 2777 4189 estin
2809 4136 3185 4198 dissertatione
3215 4143 3276 4198 D.
3302 4144 3466 4207 Lutu-

1872 4236 1969 4292 per
1996 4222 2062 4276 ad
2095 4222 2312 4294 hujusce
2333 4223 2581 4280 editionis
2602 4226 2828 4282 lrontem
2856 4233 3119 4300 apposita.

1946 4316 2110 4371 Detur
2140 4318 2299 4388 igitur
2328 4332 2549 4374 necesse
2574 4329 2673 4385 est,
2708 4326 2985 4391 perpensis
3029 4325 3152 4383 hinc
3178 4329 3304 4389 inde
3349 4351 3464 4393 Ino-

1873 4408 2086 4472 mcntis,
2120 4408 2292 4463 media
2321 4410 2459 4465 inter
2487 4410 2764 4481 utramque
2786 4417 3102 4473 sententiam
3127 4424 3338 4491 semita,
3360 4445 3464 4497 qua

1870 4509 1984 4555 tuto
1999 4504 2633 4573 coeantconveniantque
2662 4504 3039 4571 dissentientes
3058 4552 3074 4578 ,
3103 4514 3366 4589 nobisque
3390 4522 3462 4580 ἱιει

1866 4596 2114 4666 videntur
2149 4596 2400 4666 utrinque
2439 4596 2664 4667 impelli,
2686 4609 2743 4653 ut
2765 4602 2872 4669 jam
2897 4618 3002 4659 nou
3031 4605 3333 4679 ambigatur
3357 4613 3462 4671 hoc

1864 4701 2000 4756 opus
2020 4686 2127 4741 alio
2164 4685 2330 4743 fuisse
2372 4689 3018 4764 conscriptumtempore,
3059 4697 3274 4770 alioque
3300 4703 3353 4759 in
3380 4705 3463 4763 lu-

1863 4793 1979 4833 cent
2005 4778 2229 4833 editum.
2341 4855 2347 4859 ν

1937 4873 2015 4925 Ac
2071 4871 2266 4954 primo,
2297 4870 2685 4929 Tcrtullianum
2733 4875 3058 4936 arbitramur
3082 4881 3226 4939 hunc
3265 4883 3463 4939 librum

1866 4965 2177 5035 concepisse
2208 4964 2501 5035 primisque
2531 4966 2724 5024 tabulis
2753 4973 3079 5040 cxaravisse,
3104 4990 3249 5044 cum,
3276 4976 3466 5032 Romae
3497 5018 3524 5037 ,ρ

1866 5066 2130 5122 versatus,
2184 5054 2291 5110 ﬁde
2333 5055 2509 5113 adhuc
2537 5057 2746 5130 integer
2772 5078 2835 5118 ac
2880 5065 3043 5120 veluti
3089 5078 3223 5123 aestu
3263 5066 3467 5122 noritio

1868 5146 2022 5204 ferox
2053 5157 2107 5202 et
2153 5148 2493 5219 superhiens,
2520 5166 2710 5208 omnes
2735 5152 2974 5212 hrereses
3003 5150 3237 5229 undique
3266 5157 3463 5215 Sedem

1871 5241 2237 5311 Apostoliram
2269 5244 2506 5299 unanimi
2536 5245 2739 5317 impetu
2768 5248 3099 5316 obsidentes,
3150 5253 3219 5308 ad
3247 5253 3462 5309 Petram

1869 5352 1977 5391 uno
1996 5335 2298 5393 traditionis
2325 5338 2434 5394 ictu
2454 5340 3044 5413 allisas,conspexerit;
3074 5359 3138 5400 ac
3163 5345 3327 5402 simul
3343 5362 3463 5403 cum

111 5451 352 5498 ηοηωω
371 5480 390 5504 ,
422 5448 548 5507 quo
577 5429 850 5494 deinceps
878 5442 907 5480 a
935 5429 1228 5486 Catholicis
1258 5432 1486 5500 ipsemet
1509 5428 1611 5485 fuit
1650 5429 1764 5500 agi-
1782 5439 1807 5465 θ
1866 5429 2091 5485 summis
2107 5428 2235 5485 viris
2256 5431 2345 5501 qui
2372 5431 2425 5486 in
2442 5429 2808 5499 Urbe,eadem
2833 5443 3151 5505 tempestate
3178 5437 3470 5502 ﬂorebant,

78 5518 245 5593 italus
274 5532 677 5590 vehementer
706 5534 774 5573 ac
804 5518 1090 5589 perfossus.
1123 5543 1143 5576 ι

174 5623 437 5681 Eosdem
466 5620 716 5686 insuper
738 5609 810 5666 ad
834 5609 887 5666 id
912 5614 1242 5673 sentiendum
1264 5615 1458 5688 triplex
1476 5615 1620 5671 aliud
1649 5630 1765 5671 mo-

472 5941 939 6005 TEn‘l’ULLlAM
984 5942 1065 6003 ll.

48 5682 107 6192 Ι

54 5818 265 5931 J'(a)
320 5846 411 5905 De
442 5818 871 5915 Prwscriptione
915 5844 1196 5906 Itwrcticor.
1230 5848 1378 5907 Talis
1417 5854 1500 5906 est
1525 5847 1580 5904 in
1622 5854 1773 5904 vetu-

1871 5522 2192 5579 necessitate
2244 5523 2602 5595 conjunctus,
2656 5539 2847 5594 nempe
2898 5542 3021 5581 cum
3070 5526 3202 5582 Caio
3251 5529 3475 5601 presby-

1871 5627 2007 5681 tero,
2036 5613 2432 5689 llippolytoque
2450 5658 2466 5686 ,
2498 5614 2797 5672 illustribus
2823 5631 2935 5687 pra:
2964 5618 3173 5673 cunctis
3195 5617 3254 5674 S.
3284 5618 3476 5676 lrenazi

1522 5725 2087 5784 COMMENTARIUS.

1881 5844 2025 5907 stiss.
2069 5845 2364 5916 exemplari
2411 5843 2634 5916 hujusce
2662 5842 2807 5916 ⁵Ιὶιπὶ
2857 5844 3075 5910 titulus,
3103 5856 3263 5912 quem
3305 5850 3360 5899 et
3401 5844 3470 5899 ab

2773 5935 2985 6015 (Une.)
