3902 6312
336 278 412 336 es
1009 254 1015 260 ’
1490 322 1506 336 .
1760 271 1941 328 rear

2068 269 2223 329 .IANI
3606 271 3711 329 24'

342 393 657 451 barunculo.
689 391 765 467 (τι)
812 392 965 449 Nulla
1007 407 1106 447 vox
1147 390 1326 448 divina
1359 391 1430 446 ita
1473 390 1732 447 dissoluta
1773 397 1857 442 est
1883 397 1937 443 et
1962 389 2015 448 Λ
2042 385 2305 449 instituit;
2340 386 2542 456 utique,
2576 382 2924 455 quandouon
2971 383 3179 439 invenis
3207 380 3316 455 (8);
3350 384 3548 455 utique
3595 386 3703 457 (9)

344 489 560 555 diﬁ‘nsa,
581 496 639 543 ut
678 486 837 543 verba
858 493 1062 540 tantum
1107 484 1482 547 defenduntur,
1504 493 1557 538 et
1572 483 1707 537 ratio
1746 481 1941 536 verbo-
2052 480 2225 535 donec
2256 479 2514 533 invenias.
2548 478 3160 544 lnvenistiautem,cum
3183 477 3457 533 credidisti
3491 496 3510 533 :
3540 495 3699 534 nam

346 596 464 635 rum
517 594 622 634 non
675 578 1049 634 constituatur.
1075 577 1181 633 Sed
1212 577 1263 631 in
1295 576 1483 646 primis
1531 574 1632 629 hoc
1665 586 1942 644 propono:
2057 589 2164 627 non
2187 571 2519 628 credidisses
2544 613 2559 638 ,
2602 572 2771 627 sinon
2800 572 3126 637 invenisses;
3147 573 3284 627 sicut
3305 586 3402 626 nec
3426 572 3700 643 qumsis—

347 688 512 729 unum
541 673 720 744 utique
742 672 821 742 (1)
848 680 1110 727 etcertum
1136 670 1332 740 aliquid
1350 668 1740 738 (b)institutum
1758 680 1882 723 esse
1910 681 1940 719 ιι
2047 681 2136 721 ses
2157 707 2172 729 ,
2200 665 2308 720 nisi
2340 673 2397 719 ut
2422 665 2714 721 invenires.
2751 665 2829 719 Ad
2857 665 2958 720 hoc
2992 680 3121 734 ergo
3154 665 3371 735 quaeris,
3411 674 3469 720 ut
3500 666 3698 721 inve—-

349 765 588 830 Christo,
621 763 762 835 quod
793 763 1016 819 credere
1057 760 1366 819 omnimodo
1394 758 1630 815 debeant
1670 758 1938 823 nationes,
2046 758 2453 825 nias;etadhoc
2481 759 2712 822 invenis,
2739 766 2798 812 ut
2814 758 3028 814 credas.
3048 758 3277 814 Omnem
3297 758 3691 827 prolationem

345 869 399 915 et
425 860 626 915 idcirco
656 873 920 929 qumrere,
967 865 1023 911 ut
1051 854 1274 922 possint,
1304 868 1424 909 cum
1455 852 1781 915 invenerint.
1813 866 1937 908 cre-
2047 851 2131 923 (ά)
2168 851 2447 923 quaerendi
2487 860 2543 908 et
2607 851 2917 908 inveniendi
2960 852 3230 907 credendo
3275 853 3433 909 ﬁxisti
3467 872 3482 908 :
3524 855 3700 910 hunc

343 953 495 1009 dere.
524 951 695 1009 Unius
723 966 884 1023 porro
906 959 960 1006 et
987 949 1117 1005 certi
1158 948 1386 1003 instituti
1427 947 1634 1004 inﬁnita
1664 944 1940 1016 inquisitio
2047 947 2140 1002 tibi
2222 948 2440 1003 modum
2510 949 2695 1003 statuit
2752 947 2956 1004 ﬁ'uclus
3022 949 3137 1019 ipse
3198 948 3470 1019 qumrendi
3504 950 3691 1021 (10);

346 1062 451 1102 non
486 1054 664 1116 potest
702 1060 844 1111 esse,
881 1042 1226 1114 quaerendum
1266 1052 1349 1098 est
1383 1041 1560 1097 donec
1592 1041 1857 1108 invenias,
1885 1050 1941 1097 et
2047 1036 2187 1093 hanc
2226 1038 2321 1093 tibi
2381 1037 2578 1094 iossam
2625 1039 3001 1095 determinavit
3054 1041 3191 1109 ipsc,
3253 1040 3342 1110 qni
3413 1050 3465 1095 te
3563 1056 3695 1096 non

273 1161 311 1197 ,ν
347 1138 675 1194 credendum
706 1137 793 1191 ubi
827 1137 1129 1202 inveneris;
1160 1145 1216 1191 et
1243 1136 1375 1191 nihil
1406 1136 1655 1206 amplius,
1689 1136 1788 1191 nisi
1813 1148 1939 1190 cus-
2045 1131 2162 1186 vult
2223 1131 2369 1186 aliud
2423 1131 2678 1196 credere,
2735 1147 2895 1202 quam
2963 1131 3110 1203 quod
3179 1132 3428 1197 instituit,
3514 1131 3699 1188 ideo-

346 1230 655 1286 todieudnm
686 1229 829 1301 quod
852 1228 1126 1285 credidisti
1153 1248 1165 1282 :
1193 1229 1318 1284 dum
1352 1228 1455 1283 hoc
1485 1230 1704 1298 insuper
1725 1227 1937 1295 credas,
2048 1237 2154 1293 que
2184 1236 2285 1277 nec
2311 1237 2573 1292 quaerere.
2614 1221 2907 1287 Caeterum,
2932 1222 2978 1276 si
3007 1222 3133 1293 quia
3164 1231 3218 1277 et
3256 1222 3359 1276 alia
3397 1231 3558 1277 tanta
3606 1225 3689 1279 ab

348 1322 492 1378 aliud
521 1338 625 1378 non
646 1338 766 1378 esse
783 1322 1138 1388 credendum,
1161 1321 1386 1392 ideoque
1412 1336 1514 1376 nec
1536 1322 1944 1392 requirendum,
2056 1316 2176 1370 aliis
2203 1325 2330 1371 sunt
2356 1315 2619 1376 instituta.
2648 1323 2933 1384 propterea
2964 1316 3017 1369 in
3046 1324 3252 1369 tantum
3282 1330 3534 1385 quaerere
3564 1317 3683 1372 de-

345 1431 470 1471 cnm
506 1415 557 1469 id
590 1416 859 1470 inveneris
887 1423 942 1470 et
960 1413 1261 1469 credideris
1289 1414 1432 1485 quod
1459 1414 1528 1468 ab
1558 1430 1622 1470 eo
1645 1415 1944 1471 institutmn
1973 1410 1979 1427 '
2054 1408 2245 1465 bemus
2273 1409 2326 1464 in
2352 1416 2610 1479 quantum
2644 1422 2934 1478 possumus
2976 1409 3240 1475 invenire,
3268 1424 3484 1489 semper
3505 1426 3689 1489 gmn-

342 1515 443 1572 cst,
482 1507 571 1577 qui
625 1512 730 1560 non
762 1505 904 1560 aliud
955 1505 1050 1560 tibi
1096 1506 1313 1560 mandat
1350 1506 1944 1579 iiupiirendum,quam
2024 1510 2334 1583 $991959
2363 1516 2663 1583 {iuuenali
2665 1501 2903 1583 cumino
2912 1501 3221 1583 crcdcﬂs.
3242 1502 3344 1557 Ubi
3374 1503 3538 1557 enim
3573 1505 3694 1559 erit

346 1572 791 1667 quod-instituit.
841 1597 914 1651 Ile
960 1596 1063 1650 hoc
1110 1596 1325 1667 quidem
1380 1572 1435 1650 si
1462 1597 1581 1667 quis
1609 1598 1688 1669 (2)
1714 1572 1943 1663 dubitat,
2024 1572 3691 1667 Tﬁigquiﬁ'eniliifaubistaﬂtWMhiexpunctio

352 1689 622 1743 constabit
650 1703 816 1757 penes
846 1704 942 1743 nos
972 1689 1046 1759 (e)
1076 1705 1196 1745 esse
1228 1688 1301 1754 id,
1330 1689 1473 1759 quod
1501 1705 1529 1743 a
1551 1690 1767 1747 Christo
1795 1692 1948 1748 insti-
1987 1757 2007 1759 ᾗ
2055 1688 2407 1744 inveniendi?
2461 1689 2602 1759 apud
2650 1689 3014 1744 Marcionem?
3078 1689 3184 1745 Sed
3234 1698 3289 1745 et
3336 1688 3684 1746 Valentinus

347 1788 516 1833 totum
541 1787 646 1834 est.
677 1779 897 1833 Interim
938 1757 1003 1834 (ιιι
1030 1757 1230 1835 ﬁducia
1275 1757 1607 1852 probationis
1637 1785 1939 1852 prazvenio,
1977 1757 2026 1818 Β
2056 1782 2337 1852 proponit:
2366 1757 2619 1846 euenire
2648 1798 2716 1837 cr
2744 1797 3070 1838 tuvsmsrts.
3100 1782 3255 1852 Apud
3282 1781 3685 1838 Valentinum?

349 1870 450 1940 (5),
475 1869 775 1926 admonens
801 1870 1059 1941 quosdam
1101 1871 1232 1927 nihil
1270 1889 1392 1929 esse
1421 1862 1774 1946 qumreudnm
1802 1877 1941 1932 ultra
2047 1872 2156 1930 Sed
2201 1881 2256 1929 et
2281 1873 2498 1945 Apelles
2542 1875 2641 1930 hac
2681 1889 2768 1929 me
2792 1875 3236 1946 pronuntiatione
3280 1874 3558 1945 pulsabit;
3615 1885 3680 1933 et

344 1962 489 2032 quod
524 1963 600 2033 (4)
639 1962 984 2018 crediderunt
1016 1962 1065 2019 id
1091 1979 1212 2020 esse
1243 1966 1348 2037 (5),
1376 1966 1517 2036 quod
1560 1982 1804 2037 quaerere
1840 1968 1942 2023 de-
2047 1967 2254 2024 chion
2283 1973 2338 2024 et
2357 1968 2573 2035 Simon,
2597 1977 2653 2023 et
2669 1983 2858 2024 omnes
2890 1968 3111 2024 ordines
3126 1983 3232 2022 non
3252 1967 3459 2023 habent
3484 1969 3677 2035 aliud,

357 2054 620 2121 buerunt;
653 2071 718 2111 nc
756 2056 835 2127 (ϐ)
855 2071 1110 2121 euenire
1137 2073 1207 2113 sv
1239 2074 1542 2117 lavsutsrts
1570 2061 1685 2117 sine
1713 2060 1793 2133 (7)
1829 2062 1943 2117 dis-
2047 2075 2156 2131 quo
2181 2075 2242 2116 se
2271 2060 2398 2115 mihi
2430 2061 2782 2127 insinuantes,
2811 2075 2898 2115 me
2937 2060 3036 2114 sibi
3076 2059 3351 2115 addicaut.
3380 2060 3502 2133 (11)
3545 2060 3680 2115 Erit

348 2146 545 2217 ciplina
573 2147 798 2204 rationis
828 2142 1268 2221 interpretentur.
2062 2154 2243 2224 itaque
2284 2154 2362 2225 (Ι)
2405 2168 2665 2225 nusquam
2690 2182 2730 2217 ,-
2756 2153 2884 2208 dum
2937 2153 3133 2224 ubique
3180 2153 3471 2208 convenior
3515 2151 3682 2224 (12),

982 2287 1212 2347 CAPUT
1266 2290 1336 2347 Χ.
2052 2259 2398 2347 eueniret-:1
2422 2260 2726 2301 INVENIETIS
2750 2245 2863 2347 (gn),
2880 2243 3241 2347 etve'lutfl
3264 2245 3306 2299 si
3322 2259 3597 2347 nusquam
3624 2255 3683 2300 et

2558 1578 2743 1587 ~~—<-—<

2878 1580 3205 1591 M

926 2404 927 2407 ‘
986 2332 1099 2410 ν”ξ
1126 2332 1162 2347 ν
1178 2332 1202 2347 ⁸
1612 2408 1619 2410 Α
2049 2338 2203 2407 quasi
2234 2337 2321 2409 qui
2344 2352 2616 2410 nunquam
2636 2332 3084 2410 apprehenderim
3111 2336 3240 2392 illud
3262 2338 3400 2406 quod
3415 2335 3681 2392 Christus

351 2404 554 2475 Alioqui
597 2405 643 2459 si
694 2420 897 2477 semper,
926 2404 1247 2477 ‘quwrimus,
1293 2423 1554 2477 nunquam
1602 2408 1941 2479 inveniemus,

2070 2404 2303 2496 nstituit,
2327 2404 2653 2501 quod—quani
2671 2404 2908 2503 oportet,
2933 2429 3075 2502 quod
3097 2429 3245 2486 credi
3267 2404 3489 2485 necesse
3515 2439 3634 2486 est.

2655 2565 2884 2624 CAPUT
2923 2565 3015 2622 XI.

2056 2675 2222 2732 Nemo
2252 2676 2386 2732 enim
2414 2678 2620 2748 quierit,
2661 2678 2759 2732 nisi
2782 2680 2868 2749 qui
2894 2688 2983 2732 aut
3012 2694 3114 2732 non
3159 2676 3373 2742 habuit,
3404 2687 3497 2732 aut
3528 2694 3671 2750 per-

2777 2771 2930 2825 didit.

880 2515 1141 2571 nunquam
1168 2502 1450 2557 credemus.

420 2609 575 2666 Ratio
601 2619 781 2668 autem
807 2611 934 2668 dicti
957 2612 1117 2684 hujus
1137 2614 1191 2668 in
1221 2614 1389 2671 tribus
1408 2615 1650 2673 articulis
1664 2619 1902 2675 constitit
1925 2661 1942 2687 ,

346 2707 401 2761 in
434 2722 513 2774 re,
557 2707 609 2761 in
638 2717 900 2778 tempore,
930 2710 982 2764 in
1017 2709 1211 2764 modo:
1246 2710 1298 2764 in
1332 2726 1417 2776 re,
1447 2721 1507 2767 ut
1531 2712 1660 2784 quid
1688 2714 1756 2769 sit
1795 2730 1945 2785 qua:-

346 2800 575 2856 rendum
603 2801 918 2857 consideres
940 2820 954 2867 ;
976 2803 1028 2857 in
1057 2811 1404 2874 temporc,ut
1425 2805 1728 2876 quando;in
1747 2807 1939 2874 modo,

346 2904 407 2952 ut
450 2910 747 2969 quousque.
793 2894 957 2970 Igitur
985 2898 1335 2967 quzereudum
1381 2910 1464 2955 est
1506 2899 1651 2971 quod
1692 2900 1941 2959 Christus

2117 2906 2338 2977 Impune
2357 2912 2564 2962 erratur
2582 2903 2683 2961 nisi
2699 2902 3039 2975 delinquatur
3055 2903 3321 2976 (quamvis
3336 2916 3542 2973 errare,
3564 2902 3676 2959 de-

1573 3081 1953 3144 LECTIONES
1993 3083 2409 3143 VARIANTES.

408 3237 478 3302 (1)
518 3237 688 3302 Itaque
709 3238 860 3289 Seml.
885 3244 999 3289 Jun.

411 3300 485 3360 (2)
522 3300 618 3360 Qui
646 3304 809 3352 Venet.

434 3358 487 3426 5)
522 3358 771 3426 Praeverto
798 3360 1044 3426 Latinius;
1088 3366 1366 3426 pravento,
1394 3358 1601 3413 Semler.

432 3425 483 3484 4)
518 3425 638 3484 Qua-
668 3429 831 3477 Venet.

434 3487 486 3539 ὅ)
519 3488 605 3538 Est
628 3487 778 3539 Illico.

419 3548 467 3603 '6
524 3550 597 3600 Ne
622 3549 859 3615 rejecerat
878 3548 1029 3601 Rhen.
1048 3556 1093 3600 et
1116 3560 1295 3600 Wmtw.

414 3548 488 3740 )7}
525 3610 579 3660 In
601 3612 649 3662 d.
678 3627 722 3686 r._
743 3614 1017 3686 interprete
1043 3614 1220 3686 {egerat
1246 3616 1295 3663 Ri

436 3678 466 3723 8
524 3674 759 3734 Quamdiu
785 3689 881 3726 non
902 3682 1131 3726 tnvemstt
1153 3682 1265 3725 Jun.

468 3491 488 3738 ἰ

525 3610 579 3660 In
601 3612 649 3662 d.
668 3610 718 3662 'r.
743 3614 1017 3675 interprete
1043 3614 1220 3675 legerat
1246 3611 1397 3663 Rlien.

524 3674 759 3734 Quamdiu
785 3674 887 3726 non
902 3674 1131 3726 invenisti
1153 3682 1265 3725 Jun.

1971 3240 2016 3302 C
2112 3238 2187 3302 (9)
2213 3236 2393 3302 Utique
2412 3235 2508 3302 rei.
2535 3235 2738 3302 Semler.

2143 3296 2216 3366 ω)
2250 3296 2499 3366 Ωίεάευάί
2542 3296 2652 3366 Bia:
2751 3358 2781 3366 ..
2984 3358 3021 3366 _
3107 3360 3133 3366 ._
3340 3356 3392 3366 _.

2136 3357 2215 3425 Il)
2250 3362 2484 3425 Eritaque
2530 3357 2782 3425 Ληουιτναὶ
2819 3357 2956 3411 liber.
2983 3358 3081 3409 Ero
3103 3360 3292 3422 itaque,
3333 3357 3439 3421 Rig.
3486 3359 3672 3410 Venet.

2051 3416 2336 3489 I’rtirt.'Ergo
2376 3416 2538 3489 itaque
2563 3416 2802 3489 Iieumau.

2114 3488 2221 3552 (12)
2253 3486 2506 3552 Convenio
2534 3486 2636 3552 [δίῃ.

2113 3545 2217 3613 (15)
2253 3549 2314 3600 Et
2349 3550 2503 3600 velint
2538 3545 2619 3613 me
2642 3550 2713 3613 sic
2730 3557 2850 3613 esse
2895 3557 3133 3613 nusquam
3174 3551 3308 3613 pom.
3335 3549 3388 3593 et
3409 3545 3572 3595 velint
3595 3548 3671 3596 sic

2052 3606 2320 3675 nusquam,
2350 3613 2491 3674 quasi
2530 3608 2681 3660 Seml.
2717 3606 2874 3675 mter}.
2904 3614 2957 3657 et
2981 3606 3128 3655 velim
3148 3607 3220 3675 sic
3266 3618 3504 3669 nusquam
3537 3617 3667 3660 Jun.

2054 3670 2271 3725 Dele'ndu
2292 3670 2449 3725 censet
2477 3682 2549 3723 ιν.
2577 3679 2630 3722 et
2654 3671 2788 3723 velut
2808 3672 2850 3722 si
2875 3682 3108 3734 nusquam
3141 3670 3383 3719 Hermum.

1730 3825 2289 3887 COMMENTARIUS.

355 4010 603 4068 regnare.
634 3995 789 4068 Itone
834 3990 1228 4068 locum‘eodem
1263 4004 1427 4047 sensu
1469 3997 1796 4046 tractaverat
1833 3988 1950 4047 Ire-

355 4064 506 4123 naeus
537 4069 629 4122 lih.
666 4065 730 4131 Il,
761 4081 880 4134 cap.
915 4064 983 4119 46
1009 4064 1130 4120 Rte.

427 4156 509 4229 (a)
543 4157 719 4229 Nullo
768 4172 867 4229 vos;
908 4156 1114 4229 divina.
1150 4154 1391 4229 Similem
1433 4154 1608 4229 locum
1645 4154 1841 4229 allegat
1881 4156 1949 4210 ad

359 4225 656 4299 marginem
688 4228 995 4294 Quintilius,
1028 4226 1118 4299 qui
1160 4226 1210 4280 in
1243 4226 1480 4299 D‘ecretis
1506 4227 1705 4281 citatur
1732 4225 1776 4292 I,
1802 4242 1858 4296 q.
1894 4229 1949 4293 1,

358 4318 410 4356 c.
459 4296 619 4356 Marc.
670 4299 787 4355 Non
819 4309 1067 4367 putemus
1098 4298 1149 4350 in
1176 4296 1574 4364 Scripturarum
1606 4299 1785 4352 verbis
1829 4313 1952 4354 esse

359 4372 733 4438 Evangelium,
766 4366 862 4425 sed
908 4370 957 4423 in
988 4382 1184 4434 sensu;
1219 4383 1324 4438 non
1354 4368 1408 4422 in
1439 4366 1744 4437 superﬁcie,
1775 4369 1870 4424 sed
1894 4370 1945 4424 in

359 4436 625 4505 medulla;
657 4456 761 4497 non
806 4442 858 4497 in
887 4455 1194 4496 sermonum
1222 4436 1386 4506 foliis,
1426 4438 1521 4495 sed
1547 4439 1602 4494 in
1643 4439 1826 4496 radice
1865 4457 1947 4496 ra-
1974 4451 2028 4512 Ι)

355 4515 535 4570 tionis.
562 4513 695 4568 Plut.

430 4628 511 4701 (b)
542 4628 714 4701 Unum
741 4629 911 4698 utique
938 4636 990 4701 et
1013 4635 1205 4680 certum
1232 4626 1445 4701 aliquid.
1473 4626 1757 4701 Rectehoc
1781 4626 1948 4701 inter-

361 4697 599 4768 pretatur
642 4697 915 4756 Maccreus
959 4698 1026 4751 de
1053 4712 1154 4750 una
1178 4698 1357 4765 regula
1389 4714 1483 4753 seu
1523 4698 1768 4768 symbolo
1799 4697 1941 4766 ﬁdei,

358 4773 511 4843 cujus
551 4772 914 4843 unusquisque
943 4768 1200 4843 articulus
1226 4784 1367 4843 unus
1394 4780 1495 4832 est,
1530 4778 1708 4825 certus
1743 4779 1800 4843 et
1844 4770 1942 4826 de-

357 4839 912 4911 terminatusiNeque
941 4842 1082 4895 enim
1118 4839 1354 4895 Ecclesia
1389 4853 1503 4910 post
1536 4840 1820 4910 Apostolus
1849 4858 1942 4896 uo-

354 4929 480 4968 vum
500 4913 730 4983 aliquem
751 4912 870 4966 ﬁdei
889 4912 1169 4966 articulum
1187 4912 1510 4983 credendum
1527 4913 1940 4982 proposuit.Etsi

355 4986 498 5039 enim
529 4982 724 5038 clarius
748 4983 1066 5052 cxplicuerit
1091 4982 1346 5052 qtiosdam
1369 4982 1731 5050 obscuriores,
1760 4985 1847 5053 qui
1872 4986 1942 5037 ob

354 5058 437 5111 sui
465 5066 555 5109 aut
581 5055 981 5119 obscuritatem,
1004 5062 1096 5107 aut
1120 5054 1540 5123 ambiguitatem,
1565 5064 1784 5123 possent
1807 5069 1941 5109 cun-

358 5127 611 5181 tentiouis
632 5140 818 5180 caussa
846 5140 965 5179 esse
996 5125 1136 5180 inter
1181 5123 1397 5189 lideles,
1446 5135 1501 5181 et
1541 5126 1844 5180 distinxerit
1889 5128 1941 5182 in

358 5198 557 5264 plures,
586 5196 675 5266 qui
697 5198 844 5264 prius
873 5197 923 5249 in
951 5209 1061 5249 uno
1081 5196 1319 5266 generali
1341 5197 1565 5251 articulo
1589 5195 1943 5267 comprehcn-

357 5269 654 5339 dehantnr:
682 5282 784 5321 non
816 5275 1095 5339 propterea
1126 5267 1378 5339 censendi
1409 5277 1535 5322 situt
1562 5268 1741 5339 plures
1767 5270 1938 5339 reipsa

355 5340 566 5394 articuli
602 5338 743 5400 ﬁdei,
799 5338 892 5394 sed
938 5338 1282 5393 distinctione
1322 5348 1376 5393 et
1418 5338 1773 5409 explicatione
1800 5338 1941 5394 dun-

356 5419 521 5464 taxat.
552 5409 703 5477 Quod
726 5410 869 5465 enim
899 5418 1109 5465 veteres
1138 5409 1189 5462 in
1215 5424 1412 5477 genere
1432 5420 1816 5479 cognoverunt,
1842 5428 1941 5468 nos

353 5481 655 5535 disﬁnctius
681 5492 733 5534 et
765 5481 1139 5550 particulatim.
1167 5489 1444 5535 crescente
1464 5478 1515 5534 in
1533 5480 1647 5533 dies
1664 5478 1936 5538 hominum

354 5550 751 5621 (haereticorum
767 5549 960 5620 nempe
972 5552 1058 5623 qui
1077 5551 1233 5607 [idem
1252 5549 1586 5623 impugnaut)
1603 5551 1933 5623 curiositate,

352 5620 409 5676 ut
454 5624 624 5692 gratia
659 5623 751 5677 Dei
799 5624 850 5678 in
896 5620 1185 5693 Scripturis
1213 5620 1757 5693 explicandis;_jnxta
1802 5623 1930 5678 illud

350 5691 537 5761 Apost.
564 5694 580 5763 (
609 5693 797 5764 Eplies.
844 5693 929 5757 ΠΙ,
1047 5693 1198 5759 Quod
1239 5693 1355 5746 aliis
1378 5691 1782 5764 generationibus
1828 5711 1929 5749 non

352 5774 425 5823 est
452 5763 679 5835 nqizitum
705 5767 829 5835 ﬁliis
874 5763 1155 5834 hominum,
1200 5765 1350 5819 sicuti
1375 5780 1509 5820 nunc
1535 5763 1809 5819 revelatum
1854 5775 1927 5825 est

2053 3990 2528 4061 sanetisﬁiApost’olis
2564 3990 2673 4059 ejus
2699 3998 2746 4044 et
2774 3988 3034 4061 prepltetis
3072 3989 3125 4043 in
3165 3989 3373 4059 spiritu.
3404 3988 3542 4044 Pan.

2127 4060 2203 4149 (ε)
2219 4060 2357 4149 μοί.
2387 4060 2444 4115 Id
2466 4060 2919 4149 est.'CatliiiIicos.
2945 4060 3182 4149 Seneca.

2124 4130 2275 4187 CAP.
2310 4130 2544 4203 X‘.—(d)
2578 4130 3019 4187 Prolationede
3040 4130 3661 4201 est,continuati0nem',

2053 4202 2416 4259 durationem.
2448 4202 2693 4264 Sanan.

2128 4272 2204 4347 (e)
2236 4273 2333 4329 Ubi
2361 4276 2533 4330 statio.
2582 4274 2715 4329 Tota
2759 4275 3013 4346 periodus
3055 4275 3341 4345 allegorica
3367 4284 3471 4337 est,
3515 4290 3545 4329 a
3599 4291 3660 4332 re

2055 4347 2314 4402 castrensi
2338 4354 2577 4418 sumpta,
2609 4361 2672 4401 ac
2710 4348 2753 4402 si
2783 4348 2927 4402 dicat
2957 4366 2970 4401 :
3006 4348 3165 4401 ﬁxisti
3243 4347 3392 4414 palus
3439 4347 3659 4402 tentorii

2053 4426 2109 4472 et
2133 4417 2380 4472 stationis
2426 4417 2563 4479 tum;
2596 4435 2662 4473 ne
2700 4434 2829 4488 ergo
2855 4419 3080 4473 ulterius
3130 4418 3488 4485 proferantur.
3520 4418 3657 4472 Pcr-

2055 4490 2244 4543 veuisti
2306 4489 2373 4543 ad
2419 4489 2647 4544 fructum
2710 4489 3032 4559 quaerendi,
3079 4504 3198 4558 quae
3252 4488 3321 4543 oh
3373 4489 3509 4542 hanc
3549 4489 3654 4543 de-

2056 4561 2484 4615 terminationem
2509 4560 2602 4614 tibi
2633 4561 2770 4615 Deus
2819 4561 3121 4624 imperavit,
3171 4574 3270 4613 nec
3302 4560 3437 4613 ultra
3483 4559 3655 4613 debes

2049 4646 2308 4700 quaerere.
2357 4630 2446 4685 Est
2476 4632 2617 4684 enim
2646 4633 2827 4697 statio,
2855 4632 2943 4687 ubi
2988 4631 3164 4689 solent
3189 4632 3486 4685 consistere
3518 4632 3659 4686 mili-

2052 4711 2194 4757 lares
2221 4712 2274 4756 et
2302 4701 2652 4757 confabulari.
2695 4702 2824 4758 Lac.

2120 4773 2185 4845 (Γ)
2217 4772 2326 4828 Erit
2359 4775 2546 4843 itaque.
2580 4773 2704 4829 llmc
2733 4774 2860 4829 mihi
2886 4775 3074 4829 ﬁducia
3112 4782 3195 4827 est
3240 4788 3456 4827 sensum
3513 4772 3654 4828 hunc

2046 4858 2201 4917 esse:
2230 4846 2361 4917 llum
2385 4853 2461 4899 tot
2482 4859 2543 4898 ac
2561 4846 2720 4917 lautis
2738 4847 2999 4917 assentior
3018 4845 3344 4917 qnwrendum
3369 4859 3492 4917 esse,
3506 4859 3654 4913 quae-

2047 4916 2198 4991 rendi
2254 4916 2413 4991 ﬁnem
2448 4930 2552 4969 non
2587 4916 2796 4979 faciam,
2830 4914 2972 4986 quod
3002 4914 3234 4991 nianime
3264 4924 3451 4991 optant
3482 4915 3655 4991 hatre-

2051 4988 2158 5050 tici,
2223 4988 2297 5041 ιιιί
2369 5002 2604 5056 qumram
2651 5002 2867 5056 seraper
2890 5003 3012 5041 cum
3049 4987 3155 5039 'eis
3216 4987 3364 5055 quasi
3414 4987 3650 5039 nondum

2048 5058 2339 5126 repercrim
2388 5058 2530 5127 quod
2570 5058 2811 5112 Christus
2840 5057 3085 5121 instituit,
3116 5059 3258 5126 quod
3289 5058 3477 5128 (ltl‘lll'l,
3507 5056 3651 5126 quod

2047 5129 2269 5184 credere
2299 5144 2520 5185 necesse
2548 5139 2653 5183 est.
2686 5130 2912 5184 Acsase.

2124 5199 2429 5271 (g)Quwrite
2444 5211 2488 5255 et
2504 5200 2846 5255 invenietian
2866 5208 3017 5253 textu
3035 5198 3247 5268 obiecto
3260 5200 3390 5255 nihil
3409 5212 3487 5255 est
3510 5198 3649 5271 quod

2046 5268 2222 5325 faveat
2244 5272 2385 5324 liberi
2417 5272 2667 5325 examinis
2711 5271 3094 5336 asscrtoribns,
3119 5271 3212 5325 sed
3239 5274 3413 5340 agitur
3443 5268 3647 5325 tantum

2046 5342 2113 5397 de
2133 5341 2377 5410 precibus
2398 5357 2518 5396 cum
2545 5342 2733 5395 ﬁducia
2755 5341 2822 5395 ad
2857 5343 3066 5397 Patrem
3089 5343 3177 5413 qui
3209 5343 3261 5397 in
3283 5344 3434 5397 C(BIIS
3467 5352 3549 5397 est
3580 5351 3652 5395 at-

2048 5414 2315 5475 tollendis,
2350 5413 2471 5482 quia
2497 5413 2752 5481 proiecto.
2778 5412 3021 5480 siquidem
3040 5430 3150 5479 nos,
3184 5430 3299 5466 cum
3327 5415 3484 5466 simus
3501 5413 3647 5476 muli,

2042 5483 2420 5538 novimusbana
2446 5485 2569 5537 data
2634 5484 2758 5536 dare
2774 5484 2895 5551 [iliis
2910 5484 3131 5547 nostris,
3166 5484 3509 5550 multoumqis
3545 5484 3649 5539 Po-

2040 5565 2117 5625 ter
2168 5565 2356 5615 uoster,
2389 5556 2476 5625 qui
2505 5556 2557 5608 in
2605 5553 2742 5608 cwlis
2770 5564 2864 5622 est,
2913 5552 3053 5609 dabit
3098 5555 3227 5607 bona
3276 5554 3556 5625 petentibus
3592 5571 3646 5608 se

2038 5624 2279 5696 (.llo'tt/t,
2311 5624 2435 5692 VIII,
2492 5626 2605 5697 11).
2660 5626 2842 5696 Neque
2888 5625 3199 5682 dissimilem
3226 5624 3480 5679 exhibent
3513 5642 3646 5679 sco-

2032 5709 2153 5749 sum
2209 5696 2321 5748 loca
2378 5698 2474 5751 Ev.
2529 5696 2659 5752 Luc.
2719 5697 2915 5755 ibidem
2967 5698 3196 5767 objecta.
3232 5698 3365 5751 IL'DD.
3397 5711 3641 5768 erepere

2035 5766 2096 5822 D.
2130 5782 2197 5822 nt:
2222 5764 2458 5822 Gouncv.

2084 5806 2096 5822 .
2130 5782 2197 5826 DE
2222 5781 2458 5825 υουιιογ.
