3902 6312
166 286 242 344 es
1278 290 1482 348 LIBER
1519 291 1607 348 DE
1649 292 2168 355 PIIAESCRIPTION
2176 298 2346 358 IDUS.
3406 308 3480 369 26

170 406 433 478 linquere
463 405 589 477 esu
626 422 639 460 :
670 404 892 477 impune,
932 404 1167 477 inquam,
1215 418 1457 478 vagatur,
1502 410 1591 479 qui
1630 410 1776 466 nihil
1809 421 1861 479 Λ
1888 414 1960 468 ab
1985 414 2202 470 inimico
2248 415 2451 471 domini
2479 416 2560 473 sui
2588 418 2949 492 sperat?quis
2972 419 3131 479 miles
3160 421 3487 481 abinfmde-

171 495 405 550 deserit.
469 497 703 552 Atenint
746 497 788 550 si
825 495 957 566 quod
1004 496 1161 552 debui
1189 497 1411 553 credere
1457 499 1681 567 credidi,
1723 510 1779 556 et

172 588 316 642 aliud
344 589 548 642 denuo
570 598 703 658 puto
740 586 1126 658 requirendum,
1157 603 1317 658 spero
1349 588 1529 660 utiqtte
1550 600 1603 646 et
1630 590 1778 646 aliud

170 696 295 737 esse
326 680 766 745 inveniendum;
805 680 948 735 nullo
986 680 1146 736 modo
1172 690 1421 750 speratur
1465 682 1606 738 istud
1627 723 1644 750 ,
1675 672 1781 738 nisi

169 775 291 844 quia
327 782 433 827 aut
459 788 577 827 non
606 772 927 828 credideram
957 773 1047 844 qui
1077 773 1295 830 videbar
1319 768 1639 841 c'redidisse,
1690 782 1783 831 aut

169 864 301 918 desii
323 863 659 918 credidisse.
686 863 759 918 Ita
787 862 938 918 Iidem
970 878 1143 919 meam
1173 864 1428 920 deserens
1450 908 1463 931 ,
1500 866 1582 938 (a)
1615 880 1778 937 nega-

170 968 253 1013 tur
279 958 570 1014 invenior.
601 957 777 1014 Semel
804 942 1060 1013 dixerim;
1092 972 1253 1013 nemo
1289 958 1503 1029 quaerit,
1539 960 1641 1014 nisi
1666 959 1779 1031 qui,

167 1059 260 1103 aut
286 1065 403 1103 non
433 1047 654 1113 habuit,
681 1059 769 1104 aut
794 1049 1038 1119 perdidit.
1069 1049 1384 1106 Perdiderat
1406 1066 1566 1106 unam
1592 1066 1661 1107 ex
1686 1051 1780 1107 de—

170 1157 285 1196 cem
317 1138 611 1195 drachmis
637 1156 772 1194 anus
801 1140 885 1195 illa
902 1139 1081 1212 (Luc.,
1107 1141 1224 1208 XV,
1250 1141 1334 1211 8),
1356 1153 1407 1197 et
1433 1141 1554 1198 ideo
1581 1158 1782 1213 quaere-

168 1232 286 1298 bat;
317 1233 412 1286 ubi
438 1242 628 1287 tamen
665 1233 882 1299 invenit,
908 1248 1147 1304 qumrere
1165 1234 1344 1291 desiit.
1364 1235 1781 1293 Panemvicinus

167 1342 269 1378 non
304 1322 554 1378 habebat
586 1322 766 1395 (Lua,
798 1323 891 1389 ΧΙ,
918 1324 999 1395 5),
1030 1337 1083 1382 et
1124 1325 1246 1381 ideo
1271 1327 1513 1396 pulsabat.
1540 1345 1553 1394 ;
1584 1329 1673 1384 ubi
1698 1337 1775 1381 ta-

163 1434 284 1471 men
316 1427 583 1485 apertum
612 1426 697 1473 est
721 1418 788 1483 ei,
810 1427 862 1473 et
880 1419 1107 1488 accepit,
1134 1420 1347 1490 pulsare
1392 1422 1640 1477 cessavit.
1698 1421 1780 1478 Vi-

162 1510 261 1563 dua
282 1524 312 1563 a
332 1507 532 1579 judice
557 1509 771 1579 petebat
795 1509 961 1565 audiri
987 1510 1139 1582 (Luc.
1162 1510 1351 1577 XVIII.
1376 1513 1455 1584 5),
1485 1514 1611 1584 quia
1670 1529 1778 1570 non

163 1601 591 1666 admittebatur;
607 1601 705 1657 sed
724 1603 993 1661 ultiaudita
1006 1613 1109 1669 est,
1132 1605 1613 1661 hactenusinstitit.
1629 1605 1779 1662 Adeo

164 1694 281 1749 linis
303 1703 390 1749 est
428 1704 487 1748 et
515 1694 897 1773 guarrgulﬂt
927 1697 1193 1773 pulsandi,
1224 1708 1276 1753 et
1303 1698 1544 1777 petendi.
1576 1698 1780 1754 Petenti

162 1788 288 1842 enim
328 1787 571 1853 dabitur,
610 1789 804 1858 inquit,
825 1797 871 1843 et
913 1791 1139 1860 pulsanti
1169 1794 1446 1861 aperietur,
1470 1803 1515 1847 et
1533 1796 1780 1863 quwrentt'
1807 1808 1855 1868 Β

161 1880 445 1935 inuenietur
491 1878 658 1950 (Luc.
689 1879 784 1944 XI,
824 1880 904 1953 9).
939 1882 1162 1951 Viderit,
1192 1886 1281 1955 qui
1311 1886 1505 1955 quatrit
1533 1901 1772 1957 semper,

162 1974 279 2042 quia
302 1989 415 2029 non
435 1973 675 2028 invenit:
701 1973 807 2030 illic
830 1976 970 2030 enim
988 1978 1197 2047 quatrit,
1215 1978 1301 2033 tibi
1328 1995 1432 2034 non
1453 1980 1772 2037 invenietur.

165 2066 381 2130 Viderit,
441 2069 543 2139 qui
622 2082 834 2138 semper
886 2071 1093 2145 pulsat,
1167 2073 1290 2143 quia
1339 2090 1608 2145 nunquam
1647 2091 1774 2146 ape-

165 2159 530 2216 rietur:illuc
576 2160 664 2232 (1)
716 2160 853 2216 enim
907 2164 1124 2232 pulsat,
1181 2165 1268 2220 uhi
1314 2182 1472 2222 nemo
1522 2178 1624 2224 est.
1677 2169 1771 2224 Vi-

165 2253 296 2308 derit
322 2254 412 2325 qui
442 2268 677 2323 semper
711 2254 860 2324 petit,
908 2256 1032 2325 quia
1078 2273 1350 2328 nunquam
1377 2257 1627 2316 audietur
1656 2261 1764 2332 (2).

166 2345 331 2402 Abeo
355 2346 506 2402 enim
541 2346 706 2417 petit,
734 2346 823 2417 qui
853 2362 957 2402 non
983 2350 1149 2405 audit.

783 2460 1010 2519 CAPUT
1042 2462 1155 2519 XII.

170 2576 226 2632 Si
266 2585 436 2631 tamen
470 2576 658 2630 adhuc
696 2577 1019 2641 quttrendum
1064 2578 1150 2645 sit,
1182 2595 1281 2633 non
1307 2580 1452 2651 apud
1489 2581 1774 2647 Ita’retieos,

232 2673 296 2726 ad
315 2688 444 2744 quos
474 2680 719 2727 vetantur
741 2672 1001 2741 accedere,
1032 2673 1123 2728 sed
1151 2691 1182 2728 a
1212 2675 1419 2742 nostris,
1450 2685 1497 2731 et
1522 2675 1587 2731 de
1603 2685 1775 2732 nostro

232 2781 544 2834 quarum”.

234 2903 394 2960 Nobis
420 2913 478 2959 et
495 2904 544 2959 si
579 2902 933 2974 quzercndum
965 2911 1109 2960 esset
1135 2903 1312 2961 adhuc
1342 2912 1398 2961 et
1417 2917 1654 2977 semper,
1688 2906 1776 2963 tibi

173 3004 335 3052 tamen
380 2996 560 3068 (ιπερτὶ
618 2996 872 3065 oportet?
901 2995 1039 3065 apud
1085 2997 1411 3052 luereticos?
1465 2996 1552 3051 ubi
1596 2997 1773 3052 omnia

173 3100 411 3147 extranea
431 3100 487 3146 ct
508 3089 828 3145 adversaria
848 3101 1045 3145 nostrae
1061 3090 1364 3158 veritati,ad
1380 3105 1515 3162 quos
1530 3100 1776 3147 velamur

172 3184 451 3241 accedere?
477 3182 625 3253 Quis
651 3195 841 3238 servus
869 3182 1068 3237 cibaria
1089 3182 1158 3238 ab
1186 3191 1467 3251 extraneo,
1497 3198 1565 3238 ne
1593 3182 1770 3239 dicam

1884 512 2035 578 ratis,
2085 530 2152 569 ne
2196 512 2370 569 dicam
2402 514 2472 569 ab
2516 514 2759 571 hostibus
2788 518 3037 589 regibus,
3077 518 3391 576 donativum
3423 529 3480 577 et

1884 604 2207 675 stipendium
2239 617 2439 679 captat,
2488 609 2588 664 nisi
2621 610 2778 681 plane
2803 610 3077 682 desertor,
3104 622 3161 669 et
3184 613 3487 685 transfuga,

1884 706 1939 752 et
1965 697 2216 754 rebellis?
2241 700 2415 757 Etiam
2442 718 2578 759 auus
2600 703 2687 759 illa
2716 706 2855 761 intra
2881 714 3080 762 tectum
3095 721 3251 763 suum
3279 708 3482 765 drach-

1886 804 2030 843 mam
2061 791 2402 863 requirebat;
2434 794 2593 849 etiam
2660 796 2902 866 pulsator
2951 798 3043 855 ille
3084 800 3242 855 vicini
3275 801 3352 870 (5)
3392 800 3485 872 ja-

1886 896 2047 936 nuam
2078 883 2365 951 tundebat;
2394 884 2555 941 etiam
2585 886 2743 943 vidua
2770 888 2862 945 illa
2893 905 2999 945 ll0ll
3024 892 3325 960 inimicum,
3354 893 3483 952 licet

1886 975 2079 1030 durum
2106 976 2342 1046 judicem
2373 979 2765 1051 interpellabat.
2794 982 2966 1040 Nemo
2992 985 3116 1041 inde
3164 987 3354 1044 instrui
3400 988 3485 1063 (4)

1884 1078 2081 1141 potest,
2113 1070 2255 1127 unde
2276 1071 2569 1129 destruilur
2602 1092 2616 1129 :
2660 1086 2820 1131 nemo
2844 1076 2914 1131 ab
2958 1092 3027 1134 eo
3057 1078 3408 1148 illuminatur,
3450 1096 3483 1138 a

1884 1177 1991 1234 quo
2017 1163 2452 1220 contenebratur.
2506 1167 2823 1235 Quaeramus
2860 1184 2990 1241 ergo
3022 1171 3074 1226 in
3104 1180 3314 1239 nostro,
3348 1180 3408 1230 et
3448 1188 3484 1232 ει

1884 1257 2102 1322 nostris,
2142 1266 2197 1311 et
2265 1257 2333 1313 de
2390 1268 2615 1325 nostro;
2668 1261 2826 1333 idque
2871 1265 2951 1335 (5)
2990 1263 3269 1331 duntaxat,
3314 1266 3483 1338 quod,

1891 1348 2037 1403 salva
2068 1350 2250 1420 regula
2271 1348 2418 1418 ﬁdei,
2437 1361 2613 1424 potest
2643 1353 2693 1409 iu
2722 1355 3071 1425 quaesﬁonetn
3093 1355 3368 1415 devenire.

2476 1464 2704 1523 CAPUT
2744 1465 2879 1523 XIII.

1883 1576 2137 1648 Regulam
2167 1579 2299 1633 enim
2326 1576 2436 1650 (seu
2460 1581 2764 1655 symbolum)
2797 1582 2920 1652 ﬁdei
2938 1584 3081 1640 nobis
3101 1587 3478 1660 prtereriptunt,

2061 1680 2115 1725 ut
2142 1672 2247 1737 iant
2278 1673 2419 1739 hinc,
2452 1675 2575 1744 quid
2595 1676 2881 1746 credantur,
2912 1680 3267 1749 proﬁteantur.

1973 1783 2175 1854 Regula
2232 1797 2316 1843 est
2369 1800 2545 1845 autem
2591 1787 3206 1863 lidei(b),utjamhinc
3233 1793 3357 1864 quid
3376 1794 3477 1850 de-

1883 1875 2164 1932 Ieudamus
2205 1878 2284 1951 (6)
2315 1882 2683 1951 proﬁteamnr,
2715 1875 2802 1937 illa
2843 1883 3049 1940 scilicet
3075 1901 3178 1956 qua
3205 1887 3465 1955 creditur,
3499 1878 3693 1955 hiut,

1881 1986 2041 2025 unum
2069 1974 2291 2029 omnino
2323 1975 2489 2031 Deum
2533 1991 2674 2043 esse,
2710 1992 2808 2031 nec
2852 1979 3015 2032 alium
3054 1988 3249 2050 pratter
3278 1982 3464 2038 mundi

1878 2064 2246 2133 conditorem;
2292 2069 2381 2140 qui
2425 2070 2676 2127 universa
2724 2071 2792 2128 de
2820 2071 2987 2127 nihilo
3018 2074 3351 2145 produxerit,
3383 2090 3484 2147 per

1880 2157 2111 2215 Verbum
2141 2175 2295 2217 suum
2325 2162 2495 2232 primo
2546 2163 2785 2219 omnium
2815 2164 3069 2221 emissum
3105 2167 3228 2237 (7);
3263 2165 3315 2221 id
3351 2166 3480 2223 Ver-

1874 2249 2000 2306 bum
2027 2294 2041 2319 ,
2090 2252 2281 2309 Filium
2324 2252 2404 2328 (8)
2451 2254 2567 2325 ejus
2612 2254 2975 2327 appelL‘ttu..'.,
3014 2256 3065 2312 in
3113 2258 3332 2315 nomine
3382 2259 3478 2316 Dei

1878 2345 2026 2401 varie
2055 2346 2228 2402 visum
2259 2362 2288 2402 a
2321 2347 2665 2415 Patriarchis,
2694 2350 2744 2404 in
2778 2350 3063 2421 Propltetis
3084 2367 3301 2422 semper
3321 2352 3479 2410 audi-

1880 2449 2013 2507 tum,
2044 2450 2318 2511 postremo
2366 2442 2602 2499 delatum
2635 2459 2703 2499 ex
2732 2442 2935 2515 Spiritu
2967 2444 3139 2500 Patris
3168 2444 3259 2501 Dei
3289 2455 3345 2502 et
3369 2449 3478 2503 vir-

1882 2543 1993 2591 tute
2040 2535 2091 2591 in
2146 2537 2407 2607 virginem
2436 2537 2680 2604 Mariam,
2726 2553 2943 2595 carnem
2985 2538 3185 2595 factum
3228 2541 3280 2596 iit
3324 2549 3481 2598 utero

1880 2629 2018 2697 ejus,
2046 2636 2103 2683 ct
2127 2643 2192 2687 ex
2221 2644 2283 2685 ea
2316 2638 2498 2685 natum
2528 2630 2601 2703 (c)
2629 2631 2807 2702 egisse
2835 2629 2921 2704 (9)
2948 2630 3133 2688 Iesum
3165 2632 3477 2701 Christum;

1881 2720 2077 2775 exinde
2111 2719 2433 2791 prtcdicasse
2459 2736 2653 2778 novam
2680 2723 2849 2795 legem
2873 2765 2889 2792 ,
2919 2734 2973 2781 et
3017 2739 3209 2780 novatn
3239 2725 3479 2797 promis-

1884 2812 2090 2867 sionem
2127 2813 2276 2883 regni
2299 2814 2587 2881 caelorum;
2620 2815 2844 2872 virtutes
2864 2814 3084 2883 fecisse;
3114 2816 3278 2874 ﬁxum
3306 2820 3477 2886 cruci,

1881 2904 2034 2959 tertia
2057 2904 2144 2960 die
2172 2905 2568 2973 resurrexisse;
2603 2907 2656 2962 in
2678 2908 2846 2963 caelos
2870 2918 3114 2978 ereptum
3147 2909 3232 2980 (tt)
3267 2910 3479 2968 sedisse

1878 2998 1944 3053 ad
1993 2998 2270 3054 dexteram
2311 2998 2517 3065 Patris;
2565 3000 2775 3055 misisse
2798 3000 3052 3055 vicariam
3092 3000 3198 3055 vim
3243 3000 3480 3072 Spiritus

1877 3090 2080 3159 Sancti,
2110 3090 2200 3162 qui
2228 3089 2511 3147 credentes
2549 3099 3010 3161 agat,venturum
3046 3105 3167 3146 cum
3211 3091 3478 3163 claritate,

1876 3185 1944 3240 ad
1971 3183 2261 3242 sumendos
2291 3192 2507 3240 sanctos
2532 3181 2586 3239 in
2612 3182 2736 3239 vitae
2766 3192 2984 3240 attenta:
3013 3191 3067 3240 et
3088 3183 3482 3257 promissorum

1410 3299 1701 3358 LECTION
1709 3300 1791 3359 ES
1832 3301 2242 3358 VARIANTES.

227 3394 296 3460 (l)
326 3395 433 3446 Illic
463 3399 642 3447 Venet.
672 3403 807 3460 Pam.
834 3392 939 3460 [δίῃ.

233 3459 297 3515 {2)
328 3460 540 3508 Auditur
579 3456 795 3508 Semler.

228 3518 296 3586 (ᾇ)
328 3520 403 3586 Illi
431 3521 525 3586 vici
565 3524 745 3586 Venet.
785 3519 852 3568 illi
880 3518 1041 3581 vicini,
1069 3526 1174 3586 Iug.

228 3580 292 3641 (tl
328 3583 463 3633 Strui
497 3580 720 3633 Semler.
744 3588 788 3632 et
836 3590 969 3630 Pam.

228 3642 296 3709 (ὅ)
329 3645 509 3709 I_n_quo
525 3648 791 3709 duntagtat
808 3642 956 3709 Sentt.
983 3645 1031 3694 in
1073 3643 1211 3709 quo?
1232 3643 1423 3696 Junius.

232 3702 293 3773 (ϐ)
328 3702 612 3759 Credamus
632 3702 751 3757 olim
774 3703 1031 3773 legebatur.

1963 3394 2011 3458 7)
2048 3395 2328 3459 Demissum
2363 3396 2545 3459 Venet.
2569 3398 2673 3459 post
2696 3393 2805 3459 Rig.

1963 3456 2447 3527 §)I".“i“.5.sem‘_€t-
2569 3456 2578 3459 ’
2660 3521 2670 3527 .
2757 3456 2853 3527 ’-.
3208 3525 3243 3527 ,_
3301 3513 3315 3527 .

1939 3514 2014 3585 ('9)
2052 3519 2317 3571 Exstitisse
2364 3520 2549 3586 Wonw.
2591 3514 2924 3586 exisse__1_lig.,
2950 3529 3014 3570 ea:
3034 3515 3173 3570 libris
3203 3514 3364 3569 Ursin.
3384 3519 3477 3586 hog

1878 3580 2063 3633 minem
2110 3588 2165 3632 et
2204 3595 2318 3632 esse
2366 3580 2525 3635 Paris.
2554 3590 2704 3634 Fran.
2727 3580 2817 3634 Nil
2844 3580 3058 3645 mutent;
3096 3589 3145 3633 ut
3167 3586 3329 3646 postea
3352 3596 3365 3632 :
3390 3584 3482 3647 qui

1878 3646 2145 3697 credentes
2160 3651 2292 3697 agat.

1877 3651 2145 3699 credentes
2160 3651 2292 3710 agat.

1545 3790 2106 3853 COMMENTARIUS.

236 3882 380 3975 9A,?-
395 3883 939 3975 ,ξίίλέηςξζινςαςφῖ
958 3884 1545 3975 ῐέτῐνφξεπεβο,εῇις›εςει
1558 3890 1645 3975 qui
1666 3888 1767 3975 ξτε-

179 3964 272 4010 latn
299 3959 544 4029 veritatis
574 3956 725 4011 viam
762 3957 928 4029 setttel
963 3956 1768 4029 iuventam,Christiqneﬁdem

176 4042 283 4082 cum
293 4028 590 4085 Catholicis
611 4027 911 4097 acceptant,
930 4038 1111 4097 postea
1125 4027 1322 4083 deserit
1336 4043 1518 4084 coram
1536 4032 1737 4084 homini
1752 4062 1770 4073 -

179 4098 281 4163 bus,
299 4101 518 4155 innovat
545 4107 647 4155 aut
681 4099 944 4152 immutat.
966 4099 1116 4153 Iquc
1132 4100 1292 4154 etiam
1315 4099 1566 4155 Christus
1585 4103 1774 4156 deser-

179 4176 313 4225 turus
329 4186 391 4226 ac
417 4178 1013 4242 negaturusestcoram
1044 4170 1278 4240 Angelis.
1298 4170 1585 4242 Propterea
1616 4189 1775 4242 nega-

179 4248 306 4295 tores
321 4242 387 4294 ab
404 4241 674 4314 Ecclesia:
689 4241 1178 4314 communicatione
1198 4241 1624 4310 depellehantur.
1649 4241 1771 4314 quia

177 4324 271 4381 non
287 4313 686 4368 sustinuissent
707 4311 758 4365 in
784 4310 960 4375 ﬁnem,
978 4312 1071 4366 sed
1091 4311 1156 4365 ad
1180 4322 1364 4381 gentes
1384 4322 1475 4366 aut
1494 4310 1774 4370 haereticos

177 4378 511 4454 deiecissem;
544 4382 703 4454 quod
728 4383 841 4454 ipsc
867 4378 1228 4454 Tertulliantis
1257 4382 1487 4438 adstruit
1514 4386 1565 4439 in
1590 4386 1681 4441 lib.
1705 4386 1773 4441 de

176 4448 372 4526 Imtog.
390 4472 405 4519 ;
424 4448 639 4526 vixque
662 4448 1077 4526 recipiebantur,
1100 4455 1227 4509 dum
1251 4457 1571 4522 pmnitentes
1587 4467 1770 4526 postea

180 4518 399 4599 redirem
435 4543 453 4583 :
479 4518 622 4599 quae
651 4538 739 4599 res
774 4518 825 4578 in
856 4524 1100 4599 Ecclesia
1124 4518 1307 4599 prisca
1327 4526 1449 4581 fecit
1476 4518 1603 4582 oliui
1635 4543 1766 4583 con-

182 4597 471 4669 troversiam
500 4596 838 4654 maximam.
878 4596 1237 4669 Quamobrem
1267 4597 1629 4653 Tcrlulliantts
1682 4601 1767 4656 hic

182 4667 408 4739 lugeam
440 4670 719 4739 probrum
745 4667 964 4739 grande,
988 4683 1105 4739 non
1138 4676 1343 4721 tantum
1391 4669 1768 4727 delicientibns

182 4732 536 4809 ad‘liuetieos
565 4732 769 4809 plene:
786 4737 879 4792 sed
899 4740 965 4791 ab
984 4738 1253 4794 hatrelicis
1268 4739 1464 4809 aliquid
1486 4741 1768 4800 addiscere

488 4805 713 4881 objicit,
743 4809 884 4881 quod
907 4810 1025 4881 point
1053 4805 1372 4880 negatores;
1392 4811 1530 4865 I’Au.

240 4876 622 4952 ΒΔΕΧΙΙΙρὲ-
637 4877 720 4952 (1))
748 4876 948 4950 Regula
972 4876 1324 4950 ﬁdeifFides,
1347 4880 1514 4936 Κανῶν
1535 4899 1621 4947 τῆς
1642 4890 1766 4945 niln-

186 4952 316 5026 αἰεί,
330 4951 1265 5026 (ξοφυεςιιιυηιΑτετίωιίβᾷωμάῃιν
1279 4969 1364 5015 τῆς
1378 4960 1625 5019 ἀληθείας,
1653 4955 1767 5009 Ire-

491 5024 718 5081 scilicet
743 5022 795 5094 in
839 5014 1140 5094 symbolum
1162 5014 1353 5094 digesti
1392 5014 1675 5080 suntrel'ut
1715 5027 1767 5080 itt

192 5086 539 5167 *Eorpns
554 5086 1071 5167 articuli,equuibus
1083 5086 1480 5151 constalChrist
1491 5097 1660 5151 ianus.
1676 5096 1770 5152 Hic

274 5163 612 5238 ηερεξιιίιιη·
640 5163 850 5235 regula,
871 5165 1048 5238 inqua
1098 5167 1388 5220 notandum
1440 5169 1767 5223 mentionem

416 5233 727 5311 sepultum;
738 5248 913 5311 neque
924 5233 1299 5311 descensusad
1318 5240 1369 5293 in
1378 5238 1542 5311 feros,
1574 5242 1646 5293 uti
1660 5254 1768 5311 nec

390 5306 521 5379 mli!
550 5307 732 5381 edidi!
775 5306 926 5360 initio
956 5306 1078 5361 libri
1107 5307 1436 5381 deVelandt's
1465 5309 1762 5381 virginibus,

518 5377 671 5451 apud
710 5375 1006 5451 Inrneum;
1038 5380 1190 5451 quasi
1222 5382 1423 5437 mentio
1443 5375 1635 5445 erucis,
1664 5375 1768 5438 hoc

215 5442 513 5524 mimi;
541 5442 602 5506 ἐι
631 5447 968 5524 sepulturam
992 5442 1070 5505 et'
1089 5448 1411 5524 descensum
1452 5451 1516 5504 ad
1561 5442 1764 5507 inferos

438 5520 751 5592 sicterum,
778 5519 870 5592 lib.
894 5520 1134 5592 adversus
1163 5522 1437 5589 Praxeam,
1462 5523 1602 5582 inter
1621 5524 1764 5589 ejus-

527 5591 801 5666 pﬂiCttIos
821 5589 1044 5666 legitur:
1064 5590 1462 5666 [ﬁliunepassnnn
1478 5592 1614 5666 [mne
1631 5610 1766 5647 mons

707 5661 1059 5735 Augustinus,
1086 5665 1178 5719 lib.
1220 5664 1429 5735 imperi.
1471 5664 1539 5719 de
1567 5665 1766 5722 Genesi

267 5725 497 5809 ω
512 5742 543 5805 ἶ
554 5746 617 5793 12.
644 5734 676 5795 ί
694 5751 713 5790 :
734 5725 1005 5809 (inﬁgi,
1030 5725 1229 5809 sepeliri
1254 5725 1308 5790 ei
1331 5751 1612 5809 resurgere.
1637 5736 1758 5809 Βία.

427 5804 467 5865 5
507 5804 588 5863 at
638 5814 811 5862 autem
837 5804 980 5876 ﬁdei.
1033 5806 1287 5879 Regulam
1319 5809 1406 5865 hic
1436 5804 1589 5866 vocat
1613 5807 1760 5881 quod

190 5164 360 5275 ﬂ

190 5435 446 5624 ﬁ

211 5633 296 5670 #:91;
343 5637 378 5646 ”
425 5629 468 5654 Ἰ·

199 5759 204 5762 .
261 5759 264 5762 .
403 5747 448 5774 ,ζ
516 5746 527 5757 Ὀ

263 5773 361 5824 I4...
403 5781 408 5788 ι
477 5774 530 5805 ⁹

180 5836 191 5849 ¹
507 5822 530 5863 ι

203 5871 232 5904 ,ᾗ

84 5896 91 5977 i
211 5953 262 5980 -.

209 6001 214 6006 -
328 6000 337 6009 .

332 6036 355 6061 ι

358 6100 403 6151 ,Ι

1874 3891 2035 3960 vulgo
2063 3891 2451 3965 apostolorum
2492 3890 2795 3965 symbolum
2834 3904 3117 3965 vocamus.
3151 3890 3477 3965 Dubitaruut

1877 3963 2115 4017 nonnulli
2149 3963 2341 4017 eruditi
2386 3977 2454 4017 an
2486 3962 2788 4034 symbolum
2832 3962 2974 4016 istud
3005 3963 3474 4034 essetApostolo-

1880 4050 2019 4105 rum.
2049 4034 2245 4090 Verum
2298 4048 2404 4087 non
2436 4033 2568 4088 satis
2595 4042 2779 4095 caute;
2813 4048 2934 4088 uani
2963 4033 3321 4105 certissimum
3364 4044 3470 4105 est,

1882 4104 2101 4160 Sanctus
2121 4106 2395 4176 Apostolos
2412 4114 2603 4159 certant
2619 4105 2846 4176 regulam
2864 4104 2986 4173 ﬁdei
3013 4103 3472 4175 trttdidisse,qnant

1879 4175 2174 4230 secundum
2214 4192 2479 4230 numerum
2528 4175 2872 4246 Apostolicunt
2912 4175 3183 4229 duodecim
3216 4178 3476 4233 sententiis

1878 4249 2317 4318 rompre/wnsam,
2360 4249 2647 4319 symbolum
2671 4246 3113 4319 vocarunt,aitB.
3132 4248 3274 4319 Aug.
3303 4263 3469 4304 serm.

1882 4317 2006 4382 l8l,
2056 4320 2124 4374 de
2180 4317 2477 4388 Tempore;
2511 4317 2760 4387 quodque
2786 4318 2905 4371 aliis
2944 4318 2996 4371 in
3040 4318 3174 4373 locis
3219 4326 3469 4388 testatur,

1879 4400 1933 4444 el.
1962 4406 2081 4444 cum
2104 4406 2170 4445 eo
2190 4391 2341 4445 multi
2362 4401 2589 4445 veteres.
2609 4390 2677 4459 At
2697 4397 2900 4443 certum
2923 4404 3136 4459 quoque
3161 4389 3310 4442 abiis
3338 4400 3477 4445 tem-

1881 4463 2104 4531 poribus
2151 4462 2263 4532 jugi
2314 4462 2598 4516 traditione
2626 4458 3089 4532 derivatumillud
3138 4460 3281 4530 quod
3310 4460 3474 4518 hodie

1794 4562 1848 4623 Ι)
1877 4530 2529 4623 ςςεᾼςίμξῃεῖιιέηξγ-ιιι1›οιιιηι,
2570 4530 2821 4602 quodque
2850 4530 3179 4587 credendum
3229 4533 3474 4604 pmcipit

1874 4605 2132 4660 Ecclesia.
2159 4605 2296 4659 Pint.

1948 4699 2022 4769 (c)
2050 4698 2231 4771 Egisse
2256 4697 2433 4771 Jerum
2461 4695 2741 4771 Christum.
2786 4697 2900 4754 lIoc
2936 4705 3044 4771 est,
3073 4676 3199 4751 eam
3234 4676 3474 4771 hominis

1873 4767 2157 4841 persenant
2213 4770 2470 4833 induisse,
2496 4769 2814 4841 omniaque
2860 4770 3038 4841 egisse
3083 4783 3207 4841 qua:
3247 4768 3315 4825 de
3338 4767 3472 4827 Jesu

1873 4840 2085 4894 Christo
2114 4842 2327 4897 fuerant
2363 4839 2637 4913 praedicta.
2670 4841 2790 4897 llic.

1948 4952 2033 5025 (d)
2078 4952 2284 5008 Sedisse
2307 4954 2373 5025 ad
2400 4955 2657 5009 dexteram
2679 4953 2874 5009 Patris.
2918 4972 2936 5005 ι
2965 4951 3073 5010 Nec
3124 4952 3248 5010 ideo
3289 4963 3470 5011 tamen

1876 5024 2029 5095 quasi
2063 5025 2290 5078 humana
2329 5024 2497 5079 forma
2520 5026 2982 5095 circumscriptum
3006 5039 3126 5080 esse
3156 5026 3321 5080 Deum
3365 5027 3468 5079 Pa-

1875 5105 2010 5151 trem
2040 5096 2402 5151 arhitraudum
2421 5106 2523 5162 est,
2559 5104 2616 5149 ut
2636 5095 2706 5151 de
2728 5096 2823 5150 illo
2842 5096 3198 5167 cogitantibus
3218 5096 3470 5153 dextrum

1873 5176 1966 5223 attt
2020 5168 2292 5223 sinistrum
2354 5168 2488 5221 latus
2542 5168 2723 5222 animo
2770 5178 3048 5224 occurrat:
3099 5178 3190 5219 aut
3239 5167 3469 5236 idipsuul

1873 5240 2015 5311 quod
2059 5239 2259 5318 sedere
2314 5238 2471 5318 Pater
2504 5237 2963 5318 [diciturtﬁexis
3008 5236 3294 5318 poplitibus
3352 5238 3470 5318 ﬁeri

1875 5308 2162 5381 putandum
2189 5318 2291 5373 est,
2318 5324 2384 5364 ne
2427 5310 2480 5363 in
2504 5311 2641 5365 illud
2671 5310 2969 5381 incidamus
3014 5308 3377 5376 sacrilegium,
3408 5311 3465 5366 in

1870 5396 1977 5452 quo
2028 5392 2335 5438 exsecratur
2374 5380 2660 5452 Apostolus
2707 5380 2947 5452 eosqui
2995 5387 3465 5452 comtuutaverunt

1870 5448 2096 5521 gloriam
2129 5450 2547 5523 incorruptibilis
2580 5452 2670 5506 Dei
2701 5453 2751 5505 in
2790 5448 3197 5523 similitudinem
3220 5465 3464 5523 corrup-

1871 5520 2033 5578 tibilis
2062 5522 2310 5576 hominis.
2338 5520 2469 5576 'I‘ale
2498 5523 2637 5576 enim
2677 5520 3019 5575 simulacrum
3068 5521 3178 5575 Deo
3204 5521 3352 5575 nefas
3381 5520 3469 5577 est

1868 5594 2155 5647 christiano
2178 5593 2229 5645 itt
2288 5594 2489 5661 templo
2508 5593 2790 5651 collocare,
2810 5590 2990 5661 multo
3022 5593 3191 5660 magis
3219 5592 3271 5644 in
3299 5591 3467 5647 corde

1868 5664 2125 5718 nefarium
2153 5671 2254 5717 est.
2281 5660 2483 5720 Sedere
2511 5677 2637 5731 ergo
2678 5660 2823 5730 quod
2873 5661 3068 5731 dicitur
3126 5662 3291 5725 Deus,
3314 5728 3324 5731 _
3342 5675 3458 5731 non

1866 5736 2228 5790 membrorum
2283 5728 2620 5807 positionem,
2665 5728 2757 5785 séd
2800 5730 3148 5807 judiciariam
3192 5728 3461 5799 signiﬁcat

1866 5816 2203 5878 patestatem.
2254 5802 2334 5865 A'd
2365 5806 2655 5875 dexteram.
2676 5816 2827 5870 vero,
2871 5803 2973 5859 hoc
2997 5809 3101 5870 est,
3136 5802 3189 5856 in
3237 5815 3452 5858 summa
