3902 6312
5 2211 131 2302 ue.

406 283 474 345 5i

343 527 375 551 κ
410 496 591 554 dicere
616 513 645 553 a
677 499 831 555 nobis
853 500 1030 570 potius
1058 498 1323 556 adulteria
1350 500 1743 569 Scripturarum
1772 510 1826 558 et
1846 516 2012 573 expo-

410 588 665 645 sitionum
692 590 771 661 (I)
802 589 1082 647 mendacia
1110 590 1317 657 inferri,
1344 591 1432 663 qui
1456 590 1680 662 proinde
1705 592 1804 648 sibi
1825 592 2010 649 defen-

408 683 540 741 dant
563 684 862 741 veritatem.

1007 775 1231 833 CAPUT
1269 774 1412 832 XIX.

411 886 560 945 Illud
586 890 758 961 itaque
785 890 948 945 solum
972 889 1362 961 disputandum,
1384 890 1563 961 quibus
1580 898 1832 961 competat
1858 892 2007 961 ﬁdes,

481 986 633 1057 cujus
660 985 760 1040 sint
791 984 1091 1054 Scriptum,
1122 1001 1154 1039 a
1199 1000 1320 1055 quo,
1352 1000 1440 1055 per
1466 1000 1609 1055 quos,
1636 994 1682 1039 et
1724 985 1906 1057 quibus
1947 986 2013 1041 sit

481 1079 670 1133 tradita
686 1078 953 1149 disciplina
971 1094 1072 1149 qua
1091 1077 1356 1148 christiani
1377 1078 1529 1147 ﬁunt.

483 1194 627 1264 Ergo
670 1209 775 1249 non
805 1193 872 1248 ad
918 1193 1225 1264 Scripturas
1257 1168 1653 1264 provocandam
1684 1204 1799 1253 est:
1831 1210 1930 1251 nec
1957 1196 2009 1252 in

308 1346 324 1381 ρ
344 1340 375 1369 θ
409 1284 493 1342 his
518 1284 949 1341 constituendum
981 1295 1278 1354 certamen,
1309 1287 1359 1341 in
1383 1287 1575 1359 quibus
1594 1298 1687 1342 aut
1719 1288 1884 1355 nulla,
1919 1298 2012 1344 aut

408 1378 611 1435 incerta
638 1378 859 1434 victoria
881 1388 983 1445 est,
1003 1391 1096 1434 aut
1126 1395 1222 1449 par
1252 1380 1468 1434 incertae
1491 1379 1592 1453 (2).
1616 1380 1749 1435 Nam
1775 1381 1875 1437 etsi
1902 1397 2009 1437 non

408 1470 478 1526 ita
492 1470 743 1527 evaderet
787 1472 1021 1527 conlatio
1062 1472 1480 1542 Scripturarum.
1510 1481 1866 1544 ututramquc
1884 1489 2008 1538 par-

408 1502 743 1527 Ιιιιυναυυιῦι
787 1502 1021 1527 υυιιιιιιιυ
1062 1502 1480 1542 ουιιιηιιιαιυιιι,
1513 1502 1866 1544 υιυιιίιιιιιμιυ
1885 1502 2007 1538 [ΙίΙΓ-

409 1571 516 1619 tem
563 1578 745 1634 parem
791 1564 1025 1629 sisteret,
1083 1563 1219 1620 ordo
1274 1570 1452 1620 remm
1497 1563 1837 1620 desiderabat
1879 1565 2007 1620 illud

406 1656 555 1727 prius
591 1656 853 1727 proponi,
903 1656 1047 1727 quod
1077 1671 1219 1712 nunc
1260 1656 1433 1723 solum
1476 1655 1854 1727 diSputandum
1885 1667 2007 1712 est:

411 1748 616 1787 lhlilmc
639 1756 905 1787 nnmnnlnt
936 1748 1067 1787 ‘th
1107 1748 1217 1787 inca
1234 1748 1259 1787 ⁸)
1286 1748 1454 1787 Cirin:
1475 1748 1576 1787 aint
1601 1747 1889 1787 Qnrinlnmn
1909 1749 1933 1787 9
1968 1751 1998 1787 Δ

406 1656 555 1727 prius
591 1656 853 1727 proponi,
903 1656 1047 1727 quod
1077 1671 1219 1712 nunc
1260 1656 1433 1723 solum
1476 1655 1854 1727 diSputandum
1885 1667 2008 1712 est:

411 1748 617 1814 Quibus
639 1756 911 1817 competat
934 1748 1067 1803 lldes
1107 1748 1259 1819 ipsa?
1286 1748 1454 1819 Cujus
1475 1748 1582 1803 sint
1601 1747 1933 1818 Scriptum?
1962 1751 2005 1804 Α
2036 1782 2085 1843 Β

360 1798 379 2039 ἒ
407 1798 627 1914 {iis}.
648 1798 792 1912 ’ῥὲέξ
807 1798 966 1912 illis:
977 1798 1065 1897 “ρί’
1094 1798 1451 1913 ,2'.;;.;..j";.'
1476 1798 1689 1912 ῌέζιὶῼιξ
1703 1798 2006 1898 "inﬁda";

392 1933 686 2004 .disciplina
715 1949 816 2004 qua
846 1933 979 1989 fiunt
1001 1934 1314 1990 christiani?
1337 1934 1419 2006 (α)
1441 1933 1539 1990 Ubi
1570 1934 1713 2019 enim
1745 1950 2006 2005 apparue-

392 1933 686 2004 .disciplina
715 1949 816 2004 qua
846 1933 979 1989 fiunt
1001 1934 1314 1990 christiani?
1337 1934 1419 2006 (α)
1441 1933 1539 1990 Ubi
1570 1934 1713 1989 enim
1745 1950 2007 2005 apparue-

408 2027 480 2083 rit
506 2042 627 2082 esse
674 2027 949 2082 veritatem
995 2037 1049 2083 et
1082 2027 1380 2101 disciplina:
1422 2036 1477 2083 et
1517 2014 2003 2094 ﬁdei‘ehristianas,

408 2043 480 2083 rit
506 2043 627 2082 esse
674 2043 949 2082 veritatem
995 2043 1049 2083 et
1082 2043 1380 2101 disciplina:
1422 2043 1477 2083 et
1517 2043 1642 2082 nuei
1677 2043 2003 2094 eurtsuanae,

370 2043 519 2193 lillic
568 2120 670 2176 erit
699 2122 894 2175 veritas
921 2121 1340 2194 Scripturarum,
1376 2130 1434 2176 et
1478 2122 1897 2191 expositionum,
1952 2131 2010 2178 et

148 2218 371 2284 ξιεκιωζε
406 2211 644 2268 omnium
672 2212 1015 2269 traditionutn
1042 2213 1455 2270 Christianarum
1478 2214 1579 2284 (5).

140 2263 332 2306 ἀνενην-

1011 2329 1237 2385 CAPUT
1282 2329 1402 2386 XX.

408 2446 563 2517 Atqui
577 2462 610 2500 a
636 2446 839 2502 Christo
860 2462 1018 2501 uuam
1045 2447 1273 2518 ejusdem
1292 2446 1415 2521 ﬁdei
1445 2446 1728 2501 doctrinam
1750 2447 2010 2519 Apostolis

481 2541 722 2595 traditam
747 2581 763 2606 ,
805 2541 892 2611 qui
932 2557 1043 2596 eam
1093 2539 1383 2596 nationibus
1431 2538 1917 2610 promulgaverunt,
1961 2548 2009 2593 et

487 2632 742 2689 Ecclesias
769 2634 912 2705 apud
940 2649 1347 2704 unamquamque
1369 2632 1620 2687 civitatem
1645 2632 2005 2700 condiderunt,

481 2742 514 2780 a
539 2726 720 2796 quibus
755 2734 951 2781 canem
980 2724 1224 2780 Ecclesia:
1248 2724 1472 2796 quotidie
1493 2733 1788 2779 mutuantur
1812 2734 1868 2778 ut
1902 2724 2007 2778 Ec-

479 2820 648 2876 clesia:
677 2820 835 2888 (iant;
862 2819 936 2874 ita
962 2827 1017 2874 ut
1047 2826 1118 2873 tot
1145 2835 1205 2873 ac
1233 2829 1389 2874 tanta:
1415 2817 1676 2885 Ecclesiw,
1706 2834 1808 2872 una
1829 2818 1893 2871 sit
1918 2816 2013 2872 illa

483 2913 548 2967 ab
572 2912 829 2983 Apostolis
858 2912 1045 2982 prima,
1078 2927 1142 2965 ea:
1166 2927 1268 2979 qua
1296 2926 1490 2966 omnes.

484 3004 730 3061 Christus
779 3003 938 3061 Jesus
986 3003 1247 3059 Dominus
1293 3012 1478 3060 noster
1523 3003 1793 3074 permittat
1831 3003 2013 3062 dicere

412 3097 626 3155 interim
658 3139 674 3165 ,
729 3097 970 3168 quisquis
1025 3105 1158 3162 est,
1211 3096 1595 3168 cujuscumque
1650 3097 1742 3153 Dei
1815 3098 2005 3166 Filius,

413 3192 801 3262 cujuscumque
850 3192 1089 3246 materia:
1141 3190 1303 3246 homo
1354 3200 1410 3246 et
1460 3190 1640 3256 Deus,
1697 3191 2008 3261 cujuscum-

410 3300 518 3359 que
569 3283 692 3340 Iidei
745 3293 1085 3355 prmeeptor,
1141 3284 1530 3356 cujuscumque
1587 3286 1850 3342 mercedis
1919 3304 2009 3344 re-

413 3377 713 3451 promissor
740 3417 756 3443 ,
802 3376 930 3448 quid
977 3385 1156 3442 esset,
1191 3375 1320 3449 quid
1378 3376 1607 3445 fuisset,
1648 3393 1807 3449 quam
1839 3379 2010 3436 Patris

1812 289 2280 350 TERTULLIANI

409 401 609 460 hahent
656 402 709 460 in
737 417 837 461 nos
858 410 1191 478 retorquere.
1234 402 1469 464 Necesse
1507 414 1592 462 est
1619 406 1762 463 enim
1806 416 1862 462 ct
1888 408 2006 464 illos
2032 411 2086 471 Α
2111 410 2514 479 determinat-ct,
2543 413 2797 486 quamdiu
2829 413 2881 470 in
2915 412 3072 470 terris
3101 411 3313 486 agebat,
3336 413 3471 486 ipse
3506 428 3788 486 pronun-

2098 694 2344 776 ~stinatos
2364 696 2675 753 nationibus
2700 696 2984 766 magistros
3020 696 3117 768 (b).
3154 695 3358 767 Itaque,
3389 712 3529 752 uno
3559 711 3777 753 eorum

3710 298 3785 356 3.9.

2118 505 2302 569 tiabat,
2328 509 2445 565 sive
2475 508 2674 579 populo
2707 508 2901 580 palam,
2927 508 3040 564 sive
3077 507 3409 591 discentibus
3434 523 3779 575 seorsum;

2114 614 2179 654 ex
2207 601 2401 670 quibus
2427 600 2711 658 duodecim
2734 602 3033 674 praecipuos
3050 602 3201 659 lateri
3220 617 3319 659 suo
3334 604 3666 675 adtegerat
3681 604 3785 661 de-

2114 785 2364 856 decusso,
2394 788 2630 859 reliquos
2676 788 2945 854 undecim,
2993 788 3302 860 digrediens
3358 787 3448 863 (4)
3515 787 3603 844 ad
3665 788 3778 845 Pa-

2116 888 2252 937 trem
2282 890 2403 953 post
2450 883 2923 949 resurrectionem,
2947 882 3109 955 jussit
3137 884 3217 940 ire
3236 892 3289 940 et
3327 883 3777 942 docet-estaliu-

2125 989 2244 1040 nes,
2274 975 2649 1046 intinguendas
2703 976 2782 1048 (5)
2815 977 2868 1031 in
2914 975 3124 1032 Patrem
3154 984 3207 1033 et
3247 977 3301 1033 in
3346 977 3573 1034 Filium
3625 979 3773 1035 etin

2114 1067 2388 1138 Spiritum
2418 1070 2696 1125 Sanctum.
2731 1069 2924 1125 Statim
2969 1068 3130 1140 igitur
3154 1069 3397 1141 Apostoli
3420 1068 3621 1143 (quos
3646 1071 3770 1127 tunc

2115 1160 2406 1231 appellatio
2433 1162 2613 1217 missos
2644 1160 3070 1233 interpretatur),
3099 1171 3374 1232 assumpto
3389 1175 3505 1233 per
3538 1170 3768 1218 sortem

2116 1250 2435 1308 duodecimo
2473 1251 2692 1308 Mattbia
2746 1252 2798 1307 in
2836 1252 3016 1309 locum
3062 1252 3235 1322 Juda',
3290 1268 3356 1308 ex
3395 1253 3767 1310 auctoritate

2113 1343 2409 1414 prophetia:
2456 1360 2579 1415 qua:
2604 1352 2688 1400 est
2731 1344 2786 1399 in
2828 1344 3036 1415 psalmo
3068 1345 3258 1410 David,
3287 1346 3593 1400 consecuti
3632 1360 3769 1416 pro-

2112 1437 2333 1492 missam
2349 1438 2457 1491 vim
2470 1435 2701 1507 Spiritus
2711 1436 2893 1492 Sancti
2917 1436 2984 1491 ad
3008 1437 3231 1494 virtutes
3246 1446 3302 1493 et
3318 1437 3622 1508 eloquium
3660 1438 3766 1507 pri-

2115 1543 2203 1583 mo
2222 1528 2568 1599 perJudaaam
2595 1529 2672 1601 (c)
2687 1537 2988 1585 contestata
3018 1529 3126 1586 fide
3147 1530 3200 1585 in
3227 1529 3411 1586 .Iesum
3448 1530 3763 1586 Christum

2114 1631 2168 1679 et
2193 1622 2434 1679 ecclesiis
2455 1623 2731 1688 institutis,
2765 1622 2963 1679 dehinc
2987 1624 3041 1678 in
3071 1624 3257 1679 orbem
3296 1622 3564 1695 proiecti,
3599 1639 3763 1681 eam-
3814 1685 3889 1711 Α

2113 1714 2237 1770 dem
2263 1714 2563 1770 doctrinam
2588 1713 2837 1785 ejusdem
2867 1714 2989 1771 fidei
3008 1694 3315 1771 nationibus
3345 1716 3761 1787 promulgave.
3782 1694 3891 1765 ιίέεῖ

2113 1816 2259 1879 runt,
2279 1815 2335 1862 ct
2355 1806 2578 1877 proinde
2602 1807 2861 1863 ecclesias
2911 1807 3053 1878 apud
3082 1822 3528 1879 unamquamque
3552 1809 3757 1864 civita-
3770 1797 3896 1879 ρςλέῆ

2111 1908 2216 1955 tem
2246 1872 2619 1967 condiderunt,
2640 1899 2767 1972 (d)a
2796 1872 3279 1970 quibtiStraduceni
3299 1872 3504 1956 ﬁdei-et
3520 1872 3869 1957 semina‘w

2108 1991 2391 2057 doctrinae,
2419 2001 2631 2047 extera:
2679 1992 2876 2048 exinde
2919 1993 3163 2049 ecclesia:
3205 2001 3462 2049 mutuatae
3494 2002 3665 2061 sunt,
3698 2003 3751 2050 et

2109 2081 2347 2153 quotidie
2378 2091 2688 2138 mutuantur
2709 2092 2764 2136 ut
2812 2081 3057 2139 ecclesia:
3087 2084 3247 2139 ﬁant:
3276 2099 3339 2138 ac
3385 2098 3484 2154 per
3536 2085 3655 2140 hoc
3682 2093 3741 2140 et

2111 2174 2240 2243 ipsa:
2256 2173 2566 2243 apostolica:
2605 2174 2939 2249 deputantur
2957 2172 3063 2246 (6),
3093 2183 3154 2230 ut
3204 2175 3421 2231 soboles
3462 2176 3750 2242 apostoli-

2112 2281 2294 2323 carum
2340 2267 2712 2322 ecclesiarum.
2749 2266 2920 2322 Omne
2948 2282 3117 2338 genus
3144 2269 3210 2322 ad
3260 2266 3536 2339 originem
3569 2283 3737 2323 suam

2110 2366 2393 2415 censeatur
2421 2373 2642 2417 necesse
2666 2368 2767 2415 est.
2813 2358 2998 2430 Itaque
3030 2367 3110 2414 tot
3132 2374 3196 2414 ac
3245 2368 3407 2415 tanta:
3446 2360 3739 2426 ecclesiae,

2112 2467 2217 2506 una
2244 2463 2328 2506 est
2355 2451 2444 2507 illa
2488 2451 2558 2505 ah
2585 2450 2856 2522 Apostolis
2884 2451 3077 2522 prima,
3122 2465 3188 2507 ex
3227 2468 3332 2523 qua
3379 2466 3608 2509 omnes.
3640 2452 3735 2508 Sic

2112 2557 2302 2598 omnes
2351 2543 2518 2613 prima
2552 2540 2668 2614 (7),
2710 2552 2764 2599 et
2810 2541 3153 2614 apostolicm,
3200 2542 3327 2598 dum
3371 2557 3477 2597 una
3534 2557 3738 2598 omnes

2112 2633 2341 2705 probant
2388 2634 2677 2697 unitatem;
2727 2633 2854 2688 dum
2913 2642 2996 2689 est
3023 2633 3129 2689 illis
3174 2633 3256 2704 (8)
3302 2632 3737 2689 communicatio

2120 2727 2290 2798 pacis,
2320 2736 2375 2781 et
2408 2724 2700 2797 appellatio
2748 2724 3121 2794 fraternitatis,
3147 2733 3202 2780 et
3226 2724 3303 2795 (ε)
3328 2724 3735 2781 contesseratio

2113 2820 2520 2891 h05pitalitatis:
2549 2835 2670 2889 qua:
2711 2818 2833 2890 jura
2881 2832 2991 2875 non
3020 2817 3123 2874 alia
3175 2818 3312 2873 ratio
3348 2817 3510 2895 regit,
3566 2831 3734 2891 quam

2116 2912 2355 2985 ejusdem
2385 2913 2706 2969 sacramenti
2738 2928 2839 2967 una
2865 2911 3080 2967 traditio
3107 2911 3203 2983 (f).

2714 3003 2944 3062 CAPUT
2985 3003 3129 3059 XXI.

2116 3098 2269 3155 Hauc
2305 3099 2475 3170 itaque
2502 3098 2675 3169 dirigit
2699 3098 2912 3154 alteram
2948 3096 3418 3169 prwscriptionem:
3445 3111 3551 3150 non
3597 3094 3731 3150 alios

2185 3190 2499 3262 recipiendos
2520 3189 2898 3261 prazdicatores,
2911 3204 3063 3260 quam
3083 3203 3206 3258 quos
3225 3185 3458 3242 Christus
3478 3186 3729 3250 instituit;

2188 3298 2234 3342 et
2263 3287 2476 3359 proinde
2498 3301 2610 3340 eam
2631 3285 2917 3338 doctrinam
2942 3280 3286 3353 recipiendam
3305 3323 3320 3347 ,
3349 3280 3406 3334 id
3433 3281 3544 3336 sine
3574 3279 3728 3334 dubio

2188 3378 2624 3449 tenentcm,quod
2670 3368 2998 3431 Ecclesia‘ab
3041 3373 3298 3444 Apostolis
3335 3381 3439 3427 tam
3464 3372 3580 3426 uiua
3612 3387 3726 3426 voce

2187 3458 2339 3543 quam
2379 3486 2470 3542 per
2527 3468 2817 3539 Epistolas,
2842 3465 3074 3537 Apostoli
3101 3483 3133 3519 α
3162 3464 3362 3520 Christo
3385 3505 3402 3533 ,
3433 3463 3673 3520 Christus
3696 3480 3725 3516 a

1632 3582 1923 3641 LECTION
1929 3586 2010 3644 ES
2046 3584 2463 3644 VARIANTES.

415 3470 746 3527 voluntatem
816 3468 1262 3539 administraret,
1296 3468 1430 3543 (quid
1473 3468 1677 3527 homini
1744 3471 2008 3541 agendum

587 3701 768 3752 Eorum
790 3697 929 3753 addit
963 3699 1114 3751 Seml.

511 3704 524 3753 Ι
587 3702 768 3752 Eorum
790 3702 929 3753 addit
963 3702 1114 3751 Seml.

478 3702 555 3831 lsi
583 3764 766 3831 Earum
786 3765 992 3826 incerta,
1033 3775 1097 3816 ea;
1134 3758 1346 3828 autqu
1375 3760 1544 3827 script.
1584 3758 1825 3827 vestigiis,
1850 3777 2018 3829 parum

414 3825 571 3888 certa,
591 3825 743 3876 Seml.
764 3836 899 3877 Pam.

480 3886 564 3952 (δι’
588 3889 968 3952 Christianorum
988 3886 1137 3952 Seml.
1173 3888 1382 3951 Gourcy.

444 4004 447 4005 ν
483 3948 559 4019 (4)
590 3951 905 4014 Regredieus
930 3948 1135 4003 Semler.
1163 3959 1298 4001 Pam.

1783 4036 2349 4098 COMMENTARIUS.

420 4132 582 4188 fidem
610 4139 665 4185 et
689 4129 1001 4199 religionem
1035 4129 1102 4182 ab
1119 4126 1441 4184 adversariis
1461 4127 1692 4182 lueresin
1716 4130 1895 4186 vocari
1919 4145 2018 4254 ἵει*

420 4204 799 4254 ienomiuiam:
831 4200 971 4254 ttuod
995 4200 1347 4254 IlierOttvmus
1366 4207 1668 4254 attestatur.
1698 4199 1749 4254 itt
1778 4215 1896 4254 can.
1954 4200 2018 4254 Il.

420 4204 799 4293 igpgtnin'i‘mu:
831 4200 971 4272 quod
995 4200 1347 4272 IlierOuymus
1366 4207 1668 4266 attestatur,
1698 4199 1749 4254 in
1778 4215 1896 4271 cap.
1922 4199 2018 4267 III,

421 4273 794 4400 “Grilli;
807 4385 820 4400 .
844 4374 911 4384 -—
930 4343 1010 4414 (τι)
1034 4342 1132 4399 Ubi
1146 4343 1279 4397 enim
1303 4344 1599 4413 apparuerit
1619 4358 1725 4396 esse
1736 4343 2014 4398 veritatem.

323 4446 339 4464 ο
425 4418 601 4475 Locus
624 4416 848 4483 insignis
876 4429 973 4483 pro
1001 4415 1307 4476 tlntholieis.
1340 4414 1481 4484 quod
1503 4414 1642 4485 apud
1672 4429 1765 4468 eos
1792 4415 1862 4469 sit
1882 4416 2020 4469 veri-

427 4499 508 4575 tas
524 4486 917 4581 Scripttltrarum
934 4499 987 4542 et
1014 4487 1434 4581 equsitionum,
1456 4494 1512 4541 et
1559 4485 1796 4542 omnium
1849 4486 2015 4542 tradi-

2195 4512 2273 4581 (θ)
2317 4511 2384 4566 Ει
2412 4492 2765 4567 contesseratio
2810 4510 3192 4580 hospitalitatis.
3241 4508 3581 4581 Elegantera
3613 4516 3716 4581 tes;

430 4565 635 4617 tionum
677 4559 1105 4614 ehristianartun.
1145 4558 1279 4613 Psu.

500 4631 653 4686 CAP.
669 4629 955 4702 XX.—-(h)
980 4629 1274 4702 Drestiuatos
1300 4628 1545 4702 national.
1563 4629 1849 4702 magistros.
1867 4629 2019 4685 Nulla

430 4704 629 4760 etenim
659 4700 1105 4756 terrarmn'orhis
1146 4715 1268 4771 pars
1308 4700 1423 4763 fuit,
1458 4701 1536 4755 vel
1580 4700 1817 4755 locorum
1848 4703 2020 4769 spatio

432 4783 540 4829 tam
563 4782 786 4838 remota,
811 4774 892 4828 vel
925 4786 1131 4827 morum
1157 4772 1361 4826 feritate
1384 4779 1490 4824 tam
1524 4771 1767 4835 barbara,
1787 4786 1892 4841 quo
1914 4787 2018 4826 non

432 4844 818 4916 gloriosissime
864 4844 1162 4916 pervaserit
1196 4843 1360 4912 gloria
1399 4843 1597 4916 Christi
1632 4858 1647 4895 :
1680 4858 1783 4916 qua
1816 4843 1918 4916 Ade
1964 4858 2022 4899 re

434 4912 563 4972 satis
593 4924 816 4984 egerunt
852 4916 1106 4979 tremens,
1138 4914 1397 4979 Justinus,
1426 4912 1693 4976 Clemens,
1737 4913 2017 4983 Origenes.

436 4987 551 5043 Iluc
594 4988 820 5056 pertinet
865 4986 1007 5056 quod
1052 4985 1211 5040 Isaias
1239 4984 1655 5039 admirabundus
1682 4984 2020 5056 exclamavit,

435 5074 554 5130 Cap.
583 5055 766 5113 LXVI:
790 5055 915 5125 Quis
938 5056 1130 5111 audivit
1157 5057 1301 5122 talia,
1320 5066 1418 5112 etc.
1434 5097 1450 5130 ,
1475 5065 1529 5110 et
1557 5056 1711 5111 Vates
1734 5055 2024 5126 regiustlu

437 5129 633 5184 omnem
651 5139 836 5185 terram
857 5130 1008 5184 exiuit
1033 5144 1186 5183 sonus
1214 5144 1406 5182 eorum.
1434 5129 1560 5184 Lac.

511 5201 589 5271 (e)
618 5200 792 5255 Primo
813 5217 903 5270 per
921 5200 1176 5254 Judaeum.
1209 5198 1378 5253 Nemo
1402 5202 1696 5271 refragatur
1727 5198 2023 5271 Ecclesiam

438 5270 709 5353 conditam
760 5273 908 5353 prius
952 5271 1338 5353 Hierosolymis
1366 5287 1429 5326 ex
1462 5270 1680 5353 iudicis,
1716 5270 1857 5353 unde
1885 5270 2025 5341 apud

339 5397 342 5400 .
441 5343 697 5413 profanos
748 5343 951 5398 nullum
1006 5342 1118 5398 fere
1169 5341 1458 5399 discrimen
1512 5342 1730 5398 .Iutheos
1777 5341 1919 5398 inter
1975 5350 2030 5398 et

438 5414 796 5470 Christianos.
822 5415 898 5470 Le
923 5418 1016 5470 Ρη.
1407 5430 1415 5436 ·

516 5484 601 5556 (ιι)
647 5484 691 5539 Α
738 5486 916 5553 quibus
960 5485 1221 5541 traducem
1269 5484 1408 5555 fidei.
1442 5485 1543 5553 Qui
1591 5485 1657 5541 de
1703 5500 1761 5541 re
1809 5485 2032 5551 rustica,

444 5556 619 5624 inquit
668 5556 972 5624 Quintinus.
1027 5559 1315 5627 scripsere,
1369 5556 1602 5611 traduces
1654 5557 1926 5627 appellant
1980 5557 2032 5610 iu

443 5629 641 5683 vitibus
663 5631 918 5690 maxime.
970 5630 1184 5700 quando
1235 5628 1532 5700 ramusculi
1585 5628 1767 5700 plures
1815 5642 1881 5682 ex
1927 5643 2036 5700 uno

447 5710 658 5763 trunco,
705 5701 788 5756 vel
845 5715 951 5754 uno
990 5698 1120 5756 'vi‘tis
1164 5700 1383 5756 brachio
1434 5698 1824 5762 dill'unduntur,
1880 5707 1936 5752 et
1982 5698 2035 5753 in

447 5771 608 5827 alium
627 5771 802 5832 locum
822 5772 1156 5829 deducuntur
1176 5772 1405 5827 invicem
1426 5770 1686 5826 connexi:
1718 5786 1824 5825 non
1852 5767 2037 5827 videns

2179 3701 2252 3767 (Si)
2284 3702 2570 3767 Tingendas
2594 3698 2744 3767 Seml.
2770 3698 3065 3767 unguendus
3092 3706 3229 3749 Pam.

2205 3704 2231 3753 5
2284 3702 2570 3766 Tingendas
2594 3701 2744 3752 Seml.
2770 3701 2838 3750 tin

2205 3701 2258 3830 el
2291 3764 2669 3830 Deputabuntur
2692 3760 2842 3815 Seml.

2207 3824 2261 3877 7i
2296 3824 2472 3877 Pri-ma:
2497 3824 2646 3877 Seml.
2677 3834 2812 3876 Pam.

2184 3873 2257 3956 (‘8)
2291 3873 2425 3940 Dum
2435 3873 2523 3941 Esi
2537 3873 2643 3940 illis
2656 3873 2808 3951 sua
2822 3888 2962 3939 Pam.
2990 3884 3141 3937 Seml.

2124 4141 2212 4188 tur
2239 4150 2269 4188 τι
2300 4130 2679 4203 propaginibus
2704 4130 2990 4187 admodum
3025 4129 3259 4203 differre.
3310 4128 3411 4184 Per
3440 4128 3719 4203 metapho-

2124 4220 2238 4260 ram
2266 4200 2563 4275 elegantem
2585 4218 2739 4272 sane,
2764 4203 3127 4275 fl‘ertulliauus
3153 4201 3240 4256 hic
3266 4210 3423 4275 vocat
3445 4200 3717 4275 traducem

2125 4274 2269 4341 fidei,
2303 4272 2704 4331 translationem
2752 4274 2874 4331 fidei
2905 4274 2974 4330 de
3023 4290 3126 4329 una
3175 4272 3411 4329 ecclesia
3464 4272 3516 4326 in
3541 4272 3715 4327 aliam.

2123 4347 2379 4403 Ecclesia:
2425 4362 2617 4418 nempe
2647 4354 2855 4412 mutuo,
2885 4346 3146 4418 quasique
3178 4359 3273 4414 per
3298 4358 3513 4412 manus,
3563 4355 3715 4414 apos-

2124 4417 2335 4475 tolicam
2359 4416 2655 4474 doctriuam
2675 4418 2777 4473 sibi
2801 4417 3092 4472 tradidere.
3120 4416 3257 4470 l’au.

2123 4576 2496 4651 serajlovator
2528 4576 3292 4651 vocabulorumTetlullianus
3327 4576 3545 4651 verbum
3579 4576 3717 4634 tinxit

2123 4646 2486 4715 Carales-seram,
2538 4654 2678 4709 unde
2746 4644 3235 4709 con‘lcssera‘lioldd-
3282 4650 3547 4720 significat
3598 4664 3716 4703 cou-

2119 4728 2455 4796 juuctionem
2486 4725 2907 4787 fatniliariorem.
2937 4739 3059 4796 qua:
3092 4739 3186 4793 per
3211 4724 3419 4796 signum
3447 4720 3565 4796 liat.
3592 4720 3712 4796 Nam

2126 4792 2326 4872 tessera
2376 4797 2515 4867 apud
2563 4806 2774 4872 veteres
2817 4792 3186 4872 erat_'_signttm
3234 4792 3529 4872 hospitale,
3571 4792 3713 4872 cujus

2125 4864 2491 4924 ostensionem
2537 4871 2581 4923 si
2643 4883 2803 4935 quem
2876 4864 3076 4923 obiisse
3145 4864 3496 4933 contigisset,
3546 4864 3715 4919 statim

2126 4940 2534 5011 agnoscebatur.
2589 4940 2767 4995 linea.

2205 5033 2268 5105 (l)
2310 5031 2557 5105 Ejusdem
2584 5032 2886 5105 sacramenti
2917 5048 3019 5105 una
3046 5030 3273 5105 traditio.
3304 5027 3415 5105 Hoc
3443 5039 3559 5097 est,
3582 5029 3715 5105 ejus-

2128 5099 2258 5160 dcut'
2278 5099 2528 5177 symboli.
2555 5119 2651 5177 seu
2685 5104 2899 5173 regulm,
2927 5102 3166 5170 ejusdem
3194 5099 3336 5177 lidei.
3375 5100 3573 5156 th.—
3605 5101 3718 5177 Pitt-

2131 5170 2323 5231 rimuni
2358 5176 2581 5231 interest
2607 5170 2894 5231 observare
2923 5188 3028 5227 non
3068 5187 3191 5226 eum
3242 5173 3379 5227 hanc
3431 5188 3620 5227 vocem
3670 5170 3714 5223 in

2131 5246 2466 5303 Tel-tulliano
2516 5245 2720 5301 referre
2777 5244 3139 5309 intellectum,
3170 5238 3258 5311 'qui
3306 5242 3625 5312 exprimitur
3659 5238 3717 5293 ab

2133 5317 2554 5388 interpretibus;
2611 5331 2706 5386 pro
2772 5316 2966 5388 regula
3019 5315 3161 5388 enim
3208 5313 3373 5388 (fidei,
3420 5322 3713 5388 atquepro

2138 5382 2337 5463 Christi
2369 5382 2672 5463 mandatis,
2704 5395 2759 5442 et
2804 5382 3054 5441 omnibus
3103 5385 3413 5463 christiana:
3461 5382 3716 5463 religibuis

2139 5460 2330 5516 ritibus
2356 5470 2411 5515 et
2435 5459 2748 5528 disciplina,
2775 5473 2880 5511 non
2907 5466 3084 5513 autem
3114 5470 3209 5528 pro
3247 5454 3717 5528 juramento'poni-

2139 5494 2806 5599 durities
2852 5494 3127 5585 ρᾶιὲἔξειέ
3159 5494 3404 5599 intétjse
3429 5494 3715 5599 commilitii-
3890 5494 3896 5599 l

2139 5592 2294 5665 care,
2353 5592 2408 5657 et
2454 5600 2641 5656 eodem
2693 5599 2817 5669 jure
2866 5601 2979 5663 uti,
3034 5602 3157 5671 quia
3211 5597 3419 5671 scilicet
3458 5599 3510 5653 in
3542 5614 3603 5654 ea
3631 5592 3719 5652 title

2140 5672 2436 5738 durarunt,
2487 5686 2607 5741 qua:
2659 5672 2728 5725 ab
2780 5669 3068 5742 Apostolis
3099 5669 3719 5742 est__tradita,quamque

2142 5743 2369 5802 fideliter
2410 5739 2780 5800 conservatam
2811 5739 3041 5816 posteris
3074 5739 3425 5797 tradiderunt.
3492 5739 3710 5797 ’Atutst’.
