3902 6312
155 304 217 361 35

1223 290 1426 349 LIBER
1466 289 1551 348 DE
1587 284 2281 348 PRESCRIPTlONlBUS.

3327 283 3398 345 54

216 418 312 473 Deo
350 415 584 487 suscepit;
623 414 720 469 hoc
758 412 925 484 itaque
949 407 1285 465 testimonium
1312 408 1533 463 veritatis
1561 408 1686 461 doc-
1714 407 1769 468 A
1793 403 1971 459 statim
1998 397 2480 474 proleralur,ynihil
2502 399 2612 471 jam
2639 399 2708 456 sit
2743 398 3176 467 retractandum;
3218 399 3296 474 (a)
3338 416 3402 457 ac

158 495 175 517 ⁸
216 513 344 568 trime
366 519 538 566 nostra:
554 508 690 579 quod
724 523 840 563 cum
873 504 1094 561 ecclesiis
1142 502 1432 577 apostolicis
1461 518 1691 558 commu-

160 598 169 622 ⁵
217 605 430 660 nitemur.
1418 606 1429 613 ”

216 716 333 773 Hinc
365 716 515 788 igitur
553 712 834 785 dirigimus
892 710 1376 783 praescriptionem:
1409 709 1455 765 si
1507 709 1695 765 Domi-

155 826 243 868 nus
262 810 399 867 Jesus
422 808 666 865 Christus
694 806 978 878 Apostolos
998 805 1141 861 misit
1173 803 1240 860 ad
1266 802 1661 875 praedicandum
1678 843 1695 870 ,

156 902 272 960 alios
290 917 393 958 non
412 916 527 957 esse
554 898 891 970 recipiendos
914 897 1310 970 praedicatum,
1330 911 1492 968 quam
1516 894 1699 950 Chris-

155 1006 231 1053 tus
250 995 482 1062 instituit;
512 995 639 1066 quia
668 1008 770 1049 nec
789 992 924 1048 alius
962 992 1175 1049 Patrem
1203 990 1345 1046 novit
1373 990 1472 1045 nisi
1493 988 1696 1058 Filius,

152 1099 205 1145 et
223 1088 291 1145 cui
310 1087 462 1143 Filius
490 1085 745 1143 revelavit
766 1126 781 1152 ,
803 1099 903 1141 nec
917 1084 1037 1140 aliis
1061 1083 1271 1140 videtur
1307 1081 1577 1138 revelasse
1606 1079 1699 1135 Fi-

151 1181 268 1248 lius,
297 1195 442 1252 quam
488 1178 763 1251 Apostolis
805 1192 940 1248 quos
966 1176 1114 1233 misit
1152 1175 1221 1230 ad
1258 1172 1657 1247 praedicandum
1680 1214 1696 1239 ,

150 1274 303 1345 utique
315 1272 442 1345 quod
463 1272 567 1328 illis
590 1270 867 1328 revelavit.
894 1269 1032 1337 Quid
1060 1277 1240 1325 autem
1269 1266 1700 1339 prtedicaverint,

150 1367 199 1423 id
218 1375 303 1435 est,
328 1365 446 1438 quid
472 1365 579 1421 illis
605 1363 855 1425 Christus
886 1361 1201 1419 revelaverit
1218 1401 1234 1427 ,
1266 1370 1320 1416 et
1340 1359 1429 1414 hic
1455 1357 1705 1430 prmscri-

149 1460 257 1516 ham
291 1474 386 1515 non
436 1459 593 1514 aliter
640 1456 855 1529 probari
912 1455 1145 1521 debere,
1194 1453 1296 1509 nisi
1342 1468 1440 1523 per
1485 1451 1705 1508 easdem

78 1562 101 1593 ι’
149 1553 385 1621 ecclesias,
419 1569 549 1625 quas
567 1553 668 1624 ipsi
687 1550 928 1623 Apostoli
944 1546 1435 1617 condiderunt,ipsi
1462 1546 1540 1601 eis
1571 1561 1708 1616 pra:-

66 1644 373 1739 q,dicantlo,
402 1656 506 1701 tam
547 1645 700 1707 viva,
754 1641 897 1714 quod
948 1643 1131 1708 aiunt,
1182 1655 1350 1704 voce,
1391 1653 1552 1709 quam
1609 1652 1707 1708 per

148 1737 364 1810 epistolas
408 1747 611 1810 postea.
641 1736 700 1793 Si
755 1735 872 1791 haec
921 1735 993 1790 ita
1015 1741 1172 1801 sunt,
1222 1740 1432 1788 constat
1480 1730 1704 1802 proinde

151 1844 333 1886 omnem
350 1829 640 1886 doctrinam
667 1844 789 1899 qua:
810 1841 932 1883 cum
954 1825 1060 1881 illis
1097 1823 1340 1882 ecclesiis
1369 1822 1698 1894 apostolicis,

152 1922 418 1978 matricibus
459 1932 514 1977 et
561 1919 918 1992 originalihus
965 1916 1125 1984 lidei,
1154 1916 1457 1986 conspiret,
1492 1914 1701 1970 veritati

150 2011 463 2083 deputandum
482 2053 498 2078 ,
524 2012 643 2069 sine
682 2011 848 2067 dubio
880 2017 1148 2067 tenentem
1178 2008 1319 2079 quod
1347 2006 1603 2062 Ecclesia:
1632 2004 1702 2060 ab

153 2104 401 2175 Apostolis,
424 2104 665 2176 Apostoli
687 2120 717 2158 a
746 2102 984 2169 Christo,
1009 2100 1254 2158 Christus
1280 2116 1310 2156 a
1332 2101 1439 2157 Deo
1461 2100 1699 2170 accepit;

153 2195 371 2268 reliquam
421 2213 550 2254 vero
588 2212 808 2253 omnem
836 2192 917 2268 (l)
956 2193 1255 2250 doctrinam
1303 2192 1373 2249 de
1424 2191 1703 2248 mendacio

154 2292 554 2364 pmjudicandam
576 2336 591 2362 ,
623 2308 747 2365 qua:
770 2293 945 2363 sapiat
970 2301 1155 2348 contra
1192 2291 1474 2347 veritatem
1517 2290 1705 2346 Eccle-

153 2384 837 2457 siarum,et'Apostolorum,
880 2392 935 2438 et
956 2382 1173 2449 Christi,
1212 2390 1267 2437 et
1305 2381 1419 2437 Dei.
1445 2381 1706 2453 Superest

153 2491 261 2547 ergo
295 2478 361 2532 uti
401 2477 866 2541 demonstremus,
926 2490 994 2530 an
1028 2474 1143 2529 htec
1192 2482 1373 2529 nostra
1423 2472 1703 2539 doctrina,

153 2564 281 2637 cujus
300 2571 522 2640 regulam
551 2585 715 2641 supra
743 2568 1011 2626 edidimus
1029 2610 1044 2636 ,
1065 2569 1134 2624 de
1160 2566 1544 2639 Apostolorum
1593 2578 1705 2623 tra-

154 2660 322 2721 ditione
369 2673 683 2730 censeatur,
728 2672 786 2719 et
822 2662 906 2737 (2)
946 2663 1048 2718 hoc
1083 2662 1240 2733 ipso,
1270 2677 1338 2717 an
1386 2670 1596 2717 cauerat
1638 2662 1708 2719 de

153 2753 395 2813 mendacio
452 2758 692 2814 veniant.
747 2755 1221 2813 Communicamus
1280 2770 1403 2811 cum
1470 2755 1712 2813 ccclesiis

97 2868 117 2891 ι
155 2847 442 2917 apostolicis,
485 2849 635 2922 quod
663 2848 796 2904 nulli
833 2847 916 2921 (5)
949 2848 1192 2905 doctrina
1223 2847 1466 2905 diversa:
1499 2848 1601 2904 hoc
1627 2858 1713 2905 est

155 2939 478 2999 Isstimonium
505 2943 770 3001 veritatis.

699 3059 931 3118 CAPUT
966 3058 1133 3117 XXII.

155 3169 383 3264 {postulas
430 3184 599 3230 autem
636 3173 907 3246 (quidquid
936 3176 990 3229 in
1030 3175 1340 3230 contrarium
1360 3176 1518 3232 soleat
1544 3176 1713 3233 dicere

210 3265 381 3323 diuersa
438 3269 596 3339 pars)
635 3268 806 3323 omnia
831 3277 878 3322 et
906 3268 1059 3324 scisse
1096 3276 1146 3323 et
1195 3269 1504 3336 tradidisse;
1533 3270 1715 3341 quibus

153 3436 161 3443 ο
209 3367 250 3413 et
273 3375 433 3416 omnes
467 3359 762 3432 Scripturas
786 3360 1057 3416 edisserere
1082 3361 1312 3418 Christus
1334 3363 1574 3435 dignatus
1614 3374 1714 3434 est,

206 3458 248 3504 et
270 3450 515 3524 Spiritum
537 3453 786 3511 Sanctum
810 3454 945 3531 misit
961 3494 978 3524 ,
1007 3455 1097 3527 qui
1124 3471 1209 3511 eos
1237 3456 1503 3514 deduceret
1527 3459 1582 3514 in
1608 3476 1718 3516 om-

208 3556 304 3597 nem
327 3546 610 3602 veritatem.

207 3654 568 3731 Sedquoniam
599 3670 706 3718 tam
746 3660 827 3736 (4)
871 3662 1119 3734 εκρθάίω
1166 3665 1410 3738 probatio
1434 3675 1550 3734 est,
1578 3677 1635 3723 ut
1671 3669 1716 3726 si

1731 1779 1780 1841 B

1736 3143 1782 3208 C

1798 498 1845 554 si
1902 497 2105 568 prolata
2154 512 2261 553 non
2309 497 2429 552 sita
2477 495 2664 563 nobis,
2715 495 2888 551 locum
2943 496 3157 553 interim
3213 497 3423 551 demus

1800 589 2027 644 diversa:
2055 589 2219 659 parti,
2251 588 2297 644 si
2323 588 2451 660 quid
2494 596 2684 658 putant
2728 588 2794 642 ad
2843 588 3218 644 inlirmandam
3265 588 3407 644 hanc

1804 681 2266 754 praescriptionem
2296 695 2516 736 movere
2562 695 2621 735 se
2643 694 2821 750 posse.
2842 679 3027 736 Solent
3072 679 3273 749 dicere,
3298 696 3407 736 non
3428 702 3498 737 κ-

1804 775 1986 832 omnia
2017 774 2305 846 Apostolos
2352 775 2520 830 scisse
2549 770 2648 845 (υ),
2692 773 2879 830 eadem
2927 774 3109 846 agitati
3138 774 3407 830 dementia

1802 884 1909 941 qua
1939 884 2122 925 susum
2147 867 2326 939 jusum
2368 867 2448 941 (5)
2487 876 2808 923 convertunt
2848 867 2948 939 (c),
2976 868 3154 924 omnia
3192 867 3409 938 quidem

1802 961 2092 1032 Apostolos
2121 961 2321 1028 scisse,
2350 960 2445 1017 sed
2473 974 2579 1015 non
2609 960 2790 1015 omnia
2817 962 3065 1017 omnibus
3093 959 3407 1027 tradidisse;

1803 1057 1858 1113 in
1888 1064 2113 1127 utroque
2143 1054 2416 1110 Christum
2464 1052 2870 1125 reprehensioni
2901 1053 3250 1124 subiicientes
3301 1052 3405 1127 (6),

1804 1147 1895 1219 qui
1922 1155 2015 1202 aut
2039 1147 2216 1202 minus
2237 1148 2525 1201 instructos
2545 1186 2561 1213 ,
2600 1153 2697 1200 aut
2723 1150 2911 1216 parum
2966 1146 3238 1216 simplices
3263 1149 3412 1217 Apo-

1807 1239 1975 1294 stolos
2003 1238 2230 1294 miserit.
2258 1237 2392 1304 Quis
2435 1235 2514 1308 (7)
2546 1236 2707 1309 igitur
2727 1236 2948 1308 integrae
2975 1238 3169 1294 mcmis
3184 1237 3410 1295 credere

1808 1338 1988 1402 potest
2012 1329 2212 1402 aliquid
2243 1344 2339 1386 eos
2361 1329 2657 1401 ignorasse,
2679 1342 2817 1398 quos
2838 1327 3125 1399 magistros
3151 1328 3411 1385 Dominus

1809 1423 1990 1491 dedit,
2037 1422 2338 1479 individnos
2384 1420 2587 1477 habens
2626 1419 2707 1494 (8)
2748 1420 2801 1475 in
2851 1421 3215 1489 comitatu,iu
3246 1420 3413 1478 disci-

1811 1517 1992 1589 pulatu
2017 1558 2033 1585 ,
2061 1516 2114 1571 in
2142 1516 2391 1571 convictu
2419 1530 2433 1579 ;
2465 1514 2661 1586 quibus
2684 1513 2909 1569 obscura
2938 1529 3163 1585 quinque
3184 1514 3414 1571 seorsim

1810 1607 2146 1676 disserebat,
2176 1607 2283 1662 illis
2309 1605 2496 1662 dicens
2522 1604 2706 1661 datum
2736 1619 2860 1661 esse
2899 1618 3227 1677 cognoscere
3251 1621 3408 1661 arca-
3427 1634 3454 1655 ι

1811 1716 1910 1768 na,
1948 1698 2081 1772 qua:
2111 1700 2306 1771 populo
2361 1698 2656 1770 intelligere
2700 1712 2806 1753 non
2853 1698 3080 1754 liceret?
3104 1698 3286 1754 Latuit
3313 1697 3418 1753 ali-
3454 1678 3685 1746 33M-

1808 1794 1936 1867 quid
1992 1795 2204 1850 Petrum
2249 1790 2351 1866 (ά),
2393 1791 2722 1849 tediﬁcandae
2767 1790 3022 1848 Ecclesia:
3069 1791 3420 1862 pctramdic-

1806 1898 1921 1943 tum
1963 1885 2195 1959 (Matth.
2218 1928 2233 1954 ,
2265 1885 2418 1952 XVI,
2469 1885 2559 1953 18,
2594 1882 2723 1956 l9),
2752 1884 2931 1940 claves
2982 1886 3129 1956 regni
3160 1884 3418 1940 cmlorum

1806 1989 2189 2044 consecutum,
2221 1988 2275 2034 et
2317 1978 2562 2034 solvendi
2610 1987 2666 2033 et
2708 1977 2958 2049 alligandi
2989 1979 3042 2032 in
3067 1978 3223 2033 caelis
3263 1985 3319 2033 et
3364 1978 3419 2033 itt

1807 2073 1964 2128 terris
1996 2070 2347 2142 potestatem?
2377 2069 2559 2125 Latuit
2588 2068 2918 2126 etJnannem
2962 2066 3035 2142 (ε)
3080 2068 3277 2140 aliquid
3297 2109 3314 2137 ,
3336 2068 3420 2123 di-

1806 2165 2158 2223 lectissimum
2214 2154 2469 2230 Domino,
2512 2164 2713 2237 pectori
2760 2163 2877 2234 ejus
2914 2163 3283 2230 incubantem,
3330 2164 3420 2218 cui

1810 2260 1911 2315 soli
1940 2261 2195 2316 Dominus
2214 2258 2408 2315 Judam
2437 2257 2750 2314 traditorem
2780 2258 3235 2328 praemonstravit,
3255 2273 3415 2329 quem

1812 2352 1934 2408 loco
1946 2367 2044 2408 suo
2062 2352 2228 2408 [ilium
2254 2351 2433 2407 Maria:
2462 2350 2839 2407 demandavit?
2868 2351 3006 2419 Quid
3028 2365 3121 2406 eos
3144 2351 3422 2422 ignorasse

1814 2445 1984 2501 voluit
2003 2487 2019 2513 ,
2043 2446 2237 2515 quibus
2257 2446 2418 2501 etiam
2444 2444 2670 2516 gloriam
2696 2458 2848 2499 suam
2876 2444 3121 2500 exhibuit
3144 2486 3158 2513 ,
3190 2453 3245 2501 et
3274 2444 3423 2517 Muy.

1813 2554 1911 2595 scn
1936 2547 1991 2595 ct
2017 2539 2245 2606 l’leliam,
2274 2548 2328 2594 et
2356 2538 2575 2609 insuper
2595 2537 2663 2593 de
2688 2538 2828 2594 ctelo
2858 2538 3032 2593 Patris
3053 2540 3285 2595 vocem?
3314 2554 3422 2596 non

1811 2631 1962 2702 quasi
1983 2637 2209 2686 caeteros
2219 2629 2538 2702 reprobans,
2555 2629 2649 2685 sed
2669 2630 2923 2701 quoniam
2941 2631 2993 2686 in
3013 2630 3182 2687 tribus
3199 2631 3425 2689 testibus

1817 2724 1979 2779 stabit
1994 2738 2154 2779 omne
2176 2724 2399 2778 verbum
2437 2721 2675 2795 (Matth,
2694 2722 2879 2790 XVIII,
2900 2721 3016 2795 l6).
3041 2724 3426 2795 lgnoraverunt

1820 2816 2001 2887 itaque
2019 2814 2191 2881 etilli,
2211 2815 2409 2887 quibus
2437 2823 2556 2885 post
2571 2815 3018 2871 resurrectionem
3039 2830 3251 2887 quoque
3268 2816 3319 2870 in
3339 2816 3426 2871 iti-

1817 2922 1948 2993 nere
1962 2921 2152 2963 omnes
2166 2905 2470 2977 Scripturas
2482 2904 2779 2963 edisserere
2798 2906 3049 2978 dignatus
3068 2917 3152 2965 est
3167 2909 3192 2961 ?
3210 2908 3429 2964 Dixerat

1819 3001 1976 3071 plane
1991 2999 2277 3071 aliquando
2296 3017 2311 3054 :
2338 2998 2509 3055 Multa
2530 3000 2689 3055 habeo
2700 3000 2871 3055 adhuc
2889 3001 3025 3056 vobis
3041 3001 3199 3073 loqui,
3219 3003 3309 3057 scd
3324 3019 3427 3059 non
3482 3056 3493 3061 -

1814 3092 2021 3164 potestis
2040 3092 2189 3147 modo
2213 3108 2273 3147 ea
2298 3092 2543 3148 sustinere
2575 3091 2750 3164 (Jean,
2774 3092 2914 3161 XVI,
2949 3092 3034 3161 12,
3066 3095 3136 3151 15
3163 3096 3212 3167 ):
3246 3103 3426 3152 tamen

1815 3185 2110 3257 adjiciens:
2137 3183 2268 3241 Cum
2307 3186 2496 3241 venerit
2528 3185 2618 3241 ille
2646 3184 2875 3257 Spiritus
2922 3189 3148 3242 ueritatis
3168 3229 3182 3253 ,
3217 3189 3327 3260 ipse
3342 3204 3428 3245 ros

1816 3284 2027 3339 deducet
2062 3283 2118 3337 in
2152 3298 2351 3337 onmem
2372 3282 2632 3337 veritatem
2653 3323 2668 3348 ,
2701 3282 2942 3338 osmndit
2970 3284 3094 3339 illos
3110 3284 3245 3340 nihil
3278 3285 3430 3356 igno-

1819 3389 1972 3432 rasse
1991 3415 2005 3441 ,
2033 3389 2170 3445 quos
2220 3389 2437 3430 onmem
2468 3374 2748 3430 veritatem
2775 3385 3163 3433 consecuturos
3183 3393 3280 3448 per
3303 3377 3429 3450 Spi-

1822 3466 1982 3523 ritum
2020 3464 2258 3521 veritatis
2303 3463 2721 3535 rcpromiscrat;
2745 3474 2800 3521 et
2855 3466 3035 3536 utique
3076 3468 3314 3539 implevit
3344 3486 3433 3528 rc-

1825 3557 2171 3630 promissum,
2186 3556 2540 3628 probantibus
2557 3558 2703 3614 Actis
2716 3559 3093 3630 Apostolorum
3109 3562 3429 3623 descensum

1822 3650 2055 3721 Spiritus
2071 3649 2275 3707 Sancti.
2318 3648 2390 3722 ([)
2427 3648 2599 3717 Quam
2649 3649 2981 3722 Scripturam
3007 3654 3099 3727 qui
3131 3670 3238 3714 non
3289 3660 3434 3716 reci-

1338 3781 1724 3840 Lec'rtomts
1762 3783 2178 3841 VARIANTES.
2216 3748 2229 3782 ‘

294 3868 659 3943 Quane-avere,
676 3885 769 3937 pro
789 3872 1029 3943 [eliquam
1046 3887 1167 3927 vero
1188 3880 1403 3937 omnem,
1436 3874 1721 3943 Venet.Rig.

296 3930 474 3996 Euhoe
496 3937 609 3996 ipso
631 3930 765 3996 i’arn.
791 3930 946 3988 Sem't.

209 3866 247 3930 ll

211 3868 247 3930 ll
294 3868 493 3923 Omnem
517 3885 659 3936 vero,
676 3885 769 3937 pro

226 3930 255 3979 ‘3
296 3930 362 3983 Ex
380 3935 474 3987 hoc
496 3937 609 3996 ipso
631 3945 765 3985 Pam.

299 3992 426 4046 Nulla
450 4007 594 4051 Pam.
619 3995 770 4049 Seml.

227 4054 271 4117 ι)
300 4055 412 4109 Tum
445 4057 602 4111 Seml.

227 4054 271 4119 ᾖ)
300 4055 412 4109 Tum
445 4057 602 4111 Seml.

1916 3878 1961 3940 5)
2001 3875 2190 3941 Bursus
2210 3888 2300 3939 pro
2321 3889 2486 3941 susum
2505 3879 2668 3941 jusum
2693 3878 2844 3931 Sami.
2872 3888 3009 3933 Pam.

1917 3939 1969 4002 6)
2003 3939 2293 4001 Injicientes
2315 3939 2465 3989 Seml.

1918 4002 1969 4063 7)
2003 4002 2094 4058 Qui
2127 4005 2294 4051 Venet.
2320 4004 2430 4063 quis
2453 4003 2584 4052 enim
2608 4011 2742 4054 Pam.
2774 4002 2923 4056 Serui.

1918 4062 1971 4127 8)
2003 4063 2207 4114 [labiles
2230 4062 2379 4115 SemTt.
2404 4065 2547 4115 Pam.

1502 4168 2061 4231 COMMENTARIUS.

219 4280 350 4361 cur.
372 4286 617 4344 xxn.—
637 4286 714 4360 (a)
740 4286 815 4342 Ac
838 4287 882 4344 si
907 4288 1126 4361 prolata.
1148 4287 1206 4344 Id
1229 4296 1333 4354 est,
1360 4288 1568 4361 perinde
1596 4304 1655 4342 ac
1679 4288 1726 4344 si

165 4353 347 4422 ποιαω.
647 4353 657 4360 ’
692 4353 706 4360 ’
907 4353 919 4361 ’
1320 4353 1326 4354 ί
1361 4353 1508 4414 Ἐυι).

1829 4286 2185 4366 pronuntiavit
2200 4302 2219 4366 _:
2244 4284 2318 4341 Tu
2335 4287 2632 4366 eaq/{riuus
2646 4287 2812 4366 Filius
2831 4289 2925 4345 Dei
2939 4294 3167 4351 viventis.
3188 4297 3318 4366 Quae
3337 4312 3438 4355 vos

1828 4359 2091 4430 professio
2105 4359 2351 4430 fuitivera:
2366 4358 2508 4435 ﬁdei;
2527 4361 2668 4415 unde
2685 4358 2876 4435 Petrus
2891 4369 3084 4421 meruit
3109 4358 3311 4435 audire,
3328 4372 3443 4427 sive

166 4490 179 4503 θ
223 4425 290 4499 (b)
322 4427 437 4503 Non
481 4431 664 4486 omnia
707 4431 976 4500 Apostolus
1022 4432 1212 4487 scisse:
1247 4432 1318 4485 De
1348 4430 1595 4503 Patribus
1623 4429 1724 4486 hoc
1754 4501 1781 4503 μ
1829 4425 1980 4500 petra
2011 4445 2174 4503 super
2201 4425 2360 4503 quam
2389 4425 2679 4487 aediﬁcaret
2705 4433 2996 4490 Ecclesium
3041 4438 3282 4495 Christus
3300 4425 3318 4494 ἐ
3356 4425 3444 4499 hic

264 4513 308 4574 9)
332 4498 565 4574 heretici
608 4498 777 4574 nostri
806 4505 1063 4574 temporis
1090 4503 1383 4557 afﬁrmant.
1415 4501 1723 4574 Hyplcnim
1751 4501 1804 4561 D
1831 4498 1975 4574 enim
2006 4498 2248 4574 itletnes’t
2279 4502 2469 4574 Petrus
2493 4512 2547 4558 et
2574 4503 2877 4573 petra.th.
2900 4510 3279 4565 emendantibus
3306 4512 3437 4570 uno,

188 4565 230 4646 ip
254 4565 491 4646 latitudo)
538 4572 703 4646 multa
750 4590 834 4628 eos
880 4565 1163 4629 necessario
1208 4565 1512 4646 ignorasse..-
1536 4572 1729 4646 Witta-

353 4632 587 4722 ait,'eos
614 4645 865 4722 inpunitis
894 4646 1160 4722 insigniter
1187 4632 1403 4700 errasse.
1441 4645 1514 4722 De
1553 4632 1727 4722 Apos-

171 4704 527 4799 Efﬂafnté,“
546 4716 699 4799 qum!
733 4718 907 4799 sciam
933 4758 951 4798 τ
981 4704 1190 4799 diserte.
1212 4717 1559 4799 asseveravit.
1588 4704 1728 4799 Qniu

174 4776 623 4858 Mpﬂatbolicis
649 4785 707 4841 id
732 4776 981 4857 impingit
1001 4787 1266 4843 Kimcdon
1296 4787 1385 4858 (de
1407 4787 1559 4858 Vvet-bo
1584 4776 1726 4856 Dei),

172 4848 423 4923 Milite,
468 4857 704 4920 viderit,
732 4848 836 4913 sed
882 4848 1060 4929 tamen
1116 4860 1258 4912 haud
1298 4848 1569 4913 absimilis
1614 4848 1732 4913 istic

172 4912 403 4975 ιωεΑιι
420 4942 537 4975 enm
570 4929 648 4975 ait
692 4928 1041 4975 Rullenaerns
1070 4929 1120 4975 in
1147 4928 1338 4975 decad-
1382 4929 1564 4975 Germ-
1612 4927 1732 4975 Non

266 4932 537 5004 galeam
569 4929 648 4983 ait
691 4928 1041 5000 Bullcngerus
1068 4929 1122 4983 in
1147 4928 1338 4984 decad.
1382 4929 1564 4986 Germ.
1610 4927 1733 4984 Non

266 5004 376 5071 [suae
415 4998 687 5071 Apostolos
741 5000 1032 5069 plenariam
1057 5009 1373 5071 potestatem.
1408 4999 1540 5056 Lac.
1699 5070 1705 5071 ί

234 5058 440 5142 (ἣρω
455 5058 644 5127 rursus
661 5058 979 5126 conuertunt.
1006 5058 1069 5126 In
1092 5072 1383 5142 exemplari
1410 5071 1582 5142 Agol).
1608 5070 1740 5142 legi—

416 5156 591 5196 usum
638 5142 957 5215 rursus._Et
997 5132 1358 5215 conﬁrmatur
1398 5132 1520 5215 eod.
1563 5132 1741 5215 Divi'of

179 5204 331 5283 lilii.
352 5209 670 5283 Augustinus
698 5214 753 5267 in
780 5212 952 5283 Epist.
985 5212 1232 5278 Joannis,
1251 5214 1431 5268 Tract.
1484 5214 1518 5268 8
1550 5229 1562 5266 :
1591 5212 1742 5281 Quod

179 5280 523 5358 gladius
540 5286 727 5358 jusum
749 5299 770 5348 ,’
806 5280 946 5354 quod
997 5284 1280 5358 deorsum1
1301 5285 1463 5358 facias
1517 5280 1740 5358 sursum.

356 5335 834 5425 satagebat;
844 5335 983 5411 ἐἶξε
995 5335 1622 5425 satii‘i'ptaaaza‘ra;
1638 5335 1744 5409 iro—ii

182 5406 524 5509 mut;
534 5406 684 5483 ita.
698 5406 1173 5509 ieiunitas;
1194 5406 1301 5509 at;
1320 5406 1611 5509 evitsset:
1634 5406 1741 5481 to;

185 5475 492 5568 agnas;
503 5475 1183 5567 ιιᾶἱὶὅὲὲιεῖἳῖἱιὶηιῖὶιὶἑᾶἔ.
1204 5475 1412 5568 ’ἱίᾶηῶ
1429 5475 1744 5566 ἰη’ίὲῖέεὲὶιξ

541 5710 739 5842 αϋιυὲά
774 5710 1014 5767 Petrum.
1041 5712 1229 5797 Simon
1260 5709 1517 5796 Bar~jona
1570 5709 1746 5792 dictus

268 5779 323 5829 ια
352 5768 571 5839 hunc
658 5794 840 5842 etrus.
873 5784 1016 5842 quod
1069 5800 1273 5842 munus
1299 5795 1484 5842 aamto
1530 5781 1745 5842 Christo

184 5766 323 5829 ill-ﬁ
352 5768 571 5839 Domino
618 5766 841 5858 Fetrus
873 5784 1016 5857 quod
1055 5766 1484 5861 'pi’iiiiiis'igiino
1530 5766 1745 5842 Christo

316 5912 347 5933 ὁ

572 5570 755 5643 agitati
801 5568 1057 5623 dementia
1081 5586 1185 5642 qua
1217 5585 1392 5625 susum
1413 5569 1595 5639 jusum
1623 5585 1745 5622 catt-

1907 4573 1980 4648 (Λρ)
2008 4572 2181 4648 Latuit
2208 4582 2254 4625 et
2279 4572 2961 4648 Joannem.illicrouytnus,
2984 4580 3134 4648 prmi.
3164 4581 3215 4634 in
3249 4582 3441 4641 Matln:

1841 4643 2098 4721 «Ultimus
2115 4643 2346 4721 .loanncs
2359 4643 2648 4721 Apostolus
2665 4655 2719 4699 ct
2738 4643 3098 4719 Evangelista,
3114 4667 3272 4721 quem
3287 4652 3444 4711 Jesus

1833 4717 2032 4769 amavit
2078 4716 2396 4787 plurimum;
2431 4716 2518 4785 qui
2548 4732 2709 4787 supra
2744 4716 2930 4785 peetus
2974 4716 3183 4777 Domini
3231 4740 3442 4780 recum-

1836 4787 1989 4866 bens,
2021 4782 2302 4866 purissima
2330 4782 2694 4866 doctrinarum
2723 4782 2918 4866 llu_e_ntu
2957 4795 3157 4862 putavit
3180 4837 3195 4860 ,
3243 4805 3299 4851 et
3349 4799 3444 4866 qui

1837 4859 1986 4914 solus
2017 4860 2082 4912 de
2109 4872 2267 4912 cruce
2297 4860 2489 4913 meruit
2516 4860 2701 4914 audire
2735 4878 2750 4914 :
2781 4860 2912 4918 Ecce
2941 4859 3101 4919 mater
3129 4859 3235 4921 tua.
3318 4859 3441 4926 lito.

1911 4929 1996 5007 (ί),
2023 4930 2187 5009 (ξίφη
2209 4928 2549 5009 -Scripluram
2579 4932 2663 5002 qui
2693 4935 3108 5009 non_recipiunt.
3142 4938 3442 5009 Manichati,

1843 5000 2015 5069 inquit
2040 5000 2345 5068 Quintilius,
2375 5000 2598 5070 prorsus
2645 5019 2767 5057 eum
2809 5000 2952 5059 Νυνῖ
2995 5008 3319 5066 Testatnenli
3380 5000 3445 5065 li;

1844 5072 2022 5144 hrum,
2054 5071 2143 5144 qui
2171 5069 2335 5125 Actus
2362 5073 2740 5142 Apostolorum
2781 5074 3110 5144 inscribitur,
3144 5094 3248 5134 non
3302 5083 3445 5136 rcci-

1846 5142 2084 5217 piebant_.
2113 5141 2371 5217 Iumsuum
2414 5141 2608 5214 nempe
2654 5141 3212 5217 Archimaniclneum,
3242 5166 3347 5204 non
3391 5153 3443 5207 in

1847 5212 2138 5290 Apostolos
2163 5212 2386 5290 Christi.
2419 5212 2737 5290 asserebant
2768 5219 2980 5273 venisse
3008 5220 3076 5273 de
3104 5212 3242 5274 caelo
3270 5222 3442 5290 Spiri-

1850 5294 1961 5338 tum
1989 5283 2242 5359 Sauctutn
2266 5286 2510 5359 veritatis
2531 5287 2830 5354 doctorem,
2851 5305 3008 5359 quem
3033 5289 3286 5359 Dominus
3309 5283 3443 5347 tuis-

1851 5370 2034 5428 surum
2066 5370 2126 5410 sc
2155 5356 2266 5409 suis
2294 5357 2566 5425 Apostolis
2607 5356 2917 5428 promiserat
2939 5377 2958 5423 ;
2984 5358 3214 5428 indeque
3245 5363 3446 5418 muntln

1850 5425 2018 5503 fuisse
2062 5428 2515 5503 communicatum
2561 5425 2661 5503 per
2708 5430 2854 5503 illum
2900 5444 3053 5503 suum
3094 5425 3323 5501 Manum,
3351 5436 3443 5503 qui

1851 5497 1965 5573 sub
1986 5496 2297 5573 Aureliano,
2328 5496 2604 5573 veniens]:
2633 5499 2871 5563 Perside,
2893 5499 3134 5573 primum
3170 5496 3330 5573 erepit
3364 5496 3444 5557 in-

1851 5568 2184 5641 sanire,_hoc
2203 5580 2306 5641 est,
2335 5570 2489 5623 annis
2520 5584 2655 5638 pene
2685 5571 2956 5641 trecentis,
2981 5583 3126 5627 certe
3164 5568 3441 5641 anfplus-

1849 5653 2010 5710 quam
2040 5638 2285 5711 ducentis
2313 5641 2584 5711 sexaginta
2634 5648 2752 5711 post
2798 5638 2944 5693 illam
2982 5638 3336 5711 stupendum,
3389 5653 3444 5697 et

1849 5709 2217 5765 admirandam
2270 5710 2613 5780 missionem.
2644 5709 2711 5780 de
2730 5723 2834 5777 qua
2861 5711 2912 5765 in
2943 5709 3141 5780 eapﬁll
3176 5711 3441 5767 dictorum

1850 5782 1974 5842 Act.
1995 5782 2290 5857 Apostolie.
2309 5782 2549 5857 Dumque
2577 5778 2849 5852 Scriptura
2879 5778 3163 5839 manifesto
3183 5794 3443 5852 coargue-
