3902 6312
326 248 454 307 ’⁸55

1800 243 2265 319 TERTULLIANI

3635 250 3713 307 56

384 363 569 434 piunt,
603 379 705 422 nec
730 362 959 437 Spiritus
994 362 1177 421 Sancti
1196 377 1319 423 esse
1353 372 1609 436 possunt,
1634 362 1722 435 qui
1752 363 1979 419 necdum
2007 365 2058 426 Α
2081 363 2204 433 jure
2254 360 2459 417 scilicet
2489 359 2728 435 ejusdem
2758 359 2879 419 lidei
2908 369 2963 417 et
3011 361 3423 433 prmdieationis.
3473 362 3615 418 Nam
3652 372 3712 417 et

382 457 464 531 (l)
533 458 787 529 Spiritum
867 457 947 530 t2)
1004 457 1210 528 possint
1287 473 1580 528 agnoscere
1647 456 1980 512 discentibus

382 548 603 604 missum
623 591 639 614 ,
670 547 767 605 sed
806 563 906 605 nec
934 548 1228 606 Ecclesiam
1254 547 1538 603 defendere
1558 589 1571 611 ,
1605 546 1695 618 qui
1715 588 1730 612 ,
1766 547 1981 619 quando

382 650 440 699 et
493 642 689 713 quibus
739 643 1075 698 incunabulis
1120 642 1419 698 institutum
1464 650 1545 697 est
1589 639 1690 695 hoc
1747 656 1978 710 corpus,

383 734 613 807 probare
643 749 748 791 non
781 734 1001 790 habent.
1044 731 1123 806 (a)
1164 733 1317 788 Tanti
1340 731 1587 787 estenim
1608 731 1716 789 illis
1747 746 1851 787 non
1887 730 1983 786 ha-

380 825 509 882 bere
538 826 886 898 probationes
903 841 1088 880 eorum
1117 829 1236 895 qua:
1259 823 1574 890 defendunt,
1592 819 1670 895 (ὑ)
1695 840 1762 878 ne
1781 824 1982 894 pariter

380 920 733 977 admittuntur
756 917 1115 975 traductiones
1142 934 1327 975 eorum
1350 932 1466 988 quae
1485 918 1837 973 mentiuntur.

951 1029 1179 1086 CAPUT
1227 1027 1416 1085 XXIII.

382 1125 452 1183 In
477 1124 640 1181 Petro
664 1124 797 1181 enim
822 1139 923 1179 non
959 1124 1315 1196 reprehensam
1334 1120 1679 1194 ignorantiam
1704 1121 1983 1193 aliquanta

767 1218 969 1287 Paulo,
997 1217 1087 1273 sed
1124 1204 1570 1273 conversationem.

451 1314 767 1385 Propoth
802 1328 931 1383 ergo
969 1311 1035 1366 ad
1067 1310 1455 1382 suggillandam
1494 1308 1848 1380 ignorantiam
1875 1307 1979 1363 ali-

382 1425 543 1482 quam
603 1406 1019 1480 Apostolorum,
1050 1405 1191 1477 quod
1245 1404 1433 1461 Petrus
1456 1445 1470 1469 ,
1503 1412 1556 1459 et
1599 1403 1686 1474 qui
1717 1418 1838 1458 cum
1878 1416 1977 1468 eo,

379 1500 696 1571 reprehensi
723 1486 832 1556 sint
863 1517 893 1554 a
924 1499 1110 1554 Paulo.
1145 1497 1328 1565 Adeo,
1361 1499 1638 1569 inquiunt,
1667 1496 1870 1567 aliquid
1899 1496 1978 1551 eis

377 1594 543 1649 defuit
568 1610 584 1660 ;
609 1604 667 1648 ut
688 1608 754 1649 ex
783 1592 886 1647 hoc
913 1591 1078 1647 etiam
1106 1589 1238 1646 illud
1259 1599 1489 1656 struant,
1519 1588 1760 1660 potuisse
1789 1597 1975 1659 postea

380 1687 677 1758 pleniorem
717 1684 995 1743 scientiam
1044 1687 1427 1754 supervenire,
1476 1683 1648 1753 qualis
1700 1681 1978 1737 obvenerit

380 1740 545 1835 i’aulo
570 1776 1000 1848 reprehendendi
1028 1786 1420 1832 antecessores.
1472 1774 1766 1841 Possumus
1795 1782 1850 1828 et
1890 1774 1979 1829 hic
2006 1740 2053 1802 Β
2084 1755 2337 1812 “31’3"”-

380 1872 513 1925 Acta
564 1869 946 1940 Apostolorum
1006 1867 1409 1940 repudiantibus
1455 1865 1857 1936 dicere:prius
1895 1874 1982 1921 est

378 1962 453 2016 uti
485 1961 779 2016 ostendatis
803 1960 925 2031 quis
955 1960 1054 2016 iste
1083 1959 1278 2014 Paulus
1297 2001 1312 2026 ,
1355 1966 1413 2013 et
1430 1957 1558 2029 quid
1586 1967 1711 2013 ante
1743 1962 1976 2026 Aposto-

382 2052 491 2106 lum
519 2093 536 2119 ,
561 2062 616 2108 et
667 2051 940 2122 quomodo
988 2050 1319 2121 Apostolus:
1352 2059 1616 2119 quatenus
1665 2058 1720 2103 et
1745 2047 1879 2103 alias
1908 2045 1978 2101 ad

377 2144 701 2214 quaestiones
724 2144 1008 2214 plurimum
1026 2157 1093 2198 eo
1120 2150 1358 2197 utuntur.
1379 2141 1565 2211 Neque
1586 2140 1753 2204 enim.
1785 2142 1827 2194 si
1859 2140 1979 2210 ipse

376 2254 438 2293 se
465 2238 765 2307 apostolum
791 2236 861 2291 de
889 2243 1232 2306 persecutore
1272 2234 1580 2304 profitetur,
1611 2232 1810 2288 sufficit
1854 2234 1977 2287 uui-

380 2331 576 2400 cuique
595 2328 898 2385 examinate
939 2324 1020 2401 (5)
1059 2327 1298 2382 credenti
1323 2342 1338 2392 ;
1366 2326 1696 2396 quandonec
1721 2326 1979 2382 Dominus

377 2406 581 2490 ipse'de
602 2436 663 2475 se
690 2421 1053 2477 testimonium
1097 2419 1315 2476 dixerit.
1360 2416 1434 2493 (e)
1473 2419 1579 2475 Sed
1625 2418 1850 2475 credant
1892 2418 1975 2491 (4)

382 2513 500 2568 sine
520 2512 831 2583 Scripturis,
853 2509 1412 2567 utcredantadversus
1432 2511 1768 2581 Scripturas;
1797 2520 1976 2567 tamen

377 2605 643 2671 doceant,
679 2619 747 2660 ex
797 2618 864 2659 eo
889 2602 1031 2673 quod
1069 2601 1303 2672 allegant
1352 2603 1565 2657 Petrum
1606 2617 1635 2656 a
1686 2603 1850 2658 Paulo
1897 2619 1979 2659 re-

376 2696 703 2767 prehensum
723 2736 737 2762 ,
765 2695 924 2750 aliam
953 2694 1232 2763 Evan,elii
1262 2695 1488 2749 formam
1530 2709 1561 2748 a
1592 2693 1759 2749 Paulo
1788 2709 1977 2764 super-

311 2804 335 2820 '
377 2791 626 2857 ductam,
656 2792 788 2845 citra
835 2804 953 2843 eam
1000 2804 1157 2859 quam
1204 2788 1539 2858 praemiserat
1569 2787 1756 2844 Petrus
1784 2799 1839 2843 et
1866 2804 1975 2845 cato

378 2883 499 2938 teri.
527 2883 662 2949 Quin
703 2880 811 2955 (5).
852 2880 1157 2937 demutatus
1183 2882 1235 2936 in
1264 2881 1669 2951 prmdicatqrem
1695 2880 1764 2936 de
1790 2896 1977 2952 perse-

375 2974 592 3041 cutore,
637 2972 921 3029 deducitur
962 2973 1027 3028 ad
1076 2973 1282 3052 fratres.
1309 2989 1341 3028 a
1386 2973 1641 3037 fratibus,
1666 2984 1724 3029 ut
1753 2989 1891 3030 unus
1911 2990 1976 3030 ex

2090 456 2167 510 illi
2197 470 2302 509 non
2355 463 2537 508 essent
2584 455 2758 509 mirati
2782 453 2849 509 de
2867 462 3206 524 persecutore
3251 456 3446 510 factum
3495 456 3710 527 praedi-

2083 555 2354 614 catorem,
2410 546 2455 600 si
2507 545 2705 616 aliquid
2778 547 3106 601 contrarium
3172 546 3528 618 praedicaret;
3594 562 3709 604 nec

2085 640 2369 694 Dominum
2414 648 2673 710 praeterea
2702 639 3165 711 magnificassent,
3199 640 3319 712 quia
3349 638 3707 697 adversarius

2086 733 2410 806 ejusPaulus
2432 732 2746 789 obvenerat.
2769 730 2956 804 Itaque
2967 732 3363 789 etdexteramei
3382 733 3664 789 dederunt
3686 776 3703 800 ,

2086 829 2295 900 signum
2322 826 2623 883 concordiae
2646 834 2699 882 et
2725 826 3115 883 convenientiae
3140 842 3157 892 ;
3188 835 3239 882 et
3261 827 3401 881 inter
3414 838 3478 881 se
3500 825 3704 881 distri-

2085 917 2358 975 butionem
2426 917 2586 973 cilicii
2644 916 3064 982 ordinaverunt,
3117 930 3223 971 non
3289 921 3705 989 separationem

2086 1011 2361 1083 Evangelii
2386 1027 2399 1077 ;
2438 1026 2537 1066 nec
2567 1020 2624 1065 ut
2646 1010 2788 1065 aliud
2818 1010 2955 1065 alter
2979 1052 2994 1077 ,
3024 1008 3120 1064 sed
3148 1018 3204 1063 ut
3246 1009 3364 1065 aliis
3388 1009 3522 1064 alter
3555 1024 3707 1080 pra:-

2085 1105 2348 1173 dicarent,
2376 1104 2566 1161 Petrus
2596 1105 2649 1159 in
2679 1104 3176 1168 Circumcisionem,
3207 1103 3405 1159 Paulus
3429 1105 3479 1159 in
3506 1102 3708 1159 Natio-

2087 1213 2184 1255 nes
2226 1197 2329 1273 (d).
2369 1196 2672 1263 Casterum,
2725 1196 2769 1251 si
2812 1193 2888 1268 (e)
2931 1195 3289 1266 reprehensus
3319 1205 3402 1252 est
3454 1194 3703 1264 Petrus,

2082 1289 2227 1363 quod
2253 1305 2374 1345 cum
2404 1290 2730 1344 convixisset
2757 1288 3015 1354 ethnicis,
3041 1296 3224 1361 postea
3268 1303 3327 1343 se
3367 1303 3395 1341 a
3437 1287 3706 1347 convictu

2082 1398 2267 1442 eorum
2294 1400 2353 1440 se
2392 1384 2614 1455 parabat
2641 1398 2994 1453 personarum
3027 1392 3315 1453 respectu;
3342 1382 3528 1453 utique
3552 1397 3700 1439 con-

2082 1478 2400 1534 versationis
2430 1475 2525 1531 fuit
2554 1475 2773 1544 vitium,
2808 1491 2914 1530 non
2945 1476 3360 1548 praedicationis.
3390 1474 3507 1530 Non
3539 1477 3695 1533 enim

2080 1586 2148 1627 ex
2179 1570 2281 1625 hoc
2318 1570 2453 1623 alius
2487 1569 2655 1635 Deus,
2684 1584 2842 1641 quam
2871 1566 3128 1633 Creator;
3162 1577 3215 1623 et
3236 1568 3373 1622 alius
3398 1567 3658 1623 Christus
3680 1611 3699 1638 ,

2081 1678 2245 1735 quam
2272 1676 2338 1717 ex
2364 1659 2546 1728 Maria,
2580 1670 2633 1716 et
2655 1660 2758 1715 alia
2780 1675 2902 1732 spes
2932 1675 3092 1731 quam
3121 1661 3448 1716 resurrectio
3472 1677 3694 1717 annun-

2657 1823 2891 1881 CAPUT
2921 1823 3114 1911 xxiv.

2082 1939 2246 2012 quue
2274 1938 2683 2011 reprehensionis
2706 1948 3007 2009 usurpatum
3034 1937 3195 2009 fuisse
3227 1954 3318 2010 pro
3350 1928 3698 2011 temporibus,

2613 2032 2865 2104 personis,
2889 2040 2933 2084 et
2960 2032 3177 2085 caussis.

2153 2145 2269 2202 Non
2312 2144 2441 2201 mihi
2481 2153 2593 2199 tam
2631 2126 2770 2200 bene
2813 2154 2932 2212 est,
2958 2144 3065 2199 imo
3095 2160 3200 2199 non
3236 2142 3366 2200 mihi
3411 2152 3520 2199 tam
3553 2143 3701 2202 male

2080 2250 2196 2305 est,
2242 2250 2298 2293 ut
2329 2238 2613 2309 Apostolos
2648 2238 3004 2294 committam.
3031 2238 3138 2294 Sed
3187 2239 3440 2310 quoniam
3472 2255 3700 2310 perver-

2080 2331 2277 2386 sissimi
2305 2332 2389 2386 isti
2437 2330 2582 2385 illaut
2612 2330 3086 2401 reprehensionem
3125 2331 3191 2387 ad
3227 2333 3328 2388 hoc
3348 2332 3693 2399 obtendunt,

2080 2432 2137 2477 ut
2165 2431 2468 2493 suspectam
2508 2421 3021 2478 faciantdoctrinam
3067 2423 3424 2495 superiorem,
3457 2441 3697 2505 requy-

2078 2513 2216 2571 debo
2244 2514 2397 2586 quasi
2426 2529 2521 2584 pro
2544 2514 2705 2570 Petro
2730 2533 2743 2571 :
2776 2515 2949 2585 ipsum
2979 2514 3205 2570 Paulum
3229 2514 3452 2576 dixisse.
3487 2515 3698 2572 factum

2053 2622 2138 2663 'se
2163 2622 2285 2663 esse
2314 2608 2561 2662 omnibus
2588 2607 2798 2674 omnia,
2828 2606 3029 2663 Judazis
3055 2606 3328 2678 judzeumx,
3359 2624 3466 2663 non
3493 2607 3697 2678 inda-is

2079 2715 2185 2755 non
2227 2700 2496 2769 judteum,
2553 2710 2611 2754 ut
2635 2716 2825 2755 onmes
2879 2699 3204 2775 lucrificaret
3242 2698 3346 2773 (6).
3392 2700 3547 2755 Adeo
3593 2716 3699 2771 pro

2079 2790 2411 2861 temporibus
2440 2801 2495 2846 et
2526 2791 2771 2865 personis
2798 2798 2853 2845 et
2879 2792 3085 2846 caussis
3111 2792 3352 2862 quaedam
3382 2791 3698 2862 reprehen-

2080 2883 2307 2951 debant,
2339 2884 2390 2938 in
2434 2898 2553 2954 qua:
2581 2892 2635 2939 et
2667 2883 2768 2953 ipsi
2800 2899 2953 2955 a'que
2995 2900 3091 2955 pro
3122 2885 3454 2956 temporibus
3484 2896 3542 2941 et
3572 2903 3699 2959 per-

2080 2976 2228 3031 sonis
2271 2985 2326 3030 et
2372 2975 2579 3031 caussis
2598 2976 3044 3031 committebant:
3080 2977 3536 3048 quemadmodum
3563 2980 3609 3034 si
3641 2988 3698 3035 et

376 3066 649 3132 fratribus,
681 3075 738 3122 et
775 3065 842 3171 ad
889 3065 1010 3123 illos
1055 3066 1124 3121 ab
1149 3066 1255 3121 illis
1293 3068 1384 3137 qui
1424 3065 1493 3120 ab
1521 3067 1793 3137 Apostolis
1817 3067 1978 3124 fidem
2004 3107 2048 3171 Ο
2083 3071 2275 3127 Petrus
2318 3069 2744 3141 reprehenderet
2788 3069 3042 3135 Paulum,
3071 3071 3212 3142 quod
3244 3071 3539 3143 prohibens
3587 3074 3701 3129 cir-

377 3158 680 3219 induerant.
716 3157 954 3225 Dehinc,
1007 3158 1148 3213 sicut
1172 3159 1319 3229 sipse
1359 3168 1605 3226 enarrat,
1650 3160 1896 3216 ascendit
1918 3160 1971 3216 in

378 3252 750 3325 Hierosolyma
775 3251 1137 3324 cognoscendi
1182 3252 1328 3310 Petri
1355 3267 1570 3323 caussa,
1594 3267 1661 3310 ex
1696 3253 1879 3311 officio
1924 3265 1982 3312 et

2082 3163 2499 3231 cumcisionem,
2522 3162 2924 3219 circumciderit
2964 3164 3080 3235 ipse
3126 3163 3493 3220 Timotheum.
3530 3164 3699 3223 Vide-

2084 3258 2193 3313 rint
2223 3257 2319 3327 qui
2349 3255 2419 3311 de
2443 3256 2715 3328 Apostolis
2748 3255 3010 3328 judicent.
3044 3256 3118 3331 (f)
3155 3257 3304 3315 Bene
3323 3258 3466 3330 quod
3499 3259 3695 3317 Petrus

1611 3369 1995 3428 LECTIONES
2031 3372 2450 3430 VARIANTES.

439 3487 762 3575 Sli‘gpiritus
797 3486 965 3539 Sancti
991 3499 1104 3538 esse
1128 3491 1351 3551 possunt,
1375 3486 1460 3550 qui
1482 3485 1696 3537 necdum
1734 3484 1908 3538 desunt
1931 3486 1982 3538 in

377 3550 778 3743 Ρῖςῖιξέίιιξιιιιη
800 3574 919 3664 add.
946 3613 1090 3663 Pam.
1112 3608 1263 3685 Seml.

461 3676 492 3728 3
547 3676 843 3728 Exammare
881 3676 1052 3726 Venet.
1077 3674 1263 3725 Sufﬁcit

468 3812 480 3837 Ι

547 3675 843 3728 Examinare
881 3676 1052 3726 Venet.
1077 3674 1267 3725 Sufﬁcit
1288 3671 1356 3723 nil
1376 3674 1565 3737 absque
1589 3672 1821 3723 examine
1847 3673 1981 3724 Heu-

377 3909 462 3957 ret
487 3896 767 3970 impudens
792 3894 1013 3970 istorum
1044 3895 1693 3970 metidacium,pnegabant
1720 3897 1848 3953 illud
1877 3914 1973 3952 un-

378 3986 538 4043 quam
560 3967 815 4043 scriptum
845 3967 1038 4043 fuisse,»
1062 3968 1373 4043 librumque
1389 3968 1977 4043 danmabant._Angtts-

382 3986 538 4043 quam
560 3984 815 4038 scriptum
845 3984 1029 4030 tuisse,
1063 3984 1362 4095 “premique
1389 3984 1733 4024 damnabunt.
1766 3984 1977 4040 Angus-

382 4047 551 4098 tinutn
574 4042 722 4110 lege,
755 4053 875 4110 cap.
905 4038 957 4094 ὅ.
986 4036 1082 4093 lib.
1134 4039 1197 4093 de
1297 4039 1476 4094 tilitate
1502 4040 1759 4110 credendi
1802 4052 1982 4095 contra

385 4109 724 4167 Maniclueos.
767 4109 1052 4164 Montanus
1104 4110 1248 4164 idem
1304 4112 1451 4180 prius
1489 4109 1727 4176 fecerat,
1775 4112 1884 4166 imo
1923 4127 1983 4167 se

383 4184 716 4241 Paracletum
772 4180 1097 4234 nominabat.
1142 4181 1311 4235 Ebion
1334 4222 1348 4244 ,
1378 4182 1689 4246 Cerinthus,
1725 4182 1981 4251 Marcion,

384 4266 439 4312 et
467 4255 554 4309 alii
581 4251 915 4322 Tertulliano
962 4252 1166 4322 priores
1197 4268 1300 4306 non
1333 4252 1680 4320 recipiebant.
1711 4253 1847 4308 Pan.

457 4326 537 4399 (a)
576 4320 728 4399 Tanti
752 4331 822 4378 est
849 4320 982 4377 enim
1007 4321 1130 4386 illis,
1155 4332 1258 4377 etc.
1291 4322 1615 4399 Explicanda
1656 4327 1816 4399 verba
1866 4341 1984 4395 quin

387 4394 494 4455 tam
518 4394 761 4450 involuta
790 4402 911 4465 sunt
935 4435 949 4459 ,
980 4402 1037 4465 ut
1081 4408 1267 4449 eorum
1298 4395 1618 4448 sententiam
1670 4394 1987 4465 interpretes

2255 3548 2471 3612 Credent
2488 3547 2556 3598 at.
2580 3560 2702 3599 sane
2724 3560 2816 3610 pro
2837 3551 2946 3612 sine
2967 3549 3088 3601 Jtm.

2170 3552 2222 3612 4)
2255 3552 2471 3599 Credent
2488 3552 2556 3598 at.
2580 3560 2702 3599 sane
2724 3560 2816 3610 pro
2837 3552 2936 3599 sine

2256 3611 2440 3684 Atquin
2456 3619 2591 3663 Pam.
2612 3612 2763 3674 Atqui
2785 3610 2936 3663 Seml.

2171 3674 2202 3721 6
2256 3671 2597 3724 Lucrtfaceret
2610 3672 2818 3725 Semler.

2171 3671 2223 3725 6i
2256 3671 2597 3724 Luérifaceret
2610 3671 2818 3725 Semler.

1750 3771 2313 3838 COMMENTARlUS.

2077 3899 2143 3979 de
2165 3909 2506 3979 persecutore
2519 3897 2716 3979 factum
2738 3900 3037 3979 apostolum
3054 3918 3069 3968 ;
3084 3902 3247 3973 quod,
3267 3904 3413 3960 Actis
3443 3909 3694 3979 repudia.

2082 3972 2453 4046 tis,nullapjam
2473 3972 2744 4046 Scriptura
2768 3974 3075 4046 anthentiea
3089 3985 3448 4031 centestatum
3470 3972 3685 4046 habent.

2086 4044 2217 4099 Nam
2249 4045 2300 4119 si
2325 4043 2484 4119 fidem
2516 4044 2712 4119 habere
2752 4060 2820 4119 se
2864 4045 3043 4100 dicant
3084 4046 3248 4101 Paulo
3293 4048 3363 4101 ita
3408 4043 3693 4119 scribenti,

2088 4131 2194 4187 non
2225 4116 2329 4171 erit
2360 4115 2554 4170 Paulus
2581 4116 2695 4184 ipse
2720 4118 2821 4172 sibi
2864 4123 3033 4174 testis.
3058 4119 3273 4187 quando
3303 4135 3401 4174 nec
3433 4115 3695 4181 Dominus

2087 4186 2204 4256 ipse
2241 4188 2309 4240 de
2339 4202 2396 4240 se
2439 4189 2799 4242 testimonium
2840 4187 3056 4242 dixerit.
3080 4186 3196 4244 Sed
3242 4188 3366 4245 fidei
3414 4193 3525 4246 sint
3562 4197 3695 4250 adeo

2090 4272 2380 4330 perversae,
2399 4268 2455 4330 et
2480 4260 2722 4327 quaedam
2756 4260 2872 4315 sine
2903 4260 3193 4330 Scripturis
3220 4262 3465 4327 credant,
3495 4275 3555 4319 ut
3592 4267 3695 4321 alia

2088 4328 2312 4384 credant
2346 4329 2623 4403 adversus
2666 4330 2973 4403 Scripturas
3017 4328 3051 4403 εξ
3081 4341 3256 4403 tamen
3309 4332 3581 4403 doceant,
3627 4353 3696 4395 ex

2091 4415 2157 4477 eo
2218 4399 2359 4477 quod
2399 4402 2632 4477 allegant
2684 4399 2901 4457 Petrum
2921 4417 2976 4477 na
3032 4401 3198 4477 Paulo
3257 4399 3695 4477 reprehensum,

386 4469 643 4550 expiscati
673 4481 775 4550 non
801 4463 927 4520 sint.
959 4464 1438 4550 Ait‘igitu‘rmulta
1469 4466 1542 4550 ab
1577 4463 1843 4547 haereticis
1883 4469 1984 4523 do-
2011 4490 2064 4550 Β
2090 4463 2248 4527 aliam
2286 4463 2556 4543 Evangelii
2609 4472 2836 4529 formam
2864 4490 2892 4528 a
2919 4472 3085 4528 Paulo
3125 4463 3542 4550 superd'ttctarm,
3583 4463 3696 4538 etc:

323 4583 326 4587 .
388 4536 501 4597 ceri
527 4537 882 4608 defendique,
913 4553 1031 4606 (pne
1050 4539 1266 4608 tametsi
1298 4553 1438 4592 verte
1477 4536 1597 4592 fidei
1628 4550 1986 4595 consentanea

386 4614 515 4678 sint,
544 4609 609 4665 ad
650 4625 711 4663 ea
754 4607 928 4663 tamen
959 4607 1304 4678 stabilienda,
1354 4607 1644 4678 Scriptura:
1671 4612 1988 4665 auctoritate

390 4695 441 4741 et
473 4676 721 4754 praesidio
758 4676 1124 4754 eosutinolle
1144 4718 1158 4742 ,
1190 4696 1256 4734 ne
1281 4676 1490 4754 scilicet
1513 4696 1576 4754 ex
1607 4681 1795 4754 iisdem
1837 4681 1985 4736 Scri-

393 4749 562 4826 ptura:
590 4753 724 4826 locis
745 4759 836 4806 aut
865 4749 1057 4805 libellis
1078 4766 1266 4826 eorum
1295 4750 1568 4826 mendacia
1592 4752 1984 4826 convellantur,

389 4822 447 4883 et
494 4827 545 4880 in
604 4825 776 4877 lucem
821 4829 1159 4895 exportantur
1190 4840 1201 4874 :
1237 4822 1304 4875 ita
1358 4822 1558 4877 fierth
1600 4824 1836 4878 libellum
1881 4840 1988 4895 quo

391 4902 526 4953 Acta
574 4895 947 4963 Apostolorum
999 4894 1371 4963 continentur,
1405 4895 1636 4948 maximo
1681 4910 1800 4948 cum
1841 4911 1987 4950 com-

392 4967 555 5039 modo
580 4960 1010 5039 recttsent_(illud
1031 4960 1180 5039 enim
1240 4966 1366 5019 tanti
1392 4965 1504 5039 ‘hoe
1535 4965 1654 5039 istic
1679 4966 1986 5039 significat),

391 5041 515 5110 quia
543 5037 643 5091 hoc
670 5052 781 5110 uno
811 5034 1065 5110 ECclesitn
1092 5036 1239 5105 origo
1286 5046 1340 5110 e‘t
1384 5034 1660 5110 formatio,
1704 5034 1862 5107 quam
1915 5034 1991 5092 fa-

396 5106 594 5171 t-entur,
649 5106 1004 5161 demonstrari
1058 5116 1249 5174 potest.
1302 5108 1403 5162 Per
1441 5106 1803 5163 traductiones
1847 5111 1988 5164 enim

393 5197 524 5237 cave
576 5179 985 5249 depravationes
1037 5175 1302 5249 intelligas
1365 5186 1486 5234 cum
1543 5180 1835 5244 Rhenano,
1895 5182 1989 5236 sed

397 5252 659 5307 traductio
695 5248 837 5319 apud
877 5248 1261 5304 Tertullianqu
1287 5291 1301 5316 ,
1335 5250 1386 5305 id
1424 5259 1506 5306 est
1554 5252 1866 5315 illustratio,
1896 5254 1987 5307 de-

394 5322 750 5388 monstratio,
781 5321 1031 5375 detectio.
1085 5319 1214 5374 Nam
1264 5322 1399 5391 apud
1445 5324 1691 5376 eumdem
1733 5325 1994 5378 traducere

394 5408 478 5450 est
504 5395 555 5464 in
585 5396 753 5464 lucem
782 5408 1084 5464 exponere,
1113 5394 1356 5461 aperire,
1411 5393 1678 5464 detegere.
1762 5394 1991 5454 Acaase.

470 5462 550 5539 (b)
594 5462 674 5517 Ne
731 5465 917 5539 pariter
945 5463 1276 5539 admittuntur
1301 5462 1638 5539 traductione;
1668 5482 1841 5519 eorum
1881 5482 1994 5535 qua:

396 5535 728 5607 mentiuntur.
775 5535 885 5607 Hoc
933 5545 1015 5589 est
1044 5552 1123 5607 ne?
1148 5537 1345 5603 pariter
1396 5537 1678 5592 admittere
1708 5547 1989 5607 cogantur,

395 5608 541 5682 quod
562 5605 847 5682 inundata-.1
876 5622 971 5682 sua
1003 5606 1291 5682 traducant
1320 5612 1372 5682 in
1398 5610 1605 5682 vulgus.
1634 5608 1755 5666 Βία.

468 5674 973 5751 οᾹΡ.ΧΧ.ΙΙΙ.--(ῡ)
993 5677 1098 5751 Sed
1112 5678 1317 5734 credant
1331 5679 1441 5751 sine
1456 5674 1860 5751 scripturisﬂui
1883 5697 1989 5736 non

398 5751 662 5831 recipiunt
699 5750 831 5812 Acta
857 5750 1235 5825 Apostolorum
1258 5792 1276 5823 ,
1304 5750 1533 5812 credunt
1558 5750 1739 5811 tamen
1764 5753 1989 5813 Paulum

3422 4546 3549 4604 Βία.

2164 4614 2243 4686 (d)
2286 4613 2472 4671 Petrus
2498 4616 2552 4669 in
2579 4614 3042 4680 Circumcisionem,
3074 4613 3273 4670 Paulus
3322 4618 3375 4670 in
3406 4618 3692 4679 Nationes.

2090 4685 2228 4741 Sane
2250 4688 2517 4755 apostolus
2538 4686 2972 4742 Circumcisionis
2989 4696 3044 4741 et
3068 4688 3202 4742 alter
3226 4688 3313 4741 ille
3336 4688 3595 4748 Gentiqu
3622 4694 3693 4749 ad

2094 4754 2354 4813 utrumvis
2388 4761 2639 4828 populum
2667 4759 2919 4828 singulari
2962 4759 3123 4813 modo
3168 4754 3316 4815 missi
3360 4774 3552 4826 erant,
3591 4782 3699 4822 non

2092 4829 2162 4885 ita
2196 4839 2370 4885 tamen
2401 4840 2457 4883 ut
2489 4847 2624 4885 unus
2663 4831 2887 4886 alterum
2919 4829 3113 4884 finibus
3162 4833 3389 4900 propriis
3433 4836 3700 4892 exclude-

2095 4911 2193 4956 ret.
2227 4901 2421 4959 Beatus
2448 4904 2590 4956 enim
2624 4902 2816 4957 Petrus
2861 4902 3020 4956 etiam
3065 4903 3380 4956 universalis
3430 4903 3697 4964 Ecclesia:

2094 4982 2276 5042 pas‘lnl‘
2300 4986 2349 5027 et
2385 4976 2659 5043 apostolus
2699 4984 2847 5035 erat,
2883 4972 3176 5042 beatusque
3225 4973 3416 5028 l'aulus
3441 4979 3700 5035 cluiuilius

2094 5044 2271 5098 otnnia
2333 5044 2501 5100 factus
2553 5044 2903 5109 est,Jud:uis
2956 5045 3155 5112 pariter
3194 5055 3245 5098 et
3295 5043 3587 5115 Gentibus,
3643 5059 3702 5105 ut

2094 5130 2285 5170 omnes
2308 5116 2527 5170 Christo
2562 5118 2915 5171 lueril'aceret.
2940 5118 3067 5170 Enn.
3083 5132 3145 5170 ex
3160 5133 3244 5184 ορ.
3264 5119 3325 5171 ι).
3354 5132 3421 5170 ne
3445 5118 3701 5177 Gonncr.

2167 5185 2242 5257 (e)
2289 5187 2639 5257 Reprehensos
2676 5198 2747 5241 est
2782 5186 2983 5239 Petrus.
3031 5189 3286 5242 ﬂoruana‘.
3321 5188 3466 5242 sedis
3513 5191 3703 5250 hostes

2095 5258 2568 5327 reprehendentem
2616 5259 2756 5312 illam
2814 5258 2874 5311 Β.
2928 5258 3070 5313 Petri
3121 5259 3345 5313 mirifice
3392 5264 3700 5330 extollunt;

2097 5329 2221 5384 inde
2265 5330 2409 5401 enim
2453 5331 2754 5383 confectum
2794 5338 3003 5401 putant,
3046 5334 3325 5385 Summum
3378 5329 3703 5391 Pontificent

2099 5400 2501 5468 reprehensioni
2555 5415 2675 5458 esse
2715 5415 2841 5455 vere
2883 5402 3196 5456 obnoxium.
3226 5401 3378 5468 Quod
3434 5406 3485 5457 in
3536 5406 3704 5462 rebus

2098 5471 2304 5549 saltem
2343 5471 2466 5525 fidei
2523 5472 2891 5549 falsissimum.
2938 5474 2993 5527 lu
3050 5476 3114 5527 iis
3165 5474 3306 5549 enim
3372 5473 3478 5549 illa
3522 5500 3703 5549 κρηπίς

2100 5541 2357 5617 Ecclesiae
2388 5557 2570 5617 errare
2600 5542 2752 5617 nullo
2771 5543 2932 5617 modo
2954 5553 3148 5617 potest.
3178 5543 3290 5597 Hoc
3311 5559 3440 5598 vero
3466 5546 3525 5602 in
3547 5541 3700 5617 casu,

2096 5627 2271 5681 error,
2303 5615 2346 5668 si
2376 5615 2496 5685 quis
2525 5624 2700 5669 tamen
2730 5612 2845 5683 fuit,
2875 5612 3121 5672 de’facto
3153 5624 3288 5741 erat,
3312 5631 3434 5741 Ipou
3476 5620 3549 5673 de
3571 5612 3704 5684 fide,

2616 5717 2623 5724 ς
3239 5703 3271 5741 ις
3354 5704 3408 5741 ιι.

2616 5717 2623 5724 ~
3194 5687 3271 5742 Ls
3312 5687 3408 5742 Pa.

2166 5754 2665 5835 CAP.XX1V.-'(f)
2683 5757 2822 5817 Bene
2836 5759 2971 5832 quod
2984 5757 3173 5816 Petrus
3186 5754 3357 5816 Paulo
3368 5770 3418 5817 et
3431 5762 3487 5819 in
3505 5780 3616 5821 mar
3626 5772 3711 5843 t9-
