3902 6312
315 1464 375 1506 /

393 271 464 330 43

392 481 566 537 driam
596 478 852 544 secessit;
900 474 1023 531 inde
1079 482 1198 542 post
1236 486 1405 526 annos
1445 468 1524 540 (1)
1564 477 1838 536 regressus
1881 473 1986 514 non

392 573 605 636 melior,
653 570 752 625 nisi
784 576 985 623 tantum
1016 578 1119 635 qua
1146 563 1256 634 jam
1286 579 1391 619 non
1431 556 1793 622 marciouites,
1821 552 1872 607 in
1913 549 1989 605 al-

394 675 563 720 teram
608 662 881 719 fmminam
936 660 1176 732 impegit,
1219 658 1360 715 illam
1407 654 1668 725 virginem
1716 647 1989 706 Philume-

395 776 520 822 nen,
547 772 707 826 quam
729 770 889 825 supra
918 753 1205 818 edidimus,
1236 761 1418 822 postea
1447 762 1574 804 vero
1599 747 1831 801 immane
1860 754 1987 811 pro-

392 849 647 904 stibulum
689 856 744 901 et
770 848 963 919 ipsam,
995 847 1145 916 cujus
1183 850 1525 913 energemale
1569 839 1985 898 circumventus,

393 955 524 1011 quas
575 940 653 1012 (9.)
709 940 775 992 ab
818 954 881 994 ea
933 936 1115 993 didicit
1152 934 1477 1007 phaneroseis
1518 929 1751 1001 scripsit.
1800 925 1992 982 Adhuc

392 1032 447 1087 in
475 1031 675 1087 saeculo
716 1036 1000 1101 supersunt
1039 1028 1128 1099 qui
1174 1026 1517 1083 meminerint
1560 1037 1744 1078 eorum
1769 1062 1783 1089 ,
1828 1018 1990 1075 etiam

394 1126 595 1196 proprii
622 1124 888 1179 discentes
919 1121 977 1176 et
1020 1134 1361 1177 successores
1401 1118 1661 1189 ipsorum,
1691 1127 1759 1170 ne
1812 1128 1870 1168 se
1911 1107 1991 1182 (5)

393 1217 717 1285 posteriores
757 1228 951 1285 negare
979 1213 1207 1285 possint.
1237 1212 1553 1282 Quanquam
1584 1218 1638 1264 et
1663 1207 1727 1263 de
1758 1204 1992 1277 operibus

389 1311 515 1378 suis,
548 1319 603 1362 ut
629 1308 761 1363 dixit
782 1307 1057 1375 Dominus,
1089 1306 1411 1360 revincuntur
1439 1304 1457 1377 (
1481 1301 1694 1368 Matth.,
1727 1299 1834 1363 VII,
1862 1293 1987 1368 16).

388 1402 446 1458 Si
473 1401 614 1457 enim
644 1400 879 1455 Marcion
897 1397 1101 1454 Novum
1132 1396 1536 1453 Testamentum
1568 1393 1809 1450 aVetere
1832 1404 1989 1454 sepa-

392 1494 547 1557 ravit,
583 1492 849 1563 posterior
873 1499 957 1546 est
981 1489 1047 1546 eo
1073 1488 1217 1560 quod
1247 1489 1548 1557 separavit;
1588 1487 1710 1556 quia
1738 1496 1989 1555 separare

392 1602 496 1641 non
525 1596 727 1657 posset,
762 1585 861 1640 nisi
880 1578 1031 1655 quod
1062 1583 1267 1638 unitum
1303 1581 1419 1637 fuit.
1458 1579 1672 1637 Unitum
1699 1593 1828 1649 ergo
1868 1586 1993 1632 ante

391 1693 551 1748 quam
594 1687 970 1748 separaretur,
1022 1684 1205 1746 postea
1246 1683 1587 1744 separatmn,
1639 1670 1991 1742 posteriorem

390 1771 625 1828 ostendit
663 1780 1048 1841 separatorem.
1094 1767 1226 1824 Item
1275 1766 1606 1831 Valentinus,
1638 1765 1796 1819 aliter
1829 1774 1993 1833 expo-
2020 1748 2069 1810 B
2097 1758 2275 1841 P8595.

391 1872 630 1931 nens,.et
658 1864 775 1920 sine
816 1862 979 1918 dubio
1017 1860 1329 1925 emendans,
1365 1859 1466 1915 hoc
1494 1857 1713 1914 omnino
1737 1854 1987 1929 quicquid

389 1957 660 2022 emendat,
691 1968 747 2012 ut
771 1956 1085 2012 mendosum
1114 1962 1281 2016 retro,
1306 1952 1544 2008 anterius
1568 1950 1735 2007 fuisse
1758 1949 1987 2007 demon—

390 2060 526 2106 strat
553 2050 652 2124 (t).
678 2050 786 2106 llos
808 2058 866 2104 ut
895 2048 973 2122 (5)
1002 2048 1320 2118 insigniores
1346 2056 1401 2103 et
1422 2047 1813 2118 frequentiores
1837 2045 1992 2100 adul-
2024 2108 2043 2123 Χ

320 2181 343 2201 ι
391 2156 536 2203 tcros
564 2146 799 2202 veritatis
847 2145 1204 2199 nominamus.
1238 2141 1501 2196 Caeterum
1531 2148 1586 2195 et
1623 2136 1864 2209 Nigidius
1892 2154 1987 2192 ne-

346 3724 349 3729 ⁴
450 3738 607 3920 liii

388 2241 501 2294 scio
532 2241 650 2310 quis
690 2237 805 2311 (6),
854 2248 908 2294 et
946 2236 1347 2303 Hermogenes,
1378 2241 1433 2289 et
1471 2231 1622 2287 multi
1654 2229 1745 2287 alii
1786 2230 1876 2301 qui
1908 2226 1988 2303 (7)

393 2331 570 2386 adhuc
598 2332 878 2386 ambulant
906 2334 1274 2400 pervertentes
1304 2325 1417 2379 vias
1449 2324 1541 2379 Dei
1572 2322 1676 2396 (8),
1704 2321 1991 2379 ostendant

391 2423 523 2480 mihi
553 2438 617 2479 ex
658 2437 759 2493 qua
808 2420 1123 2475 auctoritate
1166 2416 1500 2493 prodierunt.
1532 2414 1585 2471 Si
1627 2416 1787 2468 alimn
1822 2414 1987 2469 Deum

389 2515 706 2585 praedicant,
741 2511 1009 2583 quomodo
1039 2511 1156 2583 ejus
1187 2510 1278 2565 Dei
1309 2509 1471 2565 rebus
1496 2517 1548 2561 et
1575 2506 1769 2561 litteris
1798 2515 1851 2561 et
1892 2521 1989 2561 no-

389 2608 625 2664 minibus
657 2615 876 2661 utuntur
906 2605 1163 2660 adversus
1191 2618 1352 2674 quem
1407 2599 1732 2672 praedicant?
1760 2599 1804 2656 si
1840 2616 1991 2657 eum-

387 2702 533 2761 dem.
564 2700 834 2774 quomodo
863 2699 1053 2755 aliter?
1095 2695 1172 2772 (a)
1202 2696 1437 2753 Probent
1464 2710 1523 2752 se
1568 2708 1736 2748 novos
1777 2705 1993 2764 aposto-

388 2795 471 2851 los
515 2810 675 2851 esse:
719 2792 901 2847 dicant
943 2790 1217 2847 Christum
1266 2789 1458 2844 iterum
1491 2785 1854 2850 descendisse,
1897 2787 1995 2842 ite-

388 2900 506 2940 rum
535 2885 709 2955 ipsum
738 2882 1011 2947 docuisse,
1050 2881 1240 2935 iterum
1264 2878 1598 2939 cruciﬁxum,
1630 2877 1820 2931 iterum
1844 2892 1992 2933 mor-

390 2986 563 3043 tuum,
596 2976 789 3030 iterum
838 2972 1209 3029 resuscitatum
1238 2988 1251 3025 :
1283 2969 1362 3025 sic
1390 2972 1532 3024 enim
1582 2967 1868 3037 Apostolos
1901 2983 1990 3024 so-

1818 230 2281 306 TERTULLIANI

395 383 809 449 mareionensis,
838 379 904 438 ab
933 376 1103 436 oculis
1137 374 1460 433 sanctissimi
1487 368 1723 444 magistri
1751 366 1989 422 Alexan-
2016 366 2071 425 Α

3631 228 3695 288 li

2658 354 2884 417 CAPUT
2925 352 3121 414 XXXI.

2091 450 2162 507 Id
2188 453 2354 522 itaque
2395 467 2503 508 esse
2528 466 2701 506 verum
2730 461 2776 505 et
2798 450 3137 509 dominicum,
3169 444 3305 516 quod
3326 444 3473 515 prius
3509 441 3575 497 sit
3597 450 3698 496 tra-

2453 543 2647 610 ditum;
2675 544 2886 613 falsum,
2906 541 3042 613 quod
3068 537 3349 611 posterius.—

2162 634 2271 693 Sed
2297 635 2366 692 ab
2389 650 2615 693 excessu
2635 635 2705 709 (ε)
2731 644 2972 692 revertar
2997 633 3062 688 ad
3086 628 3536 703 principalitatem
3564 627 3699 683 veri-

2092 727 2217 783 tatis
2251 727 2389 799 (15),
2436 736 2492 784 et
2533 730 2903 798 posteritatem
2955 722 3322 782 meudacitatis
3359 720 3479 790 (16)
3525 719 3730 789 dispar

2092 821 2309 876 tandam
2331 864 2346 888 ,
2374 835 2443 878 ex
2473 820 2617 876 illius
2653 834 2868 892 quoque
2909 816 3179 889 parabolm
3221 813 3521 884 patrocinio
3541 856 3555 878 ,
3586 827 3697 883 quae.

2093 914 2281 969 bonum
2306 928 2473 969 semen
2502 914 2745 986 frumenti
2768 927 2799 967 a
2819 911 3048 968 Domino
3064 910 3366 964 seminatnm
3389 906 3443 960 in
3471 905 3698 976 primore

2094 1006 2373 1062 constituit
2398 1001 2536 1079 (15),
2569 1020 2843 1060 arenarum
2890 1013 3057 1058 autem
3106 1001 3291 1057 sterilis
3326 998 3450 1070 freni
3495 997 3695 1052 adulte-

2095 1097 2234 1153 rium
2250 1098 2370 1167 (16)
2384 1097 2447 1152 ab
2472 1097 2679 1153 inimico
2695 1096 2897 1184 diabglo
2927 1094 3126 1168 (Matt.,
3146 1090 3287 1158 XIII,
3304 1088 3505 1161 57,39)
3525 1098 3698 1159 postea

2099 1187 2428 1259 superducit.
2455 1187 2679 1259 Proprie
2707 1180 2827 1259 (l7)
2845 1188 2990 1243 enim
3020 1185 3381 1240 doctrinarum
3406 1180 3700 1237 distinctio-

2096 1294 2220 1338 nem
2238 1281 2581 1352 figurat,quia
2607 1289 2657 1336 et
2674 1278 2797 1335 alibi
2814 1278 3036 1334 verbum
3060 1277 3150 1333 Dei
3173 1276 3391 1329 seminis
3412 1270 3699 1328 similitudo

2093 1381 2193 1429 est.
2217 1348 2297 1427 m'
2318 1387 2383 1428 ex
2401 1348 2517 1443 ipso
2541 1371 2730 1428 ordine
2748 1369 3138 1435 manifestatur,
3163 1366 3215 1422 id
3238 1381 3358 1423 esse
3375 1348 3756 1443 dominiuth

2093 1381 2193 1429 est.
2217 1372 2295 1427 Ita
2318 1387 2383 1428 ex
2401 1372 2517 1443 ipso
2541 1371 2730 1428 ordine
2748 1369 3138 1435 manifestatur,
3163 1366 3215 1422 id
3238 1381 3358 1423 esse
3375 1366 3730 1525 dominicumi

2093 1474 2148 1521 et
2175 1481 2360 1521 verum
2386 1506 2401 1531 ,
2434 1463 2576 1535 quod
2623 1464 2692 1519 sit
2722 1464 2869 1534 prius
2895 1461 3178 1525 traditum;
3222 1462 3275 1514 id
3316 1468 3499 1513 autem
3531 1466 3699 1513 extra-

2097 1572 2258 1613 neum
2282 1567 2337 1612 et
2382 1554 2572 1611 falsum
2596 1598 2610 1622 ,
2661 1554 2802 1624 quod
2854 1555 2923 1609 sit
2951 1552 3222 1625 posterius
3271 1550 3599 1605 immissum.
3630 1548 3699 1603 Ea

2096 1648 2360 1704 sententia
2385 1646 2626 1704 manebit
2652 1646 2911 1702 adversus
2947 1645 3275 1716 posteriores
3316 1628 3558 1713 quasque
3592 1640 3698 1695 hae-

2319 1740 2516 1814 quibus
2556 1740 2700 1796 nulla
2744 1740 3045 1797 constantia
3072 1738 3140 1793 de
3178 1736 3511 1792 conscientia
3561 1749 3697 1791 com-

2092 1836 2227 1908 petit
2253 1833 2372 1907 (l8)
2395 1833 2461 1890 ad
2492 1832 2887 1890 defendendam
2916 1830 3017 1888 sibi
3041 1830 3342 1886 veritatem.

2653 1924 2882 1983 CAPUT
2920 1922 3139 1980 XXXII.

2093 2018 2157 2078 Si
2191 2019 2392 2075 interim
2418 2019 2658 2091 qucedam
2703 2019 2805 2074 sint
2844 2018 3058 2073 Increses
3102 2017 3252 2071 etiam
3293 2015 3411 2069 inde
3451 2015 3516 2069 ab
3558 2021 3697 2069 (etate
3790 2052 3793 2065 .

2166 2113 2497 2183 apostolica;
2561 2110 2993 2183 prwscribendum
3050 2110 3127 2163 uti
3179 2107 3409 2162 evolvunt
3472 2106 3695 2161 ordinem

2167 2210 2525 2280 episcoporum
2573 2224 2799 2269 suorum,
2840 2207 2915 2260 ita
2957 2223 3046 2277 per
3078 2203 3416 2259 successiones
3465 2202 3530 2257 ab
3561 2201 3697 2256 initio

2166 2306 2548 2371 decurrentem,
2600 2312 2655 2357 ut
2706 2303 2900 2374 primus
2939 2300 3028 2355 ille
3065 2299 3332 2372 episcopus
3370 2297 3598 2365 aliquem
3642 2308 3698 2349 ex

2166 2394 2424 2468 Apostolis
2466 2405 2554 2450 aut
2603 2395 2897 2465 apostolicis
2938 2390 3277 2457 virisltabeat
3314 2399 3695 2452 antecessorem,

2163 2488 2587 2561 quemadmodum
2601 2486 2988 2558 Smyrnworum
3004 2495 3050 2540 et
3066 2484 3411 2539 Romanorum
3429 2480 3696 2545 Ecclesiat;

2163 2581 2301 2650 quod
2329 2597 2444 2635 cum
2474 2579 2691 2650 probare
2720 2595 2819 2634 non
2859 2578 3071 2650 possim,
3094 2564 3155 2632 in
3188 2574 3697 2630 communicationem

2170 2690 2271 2729 non
2300 2673 2633 2743 recipiantur.

2098 2830 2105 2837 .
2170 2786 2464 2856 Caeterum,
2493 2788 2538 2842 si
2575 2802 2695 2858 quae
2737 2785 2942 2865 audent
2965 2785 3289 2841 interserere
3318 2796 3376 2837 se
3401 2780 3549 2837 aetati
3576 2793 3753 2853 apag.~

2098 2882 2327 2948 stolicae,
2359 2892 2415 2938 ut
2444 2881 2565 2937 ideo
2593 2880 2878 2937 videantur
2907 2879 2977 2935 ab
3008 2878 3280 2951 Apostolis
3312 2876 3550 2965 traditze,
3582 2875 3698 2946 quia
3743 2913 3783 2959 ς,

2098 2976 2201 3032 sub
2227 2975 2501 3047 Aposmlis
2527 2974 2775 3040 fuerunt,
2799 2987 3085 3044 possumus
3105 2972 3288 3027 dicere
3323 2988 3335 3024 :
3368 2969 3550 3025 Edant
3575 2980 3696 3038 ergo
3730 2968 3769 3063 ’ἓ

387 3069 466 3124 let
492 3067 667 3123 facere
698 3066 803 3138 (9),
830 3064 959 3121 dare
1002 3064 1106 3119 illis
1136 3071 1396 3133 praeterea
1429 3064 1681 3115 virtutem
1711 3060 1899 3116 eadem
1922 3061 1990 3116 si-

2116 3067 2329 3139 irigines
2341 3066 2700 3122 Ecclesiarum
2725 3081 2946 3121 suarum
2971 3080 2985 3117 :
3011 3063 3261 3119 evolvam
3289 3062 3542 3118 ordinem
3567 3061 3701 3132 epis-
3748 3060 3795 3129 ,ςν

388 3174 498 3233 gnq
539 3156 754 3222 edendi,
784 3172 903 3227 quae
931 3164 983 3210 et
1011 3153 1127 3227 (10)
1157 3155 1291 3226 ipse.
1333 3150 1408 3226 (b)
1442 3148 1576 3208 Volo
1605 3153 1763 3222 igitur
1790 3150 1908 3225 (11)
1934 3162 1990 3210 et

389 3254 617 3308 virtutes
644 3265 829 3307 eorum
860 3248 1126 3320 proferri;
1151 3246 1256 3303 nisi
1276 3246 1417 3318 quod
1448 3260 1677 3318 agnosco
1700 3247 1984 3301 maximam

387 3350 639 3429 virtutem
669 3362 876 3413 eorum,
919 3362 1024 3417 qua
1068 3344 1355 3417 Apostolos
1383 3345 1435 3399 in
1466 3359 1783 3415 perversum
1813 3358 1986 3418 annu-

388 3443 605 3499 Iantur:
639 3441 713 3496 illi
740 3442 881 3497 enim
914 3438 985 3512 (c)
1010 3439 1077 3497 de
1102 3441 1327 3496 mortuis
1362 3439 1511 3497 vivos
1537 3438 1809 3496 faciebant
1845 3436 1982 3510 (12),

389 3532 477 3591 isti
508 3532 587 3607 (ά)
617 3533 685 3589 de
712 3531 849 3589 vivis
877 3541 1118 3589 mortuos
1146 3531 1365 3589 faciunt.

2090 3175 2348 3231 coporum
2380 3174 2623 3225 suorum,
2659 3158 2732 3213 ita
2771 3156 2841 3231 (Γ)
2882 3172 2977 3228 per
3015 3156 3389 3211 successiones
3433 3156 3508 3209 ab
3546 3153 3692 3208 initio
3746 3162 3803 3213 :-

2093 3253 2471 3310 decurrentem
2489 3250 2626 3326 (19),
2646 3259 2704 3307 ιιι
2731 3252 2933 3322 primus
2955 3250 3046 3306 ille
3066 3250 3349 3320 episcopus
3374 3247 3613 3317 aliquem
3637 3261 3700 3302 ex

2090 3318 2831 3417 Apostolis,vel‘apostolicis
2856 3344 3006 3409 viris,
3024 3318 3114 3409 qui
3138 3318 3455 3397 tamencum
3475 3343 3701 3412 Aposto-

2092 3414 2163 3494 Iis
2190 3414 2775 3509 perseveraverit(20),
2801 3435 3048 3490 habuerit
3075 3444 3348 3489 auctorem
3373 3443 3427 3489 et
3447 3445 3699 3491 anteces-
3726 3414 3771 3497 ιὲ

2091 3528 2379 3601 sorem.(g)
2401 3527 2515 3584 Hoc
2533 3529 2677 3584 enim
2695 3525 2858 3583 modo
2870 3525 3128 3582 Ecclesiae
3147 3524 3457 3595 apostolica:
3476 3525 3559 3600 (Ii)
3576 3540 3672 3582 ceu
3684 3554 3698 3568 .

1617 3639 1912 3703 LECTION
1917 3643 2000 3703 ES
2037 3643 2450 3702 VARIANTES.

561 3738 780 3803 Aliquae,
807 3737 929 3803 add.
961 3738 1150 3791 Wouw.

612 3797 688 3852 uti:
712 3797 864 3852 Seml.

482 3859 525 3913 δ’
570 3859 637 3914 Se
671 3862 799 3914 delet
820 3859 970 3913 idem.

482 3870 534 3990 1)
561 3923 952 3990 Alteriusfuisse

451 3922 527 4039 (4)
561 3925 779 3999 Alterius
800 3923 952 3976 fuisse
973 3925 1283 3978 demonstret
1303 3922 1457 3977 Seml.

440 4014 445 4017 λ
476 3990 528 4039 5)
564 3982 745 4039 Uuaue
770 3986 921 4039 Seml.

476 3990 528 4053 5)
564 3990 745 4050 Utique
770 3990 921 4039 Seml.

475 4051 528 4111 6)
562 4051 656 4173 sui
691 4051 839 4099 Fran.
876 4050 1027 4100 Seml.

476 4113 523 4173 7)
609 4108 795 4173 ul,del.
818 4110 966 4163 Seml.

476 4108 520 4163 7'
565 4108 677 4173 Qui,
696 4108 795 4162 del.
818 4110 966 4163 Seml.

476 4113 528 4300 tl
563 4170 1154 4299 aestimatae.-

2186 3797 2268 3855 12)
2300 3800 2611 3855 Suscitabant
2645 3797 2797 3851 Seml.

2187 3861 2267 3927 I5)
2300 3861 2522 3927 Veritati
2535 3861 2749 3927 Franeq.

2186 3921 2264 3986 14)
2302 3923 2616 3974 Mendacitati
2637 3921 2984 3986 deputandum,
3010 3921 3160 3975 Seml.

2099 3984 2468 4101 S.Primo
2483 3984 2750 4048 constituit,
2769 3984 2938 4039 Paris.
2955 3987 3110 4037 Fran.
3130 3989 3179 4037 in
3195 3986 3355 4051 primo
3369 3988 3695 4052 reconstitult,

2188 4111 2268 4174 16)
2300 4107 2589 4174 Adulterum
2616 4112 2786 4174 Venet.

2190 4169 2268 4238 η)
2285 4173 2400 4238 _Pro
2422 4180 2561 4238 parte
2583 4169 2735 4225 Seml.

2162 4185 2240 4235 (I7
2303 4185 2400 4223 t'ro
2422 4185 2561 4238 parte
2583 4185 2735 4225 scim.

2161 4185 2346 4299 (ialm
2368 4237 2667 4287 conscientia
2690 4234 2913 4287 concedit
2928 4234 3081 4289 Seml.
3099 4237 3381 4288 constantiae
3403 4237 3699 4290 conscientia

2182 3738 2238 3788 11
2299 3736 2365 3788 Et.
2385 3734 2483 3787 del.
2517 3737 2669 3788 Semt.

2186 3799 2245 3851 12
2300 3800 2611 3855 Suscitabant
2645 3801 2669 3851 ε

2187 3863 2244 3912 I3
2300 3861 2669 3913 VeritatiFran

2186 3924 2249 3975 14
2302 3923 2616 3974 Mendacitati
2637 3923 2669 3974 d

2188 3988 2247 4053 15
2302 3986 2468 4037 Primo
2483 3987 2669 4038 constiti

475 4231 528 4299 9)
563 4231 650 4288 Sic'
685 4231 816 4287 enim
852 4235 1097 4299 apostolus
1134 4231 1590 4299 descripsit.gSolet
1617 4231 1815 4292 facere,
1851 4233 1997 4299 daret

410 4294 636 4362 meterea
660 4294 895 4362 virtutem
915 4297 1251 4362 eodemnsigna
1277 4294 1474 4362 edendi,
1499 4308 1609 4362 quze
1634 4304 1688 4345 et
1723 4299 1864 4362 ipse;
1888 4294 1994 4348 haec
2095 4294 2323 4362 concedit
2343 4299 2462 4349 Jun.
2769 4360 2777 4362 _
3362 4330 3369 4335 ι

410 4316 636 4350 murrea
660 4316 889 4348 Virtutem
915 4316 1090 4350 eouem
1113 4316 1251 4358 Signa
1277 4316 1474 4358 euenur,
1535 4316 1609 4345 ua:
1634 4316 1688 4345 et
1723 4316 1864 4362 ipse;
1888 4316 1994 4348 uwc
2095 4316 2323 4349 conuenit.
2343 4316 2462 4349 αισι.

389 4316 557 4435 ἶενίξιι
577 4359 793 4435 Ιιοεσιρςο
813 4356 1061 4435 dgobardi
1084 4356 1203 4410 liber
1216 4352 1366 4422 juxta
1387 4316 1664 4422 Rigaltium.
2159 4361 2265 4435 (ρ)
2299 4361 2611 4435 ρθουνι-ριιιθ
2644 4360 2795 4435 Serui:

456 4368 486 4415 ἰ
507 4362 557 4412 in
577 4362 664 4413 Itoc
689 4362 793 4411 loco
813 4362 1061 4426 Agobardi
1084 4362 1203 4410 liber
1216 4362 1366 4422 juxta
1387 4362 1664 4422 Rigaltium.

456 4426 563 4489 (10)
594 4424 691 4488 Ipsi
712 4420 865 4473 Seml.

2186 4362 2244 4411 19
2299 4362 2611 4412 Decurreute
2644 4362 2795 4414 Seml.

2159 4362 2268 4489 (20)
2301 4422 2744 4476 Perseveraverint
2769 4425 2922 4477 Fran.

440 4506 457 4515 “
1751 4527 2313 4588 COMMENTARIUS.

472 4625 546 4698 (a)
578 4623 797 4699 Probent
818 4639 870 4699 _s_e
897 4636 1049 4699 novos
1074 4619 1331 4699 apostolos
1369 4635 1497 4699 e_s_s_e,
1523 4620 1711 4699 dicunt.
1728 4619 1986 4699 Christum
2010 4624 2064 4684 D
2120 4694 2131 4699 _
2159 4622 2314 4679 CAP.
2339 4621 2533 4699 XXXI.
2552 4623 2700 4699 —-(e)
2721 4624 2962 4681 Revertar
2982 4625 3499 4699 adprincipalitatem
3517 4626 3696 4699 verita-

393 4686 577 4753 iteruin
615 4694 949 4748 descendisse.
994 4686 1231 4763 Optatus
1259 4686 1350 4745 lib.
1391 4688 1499 4746 Ill‘:
1522 4690 1597 4763 At
1628 4692 1870 4763 numquid
1915 4702 1988 4748 est

394 4770 526 4824 alter
563 4765 885 4835 redemptor?
932 4760 1057 4835 Qui;
1082 4762 1340 4835 propheta:
1386 4760 1742 4835 nuntiaverunt
1761 4760 1991 4835 alterum

397 4854 503 4894 esse
530 4832 829 4891 venturum?
852 4835 975 4901 Quis
1002 4832 1203 4889 Gabriel
1229 4834 1411 4887 iterum
1439 4834 1508 4887 ad
1532 4835 1745 4888 alteram
1757 4834 1990 4888 ﬁariam

397 4909 594 4964 locutus
633 4906 744 4960 est?
783 4903 913 4970 Qua:
953 4905 1093 4973 virgo
1107 4902 1319 4974 _iterum
1350 4905 1577 4974 peperit?
1610 4905 1739 4974 Quis
1780 4909 1990 4961 uirtutes

396 4996 554 5035 novas
581 4987 668 5031 aut
704 4977 891 5031 alteras
920 4972 1075 5047 fecit?
1104 4972 1225 5030 Bto.
1352 4972 1357 4974 ⁷
1414 4972 1422 4974 “
1634 4972 1647 4974 ⁷
1752 5024 1759 5033 κ

471 5050 551 5121 (ιι)
588 5047 716 5103 Volo
742 5048 898 5121 igitur
928 5046 1220 5121 et_virtutes
1258 5062 1432 5101 eorum
1458 5048 1696 5121 proferri.
1727 5047 1989 5119 Virtutes,

396 5117 502 5177 hoc
523 5117 626 5182 est,
659 5117 932 5173 miracula.
966 5117 1097 5171 Eoo.

472 5192 555 5274 (ε)
584 5190 663 5244 De
699 5189 908 5274 mortuis
937 5188 1073 5274 viges
1095 5184 1581 5274 faciendun-istinc
1604 5191 1898 5274 nivis-mete;
1930 5191 1989 5274 I_d

399 5258 623 5319 Calvino
650 5259 937 5333 contigisse
973 5258 1204 5333 _Genieva:
1234 5268 1459 5315 testatur
1488 5261 1540 5316 in
1569 5262 1685 5333 ejus
1714 5261 1829 5318 Vita
1861 5263 1986 5319 Bol-
2010 5316 2011 5319 η

397 5348 577 5398 secus,
613 5339 671 5385 ut
711 5329 912 5384 scilicet
956 5329 1024 5385 de
1058 5330 1182 5385 vivo
1229 5343 1496 5388 mortuum
1544 5329 1810 5389 redderet.
1858 5333 1993 5390 Illud

399 5411 619 5477 enarrat
646 5402 827 5455 multis
864 5399 1240 5477 Bellarminus,
1275 5403 1341 5459 de
1369 5402 1522 5460 Natis
1555 5404 1703 5460 Eccl.
1746 5421 1864 5477 cap.
1902 5407 1991 5473 14,

398 5474 494 5531 lib.
528 5472 615 5535 IV,
656 5480 896 5525 controv.
931 5483 966 5526 t.
1004 5472 1062 5527 II.
1099 5471 1172 5527 Ls
1214 5473 1307 5528 Pn.

477 5546 557 5616 (d)
590 5542 665 5598 De
703 5542 1075 5625 uitiisnrnortuos
1110 5544 1324 5625 faciunt.
1359 5545 1623 5625 Fidelinm
1669 5545 1992 5625 infirmiores

403 5611 673 5671 evertunt.
706 5612 796 5668 Sic
827 5611 915 5668 lib.
948 5612 1014 5668 tle
1039 5611 1323 5685 Scorpiacc
1355 5618 1555 5685 :Atque
1579 5619 1650 5670 itn
1675 5618 1827 5672 semel
1846 5618 1991 5684 inﬁn-

406 5690 554 5741 mitas
581 5699 692 5754 qua:
710 5700 945 5758 percussa
970 5696 1059 5751 est,
1084 5688 1361 5742 sauciatam
1383 5688 1536 5758 ﬁdem
1563 5688 1641 5743 uel
1661 5689 1710 5743 in
1736 5690 1988 5756 Itwresim,

401 5774 428 5814 υ
461 5760 478 5813 l
508 5760 560 5813 in
583 5754 823 5811 swenlum
848 5758 1094 5831 exspirat.
1128 5758 1246 5815 lito.

2094 4694 2178 4760 tis,
2208 4706 2254 4767 et
2293 4694 2643 4767 posteritatem
2662 4694 3032 4753 mendacitatis.
3063 4694 3515 4765 Principalitatem
3547 4696 3691 4767 dicit,

2092 4766 2236 4836 quod
2289 4763 2467 4844 statim
2516 4783 2559 4844 a_
2605 4768 2870 4844 prjncipio
2919 4769 3052 4834 fuit;
3099 4763 3505 4844 posteritatem,
3557 4763 3694 4840 quod

2096 4849 2279 4908 postea
2319 4839 2605 4897 subrepsit.
2649 4839 2770 4897 Rio.

2098 4981 2110 4993 ‘
2350 4908 2565 4993 XXXII.
2595 4940 2665 4993 τ-
2697 4913 2762 4993 (l‘)
2810 4910 2914 4966 Per
2939 4915 3297 4993 successiones.
3331 4908 3470 4964 Nihil
3502 4911 3693 4993 clarius

2092 4981 2146 5035 in
2177 4989 2288 5036 tota
2318 4991 2554 5036 veterum
2586 4983 2849 5047 doctrina,
2893 4983 3235 5037 successione
3295 4998 3432 5035 rom.
3488 4981 3695 5048 pontifi-

2091 5065 2249 5123 cum;
2276 5052 2429 5120 cujus
2448 5054 2530 5123 _rei
2564 5054 2823 5108 rationem
2852 5053 3039 5123 disces,
3059 5069 3084 5103 τι
3109 5051 3167 5107 S.
3198 5053 3525 5123 Epiphanio,
3564 5052 3689 5105 bter.

2092 5122 2187 5193 27,
2212 5134 2404 5193 quam.
2433 5121 2991 5193 Carpocratianorum.
3022 5122 3102 5178 Le
3143 5124 3236 5177 PR.

2169 5191 2247 5266 (κ)
2277 5191 2388 5247 Hoc
2415 5191 2552 5266 enim
2579 5196 2728 5249 modo
2754 5194 2999 5250 Ecclesia
3038 5196 3338 5261 apostolica
3365 5211 3542 5249 census
3582 5206 3694 5266 suos

2099 5263 2354 5337 deferunt.
2408 5264 2629 5337 Census,
2657 5280 2806 5329 suos,
2845 5266 2949 5322 hoc
2976 5278 3078 5330 est,
3126 5267 3362 5331 origines
3415 5282 3557 5320 suas.
3608 5263 3689 5337 _Sic

2100 5334 2193 5407 lib.
2222 5335 2243 5390 l
2291 5336 2552 5407 adversus
2586 5336 2928 5407 Marciouem,
2957 5339 3237 5407 apostolici
3276 5352 3469 5391 census
3502 5334 3687 5391 Eccle-

2098 5405 2232 5460 siam
2273 5406 2435 5471 dixit;
2489 5416 2544 5477 et
2590 5407 2728 5461 libro
2772 5407 2841 5463 de
2892 5405 3245 5477 Monogamia,
3292 5408 3481 5462 Census
3528 5414 3689 5461 noster

2094 5477 2401 5543 transfertur
2429 5478 2479 5531 in
2510 5476 2783 5533 Christum.
2831 5478 2947 5534 lito.
3066 5476 3071 5477 ⁷
3696 5482 3709 5489 ’

2173 5546 2253 5618 (li)
2287 5554 2302 5595 t
2325 5565 2472 5602 ensus
2493 5565 2610 5603 suos
2632 5550 2885 5616 deferunt.
2909 5549 3232 5620 lnterpretes
3258 5548 3345 5602 hic
3362 5564 3458 5616 per
3479 5559 3684 5606 census.

2086 5620 2467 5675 Auctoritatem
2489 5630 2650 5689 atque
2684 5621 2996 5685 dignitatem
3020 5621 3413 5689 intelligendam
3442 5635 3561 5674 esse
3579 5632 3691 5689 cens

2096 5696 2247 5772 sent;
2289 5704 2387 5758 ego
2419 5704 2545 5772 vero
2564 5687 2826 5760 uriginem
2849 5692 3170 5772 signi-ficari,
3194 5687 3262 5744 ιιι
3287 5705 3350 5743 ex
3379 5692 3536 5745 variis
3559 5687 3688 5744 locis

2094 5768 2148 5816 et
2176 5758 2321 5818 hisce
2341 5761 2547 5831 verbis,
2571 5758 2723 5851 ornus
2747 5758 2996 5839 genttsvad
3022 5764 3268 5837 originem
3293 5777 3438 5818 suam
3477 5775 3682 5819 censera-

3656 2705 3787 2739 ,λωυιν
