3902 6312
418 241 485 298 47

1843 237 2298 299 TERTULLIANI

3650 266 3715 328 18

500 355 807 424 dicationis,
860 355 1045 411 habere
1088 352 1241 412 etiam
1286 357 1627 414 damnationis
1679 357 2005 422 consortium,
2035 356 2085 417 A
2112 357 2512 427 damnationis;
2565 363 2904 431 praecedente
2953 367 3046 425 illo
3093 370 3202 429 ﬁne
3242 374 3358 447 (10)
3406 383 3713 450 supradicto

418 457 426 520 ξ
496 452 718 506 maxime
739 466 854 505 cum
881 451 945 506 ab
964 451 1221 523 Apostoh’s
1255 453 1613 523 praenuntiata:
1639 449 1847 524 fuerint.

489 587 617 643 llam
645 596 792 654 sunt,
824 595 885 642 ut
923 587 1179 655 arbitror,
1218 602 1420 661 genera
1461 586 1827 645 doctrinarum
1858 584 2010 642 adul-

424 680 746 749 terinarum,
773 695 893 753 quae
914 680 1017 738 sub
1040 682 1318 753 Apostolis
1339 681 1504 738 fuisse
1533 682 1602 737 ab
1629 680 1762 751 ipsis
1777 681 2009 752 Aposto-

418 774 483 829 lis
512 773 802 841 discimus;
839 782 895 831 et
924 782 1102 831 tamen
1132 774 1332 832 nullam
1370 774 1672 830 invenimus
1708 774 2005 831 institutio-

414 882 569 935 nem,
602 868 742 924 inter
788 876 867 923 tot
905 868 1244 925 diversitates
1291 868 1370 941 (1)
1408 870 1840 940 perversitatum,
1886 883 2008 939 qua:

413 961 485 1017 de
506 960 617 1016 Deo
642 971 886 1018 creatore
910 962 1280 1018 universorum
1303 963 1727 1019 controversiam
1757 962 2005 1019 moverit.

413 1052 494 1125 (a)
523 1053 691 1110 Nemo
710 1055 936 1110 alterum
965 1054 1131 1111 Deum
1160 1069 1325 1111 ausus
1343 1064 1427 1111 est
1453 1054 1738 1126 suspicari.
1770 1054 2009 1111 Facilius

412 1145 483 1202 de
508 1147 647 1202 Filio
674 1163 831 1218 quam
870 1147 939 1203 de
970 1148 1131 1205 Patre
1159 1148 1532 1213 haesitabamr,
1564 1149 1739 1205 donec
1766 1149 2003 1205 Marcion

348 1232 614 1308 /pra:ter
636 1239 946 1296 Creatorem
988 1241 1155 1296 alium
1186 1240 1356 1297 Deum
1410 1241 1579 1298 solius
1625 1241 1880 1297 bonitatis
1921 1241 2006 1298 in-

413 1328 670 1395 duceret;
716 1330 938 1401 Apelles
989 1340 1287 1387 creatorem
1333 1333 1646 1403 angelorum
1689 1330 1767 1405 (2)
1824 1334 2009 1390 nescio

407 1435 568 1490 quem
586 1422 879 1492 gloriosum
902 1424 1200 1495 superioris
1232 1424 1350 1493 Dei,
1376 1426 1578 1481 l‘accret
1607 1426 1773 1482 Deum
1800 1427 1934 1499 legis
1954 1436 2011 1484 et

407 1511 643 1579 lsraelis,
682 1514 828 1569 illum
872 1514 1084 1587 igneum
1127 1516 1435 1584 afﬁrmans;
1470 1516 1785 1575 Valentinus
1824 1534 2008 1577 :couas

409 1620 537 1661 suos
579 1618 880 1677 spargeret,
922 1618 981 1666 et
1017 1608 1176 1665 unius
1213 1610 1382 1666 monis
1416 1610 1606 1667 vitium
1648 1612 1699 1666 iu
1745 1612 2004 1685 originem

2070 508 2078 519 ,
2118 452 2467 520 posteritatis,
2500 470 2627 525 quo,
2661 458 2761 513 etsi
2795 458 2928 515 nihil
2955 460 3022 517 de
3051 461 3382 525 damnatitiis
3425 474 3710 543 participa-

2115 552 2236 599 rent
2262 543 2397 617 (11).
2422 546 2489 602 de
2513 556 2670 604 :etatc
2688 550 2805 606 sola
2833 544 3343 625 priejudicarentur;
3370 570 3524 618 tanto
3549 568 3710 636 magis

2112 634 2394 704 adulteras,
2437 648 2643 707 quanto
2686 656 2787 697 nec
2822 643 2891 700 ab
2921 645 3038 718 (12)
3084 649 3359 718 Apostolis
3400 634 3706 714 nominatie.

2114 725 2268 784 Unde
2296 729 2502 787 ﬁrmius
2531 741 2764 802 constat,
2790 733 2889 791 has
2906 751 3050 807 esse,
3072 754 3194 811 qua:
3219 742 3397 801 adhuc
3422 755 3554 804 tunc
3581 765 3709 808 nun-

2112 819 2383 878 tiabantur
2411 820 2623 880 futurae.

2665 918 2892 976 CAPUT
2930 919 3189 979 XXXV?"

2113 1026 2331 1084 Nullam
2386 1040 2553 1087 autem
2606 1050 2634 1088 e
2677 1038 2932 1092 contrario
2980 1037 3231 1097 dictarunt
3268 1047 3706 1117 prazscriptionum

2315 1134 2594 1195 competere
2634 1128 2875 1186 adversus
2904 1142 3128 1188 nostram
3153 1134 3506 1208 disciplinam.

2186 1213 2279 1269 llis
2326 1215 2729 1275 deﬁnitionibus
2770 1233 3075 1291 provocatae
3118 1241 3147 1280 a
3189 1228 3343 1286 nobis
3384 1241 3442 1287 et
3490 1235 3699 1292 revictae

2116 1307 2350 1364 hzerescs
2392 1325 2601 1378 omnes,
2652 1313 2764 1369 sive
2806 1330 2925 1386 qua:
2966 1316 3083 1390 (l3)
3130 1329 3381 1391 postem,
3425 1324 3541 1381 sive
3588 1344 3698 1399 qute

2112 1408 2397 1457 comtanete
2448 1403 2869 1473 Apostolorum,
2916 1407 3210 1468 dummodo
3259 1413 3543 1485 diversae;
3597 1422 3702 1478 sive

2058 1504 2065 1509 ‘
2112 1492 2456 1563 generaliter,
2489 1496 2603 1552 sive
2630 1498 2937 1568 specialiter
2958 1511 3153 1559 notata:
3184 1505 3253 1561 ab
3279 1507 3379 1575 eis,
3414 1509 3701 1570 dummodo

2087 1583 2525 1652 .prtedamnatce;
2570 1588 2802 1646 audeant
2845 1595 3174 1665 respondere
3220 1608 3274 1654 et
3319 1600 3453 1671 ipsa:
3503 1603 3702 1676 aliquas

406 1676 831 1755 deducerctiDei
861 1700 1147 1756 creatoris.
1181 1700 1277 1757 His
1312 1701 1466 1770 solis,
1502 1712 1558 1758 et
1586 1702 1670 1758 his
1706 1703 1891 1774 primis
1916 1719 1987 1761 re!

2111 1676 2376 1748 ejusmodi
2418 1683 2852 1754 prtcscriptiones
2890 1687 3148 1744 adversus
3196 1701 3439 1750 nostram
3470 1695 3703 1769 discipli-

407 1787 583 1842 velata
612 1798 697 1844 est
727 1791 928 1845 veritas
954 1790 1280 1861 Divinitatis,
1305 1791 1564 1863 majorem
1592 1793 1800 1850 scilicet
1819 1794 2006 1867 digna-

407 1880 612 1937 tionem
646 1890 699 1937 et
737 1881 1035 1953 pleniorem
1077 1883 1304 1954 gratiam
1345 1898 1376 1939 a
1416 1883 1634 1941 diabolo
1677 1888 2003 1957 consecutis,

408 1974 501 2045 qui
535 1974 699 2030 Deum
729 1976 808 2032 sic
836 1990 1051 2047 quoque
1072 1975 1305 2031 voluerit
1328 1976 1595 2045 temulari,
1625 1985 1682 2033 ut
1705 1978 1775 2035 de
1803 1978 2008 2036 doctri-

404 2073 493 2135 nis
530 2085 885 2138 venenorum,
918 2069 1059 2141 quod
1091 2071 1350 2126 Dominus
1380 2071 1626 2143 negavit,
1659 2071 1774 2143 ipse
1806 2074 2007 2132 laceret

402 2161 696 2234 discipulos
738 2175 903 2231 super
943 2160 1282 2233 magistrum.
1307 2161 1515 2233 Eligant
1565 2161 1723 2233 igitur
1749 2163 1847 2219 sibi
1871 2174 2006 2221 tem-

401 2272 533 2327 pora
563 2257 831 2312 universa:
873 2254 1132 2322 hmreses,
1169 2269 1291 2325 qua:
1329 2254 1545 2323 quando
1587 2253 1804 2321 fuerint,
1849 2258 2005 2313 dum-

401 2348 565 2404 modo
609 2348 691 2419 (5)
720 2346 932 2403 intersit
978 2361 1117 2416 quae,
1135 2344 1370 2416 quando,
1403 2345 1529 2401 dum
1560 2344 1638 2418 (4)
1676 2346 1745 2402 de
1779 2348 2007 2405 veritate

401 2455 511 2495 non
533 2439 661 2495 sint.
692 2437 888 2511 Utique
913 2453 1034 2509 quae
1055 2436 1123 2492 ab
1146 2437 1423 2508 Apostolis
1461 2437 1748 2495 nominata:
1777 2454 1880 2495 non
1922 2440 1999 2513 (5)

402 2532 639 2597 luerunt,
658 2529 759 2587 sub
788 2531 1061 2601 Apostolis
1079 2529 1157 2603 (6)
1180 2528 1345 2586 fuisse
1365 2544 1470 2586 non
1503 2540 1761 2602 possunt:
1786 2535 1829 2587 si
1856 2534 2000 2590 enim

401 2624 650 2692 fuissent,
672 2624 1079 2679 nominarentur
1102 2632 1155 2679 et
1176 2622 1330 2695 ipsm,
1354 2632 1412 2679 ut
1429 2634 1480 2680 et
1509 2625 1639 2695 ipsae
1665 2626 2001 2683 coercendae.

405 2716 536 2784 Quae
561 2730 692 2771 vero
720 2715 823 2773 sub
854 2715 1129 2786 Apostolis
1159 2714 1394 2784 fuerunt,
1426 2717 1481 2772 in
1508 2732 1604 2772 sua
1635 2720 2019 2776 nominatione-

402 2809 727 2866 damnantur
756 2808 861 2880 (7).
906 2808 1028 2865 Sive
1069 2824 1199 2882 ergo
1227 2809 1430 2866 eadem
1471 2827 1614 2868 nunc
1648 2812 1722 2886 (b)
1750 2827 1876 2871 sunt
1904 2816 2004 2872 ali-

405 2910 607 2974 quanto
627 2893 997 2973 expolitiores,
1024 2917 1144 2974 quae
1170 2902 1270 2958 sub
1298 2902 1567 2974 Apostolis
1590 2906 1772 2971 rudes,
1805 2907 2006 2967 habent

397 3010 551 3052 suam
574 2995 768 3052 exinde
789 2995 1187 3075 damnationem
1206 3013 1228 3061 ;
1248 2996 1359 3052 sive
1384 2996 1503 3053 aliae
1524 2998 1739 3068 quidem
1765 3000 2000 3067 fuerunt,

2111 1784 2259 1825 nam.
2292 1771 2347 1828 Si
2375 1773 2518 1828 enim
2550 1787 2745 1846 negant
2770 1766 3049 1835 veritatem
3080 1782 3219 1851 ejus,
3248 1783 3453 1842 debent
3486 1766 3702 1858 probare

2109 1860 2257 1917 illam
2282 1878 2494 1935 quoque
2522 1864 2750 1921 hazresin
2774 1880 2897 1923 esse
2930 1868 3067 1942 (14),
3093 1872 3282 1928 eadem
3326 1877 3502 1931 forma
3539 1882 3702 1936 revic-

2110 1962 2239 2023 tam,
2269 1972 2372 2027 qua
2404 1960 2533 2028 ipsa:
2564 1958 2948 2028 revincuntur;
2992 1971 3046 2018 et
3084 1966 3374 2023 ostendere
3402 1971 3564 2025 simul
3599 1971 3703 2026 ubi-

2111 2065 2233 2106 nam
2261 2052 2550 2123 quzerenda
2580 2053 2651 2108 sit
2678 2056 2898 2123 veritas,
2936 2071 3097 2127 quam
3127 2060 3273 2129 apud,
3299 2061 3421 2119 illas
3460 2081 3565 2120 non
3591 2080 3703 2122 esse

2107 2144 2220 2214 jam
2251 2154 2483 2201 constat.
2515 2146 2794 2202 Posterior
2822 2157 3009 2206 nostra
3060 2167 3150 2207 res
3176 2168 3284 2209 nou
3325 2164 3431 2224 est,
3465 2156 3574 2214 imo
3598 2166 3703 2213 σηι-

2111 2236 2270 2294 nihus
2290 2238 2440 2309 prior
2460 2248 2571 2294 est:
2596 2238 2696 2295 hoc
2716 2240 2819 2295 erit
2845 2241 3206 2298 testimonium
3227 2247 3493 2309 veritatis.
3516 2250 3700 2321 ubique

2110 2333 2421 2401 occupantis
2444 2333 2824 2404 principatum.
2851 2334 2966 2409 (15)
2986 2336 3068 2393 Ab
3091 2338 3361 2409 Apostolis
3389 2343 3579 2414 utique
3605 2359 3700 2399 non

2111 2422 2418 2492 damnatur,
2477 2425 2585 2482 imo
2613 2426 2923 2484 defenditur
2952 2446 2965 2484 :
3001 2429 3103 2487 hoc
3165 2434 3269 2488 erit
3304 2435 3564 2493 indicium
3594 2452 3701 2506 pro-

2111 2516 2372 2586 prietatis.
2405 2517 2576 2586 Quam
2623 2519 2767 2575 enim
2824 2535 2931 2576 non
2978 2521 3235 2579 damnant
3276 2523 3430 2599 (16),
3465 2529 3555 2599 qui
3595 2527 3700 2598 (I7)

2109 2618 2421 2666 extraneum
2449 2627 2718 2683 quamque
2756 2613 3146 2672 damnaverunt
3166 2616 3308 2690 (18),
3340 2608 3498 2676 suam
3523 2630 3699 2678 osten-

2108 2704 2263 2773 dunt,
2304 2692 2535 2777 ideoque
2562 2716 2614 2763 et
2640 2706 2958 2764 defendunt.

2656 2817 2885 2877 CAPUT
2926 2820 3167 2878 XXXVI.

2108 2908 2439 2968 Percurrenti
2490 2912 2624 2967 enim
2685 2911 2941 2969 Ecclesias
3008 2908 3346 2988 apostolicos,
3392 2924 3540 2994 apud
3583 2939 3697 2995 quas

2120 3000 2131 3007 “
2178 3003 2347 3085 adhuc
2376 3003 2502 3075 ipsa:
2532 3003 2790 3059 cathedra:
2821 3007 3171 3076 apostolorum
3217 3011 3322 3066 suis
3369 3013 3498 3069 locis
3524 3017 3697 3088 praesi-

397 3087 520 3143 alize
559 3096 735 3143 autem
768 3096 953 3158 postea
993 3087 1199 3143 oborta:
1253 3087 1355 3161 (8),
1386 3088 1603 3160 quidam
1648 3107 1715 3147 cx
1766 3092 1872 3149 illis
1924 3094 2004 3169 (9)
2032 3075 2077 3137 (ἶ
2181 3075 2384 3166 dentur,
2425 3109 2471 3153 et
2508 3099 2639 3154 inter
2679 3114 2765 3154 eas
2814 3099 3121 3171 Romanam,
3152 3105 3287 3159 unde
3319 3107 3467 3163 nobis
3506 3075 3696 3180 quoque

405 3188 832 3250 usurpaverunt,
860 3179 936 3251 (c)
963 3179 1211 3236 habendo
1261 3196 1382 3262 eum
1406 3181 1487 3238 eis
1511 3186 1840 3241 consortium
1868 3203 2006 3258 pra:-

404 3269 725 3341 dicationis,
777 3271 1009 3329 habeant
1061 3286 1284 3330 necesse
1325 3283 1409 3332 est
1458 3275 1619 3332 etiam
1665 3281 1998 3339 consortium

2177 3193 2453 3247 auctoritas
2493 3202 2677 3263 prwsto
2719 3202 2792 3248 est
2833 3191 2945 3265 (ubi
2991 3192 3175 3251 Petrus
3214 3207 3263 3253 et
3312 3198 3518 3257 Paulus
3558 3217 3694 3256 coro-

2176 3282 2305 3356 nati)
2331 3284 2578 3339 canstabit
2600 3285 2827 3340 eamdem
2849 3283 2912 3339 ab
2934 3285 3192 3358 Apostolis
3212 3305 3359 3345 suam
3389 3301 3595 3363 potasse
3635 3292 3693 3360 ﬁ-

1634 3390 2018 3459 LECTIONES
2053 3400 2470 3461 VARIANTES.

480 3497 527 3561 l)
560 3499 627 3551 Ut
645 3500 965 3561 diversitates
982 3502 1131 3554 Semt.

474 3559 528 3619 2)
561 3562 806 3624 Angelum
831 3559 1037 3614 Sentler.

475 3624 528 3684 5)
561 3623 688 3673 Dum
711 3638 807 3674 non
831 3624 983 3675 Rhen.
1011 3632 1113 3677 tum
1136 3639 1233 3677 non
1255 3628 1378 3679 Jun.
1404 3642 1501 3680 non
1550 3630 1737 3684 Wouw.

476 3684 523 3737 ll
560 3684 686 3734 Dum
711 3684 841 3737 abest
865 3687 1018 3736 Rhea.

472 3746 524 3812 εξ)
557 3746 662 3812 §ub
686 3746 917 3812 apostolis
932 3761 1039 3812 non
1053 3747 1214 3812 Rhea.

448 3808 525 3879 (ρ)
557 3808 654 3879 gas
675 3808 843 3861 dicere
860 3809 993 3879 {add
1020 3811 1172 3862 Fran.
1197 3813 1290 3863 sul)
1312 3812 1559 3879 Apostolis
1582 3815 1753 3871 desunt
1775 3820 1925 3876 Rhea.

450 3869 526 3932 (7)
561 3869 835 3932 Dignantur
861 3869 1022 3923 'Rhen.

470 3908 526 3989 ss
555 3908 828 3985 Σίιῖἱξέἷὶιῖἰ
850 3908 1083 3985 ἐῖῑῗὶιη.
1110 3933 1275 3989 Paris.

469 3995 522 4056 9)
558 3995 797 4056 Quasdam
829 4008 894 4047 ex
916 3996 1012 4048 illis
1034 3997 1186 4050 Rhea.

2185 3515 2262 3582 10)
2296 3516 2436 3582 fune
2457 3516 2494 3582 τι
2497 3530 2579 3567 un.

2185 3574 2263 3647 11')
2298 3578 2712 3647 Participarrgntttr
2737 3574 2946 3629 Rhenan.

2183 3639 2257 3692 12l
2301 3642 2378 3691 Ab
2411 3639 2543 3690 deest
2566 3639 2728 3691 Paris.

2185 3701 2257 3763 13)
2297 3704 2402 3763 Qua
2423 3701 2575 3753 Rhea.

2186 3760 2266 3818 14)
2300 3760 2423 3817 Esse
2445 3765 2578 3817 deest
2596 3760 2751 3816 Rhen.

2186 3825 2262 3942 l5?
2301 3825 2577 3901 Frui/igitur
2597 3825 2725 3890 quod
2753 3825 2907 3878 Frart.
2932 3826 3100 3881 Paris.

2182 3894 2240 3942 l6
2294 3890 2434 3942 Enim
2458 3892 2686 3940 damnant.
2708 3886 2859 3939 Sentl.

2182 3954 2257 4013 l7)
2296 3954 2442 4013 Quasi
2475 3955 2721 4005 Wouwer.

2181 4015 2258 4081 18)
2290 4015 2535 4067 Extranea
2573 4026 2816 4079 quamque
2839 4026 2936 4066 non
2964 4015 3318 4073 damnaverunt
3341 4018 3493 4076 Fran.
3520 4021 3678 4091 Paris.

2240 3772 2266 4081 ξ

1741 4112 2303 4179 COMMENTARIUS.

381 4227 590 4293 prelum
619 4218 882 4294 sententia
911 4219 1156 4277 recedam
1177 4261 1191 4286 ,
1221 4235 1342 4294 cum
1372 4222 1521 4294 aiunt
1546 4238 1641 4294 per
1663 4240 1970 4287 sacramen-

383 4291 496 4348 tum
539 4292 760 4366 intelligi
788 4291 1175 4366 jurameuttnn,
1201 4293 1342 4366 qu_od
1367 4291 1603 4366 ﬁdeles,
1636 4299 1792 4366 paulo
1820 4312 1973 4359 ante-

382 4380 542 4435 quam
571 4363 894 4426 lavarentur,
939 4362 987 4417 in
1034 4362 1229 4435 limine
1258 4363 1510 4419 Ecclesia:
1535 4362 1798 4424 dicerent.
1832 4371 1965 4430 Nam

380 4433 775 4507 sacramentum
821 4433 1089 4507 sexcentis
1122 4450 1259 4502 pene
1304 4435 1434 4490 locis
1459 4451 1556 4507 pro
1590 4437 1694 4494 ﬁde
1734 4455 1797 4497 ac
1846 4446 1970 4501 reli-
1995 4446 2049 4506 D

378 4506 537 4577 gione
562 4505 849 4577 christiana
877 4504 1151 4577 accipitur.
1174 4508 1403 4577 Masso.

449 4577 599 4632 CAP.
624 4574 941 4630 ΧΧΧιν.-η
972 4572 1055 4647 (ἐι)
1078 4574 1239 4629 Nemo
1264 4576 1481 4631 alterum
1501 4577 1680 4646 Deum,
1706 4589 1810 4639 etc.
1846 4585 1965 4642 Πέρ-

379 4648 668 4726 reticorum
694 4646 1545 4726 provectuut,_'_inquit.Quiutinus,
1577 4651 1971 4726 siveprogres-

379 4733 497 4772 sum
526 4717 693 4795 vides,
707 4717 774 4795 de
787 4716 978 4795 quibus
1001 4716 1126 4771 illud
1144 4732 1175 4771 e
1188 4716 1748 4795 philosophicaschola
1780 4716 1972 4795 dicitur

376 4804 534 4859 quam
570 4786 878 4861 verissime;
908 4786 1112 4861 Parvus
1137 4801 1289 4861 error
1319 4789 1371 4842 in
1402 4786 1684 4861 principio,
1709 4792 1971 4854 maximus

374 4857 458 4940 est
480 4860 537 4913 in
576 4857 700 4940 ﬁne:
739 4858 836 4940 Bis.
862 4858 912 4940 iu
944 4858 1152 4940 synodo
1189 4858 1484 4940 Gangreusi
1515 4857 1785 4940 declarare
1803 4881 1973 4940 cona-

375 4931 587 5005 harnur,
610 4928 797 5005 vulpes
824 4928 952 5005 istas
981 4928 1208 4983 invicem
1236 4930 1419 4985 caudis
1446 4931 1706 5005 colligari,
1740 4938 1968 5005 scilicet,

374 5003 530 5057 unius
575 5001 801 5069 alicujus
831 4999 1115 5071 haereseos
1142 5015 1314 5066 reum,
1346 4999 1598 5071 paulatim
1650 5007 1762 5061 ﬁeri
1818 4999 1967 5067 reum

371 5084 716 5136 camerarum,
763 5079 1039 5141 totumque
1087 5069 1303 5125 demum
1348 5069 1624 5141 comburi;
1653 5088 1776 5133 sunt
1821 5083 1964 5138 enim

367 5152 754 5200 concatenatas.
784 5141 919 5196 Pan.

442 5214 522 5288 (b)
558 5215 691 5290 Sunt
713 5212 988 5290 aliquando
1015 5212 1354 5290 capolitiores.
1382 5215 1566 5290 Audis,
1603 5217 1771 5290 inquit
1798 5220 1965 5288 Quin-

367 5284 533 5352 tinits,
550 5287 776 5361 turreses
801 5284 952 5361 rudes
982 5285 1220 5361 primum,
1253 5285 1434 5361 deinde
1475 5292 1639 5360 factas
1675 5284 1959 5361 expolitio.

365 5374 466 5432 res.
500 5357 581 5412 Ab
605 5357 761 5410 annis
793 5354 1140 5432 quadraginta
1166 5356 1245 5411 sic
1272 5357 1430 5432 etiam
1463 5354 1644 5432 novari
1672 5354 1958 5432 e‘m'perunt

365 5427 620 5508 haereses.
662 5428 1095 5508 ut.quanto_quis
1120 5427 1170 5508 in
1192 5429 1464 5508 grtecjtate
1489 5439 1544 5486 et
1573 5427 1832 5508 latinitate
1860 5452 1955 5493 ne-
1982 5434 1985 5439 ’

363 5501 479 5573 scio
505 5514 605 5569 qua
634 5496 1115 5573 peritior-extiterit
1156 5496 1471 5567 hiereticus,
1504 5510 1653 5557 tanto
1698 5505 1949 5573 plausibi-

360 5569 464 5641 lior
488 5567 935 5641 aique_re_ceptior
963 5568 1120 5625 fuerit
1151 5587 1165 5624 :
1191 5584 1341 5638 pure.
1373 5580 1429 5627 et
1464 5581 1630 5641 torse,
1662 5567 1717 5630 et
1750 5578 1950 5634 munde

362 5637 614 5719 loquitur.
644 5637 770 5719 lude
803 5648 1096 5719 sectatores
1123 5637 1275 5719 istius
1311 5637 1631 5719 eloquentia:
1666 5645 1941 5719 colligunt.

356 5707 502 5785 Ergo
529 5726 680 5781 pura,
711 5717 872 5781 tersa,
902 5711 1098 5767 munda
1136 5719 1218 5769 est
1247 5707 1486 5771 haeresis.
1520 5707 1821 5776 Admodum
1857 5734 1944 5776 re,

2077 4237 2546 4313 prehensibileest
2567 4252 2760 4313 graves
2783 4241 2943 4298 etiam
2972 4242 3250 4313 theologos
3274 4242 3388 4300 istis
3415 4245 3671 4303 facundiae

2078 4309 2326 4367 humana:
2354 4310 2553 4377 verbis,
2577 4309 2637 4366 et
2664 4312 3000 4383 clegantiolis
3045 4309 3246 4370 cll'erri.
3279 4314 3413 4371 Num
3443 4319 3581 4372 bona
3610 4319 3674 4371 sit

2077 4383 2262 4459 dictio,
2295 4393 2561 4459 quierunt.
2595 4383 2760 4459 Atqui
2785 4385 3095 4459 meminisse
3142 4396 3241 4459 lips
3257 4398 3503 4459 oportet,
3533 4386 3670 4459 quod

2079 4454 2222 4508 nulla
2250 4455 2424 4530 estin
2438 4454 2616 4530 aliaquo
2636 4452 2942 4530 christiano
2970 4456 3108 4530 bona
3131 4452 3341 4530 _dict_io',
3380 4452 3500 4530 quai
3538 4452 3670 4529 pari-

2078 4534 2159 4579 ter
2182 4540 2285 4580 uon
2313 4526 2382 4580 sit
2411 4525 2463 4579 iu
2486 4524 2700 4580 Christo
2725 4523 2851 4579 Jesu
2879 4525 3201 4583 benedictio.
3232 4523 3411 4583 Bonas
3442 4523 3569 4585 istas
3589 4529 3691 4583 di-.

2074 4596 2321 4661 ctiones,
2371 4606 2425 4651 et
2470 4594 2915 4652 rhetoricationes
2963 4596 3328 4661 relinquamus
3366 4598 3662 4656 Crescouiis

2075 4667 2458 4738 grammaticis,
2493 4677 2549 4721 ut
2581 4666 3083 4738 lecitAugustinus.
3113 4666 3275 4724 Sacra
3319 4669 3529 4726 sincere
3567 4682 3665 4723 tra-

2075 4737 2344 4809 Ctautibus
2372 4753 2477 4792 non
2500 4737 2847 4809 conveniunt,
2871 4749 2927 4793 ut
2953 4754 3127 4809 neque
3147 4749 3405 4796 matrona:
3425 4754 3659 4807 cerussa,
3692 4748 3699 4751 '

2078 4824 2251 4878 neque
2280 4808 2398 4864 bovi
2429 4824 2664 4864 ceroma.
2708 4808 2846 4864 Pu.

2146 4878 2221 4953 (c)
2257 4878 2652 4953 (labendocunt
2690 4880 2760 4935 eis
2796 4880 3399 4953 consartium.jGelasius
3439 4884 3657 4953 primus,

2078 4950 2247 5019 inquit
2275 4951 2412 5005 idem
2435 4950 2739 5018 Quiutinus,
2769 4951 2901 5015 afer,
2918 4953 3078 5006 etiam
3104 4952 3279 5008 simile
3304 4950 3654 5010 cum'Tertul-

2074 5019 2219 5095 lianc
2246 5020 2762 5095 scrihit,_iuquiens:
2790 5021 3102 5095 Quicunque
3127 5023 3179 5077 in
3212 5023 3459 5081 haeresim
3493 5021 3656 5081 semel

2074 5090 2377 5172 datuuatam
2410 5090 2637 5172 labitur,
2653 5093 2770 5160 ejus
2791 5093 3132 5172 damnatione
3149 5097 3385 5172 seipsum
3414 5096 3650 5172 involvit,

2070 5160 2161 5233 21.
2193 5182 2247 5232 q.
2282 5165 2308 5219 1
2357 5179 2406 5218 c.
2441 5165 2493 5219 1.
2526 5163 2725 5219 Eodem
2757 5164 3025 5233 pertinent
3070 5160 3409 5223 deﬁnitiones
3445 5162 3652 5221 concilii

2070 5232 2525 5304 Chalcedonensis
2553 5241 2607 5288 et
2630 5232 2881 5299 aliorum,
2911 5235 2998 5288 ubi
3042 5250 3297 5304 expresse
3322 5247 3557 5299 cavetur,
3585 5235 3649 5289 de

2070 5303 2241 5360 semel
2272 5305 2502 5363 deﬁnitis
2532 5304 2761 5373 amplius
2784 5304 3030 5360 dubitare
3062 5303 3167 5361 nan
3202 5307 3381 5371 licere,
3411 5308 3503 5363 sed
3528 5318 3645 5361 cum

2063 5373 2166 5429 illis
2197 5390 2424 5445 quorum
2462 5384 2734 5431 seetautur
2763 5375 2994 5431 haeresin
3040 5391 3162 5433 esse
3190 5377 3640 5439 condemnandus,

2060 5456 2112 5517 et
2138 5444 2598 5517 participationem,
2627 5444 2705 5517 uti
2726 5445 2959 5515 loquitur
2979 5458 3186 5516 auctor,
3202 5464 3317 5501 cum
3336 5446 3643 5503 damnatitiis

2057 5515 2351 5588 htcrcsibus.
2394 5517 2445 5573 id
2486 5526 2587 5588 est,
2636 5516 2709 5571 uti
2760 5517 3139 5588 interpretatur
3179 5518 3485 5587 Quintinus,
3529 5519 3635 5585 jam

2053 5584 2336 5658 damnatis,
2369 5598 2428 5644 ut
2454 5587 2718 5658 ﬁctilium,
2760 5584 2917 5658 quod
2936 5589 3113 5657 ﬁctum
3156 5584 3257 5657 est,
3297 5584 3631 5657 donatitiutu,

2050 5655 2370 5729 dedititium,
2398 5655 2801 5721 conductitium'.
2826 5659 2964 5717 Pw.
