3902 6312
380 337 456 392 55

1756 331 2217 391 TERTULLIANI

3644 351 3716 407 56

385 458 654 513 frontibus
681 458 873 514 milites
901 472 1065 523 suos;
1097 457 1340 514 celebrat
1358 465 1414 513 et
1438 456 1588 528 panis
1613 453 1938 509 oblationem
1962 492 1976 513 .
2008 451 2063 509 A
2159 457 2320 525 ipsius
2357 461 2508 514 etiam
2537 458 2786 519 haereticis
2826 467 3222 523 conversationis
3256 467 3714 541 descriptionem;

370 538 441 607 ~et
466 552 750 622 imaginem
789 550 1200 607 resurrectionis
1225 550 1449 615 inducit,
1481 556 1537 603 et
1574 545 1651 619 ((1)
1683 547 1782 600 sub
1810 543 1986 614 gladio

385 644 601 699 redimit
627 659 906 699 coronam.
939 644 1120 716 Quid?
1165 643 1307 714 quod
1352 653 1407 699 et
1464 655 1732 696 summum
1766 634 1987 694 Pontili-

384 749 501 791 cetn
532 736 687 790 unius
718 737 916 806 nuptiis
945 736 1024 807 (1)
1051 737 1256 801 statuit,
1282 733 1437 790 habet
1461 741 1515 789 et
1542 732 1799 802 virgines,
1823 730 1988 786 habet

382 836 437 883 et
459 814 817 884 continentes.
863 828 937 899 (b)
970 829 1232 883 Cancrum
1256 869 1271 892 ,
1321 827 1365 880 si
1398 825 1585 881 Numa:
1615 823 1863 895 Pompilii
1894 839 1986 878 su-

382 920 726 989 perstitiones
756 919 1092 976 revolvamus
1117 960 1130 983 ,
1177 918 1222 974 si
1262 916 1613 974 sacerdotalia
1641 915 1816 993 officia
1842 958 1859 982 ,
1896 917 1985 970 111-

384 1013 557 1084 sigaia
582 1056 595 1077 ,
630 1023 683 1068 et
730 1012 1049 1085 privilegia,
1098 1012 1142 1067 si
1191 1010 1507 1067 sacrificalia
1539 1009 1618 1082 (‘2)
1647 994 1940 1065 ministeria
1966 1050 1982 1076 ,

384 1114 440 1159 et
467 1104 855 1172 instrumenta,
908 1112 963 1159 et
985 1118 1110 1159 vasa
1152 1103 1394 1173 ipsorum
1441 1101 1828 1157 sacrificiorum
1855 1143 1870 1167 ,
1920 1115 1984 1157 ac

384 1184 741 1268 piaculorum
763 1209 818 1252 et
849 1205 1094 1252 votorum
1120 1238 1137 1261 ,
1170 1195 1511 1251 curiositates
1537 1193 1940 1249 consideremus
1964 1236 1980 1262 ,

383 1304 564 1344 nonne
594 1289 872 1344 manifeste
920 1288 1166 1344 diabolus
1195 1286 1268 1360 (c)
1298 1286 1678 1343 morositatem
1725 1285 1869 1342 illam
1897 1284 1984 1355 ju«

384 1383 553 1438 daica:
583 1384 716 1453 legis
742 1384 979 1438 imitatus
1007 1383 1134 1438 est?
1163 1383 1264 1452 Qui
1295 1398 1423 1454 ergo
1452 1383 1593 1453 ipsas
1621 1400 1708 1441 res
1728 1426 1743 1451 ,
1771 1384 1838 1441 de
1862 1386 1984 1456 qui-

381 1476 482 1530 bus
525 1483 858 1531 sacramenta
909 1474 1108 1530 ChriSti
1155 1458 1632 1543 administrantur,
1682 1486 1790 1533 tam
1818 1492 1985 1535 temu-

382 1567 557 1622 lanter
600 1567 871 1622 affectavit
901 1568 1204 1638 exprimere
1253 1568 1306 1622 in
1354 1567 1581 1639 negotiis
1626 1568 1984 1637 idololatriae,

385 1658 567 1728 utique
593 1667 648 1713 et
676 1657 816 1714 idem
850 1667 900 1712 et
929 1658 1120 1713 eodem
1144 1657 1358 1728 ingenio
1380 1658 1562 1729 gestiit
1588 1667 1644 1714 et
1689 1661 1860 1739 potuit
1908 1661 1986 1718 in-

383 1759 683 1806 strumenta
712 1765 925 1822 quoque
954 1751 1256 1813 divinarum
1282 1765 1460 1806 rerum
1492 1749 1572 1823 (d)
1598 1760 1654 1807 et
1675 1762 1981 1809 sanctorum

2165 550 2251 603 ubi
2270 552 2380 622 quis
2400 556 2803 623 catechumentts,
2828 559 2940 628 quis
2970 559 3160 628 ﬁdelis.
3185 561 3481 627 incertum;
3507 562 3714 633 pariter

2165 645 2297 697 enim
2309 645 2518 712 adeunt,
2539 650 2729 719 pariter
2743 651 2979 714 audiunt,
3000 653 3192 720 pariter
3208 662 3355 707 orant
3374 654 3504 722 ;qui
3521 668 3713 725 pacem

2165 751 2278 788 cum
2301 738 2436 792 omni
2444 739 2531 793 bus
2550 741 2785 805 miscent;
2800 758 3018 812 quorum
3038 744 3276 800 mulieres
3295 745 3532 799 audeant
3546 761 3712 799 exor-

2166 829 2350 884 cismos
2369 846 2537 902 agere,
2570 834 2783 906 forsitan
2804 844 2851 889 et
2880 835 3143 907 tinguere;
3171 853 3382 907 quorum
3401 838 3712 909 ordinatio-

2163 935 2251 975 nes
2275 923 2555 978 temerariae
2578 966 2593 991 ,
2626 934 2673 979 et
2698 926 2835 980 alius
2878 927 3028 981 hodie
3054 929 3321 999 episcopus
3345 969 3360 994 ,
3392 945 3519 983 cras
3544 928 3705 994 alius,

2161 1012 2314 1068 hodie
2351 1015 2737 1088 diaconus,'qui
2764 1035 2877 1074 cras
2907 1021 3098 1085 lector,
3122 1022 3277 1077 hodie
3297 1022 3582 1094 presbyter
3620 1025 3708 1095 qui

2160 1121 2273 1160 cras
2295 1106 2458 1163 laicus
2476 1150 2492 1178 ,
2524 1126 2642 1165 nam
2667 1119 2713 1166 et
2736 1111 2882 1168 laicis
2909 1115 3250 1175 sacerdotalia
3270 1131 3490 1170 munera
3514 1115 3706 1187 injun-

2154 1213 2291 1268 gere.

2162 1378 2278 1435 Nou
2305 1381 2544 1436 omittam
2572 1381 2739 1454 ipsius
2773 1384 2933 1439 etiam
2963 1386 3387 1443 conversationis
3419 1385 3706 1443 haeretica:

2091 1469 2526 1540 descriptionem,
2550 1490 2708 1543 quam
2732 1476 2914 1539 futilis,
2942 1492 3101 1547 quam
3131 1487 3368 1545 terrena,
3394 1493 3571 1549 quam
3601 1477 3705 1534 hu-

2092 1574 2248 1614 mana
2276 1562 2347 1617 sit
2370 1602 2385 1627 ,
2413 1563 2531 1617 sine
2552 1565 2812 1633 gravitate
2833 1607 2847 1630 ,
2877 1566 2994 1622 sine
3011 1569 3327 1627 auctoritate
3346 1611 3362 1635 ,
3388 1570 3514 1623 sine
3539 1569 3702 1623 disci-

2092 1651 2258 1722 plina,
2282 1664 2342 1708 111
2365 1653 2486 1710 fidei
2509 1670 2620 1711 suae
2649 1672 2970 1727 congruens.
3000 1659 3056 1714 ln
3079 1660 3263 1731 primis
3285 1661 3405 1732 quis
3429 1650 3781 1731 catecbui‘ts

2093 1760 2316 1815 mentis,
2357 1750 2476 1820 quis
2519 1749 2715 1819 ﬁdelis,
2755 1751 3014 1809 incertum
3046 1763 3159 1819 est;
3211 1755 3413 1825 pariter
3454 1754 3698 1821 adeunt,

382 1845 829 1907 011110110110111111.
861 1859 1079 1899 0011011111
1108 1842 1177 1899 110
1200 1843 1467 1909 sensibus,
1496 1844 1657 1900 verba
1685 1844 1753 1900 de
1777 1845 1978 1913 verbis,
2090 1838 2542 1909 parileraudiunt.
2573 1843 2773 1912 pariter
2792 1852 2978 1911 orant;
3008 1845 3170 1900 ﬁliam
3193 1845 3393 1900 elllniCi
3421 1846 3468 1900 Si
3498 1861 3696 1917 Super:

384 1936 666 2007 parabolas
692 1935 760 1991 de
789 1936 1059 2007 parabolis
1084 1933 1322 2006 profana:
1349 1942 1403 1990 et
1429 1935 1640 1990 aemula:
1666 1936 1787 1993 fidei
1810 1945 1982 1993 1111011-

386 2040 500 2084 tare
526 2029 627 2103 (:5).
662 2030 728 2084 Et
757 2029 899 2092 ideo,
929 2043 1102 2099 neque
1126 2043 1158 2083 a
1179 2027 1392 2083 diabolo
1414 2028 1653 2085 immissa
1678 2044 1798 2086 csse
1821 2030 1979 2101 Spiri-

379 2121 505 2176 talia
533 2122 801 2191 nequitiae,
834 2137 897 2176 ex
930 2122 1125 2191 quibus
1143 2119 1304 2175 etiam
1347 2119 1586 2176 btet-eses
1605 2120 1862 2184 veniunt,
1889 2119 1982 2176 du-

381 2211 487 2267 bita
497 2228 555 2269 re
576 2213 695 2283 quis
709 2211 890 2278 debet,
913 2226 1084 2282 neque
1102 2210 1169 2265 ab
1189 2209 1488 2265 idololatria
1505 2209 1705 2265 distare
1724 2210 1979 2277 hmreses,

352 2295 499 2361 'cum
555 2313 612 2359 et
653 2304 889 2358 auctoris
917 2312 972 2357 et
1033 2302 1211 2372 operis
1254 2301 1494 2371 ejusdem
1538 2301 1674 2368 sint,
1720 2302 1875 2373 cujus
1931 2312 1986 2359 et

378 2394 701 2451 idololatria.
736 2397 900 2450 Deum
921 2437 936 2460 ,
965 2405 1057 2449 aut
1086 2395 1289 2465 lingunt
1311 2393 1473 2448 alium
1496 2392 1754 2449 adversus
1770 2395 1985 2450 Creato-

378 2503 493 2542 rem
519 2528 535 2553 ,
567 2497 695 2555 aut,
727 2488 771 2542 si
801 2486 1014 2542 unicum
1066 2468 1379 2541 Creatorem
1424 2486 1748 2541 confitentur
1770 2529 1784 2553 ,
1827 2488 1984 2543 aliter

379 2596 504 2635 eum
525 2580 796 2635 disserunt
821 2622 835 2643 ,
883 2594 1041 2649 quam
1067 2577 1119 2633 in
1148 2591 1279 2634 vero
1304 2586 1407 2634 est.
1432 2578 1617 2650 Itaque
1641 2593 1805 2635 omne
1830 2595 1981 2635 men-

383 2671 592 2727 daciutn
629 2670 770 2742 quod
806 2670 875 2725 de
926 2671 1035 2726 Deo
1063 2669 1280 2739 dicunt,
1334 2669 1770 2742 quoddammodo
1809 2685 1979 2742 genus
2018 2668 2035 2673 “

374 2771 458 2821 001
481 2764 794 2821 idololatritc
822 2762 924 2836 (4).

975 2854 1204 2913 CAPUT
1243 2852 1380 2912 xu.
1435 2909 1444 2931 ,

384 2948 508 3007 Non
528 2950 859 3007 omittendam
879 2949 1111 3022 denique,
1140 2966 1241 3023 qua
1264 2958 1442 3005 contra
1463 2964 1548 3005 eos
1567 2948 1975 3021 prtescribamus,

2086 1931 2332 1986 venerint
2354 1973 2368 1994 ,
2400 1931 2472 2004 (ε)
2500 1943 2743 1990 sanetum
2771 1935 3024 2002 canibus,
3056 1947 3110 1991 et
3131 1938 3308 2006 porcis
3339 1912 3692 2008 margaritag.

2086 2024 2211 2081 licet
2238 2041 2344 2081 non
2367 2041 2523 2081 veras
2542 2069 2556 2093 ,
2583 2028 2881 2098 jactabunt.
2919 2029 3329 2100 Simplicitatem
3355 2033 3551 2087 volunt
3576 2018 3698 2088 esse

2087 2120 2501 2186 prostrationem
2534 2120 2852 2191 discipltnze,
2879 2123 3034 2194 cujus
3063 2140 3226 2194 penes
3261 2114 3359 2181 nos
3385 2142 3584 2181 curam
3613 2127 3694 2182 le-

2088 2209 2358 2265 nocinium
2376 2220 2590 2266 vocant.
2621 2212 2811 2268 Pacem
2835 2230 3047 2285 quoque
3068 2218 3268 2288 passim
3291 2232 3411 2272 cum
3435 2219 3697 2274 omnibus

2090 2300 2359 2356 miscent:
2390 2300 2518 2356 nihil
2547 2303 2689 2357 enim
2724 2305 2946 2361 interest
2974 2306 3108 2373 illis,
3146 2308 3273 2363 licet
3298 2307 3523 2364 diversa
3557 2319 3696 2364 trac-

2087 2392 2342 2461 tantibus,
2363 2393 2492 2448 dum
2521 2395 2586 2449 ad
2628 2395 2786 2450 unius
2811 2399 3055 2453 veritatis
3071 2401 3530 2469 expugnationem
3562 2417 3693 2457 con-

2081 2485 2308 2556 Spirent.
2337 2484 2539 2543 Omnes
2562 2497 2766 2545 tument
2784 2533 2798 2558 ,
2827 2474 3018 2548 omnes
3038 2494 3318 2549 scientiam
3347 2495 3691 2564 pollicentur.

2082 2577 2223 2631 Ante
2263 2586 2389 2632 sunt
2425 2578 2646 2648 perfecti
2688 2581 3096 2648 eatechumeni,
3141 2599 3299 2654 quam
3346 2585 3531 2643 edocti
3572 2585 3688 2659 (5).

2085 2668 2217 2741 Ipsae
2238 2670 2489 2727 mulieres
2509 2672 2794 2742 hmreticzie,
2824 2690 2981 2745 quam
3003 2680 3290 2748 procaces!
3316 2694 3436 2748 quae
3458 2680 3692 2736 audeant

2082 2764 2278 2821 dooere
2302 2806 2316 2831 ,
2362 2767 2726 2835 contendere,
2776 2770 3106 2825 exorcismos
3144 2785 3335 2841 agere,
3374 2773 3691 2827 curationes

2081 2859 2488 2928 repromittere,
2539 2860 2761 2925 forsitan
2808 2862 2913 2935 (6)
2952 2872 3008 2920 et
3048 2865 3274 2935 tingere.
3306 2864 3688 2920 Ordinationes

2083 2965 2268 3007 eorum
2311 2953 2631 3021 temerarias,
2664 2953 2811 3011 leves
2833 2997 2848 3022 ,
2880 2954 2949 3028 (f)
2988 2956 3353 3013 inconstantes
3388 2976 3401 3013 :
3431 2972 3582 3012 nunc
3611 2955 3687 3029 (7)

1627 3063 2007 3122 LECTIONES
2045 3065 2460 3127 VARIANTES.

440 3185 514 3247 (1)
538 3184 832 3247 Pontiﬁcem
871 3183 1068 3247 nuptiis
1095 3179 1246 3232 Rhea.
1273 3182 1322 3247 111
1338 3181 1497 3247 'unius
1530 3181 1711 3247 nuptiis
1737 3176 1968 3247 Ilitsaug.
1998 3163 2044 3227 C

375 3240 620 3309 eminetere
641 3244 851 3309 exempl.
877 3240 990 3309 teste
1009 3240 1328 3309 theaaao._in
1354 3244 1467 3309 unis
1488 3240 1673 3306 nuptiis
1698 3251 1847 3309 Fran.

2139 3180 2213 3244 (1)
2238 3182 2309 3234 Ita
2332 3196 2479 3251 omne
2503 3185 2809 3251 mendacium
2832 3185 2898 3237 dc
2916 3185 3046 3251 Deo,
3065 3185 3145 3239 vel
3170 3188 3302 3240 natio
3324 3186 3686 3251 quodammodo

2080 3256 2253 3302 sexus.
2281 3253 2357 3296 est
2375 3245 2663 3297 idololatriae
2689 3246 2837 3300 Rhea.

439 3308 510 3372 (2)
540 3305 870 3359 Sacrificantia
914 3306 1070 3380 1111011.
1114 3305 1486 3378 sacrificantium
1530 3305 1583 3357 et
1607 3316 1718 3355 vasa
1757 3306 1973 3370 ipsorum
2137 3307 2614 3428 ESfEdueatiParis.

441 3370 785 3422 sacrificiorum
807 3383 871 3422 es;
893 3368 1019 3421 ftbro
1045 3370 1213 3420 Urstm
1237 3371 1347 3428 Rtg.
2159 3370 2190 3418 6
2236 3370 2462 3421 Fortasse
2488 3384 2551 3420 an
2574 3374 2614 3426 R

376 3372 417 3422 si
441 3368 785 3442 sacrificiorum
807 3383 871 3422 ex
893 3368 1019 3442 libro
1045 3368 1213 3442 l_I_rsini
1237 3368 1347 3442 ΙΨ).
1438 3432 1476 3442 __
1545 3428 1557 3440 .
1778 3368 1790 3370 ‘
2137 3368 2211 3442 fg)
2236 3370 2462 3442 fiortasse
2488 3384 2551 3420 an
2574 3370 2724 3426 Rhea.

438 3434 513 3497 (5)
536 3434 900 3498 Attemperare,
922 3430 1032 3497 Rig.
1058 3434 1225 3484 Venet.
1251 3430 1407 3482 Fran.
1430 3430 1601 3484 Paris.
2137 3430 2213 3495 (7)
2237 3432 2375 3485 Tunc
2397 3431 2549 3486 Rhea.

1739 3528 2292 3594 COMMENTARIUS.

320 3652 325 3656 “
373 3657 631 3732 signaculi
680 3655 938 3732 religione
980 3651 1525 3732 _teneri_viderentur.
1560 3650 1727 3732 Quam
1773 3648 1965 3732 multos

373 3724 509 3783 enim
527 3771 542 3793 ,
572 3727 742 3796 inquit
773 3724 1099 3795 Augustinus
1117 3767 1130 3785 ,
1158 3724 1308 3779 hodie
1337 3727 1523 3796 fratres
1541 3724 1740 3796 uestros
1765 3724 1961 3796 cogita-

374 3817 489 3853 mus
509 3791 555 3853 et
586 3791 878 3869 plangimus
896 3797 968 3869 ire
992 3797 1043 3849 111
1069 3797 1313 3869 vanitates
1334 3791 1628 3869 etinsanias
1656 3791 1921 3869 mendaces
1943 3831 1960 3859 ,

372 3862 630 3941 negligere
671 3862 768 3939 quo
807 3868 971 3922 vocati
987 3878 1145 3922 sunt:
1174 3867 1261 3938 qui
1284 3908 1300 3933 ,
1347 3866 1392 3941 si
1419 3868 1549 3937 forte
1590 3864 1785 3941 in‘ipso
1814 3862 1963 3917 Circo

370 3935 544 4011 aliqua
576 3959 636 3996 ex
662 3935 842 3995 caussa
866 3935 1199 4009 expavescunt
1216 3978 1229 4003 ,
1253 3935 1490 4011 continuo
1513 3953 1568 4011 se
1614 3935 1818 4011 signant
1841 3974 1856 3999 ,
1915 3942 1962 4011 et

369 4005 507 4068 stant
538 4013 645 4068 illic
699 4005 956 4081 portantes
997 4012 1049 4063 in
1090 4013 1283 4081 fronte,
1329 4008 1465 4081 unde
1509 4006 1865 4081 abscederent,
1918 4005 1999 4075 si,

371 4084 467 4139 hoc
486 4085 538 4137 in
559 4076 710 4137 corde
722 4076 1147 4152 pet-tarent,ietc.,
1168 4082 1328 4152 Enar.
1344 4079 1396 4133 in
1416 4079 1614 4152 Psaltn.
1634 4076 1678 4132 Ι.
1693 4076 1958 4152 Czeterum

367 4154 577 4224 Opinari
609 4148 768 4208 etiam
816 4152 970 4224 liceat
999 4150 1243 4207 Mithram
1270 4151 1384 4224 sive
1418 4149 1673 4224 Satanam
1720 4148 1962 4224 signasse

369 4218 424 4278 in
453 4224 715 4286 frontibus
743 4223 942 4278 milites
965 4236 1112 4286 suos,
1144 4219 1487 4277 :emulatione
1518 4218 1786 4275 unctionis
1814 4218 1960 4274 chris

364 4294 576 4351 stianm.
610 4295 728 4351 th.

439 4367 515 4439 (a)
563 4365 884 4439 Subigladio
916 4365 1128 4439 redimit
1178 4378 1436 4439 coronam.
1487 4361 1958 4439 Ma_rty;rii_mimo.

368 4431 521 4507 Quod
542 4431 781 4508 pluribus
809 4437 1093 4505 explicavit
1113 4436 1214 4491 sub
1237 4435 1395 4489 finem
1421 4434 1598 4508 operis
1624 4431 1709 4508 :De
1733 4431 1953 4508 Qarona.

368 4503 565 4567 1110μὲ
582 4508 649 4564 Et
687 4510 779 4565 sub
806 4503 976 4581 gladio
1002 4508 1204 4581 redimit
1227 4520 1488 4581 coronant.
1520 4504 1597 4581 Ad
1627 4503 1953 4581 intellectum

366 4582 525 4651 hujus
545 4581 685 4651 quod
716 4574 874 4651 habet
904 4578 998 4651 lib;
1029 4578 1098 4651 de
1140 4576 1342 4651 Corona
1369 4574 1530 4647 mil..(
1553 4589 1738 4651 versus
1771 4575 1953 4651 finem)

365 4647 612 4708 in'hune
656 4650 910 4706 modum:
947 4648 1154 4703 Mithrae
1196 4647 1409 4702 miles...
1458 4661 1573 4700 cum
1623 4647 1854 4700 initiatur
1899 4648 1952 4702 in

364 4723 613 4789 spila'o...
642 4723 694 4776 iu
732 4723 908 4775 castris
934 4736 1047 4775 vere
1075 4722 1393 4774 tenebrarum
1412 4759 1428 4777 ,
1457 4732 1695 4771 coronam
1719 4719 1949 4786 interpo-

364 4788 463 4847 sito
487 4794 660 4863 gladio
686 4794 779 4848 sibi
806 4793 1025 4847 oblatam
1052 4834 1065 4851 .
1093 4790 1238 4861 quasi
1254 4790 1460 4843 mimum
1479 4790 1737 4863 martyrii,
1767 4788 1951 4844 dehinc

363 4858 522 4934 capiii
576 4881 669 4919 suo
722 4858 1185 4926 accommodatam,
1242 4868 1473 4934 monetur
1513 4858 1657 4934 obvia
1704 4875 1860 4934 manu
1918 4878 1950 4915 a

362 4930 530 5002 capite
552 4935 738 5005 pellere
752 4946 796 4989 et
818 4936 870 4988 in
901 4934 1182 4993 humerum.
1214 4932 1261 4986 si
1286 4931 1433 5000 forte,
1463 4930 1750 5005 transferri,
1776 4930 1950 4988 dicens

364 5003 611 5060 Mithram
664 5023 769 5062 esse
807 5020 1049 5060 coronam
1088 5018 1276 5066 suam;
1304 5011 1453 5074 atque
1478 5003 1660 5074 exinde
1688 5018 1945 5074 nunquam

359 5086 651 5134 raronatur.
678 5076 704 5131 l
711 5078 840 5148 dque
858 5078 912 5131 in
931 5078 1132 5147 signant
1154 5074 1299 5129 habet
1318 5073 1388 5127 ad
1407 5072 1752 5148 probationem
1773 5072 1941 5148 suam,

358 5149 511 5204 sicuti
534 5145 922 5219 tentatusfuerit
949 5145 1011 5202 de
1034 5155 1349 5219 sacramento
1368 5186 1384 5211 ,
1412 5146 1683 5219 statimque
1725 5145 1947 5219 greditur

359 5220 570 5275 Mithrae
595 5222 738 5276 miles
755 5213 782 5281 .’
800 5222 843 5273 si
866 5218 1100 5287 deiecerit
1124 5233 1364 5273 coronam
1381 5257 1397 5284 ,
1425 5217 1471 5272 si
1498 5213 1608 5271 eam
1634 5217 1687 5271 in
1717 5213 1829 5271 Deo
1853 5233 1947 5273 suo
2002 5228 2023 5233 ‘

357 5306 465 5346 esse
487 5292 690 5347 dixerit.
723 5292 854 5347 Eon.

429 5360 509 5434 (b)
539 5360 786 5417 Caeterum
832 5363 877 5417 si
924 5360 1115 5434 Numae
1155 5358 1421 5434 Pompilii.
1468 5358 1695 5434 Pulchra
1730 5360 1944 5434 estubic

353 5430 629 5488 annotatio
658 5434 943 5490 Autleberti
973 5432 1221 5499 Macerei.
1271 5445 1430 5502 quam
1452 5430 1614 5502 adeo
1655 5446 1720 5486 ex
1750 5431 1942 5500 gallica

352 5504 606 5559 idiomatc
655 5504 1074 5561 transferendam
1124 5501 1391 5559 duximus.
1434 5501 1693 5571 Quidam,
1745 5503 1932 5571 inquit,

351 5575 493 5645 libro
511 5575 741 5645 quodam
782 5591 889 5631 non
934 5577 1005 5631 ita
1054 5590 1227 5644 nuper
1264 5588 1484 5637 excuso,
1536 5572 1697 5645 cujus
1702 5572 1931 5645 titulus:

348 5636 935 5719 Bt°evis'00tttntc§tarius
958 5646 1023 5701 de
1060 5636 1218 5719 sig-nis
1259 5645 1436 5719 sacris,
1472 5636 1745 5719 sacriﬁciis
1780 5652 1827 5697 et
1852 5659 1937 5719 sa-

346 5720 618 5773 cramentis
663 5735 695 5772 a
724 5716 833 5772 Deo
879 5714 1141 5780 institutis,
1186 5716 1492 5771 acreatione
1534 5714 1731 5777 mundi,
1780 5714 1932 5769 nobis

344 5787 549 5855 objicit.
578 5799 789 5846 nostras
813 5789 1161 5846 etcremouias
1187 5786 1376 5856 majori
1403 5800 1470 5856 ex
1493 5792 1653 5856 parte
1675 5784 1931 5853 desump-

343 5852 429 5918 tas
445 5876 475 5918 a
496 5858 664 5920 Numa
703 5861 983 5935 Pompilio,
1013 5870 1067 5919 et
1094 5852 1318 5932 proinde
1354 5852 1674 5926 rejieiettdas
1701 5864 1756 5914 ct
1796 5852 1924 5914 01111-

1979 4613 2034 4675 D

2066 3650 2394 3732 sapttatidas.
2419 3652 2633 3732 Fefellit
2666 3667 2812 3732 eum,
2837 3653 3008 3732 inquit
3029 3652 3192 3719 idem,
3223 3653 3364 3732 quod
3405 3669 3670 3732 noncon-

2066 3719 2319 3794 siderarit
2366 3725 2623 3779 astutiam
2665 3724 2745 3779 sui
2797 3719 2962 3794 patris
3006 3734 3060 3781 et
3106 3719 3366 3793 magistri.
3420 3726 3675 3782 Diabolus

2065 3791 2208 3865 enim
2237 3808 2329 3849 eas
2358 3796 2581 3865 mutavit
2618 3811 2683 3851 ex
2740 3791 2918 3851 veteri
2961 3791 3326 3859 Testamento,
3377 3806 3433 3851 et
3489 3798 3671 3853 Numa:

2068 3863 2306 3930 tradidit,
2328 3875 2386 3920 ut
2416 3863 2511 3935 per
2537 3882 2631 3922 eas
2651 3868 2719 3922 ab
2745 3867 2838 3921 illo
2864 3878 2918 3921 et
2940 3869 3050 3921 suis
3070 3868 3425 3921 honoraretur
3452 3879 3509 3925 et
3538 3870 3671 3924 ado-

2067 3944 2292 4007 1³11101111.
2316 3936 2469 4005 Quod
2496 3937 2563 3992 ad
2610 3952 2710 3992 1100
2738 3939 2949 4001 attinet,
2991 3939 3186 4007 quibus
3233 3937 3299 3991 ad
3328 3953 3549 3995 manum
3592 3950 3670 3994 est

2071 4002 2232 4060 Vetus
2259 4002 2387 4062 illud
2415 4008 2845 4073 Testamentum,
2877 4002 3084 4063 etiamsi
3139 4011 3449 4064 omittamus
3474 4056 3477 4063 .
3501 4010 3667 4065 tradi-

2066 4075 2271 4149 tionem
2289 4078 2526 4147 Patrum,
2554 4080 2720 4149 magis
2741 4079 2996 4135 credibile
3029 4089 3113 4134 est
3155 4080 3521 4148 desumpsisse
3569 4096 3665 4135 nos

2064 4146 2206 4212 inde,
2261 4156 2418 4218 quam
2464 4146 2688 4206 erlibri's
2737 4150 3001 4218 Pompilii.
3054 4151 3269 4205 Interim
3315 4146 3478 4206 etiam
3536 4151 3661 4207 illud

2064 4219 2537 4288 considerandum,
2588 4222 2728 4289 quod
2775 4223 2956 4277 talium
2998 4221 3440 4278 caeremoniarum
3474 4223 3661 4278 obser-

2065 4289 2215 4377 vatio
2401 4302 2548 4377 grata
2576 4293 2667 4377 sit,
2695 4292 3124 4377 quandoquidem
3165 4307 3259 4348 eas
3285 4302 3391 4347 tam
3419 4294 3659 4351 studiose

2063 4358 2275 4417 aﬂ'ectc’t
2300 4372 2354 4418 et
2378 4358 2665 4419 aetttt'tletur
2684 4358 2945 4419 diabolus:
2989 4365 3124 4419 Pu.
3334 4411 3339 4414 .

2132 4430 2206 4503 (c)
2236 4432 2290 4487 Μ
2296 4436 2583 4490 orositatem
2612 4435 2757 4489 illam
2773 4436 3000 4506 judaicte
3030 4434 3174 4503 legis.
3202 4434 3563 4490 Morositatcm
3583 4434 3657 4488 di-

2057 4500 2152 4576 cit,
2169 4500 2376 4576 morum
2398 4516 2452 4561 et
2469 4506 2661 4561 rituum
2675 4500 3011 4576 judaieorum
3026 4500 3652 4575 scrupulosilatemPsu.

2133 4573 2213 4646 (d)
2245 4576 2306 4629 Et
2331 4587 2623 4632 sanctorum
2669 4573 3085 4633 christianorum.
3136 4573 3337 4632 Ilorutn
3369 4592 3562 4632 sensus
3590 4591 3653 4631 ex
3682 4638 3689 4643 1

2061 4643 2124 4699 iis
2144 4643 2269 4719 qua:
2297 4648 2349 4702 in
2378 4663 2498 4717 cap.
2532 4648 2600 4704 44
2642 4658 2935 4719 sequuntur
2988 4648 3310 4702 hauriendus
3360 4658 3464 4702 est.
3513 4653 3653 4717 Apo-

2055 4717 2316 4772 stolorum
2348 4729 2525 4774 autem
2556 4722 2687 4774 Acta
2717 4717 2769 4774 et
2806 4720 3074 4789 Epistulas
3102 4728 3261 4774 vocat
3301 4719 3650 4776 instrumenta

2054 4797 2364 4842 sanctorum
2399 4790 2834 4846 christianorum.
2861 4796 3092 4845 ALBASP.

2124 4860 2276 4915 CAP.
2299 4861 2588 4933 XLl.—(e)
2617 4861 2863 4918 Sanctum
2890 4861 3119 4916 canibus.
3150 4860 3268 4933 Nec
3297 4860 3393 4933 ista
3436 4861 3646 4931 quidem

2051 4944 2080 4983 n
2109 4933 2264 5004 nobis
2288 4931 2618 5004 negligenter
2640 4934 3027 5004 transibuutur,
3051 4932 3244 5004 quibus
3273 4931 3642 5004 eucharistiam

2049 5002 2422 5074 existimamus
2442 5002 2686 5074 intelligi,
2734 5003 2801 5057 de
2835 5019 2937 5073 qua
2966 5004 3101 5057 libro
3127 5002 3194 5074 de
3217 5003 3547 5071 Spectaculis
3572 5002 3641 5056 ita

2049 5072 2302 5201 lloqttituAr,
2335 5089 2453 5144 cap.
2473 5075 2566 5142 25,
2708 5090 2795 5128 ore
2817 5072 2914 5145 quo
2945 5075 3105 5128 Amen
3130 5072 3182 5127 in
3208 5083 3437 5129 sanctum
3472 5082 3638 5143 protu-

2072 5159 2190 5199 erss.
2223 5188 2239 5201 .
2274 5161 2450 5201 LBASP.

2121 5215 2187 5287 (1)
2218 5215 2589 5271 lnconstantes.
2618 5216 2820 5272 Omnes
2846 5216 3220 5283 ecclesiastici,
3262 5218 3641 5287 cujuscumque

2048 5287 2263 5342 tandem
2291 5288 2713 5352 essentordinis,
2762 5289 2924 5342 certis
2974 5287 3106 5341 locis
3127 5296 3280 5342 erant
3305 5288 3521 5355 addicti,
3553 5303 3640 5340 ue-

2045 5373 2151 5429 que
2196 5358 2393 5413 fiebant
2435 5358 2696 5429 episcopi,
2748 5369 2839 5412 aut
2885 5357 3229 5426 sacerdotes,
3274 5357 3498 5413 honoris
3534 5366 3637 5411 'aut

2045 5429 2254 5484 vivendi
2282 5431 2483 5498 gratia;
2515 5429 2609 5485 sed
2636 5445 2730 5495 pro
2760 5430 2863 5485 loci
2889 5440 2981 5484 aut
3003 5430 3181 5553 populi
3222 5432 3561 5493 necessitate,
3584 5437 3634 5481 et

2046 5513 2144 5553 usu
2175 5499 2578 5553 ordinabantur.
2609 5500 2813 5553 Ouibus
2853 5501 2925 5553 ttti
2946 5517 3051 5553 non
3100 5500 3270 5553 icebat
3297 5501 3402 5553 alio
3439 5515 3634 5553 convn-

2046 5513 2144 5554 usu
2175 5499 2578 5555 ordinabantur.
2609 5500 2813 5567 Quibus
2853 5501 2925 5554 ttti
2946 5517 3051 5555 non

2039 5568 2171 5643 lare.
2201 5581 2259 5643 et
2277 5570 2433 5628 sedes
2464 5581 2698 5635 mutare;
2727 5571 2796 5643 ita
2823 5587 2998 5643 neque
3026 5572 3092 5625 ab
3117 5570 3296 5626 ofﬁcio
3317 5585 3382 5625 ex
3406 5587 3473 5625 eo
3495 5575 3627 5643 loco,

2039 5640 2125 5695 ubi
2164 5641 2395 5698 ordinati
2440 5651 2492 5699 et
2543 5642 2738 5698 addicti
2787 5639 2962 5708 erant,
2994 5644 3111 5698 sine
3162 5656 3349 5695 caussa
3397 5639 3627 5695 amoveri

2036 5720 2313 5785 poterant:
2372 5715 2464 5769 sed
2516 5714 2653 5785 apud
2710 5716 2990 5770 haereticos
3055 5727 3152 5782 pro
3198 5711 3420 5785 arbitrio
3475 5713 3627 5768 sedes

2033 5782 2397 5847 mutabantur,
2428 5795 2482 5841 et
2508 5782 2567 5843 ut
2594 5786 2743 5856 dicit,
2790 5787 2924 5843 alius
2964 5784 3116 5842 hodie
3158 5784 3425 5856 episcopus
3449 5825 3465 5852 ,
3513 5797 3625 5838 cras

2033 5852 2186 5911 alius.
2208 5856 2439 5913 Aususr.

2030 5868 2186 5911 auus.
2208 5868 2439 5913 ALBASP.

3100 5500 3270 5555 icebat
3297 5501 3402 5553 alio
3439 5515 3635 5555 convn-
