3902 6312
211 272 289 330 es
789 218 810 231 ’
1332 267 1533 327 LIBER
1587 269 1673 326 DE
1708 256 2400 336 ‘Pniescmp'riomnus.
3472 278 3548 340 06

213 399 331 446 tem
364 388 422 444 in
453 387 724 460 paradiso
742 427 758 453 ,
790 385 841 457 id
867 393 944 441 est
963 427 979 453 ,
1006 384 1161 441 istum
1186 383 1349 441 fuisse
1370 393 1674 457 serpentem
1700 425 1716 451 ,
1742 387 1826 442 cui
1858 387 1913 448 A
1940 388 2188 447 virtutem
2217 409 2338 464 quae
2364 409 2525 466 super
2569 409 2757 453 omnes
2783 396 3005 472 virtutes
3032 405 3215 467 esset,
3242 414 3401 472 quam
3427 415 3542 456 ma-

217 479 338 535 Eva
358 478 533 550 quasi
552 478 700 534 Filio
722 478 819 533 Dei
833 475 1143 534 crediderat.
1164 475 1465 546 Decerpsit,
1485 476 1748 547 inquiunt,
1772 476 1842 532 de

216 570 407 626 fructu
451 554 699 639 arboris,
747 578 909 640 atque
936 567 1052 625 ideo
1070 568 1252 640 generi
1296 568 1533 624 humano
1562 569 1840 626 scientiam

218 663 504 720 bonorum
519 670 578 719 et
589 661 853 717 malorum
869 662 1166 719 contribuit.
1188 660 1454 718 Christum
1468 670 1644 717 autem
1662 676 1767 718 non
1785 662 1838 718 in

132 742 161 765 ί
216 754 536 811 substantia
579 754 764 810 carnis
811 753 995 820 fuisse,
1027 753 1253 809 salutem
1294 744 1476 810 carnis
1517 754 1839 825 sperandam

220 848 456 903 omnino
470 861 586 903 non
602 862 747 903 esse.
771 845 985 903 Necnon
1005 846 1167 907 etiam
1189 845 1365 916 erupit
1379 846 1479 901 alia
1493 862 1706 918 quoque
1723 846 1838 902 hae-

221 939 386 1005 resis,
407 938 492 1011 (a)
511 953 632 1008 qua:
648 938 844 994 dicitur
862 938 1211 993 Cainteorum.
1240 937 1314 1010 (ὁ)
1345 937 1414 992 Ει
1434 938 1531 1009 ipsi
1553 938 1700 994 enim
1718 954 1837 994 ma-

221 1029 664 1105 guilicantCain,
690 1030 840 1101 quasi
858 1046 920 1086 ex
939 1028 1168 1101 quadam
1195 1031 1405 1100 potenti
1435 1031 1631 1087 virtute
1646 1045 1839 1088 conce-

226 1133 406 1196 ptum,
444 1138 575 1194 qua:
616 1132 837 1193 operata
875 1123 945 1178 sit
984 1124 1035 1177 in
1078 1123 1218 1193 ipso.
1262 1122 1392 1177 Nam
1429 1122 1563 1179 Abel
1596 1139 1663 1179 ex
1700 1123 1838 1181 infe-
1902 1138 1911 1145 '

226 1216 371 1272 riore
427 1215 641 1271 virtute
677 1224 1018 1286 conceptum,
1064 1225 1429 1285 procreatum,
1490 1217 1567 1288 (ο)
1616 1227 1673 1273 et
1717 1217 1838 1274 ideo

230 1308 551 1365 inferiorem
578 1316 876 1381 repertum.
909 1308 971 1364 ili
998 1309 1087 1380 qui
1116 1309 1218 1365 hoc
1243 1310 1520 1374 adserunt,
1550 1311 1713 1367 etiam
1740 1312 1836 1368 Ju-

153 1416 187 1447 ι
224 1400 349 1456 dam
380 1402 723 1473 proditurem
744 1400 1039 1458 defendunt
1058 1443 1074 1467 ,
1107 1402 1185 1474 (ά)
1218 1404 1588 1461 admirabilem
1616 1405 1760 1461 illum
1784 1415 1839 1463 et

225 1508 482 1565 magnum
527 1507 653 1550 esse
703 1502 1097 1559 memorantes,
1149 1503 1369 1566 propter
1414 1496 1838 1568 utilitatesquas

224 1586 465 1643 humano
487 1588 677 1659 generi
697 1587 987 1644 contulisse
1003 1588 1251 1658 jactatur.
1280 1590 1507 1656 Quidam
1530 1591 1674 1647 enim
1692 1591 1839 1661 ipso-

222 1695 340 1736 rum
365 1680 669 1751 gratiarum
701 1679 966 1736 actionem
993 1679 1146 1736 Iudae
1172 1690 1391 1753 propter
1427 1683 1563 1738 banc
1590 1697 1834 1739 caussam

218 1770 557 1828 reddendam
610 1780 821 1842 putant.
865 1751 1311 1829 Animadvertens
1354 1775 1519 1841 cnim,
1565 1775 1831 1845 inquiunt,
1864 1751 1912 1811 Β

218 1863 421 1929 Iudas,
454 1864 607 1936 quod
656 1863 907 1921 Christus
948 1865 1113 1921 vellet
1154 1866 1436 1922 veritatem
1479 1866 1793 1924 subvertere
1817 1910 1832 1936 ,

219 1956 439 2013 tradidit
468 1957 625 2013 illum
651 1996 666 2022 ,
708 1970 778 2012 ne
806 1956 1043 2014 subverti
1071 1957 1268 2014 veritas
1296 1963 1496 2029 poSset.
1528 1960 1599 2016 Et
1639 1961 1728 2016 alii
1756 1961 1835 2018 sic

215 2058 399 2106 contra
417 2049 704 2121 disputant
715 2055 770 2104 et
787 2046 990 2104 dicunt:
1013 2048 1145 2116 Quia
1170 2058 1460 2120 potestates
1478 2050 1635 2122 hujus
1650 2052 1834 2109 mundi

215 2142 473 2200 nolebant
501 2142 614 2213 pati
647 2140 953 2208 Christum,
992 2156 1059 2197 ne
1089 2142 1321 2198 humano
1347 2143 1533 2213 generi
1569 2159 1664 2215 per
1692 2160 1836 2202 mor-

217 2245 325 2292 tem
362 2233 535 2305 ipsius
562 2233 713 2290 salus
736 2243 1048 2304 pararetur,
1091 2234 1248 2290 saluti
1291 2236 1579 2293 consulens
1611 2239 1828 2309 generis

218 2325 478 2392 humani,
513 2325 735 2381 tradidit
757 2324 1062 2394 Christum,
1107 2334 1165 2382 ut
1203 2327 1378 2395 salus,
1412 2344 1532 2400 qua:
1572 2331 1831 2402 impedie-

216 2417 376 2473 batur
426 2431 526 2488 per
569 2417 844 2480 virtutes,
894 2432 1014 2488 quae
1064 2416 1399 2474 obsistebant
1450 2435 1520 2476 ne
1557 2429 1830 2492 pateretur

216 2508 503 2577 Christus,
536 2510 789 2581 impediri
816 2510 1038 2566 omnino
1074 2527 1180 2568 non
1227 2522 1443 2583 posset:
1478 2522 1533 2570 et
1572 2515 1694 2572 ideo
1734 2533 1832 2588 per

220 2602 530 2672 passionem
576 2601 777 2658 Christi
810 2616 915 2657 non
957 2612 1139 2674 posset
1176 2605 1320 2662 salus
1350 2605 1570 2662 humani
1616 2611 1831 2679 generis

220 2692 507 2749 retardari.
552 2693 658 2750 Sed
708 2702 764 2750 et
816 2694 907 2750 illa
954 2694 1175 2752 haeresis
1220 2700 1531 2769 processit,
1574 2701 1666 2773 (θ)
1708 2720 1827 2775 qu:c

162 2800 186 2813 δ
220 2785 424 2841 dicitur
446 2784 816 2842 Sethoitarum
845 2787 949 2858 (l).
991 2786 1158 2859 Hujus
1189 2792 1555 2860 perversitatis
1591 2794 1832 2854 doctrina

1947 492 2081 538 trem
2123 487 2503 557 pronuntiant,
2535 488 2662 544 dum
2711 490 2842 546 Abel
2893 490 3232 548 interfectum
3260 492 3539 560 dicerent,

1944 574 2183 634 voluisse
2201 578 2411 649 concipi
2436 588 2490 635 et
2530 581 2673 637 nasci
2705 582 2847 638 hunc
2894 581 3024 639 Seth
3072 582 3190 639 loco
3233 584 3450 652 Abelis,
3484 592 3543 640 ut

1943 678 2332 726 evaeuarentnr
2358 673 2532 743 angeli
2566 672 2679 740 illi,
2708 674 2798 744 qui
2824 674 3194 745 duos'lpriores
3217 675 3341 732 illos
3362 676 3539 731 homi-

1944 775 2040 816 nes
2070 761 2439 821 condidissent
2460 805 2476 831 ,
2527 763 2655 820 dum
2687 764 2790 821 hoc
2817 780 3001 821 semen
3029 766 3285 823 mundum
3313 769 3541 824 moritur

1943 861 1996 908 et
2033 852 2288 909 nascitur.
2330 854 2718 911 Permixtiones
2740 857 2883 913 enim
2909 858 3441 932 dicuntangelorum
3486 869 3543 916 et
3571 902 3602 924 ν

1943 943 2218 1002 hominum
2247 946 2454 1018 iniquas
2480 947 2645 1004 fuisse
2666 967 2678 1004 :
2702 949 2772 1007 ob
2789 965 2948 1021 quam
2974 965 3223 1008 caussam
3255 951 3399 1008 illam
3425 952 3538 1007 vir-

1942 1044 2140 1103 tutem,
2190 1055 2348 1109 quam
2377 1037 2538 1112 (sicut
2572 1040 2825 1111 diximus)
2872 1045 3220 1113 pronuntiant
3267 1047 3492 1102 matrem
3521 1086 3539 1113 ,

1939 1127 2006 1184 ad
2027 1129 2313 1187 vindictam
2339 1131 2498 1187 etiam
2530 1134 2911 1205 cataclysmum
2944 1130 3218 1204 inducere,
3245 1146 3305 1192 ut
3330 1149 3383 1193 et
3411 1137 3542 1195 illud
3600 1196 3605 1201 ,

1943 1221 2312 1290 permixtionis
2337 1237 2522 1280 semen
2555 1225 2867 1281 tolleretur:
2900 1234 2956 1282 et
2991 1226 3091 1283 hoc
3118 1229 3289 1284 solum
3317 1244 3501 1285 semen
3521 1271 3539 1298 ,
3646 1216 3651 1229 ’

1940 1313 2082 1383 quod
2105 1322 2251 1369 esset
2289 1329 2480 1383 purum
2502 1357 2516 1381 ,
2550 1321 2814 1387 lntegrum
2848 1317 3233 1375 custodiretur.
3261 1318 3366 1377 Sed
3395 1306 3542 1379 cnim

1942 1404 2064 1459 illos
2091 1406 2181 1476 qui
2220 1407 2442 1463 seminis
2471 1407 2590 1463 illos
2614 1409 2810 1478 prioris
2829 1408 2908 1482 (Ξ)
2935 1410 3295 1467 instituissent
3319 1454 3335 1479 ,
3364 1413 3543 1470 occul-

1942 1506 1994 1553 te
2017 1505 2072 1553 et
2097 1497 2344 1564 latenter,
2371 1507 2426 1555 et
2446 1499 2725 1570 ignorante
2750 1501 2839 1556 illa
2867 1510 3036 1557 matre
3061 1500 3266 1558 Virtute
3284 1545 3300 1569 ,
3331 1520 3450 1559 cum
3472 1504 3542 1561 il-

1940 1588 2004 1644 lis
2059 1600 2183 1646 oeto
2235 1590 2523 1646 animabus
2579 1591 2631 1646 in
2653 1607 2831 1648 aream
2887 1594 3097 1650 misisse
3143 1595 3301 1652 etiam
3357 1612 3543 1654 semen

1940 1681 2106 1737 Cham
2129 1679 2230 1755 (5),
2257 1697 2364 1752 quo
2402 1697 2586 1738 semen
2626 1684 2841 1739 malitiaa
2875 1698 2981 1740 non
3013 1684 3234 1756 periret,
3281 1687 3375 1743 sed
3421 1703 3544 1744 cum

1941 1774 2149 1830 caeteris
2196 1783 2574 1830 Conservatum
2611 1817 2626 1841 ,
2672 1784 2729 1832 et
2775 1786 2899 1847 post
2945 1777 3328 1850 cataclysmum
3385 1781 3544 1837 terris

1908 1853 2227 1935 .redditum,
2262 1868 2510 1939 exemplo
2538 1878 2856 1926 cmterorum
2889 1883 3224 1929 exereseeret
3245 1915 3261 1941 ,
3285 1883 3341 1929 et
3367 1873 3543 1930 ellua-

1939 1961 2159 2018 deretur
2179 2002 2194 2026 ,
2222 1970 2280 2017 et
2304 1969 2472 2017 totum
2496 1961 2683 2017 orbem
2706 1972 2760 2016 et
2786 1962 3036 2032 impleret
3059 1949 3439 2037 etoccuparet.
3468 1967 3545 2024 De

1940 2053 2153 2113 Christo
2169 2063 2349 2110 autem
2372 2054 2450 2110 sic
2465 2054 2706 2110 sentiunt
2725 2096 2740 2121 ,
2767 2062 2827 2109 ut
2846 2054 3027 2111 dicant
3047 2056 3198 2112 illum
3218 2065 3542 2117 tantummo-

1940 2143 2012 2202 do
2037 2145 2165 2204 Setb
2189 2185 2205 2214 ,
2240 2155 2293 2202 et
2322 2160 2418 2217 pro
2447 2145 2565 2217 ipso
2593 2145 2722 2202 Seth
2754 2146 2927 2217 ipsum
2956 2145 3121 2205 fuisse
3164 2148 3264 2220 (4).

2370 2314 2377 2319 -
2469 2280 2702 2340 CAPUT
2728 2281 2969 2339 XLVIII.

2009 2416 2270 2475 Praeterea
2297 2416 2656 2490 Carpon-atem
2678 2459 2694 2484 ,
2729 2415 3026 2473 Cerintlmm
3051 2459 3067 2486 ,
3100 2416 3400 2477 Hebionem.

2010 2511 2090 2584 (g)
2111 2511 2487 2583 Corpocrates-
2509 2518 2768 2581 prmterea
2795 2509 2936 2567 hanc
2962 2510 3082 2566 tulit
3115 2521 3340 2567 sectam.
3375 2510 3546 2570 Unam
3592 2526 3616 2539 '

1939 2620 2061 2663 esse
2104 2605 2234 2661 dicit
2264 2605 2527 2661 Virtutem
2592 2604 2645 2658 in
2703 2604 3073 2674 superioribus
3145 2605 3541 2676 principalem,

1939 2713 2005 2753 ex
2031 2696 2133 2753 hac
2162 2696 2401 2767 prolatos
2427 2693 2669 2765 angelos,
2691 2703 2854 2765 atque
2883 2694 3108 2757 virtutes
3132 2713 3145 2749 :
3169 2709 3306 2765 quos
3334 2694 3546 2750 distan-

1938 2797 2019 2846 tes
2038 2789 2195 2859 longe
2217 2802 2248 2843 a
2276 2785 2644 2857 superioribus
2660 2783 2948 2840 virtutibus
2966 2784 3047 2859 (5)
3068 2828 3082 2852 ,
3105 2785 3365 2841 mundum
3387 2786 3547 2842 istum

1938 2882 1990 2937 in
2022 2852 2364 2936 inferioribus
2390 2875 2634 2948 partibus
2663 2852 3010 2941 condidisse;
3048 2876 3319 2933 Christum
3342 2891 3449 2932 non
3479 2894 3548 2934 ex
3581 2859 3857 2910 Mm“

222 2980 280 3027 et
302 2970 475 3039 Abel;
499 2982 722 3044 propter
743 2973 843 3029 hos
864 2988 1084 3046 magnas
1111 2976 1251 3032 inter
1273 2979 1495 3050 angelos
1525 2983 1830 3040 contendo-
1934 2974 2138 3047 virgine
2159 2971 2321 3027 Maria
2353 2980 2566 3035 natum,
2599 2967 2695 3024 sed
2733 2984 2801 3024 ex
2830 2969 3034 3024 semine
3072 2968 3270 3040 Josepb
3290 3010 3306 3033 ,
3358 2968 3585 3025 homi-r

224 3079 328 3121 nes
354 3073 411 3121 et
438 3063 738 3123 discordias
753 3067 1036 3136 extitisse;
1070 3068 1141 3125 ob
1173 3070 1311 3126 hanc
1335 3085 1550 3128 causam
1585 3074 1730 3131 illam
1760 3077 1831 3149 (θ
1934 3084 2058 3125 nem
2081 3062 2450 3123 tantummodo
2476 3061 2735 3135 genitum,
2777 3060 2860 3134 (Ιι)
2908 3074 3042 3119 sane
3072 3078 3180 3134 pra:
3204 3064 3422 3119 czeteris
3445 3064 3538 3134 ju-

1465 3191 1845 3253 LECTIONES
1888 3186 2302 3252 VARIANTES.
2756 3206 2763 3211 -
3624 3164 3670 3206 Δ.

222 2877 343 2934 haec
368 2890 486 2934 est:
514 2878 652 2936 duos
693 2880 942 2937 homines
965 2882 1035 2938 ab
1073 2884 1278 2955 angelis
1298 2887 1617 2944 constitutos
1640 2930 1653 2952 ,
1697 2889 1832 2947 Cain

292 3274 367 3353 Ω)
390 3276 715 3353 ﬁmum“!
733 3275 1059 3353 ηιρρυιι-τψιο
1168 3344 1199 3353 -
1284 3342 1374 3353 ,η
1589 3347 1652 3353 ,,
1859 3287 1904 3351 C
1944 3284 2078 3353 -.(4)
2102 3280 2210 3353 ῐῐρη
2234 3264 2985 3353 ρνὲηρδῖβιθῐιὲιεωωίξσροίεοά
3010 3282 3545 3353 stmoirwseinsum

288 3339 364 3408 β)
388 3341 500 3408 ουρ
533 3342 738 3392 seminis
781 3341 895 3393 illos
940 3344 1131 3408 priores
1162 3342 1312 3395 Seml.
1338 3343 1447 3406 Quo
1478 3347 1687 3398 seminio
1727 3347 1843 3400 illos
1865 3339 1904 3351 ν
1939 3339 2093 3397 fuisse
2111 3339 2270 3408 mimi.
2296 3339 2476 3408 Sed_et
2491 3352 2581 3408 pro
2598 3339 2723 3403 ipso,
2745 3352 2802 3390 se
2828 3340 2985 3404 ipsum
3007 3339 3157 3396 fuisse
3184 3339 3337 3397 Sami.

225 3402 430 3472 Πίἓὲ
458 3403 583 3472 Ἱππ·
719 3468 754 3472 _
827 3464 839 3472 _
941 3402 957 3408 ⁷
1356 3402 1375 3406 ⁷
2007 3409 2083 3472 (5)
2108 3406 2358 3457 Virtutum
2382 3402 2533 3453 Seml.

291 3465 371 3531 (δ)
395 3464 514 3515 Cain
536 3473 685 3516 λιταη.
710 3464 881 3518 Paris.

305 3623 383 3708 (θ)
449 3624 581 3693 Qua:
624 3624 815 3708 dieitur
873 3624 1212 3708 Commemini.
1269 3627 1441 3708 Certe
1475 3629 1636 3708 etiam
1687 3632 1820 3687 istos

1610 3490 2170 3594 COMMENTARIUS.

1956 3626 2081 3707 Ξ40))
2126 3626 2217 3707 Et“
2220 3624 2318 3697 ipsi
2337 3621 2665 3698 magniﬁcam
2690 3619 2838 3678 Cain.
2872 3621 3142 3681 lndiculus
3165 3622 3343 3696 Hier.,
3371 3626 3544 3684 Sanc-

226 3695 454 3772 gaianos
473 3695 1020 3772 vocantPhilaStrins,
1046 3698 1393 3772 Epiphanius,
1417 3701 1742 3772 Augustinus
1758 3718 1823 3759 ac
1927 3695 2148 3772 ιὶΙῖὲᾱηζἶ
2182 3695 2300 3772 lite.

224 3767 618 3842 Damascenus,
643 3767 887 3842 Denique
903 3767 1279 3842 Hieronymus,
1307 3771 1430 3824 adv.
1463 3767 1660 3842 Lucili,
1691 3773 1820 3829 dum

224 3838 508 3912 conjungit
520 3837 767 3910 Ophitas,
794 3837 1036 3906 Baianos,
1064 3837 1465 3911 Chrpocratem,
1485 3837 1819 3912 Cerinihum,

224 3909 555 3982 ﬂebioncm,
575 3909 928 3982 "Auctore-mh
952 3909 1207 3980 quantum
1253 3922 1491 3982 apparet,
1547 3914 1780 3971 imitatus
1803 3909 1818 3981 ξ

223 3976 484 4051 manens
510 3976 641 4051 vero
662 3980 843 4044 Alex.,
885 3976 1099 4038 ’Strom.
1144 3985 1199 4050 7,
1247 3976 1548 4051 Chianitas;
1590 3976 1822 4043 Irenurus

224 4050 403 4123 magis
424 4050 665 4123 proprie,
684 4051 1233 4126 uti_etheodor_etus,
1253 4055 1458 4120 Cainos,
1485 4050 1603 4126 quia
1629 4071 1820 4113 nomen

224 4122 341 4179 uno
366 4122 643 4179 consensu
682 4122 809 4177 inde
842 4138 1031 4179 omnes
1066 4124 1328 4179 derivant.
1364 4122 1575 4180 PintI—
1595 4126 1829 4183 Cainaao-

226 4208 366 4249 ram.
394 4196 537 4268 sunt
584 4193 653 4247 ita
680 4190 927 4263 appellati
948 4194 1135 4268 ,_quod_
1180 4195 1312 4268 Cain
1335 4196 1666 4268 fratricidam
1716 4200 1828 4268 pri-

228 4264 571 4338 mogenitum
605 4269 771 4334 patris
813 4265 982 4320 nostri
1013 4280 1077 4320 ac
1124 4266 1263 4338 beati
1287 4267 1423 4338 Adin
1467 4264 1779 4338 protoplasti
1809 4310 1826 4337 ,

228 4335 415 4392 colant
459 4340 516 4391 et
560 4342 920 4399 venerentur,
967 4351 1091 4391 eum
1133 4336 1372 4392 dicentes
1401 4336 1564 4393 fuisse
1619 4335 1829 4395 virtutis

562 4421 578 4460 :
595 4414 651 4462 et
665 4421 731 4460 ex
752 4406 917 4479 altera
933 4406 1149 4477 quidem
1167 4409 1304 4463 virtu
1312 4418 1381 4479 te.
1400 4423 1591 4479 nempe
1606 4410 1827 4476 diaboli,

417 4476 753 4539 factumrex
803 4472 971 4532 altera
1024 4490 1224 4543 autem,
1274 4478 1325 4533 id
1355 4490 1481 4545 est,
1530 4472 1622 4536 llei
1652 4522 1667 4547 ,
1696 4472 1828 4537 Abel

228 4544 608 4621 beatissimum
630 4555 853 4621 natum;
883 4557 938 4603 ct
960 4550 1213 4621 virtutem
1240 4544 1531 4620 majorem,
1563 4544 1683 4621 qua:
1706 4562 1825 4608 erat

2002 3772 2076 3844 (c)
2102 3769 2167 3844 Et
2194 3770 2308 3824 ideo
2332 3767 2623 3844 inferiorem
2654 3774 2925 3844 repertum.
2954 3765 3225 3825 lndiculus
3251 3767 3397 3826 Hier.
3431 3790 3443 3824 :
3473 3771 3540 3827 Et

1931 3837 2219 3898 ideo'illnm
2249 3856 2357 3894 esse
2392 3837 2644 3892 occisum.
2675 3837 2796 3893 Rue.
2888 3884 2897 3893 ς

2003 3913 2082 3985 (d)
2100 3909 2465 3985 Admirabilem
2476 3908 2626 3985 illum
2639 3919 2687 3963 et
2700 3924 2940 3985 maguum
2954 3926 3065 3985 esse
3079 3922 3436 3985 memorantes.
3459 3914 3540 3970 lu-

1927 3977 2136 4040 dic'ul'us
2159 3983 2301 4038 Hier.
2313 3999 2324 4034 :
2335 3980 2573 4035 Omnium
2583 3977 2926 4047 apostolorum
2940 3982 3096 4044 fuisse
3109 3982 3404 4039 doctiorem.
3414 3984 3535 4042 llic.

2011 4055 2086 4180 ςθ)
2121 4055 2247 4121 Qua:
2271 4053 2456 4106 dicitur
2484 4049 2852 4132 .SZetlioimrum.
2904 4049 3164 4134 Sethiani,
3199 4054 3303 4119 vel,
3322 4064 3382 4110 ut
3407 4054 3541 4137 Ter-5

2040 4167 2054 4180 .
2093 4126 2284 4180 placet.
2343 4120 2623 4180 Sethottre.
2673 4135 2702 4174 a
2736 4119 2883 4180 Selh.
2913 4119 3043 4177 Adae
3074 4121 3184 4177 lilio
3212 4135 3339 4180 natu
3380 4137 3538 4180 tertio

1938 4119 2284 4195 tuli/placet,
2343 4120 2623 4195 Setltoitre,
2673 4135 2702 4174 a
2736 4119 2883 4195 δραι,
2913 4119 3043 4177 Adae
3074 4121 3184 4195 lilio
3200 4135 3339 4195 natu
3380 4123 3538 4183 tertio

1935 4197 2060 4254 dicti
2088 4190 2233 4257 sunt,
2272 4190 2434 4265 quem
2463 4190 2630 4246 Judaei
2659 4190 2874 4267 quidam
2907 4190 3151 4267 venerari
3179 4194 3532 4267 dicebantur,

1935 4264 2388 4338 quemadmodum
2437 4271 2522 4318 est
2567 4269 2761 4338 auctor
2796 4264 3124 4338 Augustinus
3155 4265 3265 4336 (lib.
3297 4265 3362 4322 dé
3391 4264 3534 4325 Hier.

1935 4332 2052 4408 c'ap.
2087 4336 2199 4408 l9).
2234 4337 2488 4391 Dicebant
2514 4332 2658 4395 enim
2685 4332 2763 4387 illi
2789 4374 2805 4399 ,
2837 4332 2967 4388 Seth
2993 4333 3061 4389 de
3088 4332 3337 4405 suprema
3364 4348 3539 4396 matre

1937 4418 2115 4463 natum
2159 4408 2461 4472 l'uissc,eam
2492 4412 2796 4476 asserentes
2821 4419 2942 4458 cum
2967 4420 3201 4474 superno
3224 4416 3377 4476 patre
3402 4426 3536 4465 con.

1855 4502 1906 4562 Ι)
1938 4481 2183 4562 venisse,
2219 4475 2795 4562 undehdivirmmlillud
2846 4475 3375 4562 semennasceretjtr
3412 4491 3536 4561 tau-

1932 4566 2090 4621 quam
2117 4551 2342 4604 liliorum
2372 4548 2484 4603 Dei.
2513 4546 2665 4614 Apud
2696 4561 2788 4621 eos
2808 4545 2951 4600 enim
2972 4546 3194 4601 masculi
3221 4557 3277 4603 et
3298 4550 3536 4609 {millium

228 4616 286 4690 ip
326 4618 457 4690 ipso
485 4617 617 4690 Gaia
640 4658 654 4683 ,
710 4617 783 4674 ita
825 4617 1121 4690 invaluisse
1145 4660 1159 4682 ,
1212 4630 1268 4675 ut
1303 4606 1456 4677 s'uum
1500 4606 1824 4678 interficeret
1927 4606 1998 4677 dii
2029 4621 2249 4685 deaeque
2274 4633 2395 4674 esse
2424 4606 2693 4687 putantur.
2720 4606 2859 4672 Lac.

524 4687 769 4762 Aderant
794 4687 1042 4762 similiter
1098 4690 1291 4747 Judam
1325 4692 1671 4762 proditorem,
1699 4709 1821 4749 eum

2003 4691 2068 4763 (l')
2108 4690 2488 4763 iVirlttlemqttw
2513 4703 2665 4763 super
2697 4703 2875 4763 onmeg
2896 4687 3101 4744 uirtutes
3117 4698 3265 4745 esset.
3295 4689 3352 4746 In
3384 4690 3531 4749 lndi-

184 4758 562 4834 ‘Irbittjantes
609 4759 812 4834 aliquid
860 4760 1102 4834 divinum
1145 4777 1264 4834 esse
1288 4803 1303 4827 ,
1325 4758 1481 4834 'adeo
1503 4764 1738 4834 quidem,
1769 4775 1825 4820 ut
1929 4758 2473 4834 ettlo'llier._\-oc_:i_tttr
2501 4758 2809 4834 Δἰἶνί-ιζὶτιυε.
2841 4758 2960 4814 Rto.

230 4824 743 4911 eihdwst'andufn
774 4831 953 4912 scelus
983 4824 1821 4912 ingens'beneficium'reputent,

402 4911 709 4975 asserentes
756 4902 1088 4975 przcscivisse
1138 4913 1396 4974 quantum
1450 4902 1824 4975 esset—generi

505 4972 705 5045 Christi
726 4966 910 5045 passio
950 4966 1247 5045 profutura,
1277 4975 1505 5045 ideoque
1554 4966 1700 5031 illum
1728 4977 1824 5031 Ju-

476 5042 839 5118 oecidendum
889 5038 1196 5118 tradidisse.
1229 5038 1589 5118 Perhibentur
1615 5063 1829 5118 quoque

647 5114 854 5189 colere.
889 5113 1019 5189 item
1047 5114 1446 5189 Cpore,Dathan
1490 5127 1546 5172 et
1593 5108 1827 5189 A'biron,

528 5184 677 5261 αφά
691 5201 815 5242 cum
837 5185 1137 5261 schistnain
1156 5188 1328 5261 primo
1349 5188 1436 5261 Dei
1460 5188 1658 5261 populo
1675 5182 1831 5244 fecis;

304 5254 536 5329 [lim
548 5254 870 5329 dehiscente
888 5254 1167 5329 perierint.
1183 5258 1332 5314 Adeo
1348 5254 1584 5329 quidem,
1599 5268 1657 5314 ut
1672 5276 1832 5325 quan-

386 5262 536 5319 κατι
548 5262 870 5315 dehiscente
888 5262 1167 5326 perierint.
1183 5262 1332 5314 Adeo
1348 5262 1584 5329 quidem,
1599 5268 1657 5314 ut
1672 5276 1826 5325 quan-

140 5320 161 5331 ’
666 5329 879 5403 iuerint
902 5327 1427 5403 aliquandoscelesti
1452 5340 1543 5384 aut
1560 5330 1826 5402 llagitiosi,

320 5396 499 5470 ἰῇφ
523 5396 923 5459 ῐιιῖεὰεΐυετίηι
938 5396 1178 5470 aquibus
1196 5401 1558 5465 laudarentur,
1574 5396 1829 5457 etcorum

244 5468 916 5545 ﬂammantur.
935 5468 1314 5545 Blasphemant
1330 5472 1559 5543 denique
1584 5474 1616 5526 ii
1635 5474 1830 5543 legem,

635 5550 947 5619 auctorem,
961 5542 1708 5619 carnisqueresurreetionem
1734 5559 1829 5599 ne-

629 5612 877 5689 deniqtte
903 5610 1183 5670 Marcionis
1209 5629 1423 5689 errores
1458 5614 1560 5670 illis
1589 5615 1836 5689 tribuunt

582 5683 931 5761 Augustinus
964 5700 978 5737 :
1006 5699 1087 5761 ex
1124 5701 1233 5757 quo
1286 5685 1447 5761 facile
1475 5687 1678 5761 creditu
1700 5697 1830 5761 _cst,

805 5768 839 5812 a
863 5752 1330 5817 Marcione'ortum
1364 5757 1633 5820 habuisse.
1700 5752 1832 5819 Lac.

210 5579 452 5831 ﬂ

1999 4833 2155 4888 CAP.
2185 4828 2568 4901 XLVlll.—(g)
2599 4829 2928 4901 Carpocrates
2945 4840 3206 4900 prmierea,
3230 4841 3334 4889 etc.
3357 4834 3533 4892 Gnos-

1932 4904 2158 4959 tieorum
2194 4911 2469 4973 parentem
2519 4900 3102 4973 l'uisse'Carpoeratem
3129 4945 3145 4967 ,
3189 4906 3533 4963 manifestum

1936 4984 2038 5031 est.
2064 4973 2195 5044 Ejus
2215 4982 2389 5028 autem
2406 4985 2619 5044 ert-gres
2638 4972 2687 5023 in
2715 4973 2864 5025 cunis
2883 4973 3129 5044 existincti
3157 4986 3302 5030 sunt.
3326 4977 3372 5030 Is
3394 4979 3537 5033 inter

1934 5041 2127 5101 caetera
2150 5052 2453 5099 commenta
2494 5041 2895 5114 Testamentum
2927 5042 3092 5100 Vetus
3123 5045 3416 5114 rejiciebat.
3449 5052 3534 5105 Au

1936 5117 2077 5172 idem
2107 5116 2269 5171 fuerit
2292 5122 2478 5169 auctor
2496 5108 2889 5185 Gnosticorum‘
2904 5124 2958 5170 et
2987 5108 3530 5185 Carpuératianormn

1936 5203 2042 5243 non
2088 5186 2361 5255 eXpendo.
2413 5185 2639 5255 Constat
2692 5183 2892 5239 sociam
2938 5194 3031 5240 aut
3074 5183 3424 5243 inventricem
3453 5198 3535 5245 tot

1936 5254 2197 5314 scelerum
2230 5257 2394 5311 fuisse
2419 5254 2705 5327 quamdam
2740 5255 3104 5327 mulierculam
3134 5257 3492 5313 Mareellinam
3516 5301 3533 5327 ,

1936 5345 2055 5400 quae
2100 5325 2535 5400 Cltristi,_Pauli,
2566 5326 2806 5400 llomcri,
2837 5334 2893 5382 et
2922 5326 3257 5400 Pythagorge
3279 5325 3537 5400 imagines

1938 5397 2240 5470 promiscue
2266 5397 2516 5470 colebat;
2548 5412 2707 5468 quem
2739 5398 3129 5470 etiameultum
3159 5397 3536 5470 ri‘dieulc'pro-

1939 5466 2075 5526 l‘anis
2127 5468 2429 5524 numinibus
2465 5466 2586 5521 cum
2630 5469 2800 5522 sacris
2836 5466 3143 5522 adhibuisse
3189 5467 3357 5524 fertur
3403 5466 3536 5536 imp.

1940 5543 2094 5597 Alex.
2144 5540 2395 5603 Severus,
2427 5538 2516 5608 qui
2568 5538 2622 5591 in
2658 5539 2892 5592 sacrario
2916 5537 3203 5608 Abrahami
3235 5548 3290 5595 et
3314 5540 3536 5608 Orphei,

1938 5612 2135 5670 Cln‘isti
2160 5620 2213 5666 et
2237 5607 2500 5680 Apollinis
2525 5618 2727 5680 statuas
2753 5607 3084 5680 asservabat.
3116 5607 3193 5680 Ls
3221 5608 3316 5680 Ρη.

2015 5682 2260 5756 (h)_Sane
2287 5676 2397 5750 pra:
2421 5679 2614 5756 cretei-is
2630 5678 2848 5756 justitia'
2870 5676 3032 5756 cultu.
3056 5679 3323 5756 lndiculus
3354 5678 3533 5742 llicr.:

1945 5749 2198 5823 unum
2221 5749 2390 5809 autem
2416 5751 2563 5808 illum
2580 5750 2818 5825 spiritum
2845 5749 3208 5824 praphetalem.
3233 5749 3352 5807 RIG.
