3902 6312
336 192 409 252 67

1746 176 2207 249 TERTULIJANI

3588 186 3717 252 68.

336 313 498 370 stitia;
549 312 733 383 cultu,
783 314 905 372 vitae
934 314 1013 387 (i)
1066 313 1371 387 integritate
1423 286 1733 371 meliorem:
1789 310 1930 365 hunc
1958 310 2005 370 Α
2036 309 2225 376 bulas,
2258 308 2353 366 has
2383 324 2483 382 ego
2504 306 2909 366 circumducens
2957 308 3036 383 (4)
3064 297 3297 367 breviter
3326 310 3666 381 expediam.

340 405 479 476 apud
505 404 721 463 Judmos
749 421 963 477 passum
987 427 1000 463 :
1036 407 1209 463 solam
1236 408 1467 462 animam
1501 406 1665 476 ipsius
1689 404 1828 481 cmlo
1852 418 1934 458 re-

252 556 257 559 ,
340 507 573 568 coptam,
602 515 667 554 co
696 499 835 569 quod
856 510 911 555 et
935 498 1140 556 ﬁrmior
1164 508 1219 555 et
1237 498 1508 555 rObustior
1526 499 1735 553 caeteris
1754 484 1930 552 fuerit:

342 603 410 645 ex
430 606 537 660 quo
573 590 885 661 colligeret,
919 601 1116 647 tentata
1145 591 1225 663 (2)
1254 593 1549 646 animarum
1579 590 1691 643 sola
1720 588 1890 645 Salute
1915 631 1929 655 ,

273 709 304 726 ι
343 680 518 737 nullas
554 684 796 752 cbrpuris
827 685 1268 740 i'esurrectiones.
1297 684 1421 738 Post
1464 684 1607 736 hunc
1643 679 1933 736 Corinthus
1962 710 1966 714 α

343 772 625 830 haereticus
644 776 847 846 erupit,
877 776 1066 832 similia
1090 776 1312 832 docens.
1364 775 1494 830 Nam
1542 784 1599 830 et
1624 774 1739 843 ipse
1779 787 1932 828 inun-

343 867 470 924 dum
502 869 806 927 institutum
837 886 959 927 esse
984 871 1051 925 ab
1089 871 1193 926 illis
1232 870 1395 926 dicit:
1424 869 1698 924 Christum
1743 883 1807 923 ex
1849 882 1934 923 se-

343 962 490 1019 mine
513 962 714 1034 Joseph
735 972 914 1019 natum
937 967 1204 1035 proponit,
1241 963 1508 1019 hominem
1536 962 1684 1018 illum
1710 970 1942 1016 tantum-

344 1054 506 1111 modo
525 1055 640 1110 sine
661 1055 935 1111 divinitatc
950 1056 1304 1122 contendens,
1332 1057 1501 1126 ipsam
1525 1069 1737 1126 quoque
1766 1054 1941 1125 legem

343 1149 414 1205 ab
434 1151 636 1221 angelis
680 1149 859 1205 datam
904 1150 1227 1221 perhibens:
1259 1151 1564 1206 .ludaiorum
1618 1149 1782 1203 Deum
1834 1163 1947 1209 non

343 1237 665 1308 Dominum,
701 1242 797 1298 sed
835 1242 1085 1313 angelum
1114 1257 1388 1312 promens.
1421 1240 1497 1313 (b)
1527 1240 1694 1312 Hujus
1732 1255 1946 1297 succes-

341 1346 435 1391 sor
461 1334 665 1392 liebion
711 1335 838 1402 luit,
863 1336 1120 1392 Cerintho
1147 1351 1251 1391 non
1281 1336 1331 1391 in
1368 1336 1513 1393 omni
1541 1345 1690 1406 parte
1712 1350 1944 1391 consen-
1974 1391 1978 1395 _

254 1468 259 1469 κ
342 1430 523 1495 tiens,
554 1427 696 1500 quod
724 1444 754 1484 ιι
782 1428 894 1484 Deo
933 1428 1077 1485 dicat
1122 1429 1415 1493 mundum,
1467 1446 1572 1484 non
1623 1429 1690 1483 ab
1743 1429 1946 1497 angelis

342 1512 541 1579 factum
577 1541 591 1577 :
640 1522 713 1594 (c)
760 1532 816 1579 et
860 1525 981 1594 quia
1010 1523 1269 1593 scriptum
1310 1525 1410 1590 sit,
1438 1523 1609 1580 Nemo
1654 1523 1948 1593 discipulus

2039 401 2331 469 lniroducit
2359 405 2505 459 enim
2536 403 2779 458 Pleronia
2811 412 2865 459 et
2894 402 3096 458 onnes
3128 404 3377 476 triginta:
3422 403 3717 472 exponit:

2039 502 2214 550 autem
2280 495 2381 549 lius
2448 510 2547 565 per
2585 496 2827 567 syzygias
2869 538 2886 563 ,
2962 494 3014 550 id
3062 505 3186 563 est,
3234 494 3671 566 conjugationes

2039 585 2317 656 quasdam.
2350 585 2481 641 Nam
2507 586 2638 642 dicit
2663 587 2715 642 in
2760 587 2983 656 primis,
3030 601 3151 644 esse
3202 587 3412 659 Bython
3464 595 3521 642 et
3568 585 3670 642 Si-

2039 679 2293 745 lentium;
2324 695 2393 735 ex
2449 679 2531 735 his
2582 679 2909 750 processisse
2947 694 3131 735 semen
3178 677 3258 752 (5)
3280 720 3293 746 ,
3326 679 3573 734 Mentem
3610 690 3673 736 et

2039 768 2328 827 Veritatem
2358 789 2373 826 :
2405 788 2473 827 ex
2500 772 2694 843 quibus
2719 772 2962 844 erupisse
2982 771 3211 827 Verbum
3238 781 3294 827 et
3319 771 3501 828 Vitam
3526 789 3542 827 :
3593 770 3673 828 de

2041 864 2234 935 quibus
2271 880 2481 920 rursum
2509 874 2745 921 creatum
2786 865 3058 921 hominem
3088 876 3145 921 et
3178 866 3496 922 Ecclesiam.
3544 864 3670 924 Sed

2045 955 2187 1011 enini
2212 972 2279 1012 ex
2304 956 2387 1012 his
2407 973 2620 1029 quoque
2650 958 2979 1024 processisse
3007 956 3291 1013 duodecim
3324 972 3510 1013 monas
3543 977 3562 1026 ;
3591 957 3669 1017 de

2047 1048 2308 1104 Sermone
2344 1061 2519 1104 autem
2572 1060 2624 1104 et
2650 1048 2793 1114 Vita,
2835 1063 3014 1103 :eonas
3040 1049 3175 1103 alios
3224 1048 3455 1104 decem:
3508 1048 3670 1108 hanc

2051 1139 2130 1213 (6)
2186 1156 2306 1197 esse
2348 1158 2557 1198 agonum
2609 1143 2960 1209 triacontada,
2990 1146 3109 1214 qua:
3158 1141 3215 1197 lit
3244 1142 3325 1214 (7)
3373 1143 3423 1199 in
3456 1144 3673 1202 Plero-

2050 1242 2193 1289 niate
2211 1249 2274 1288 ex
2298 1235 2538 1303 ongade
2567 1244 2621 1290 et
2649 1234 2868 1297 decade,
2900 1249 2963 1289 ac
2982 1235 3309 1307 dyodecade.
3348 1234 3428 1308 (ά)
3464 1232 3673 1293 Tricce

2049 1325 2242 1379 simum
2271 1335 2448 1381 autem
2482 1339 2687 1381 mortem
2711 1368 2724 1390 ,
2751 1324 2959 1398 Bythou
2994 1326 3139 1380 illum
3167 1314 3349 1381 videFe
3376 1327 3631 1384 voluisse
3652 1371 3670 1397 ,

2050 1426 2107 1474 et
2127 1418 2195 1471 ad
2224 1417 2508 1473 videndum
2534 1419 2678 1475 illum
2706 1433 2896 1474 ausum
2921 1433 3046 1475 esse
3074 1420 3125 1474 in
3153 1420 3427 1491 superiora
3459 1422 3670 1480 Plero-

2051 1513 2209 1566 matis
2256 1513 2642 1569 conscendere.
2691 1514 2756 1568 Et
2804 1515 3057 1584 quoniam
3104 1512 3170 1567 ad
3222 1515 3672 1586 magnitudinem

344 1629 510 1685 Super
540 1616 875 1686 magistrum,
910 1630 1010 1670 nec
1038 1630 1226 1671 servus
1247 1631 1408 1686 super
1426 1616 1724 1672 dominum.
1749 1616 1945 1686 Legem

2066 1605 2220 1674 ipsius
2246 1603 2528 1660 videndam
2555 1620 2722 1674 capax
2752 1620 2856 1660 non
2885 1605 2980 1659 fuit
3000 1647 3016 1671 ,
3049 1605 3101 1659 in
3130 1604 3432 1662 defectione
3462 1607 3669 1676 fuisse,

276 1746 297 1760 α
344 1708 507 1763 etiam
538 1708 618 1776 (3)
667 1708 953 1778 proponit,
983 1707 1188 1767 scilicet
1237 1708 1303 1763 ad
1332 1708 1722 1765 excludendum
1768 1708 1947 1762 Evan-

347 1800 548 1872 gelium
570 1841 586 1869 ,
610 1808 668 1856 et
687 1799 1064 1856 vindicandum
1092 1799 1449 1855 .ludaismiim.
1478 1836 1481 1837 ν

916 1932 1143 1991 CAPUT
1187 1932 1375 1990 XLIX.

434 2049 755 2106 Valentinum
797 2050 1032 2121 deinceps
1056 2092 1072 2118 ,
1103 2067 1164 2105 ac
1192 2051 1300 2121 ejus
1325 2066 1561 2122 sequaces
1586 2049 1948 2119 Ptolomaeum,

777 2143 1069 2199 Secundum
1092 2185 1107 2211 ,
1136 2141 1182 2196 Η
1191 2144 1522 2197 eracleoncm.

320 2282 344 2299 ι
425 2259 734 2317 Valentinus
759 2271 938 2315 autem
982 2258 1265 2314 haereticus
1294 2234 1499 2315 multas
1541 2257 1830 2314 introducit
1868 2257 1945 2311 ia-

2054 1708 2104 1754 et
2131 1713 2267 1769 pene
2310 1698 2629 1754 dissolutum
2685 1712 2806 1754 esse
2834 1740 2849 1763 ,
2902 1698 3007 1753 nisi
3052 1698 3174 1768 quia
3224 1700 3426 1754 missus
3480 1700 3573 1774 (8)
3602 1703 3675 1758 ad

2054 1791 2537 1847 constabiliendum
2566 1792 2713 1846 illum
2735 1834 2749 1858 ,
2781 1791 2870 1846 ille
2904 1806 3062 1862 quem
3114 1791 3382 1862 appellant
3428 1793 3629 1850 Horon
3653 1836 3669 1862 ,

2048 1886 2425 1955 conﬁrmasset
2453 1884 2598 1938 illum
2630 1883 2773 1938 dicto
2799 1882 2887 1938 luo
2915 1883 3017 1955 (9).
3038 1882 3113 1957 (ε)
3138 1883 3247 1939 Hoc
3268 1887 3596 1955 pronuntiat
3613 1886 3673 1943 Io

2058 1976 2269 2046 Apelles
2294 1976 2434 2048 (10).
2469 1977 2630 2030 Istum
2660 1984 2836 2031 autem
2859 1974 3088 2031 )Eonem
3119 1977 3170 2030 in
3198 1966 3568 2033 defectionem
3596 1983 3675 2035 la-

2057 2078 2199 2124 etum
2232 2068 2527 2124 Acliainotii
2556 2068 2686 2124 dicit
2705 2069 2757 2123 in
2788 2070 3124 2138 passionibus
3149 2068 3405 2125 desiderii
3431 2073 3670 2141 quibus-

2054 2161 2177 2217 dam
2226 2160 2430 2229 fuisse,
2481 2170 2537 2217 et
2583 2176 2649 2216 ex
2701 2162 3038 2231 passionibus
3090 2163 3342 2217 materias
3393 2162 3670 2241 edidisse.

2054 2254 2288 2323 Expavit
2316 2254 2458 2309 enim
2481 2295 2496 2323 ,
2525 2254 2729 2325 inquit,
2756 2263 2812 2311 et
2828 2255 3093 2323 extimuit,
3125 2265 3179 2312 et
3199 2257 3520 2314 contristata
3544 2256 3672 2333 (ιι)

1568 2370 1952 2431 LECTIONES
1996 2368 2410 2429 VARIANTES.

414 2489 485 2543 (Γ)
511 2488 635 2539 Vim
656 2485 778 2541 tollit
795 2487 944 2540 Senil.

511 2550 766 2628 golligfre
783 2559 869 2628 .est
882 2559 1077 2603 retenta
1101 2553 1221 2602 Jun.

511 2612 873 2741 ἓῗξυὲιὲῗὲἒηε
916 2674 1067 2728 Scml.
1111 2648 1481 2728 circumducens
1519 2675 1673 2728 Latin.
1698 2675 1954 2727 circumci-

344 2732 644 2790 dens'RIten.
1150 2790 1153 2793 .

414 2801 488 2866 (Sf)
514 2795 847 2866 getiienjolljl
871 2798 1173 2852 Ciacconius.

412 2860 488 2930 (8)
521 2860 641 2914 Haec
680 2860 829 2914 Seml.

2120 2483 2195 2601 (7)
2218 2483 2293 2555 Sit
2316 2483 2468 2557 Seml.
2486 2484 2566 2534 fiat
2583 2485 2705 2537 Jun.

2144 2545 2196 2601 8)
2222 2545 2434 2596 MiSisset
2459 2545 2607 2597 Srml.

2144 2545 2187 2595 8'
2222 2545 2434 2596 Misisset
2459 2545 2607 2597 Srml.

2144 2553 2196 2671 9i
2222 2609 2301 2671 lao
2325 2607 2445 2660 tollit
2468 2609 2607 2660 Seml

2119 2607 2194 2665 (9)
2222 2609 2301 2657 lao
2325 2607 2445 2660 tollit
2468 2609 2617 2660 Seml.
2642 2660 2645 2665 ,

2121 2669 2355 2741 ιιολιὶορ
2376 2672 2710 2735 pronuntiatio
2740 2671 2957 2736 appellat
2986 2670 3095 2739 Rig.
3119 2685 3232 2741 qua:
3252 2676 3416 2729 munia
3438 2678 3670 2735 δεδήει-ο

2057 2731 2273 2783 tollenda
2290 2731 2531 2785 videntur.

2119 2796 2225 2862 (ii)
2250 2794 2589 2859 Coutristatus,
2609 2791 2762 2848 Seml.
2786 2795 2989 2850 stibaud.
3025 2810 3150 2851 tuon.

1715 2944 2283 3005 COMMENTARIUS.

172 3066 187 3081 '
280 3124 287 3129 ,
425 3063 506 3191 qia)
542 3062 712 3136 Hujus
756 3079 1016 3119 successor
1048 3061 1212 3118 Ebion
1239 3064 1355 3135 fuit.
1386 3063 1440 3119 Is
1485 3062 1583 3119 fuit
1622 3064 1819 3132 impius
1855 3064 1944 3134 qui

347 3137 414 3194 B.
486 3135 706 3194 irainein
730 3135 999 3189 hominem
1022 3150 1130 3189 non
1164 3135 1329 3190 Deum
1374 3137 1644 3194 peperisse
1674 3136 1824 3194 dixit.
1855 3136 1942 3194 qui

486 3135 706 3205 irginein
730 3135 999 3189 hominem
1022 3150 1130 3189 non
1164 3135 1329 3190 Deum
1374 3137 1644 3204 peperisse
1674 3136 1824 3199 dixit,
1855 3136 1942 3204 qui

344 3206 698 3278 Evangelinm
731 3215 934 3278 tantum
972 3205 1134 3278 Hebr.
1170 3206 1497 3276 recipiebat;
1546 3215 1731 3260 contra
1779 3221 1942 3278 quem

349 3280 407 3336 S.
425 3277 658 3334 Joannes
675 3318 690 3343 ,
713 3277 989 3345 apostolus
1006 3277 1146 3332 idem
1164 3287 1218 3332 et
1237 3277 1582 3346 evangelista,
1599 3294 1751 3332 suum
1773 3277 1949 3332 Evan-

350 3350 548 3422 gelium
599 3348 931 3422 novissimus
971 3350 1208 3422 scripsit.
1242 3348 1302 3403 B.
1348 3349 1495 3403 Pauli
1548 3349 1947 3422 Epistolasnoii

349 3419 688 3487 adiiiitteiiat,
714 3419 1027 3490 Apostolum
1051 3420 1195 3474 enim
1223 3429 1518 3490 apostatam
1542 3423 1785 3474 viteabat.
1807 3419 1951 3486 Quo-

351 3494 497 3550 niam
552 3505 680 3545 vero
708 3488 778 3545 de
806 3488 1021 3559 Christo
1052 3488 1281 3559 primum
1325 3490 1602 3545 humiliter
1647 3491 1953 3545 sentiebant

350 3574 407 3618 et
430 3563 786 3630 loquebantur
813 3558 1056 3631 Ebionaii
1087 3600 1101 3619 .
1134 3562 1247 3615 sive
1272 3577 1379 3631 quo
1402 3561 1632 3631 ingeniis
1658 3569 1950 3631 egestatem

352 3648 451 3690 sua
483 3628 1237 3712 haeresiproderentueoruui
1263 3628 1665 3712 aiictornesi-io
1692 3628 1796 3712 quo
1829 3646 1956 3686 casu

353 3703 620 3759 mendicus
664 3700 840 3755 dictus
886 3711 989 3757 est.
1021 3700 1154 3756 Nam
1197 3701 1438 3758 Hebraeis
1489 3701 1654 3757 Ebiou
1698 3703 1838 3757 idem
1897 3716 1960 3758 ac

353 3773 637 3830 mendicus.
668 3771 746 3827 Le
784 3770 882 3827 Pii.

430 3845 505 3918 (c)
526 3844 591 3900 Et
771 3843 1017 3915 scriptum
1040 3844 1123 3910 sit,
1157 3841 1322 3898 Nemo
1356 3842 1638 3913 discipulus
1671 3860 1823 3911 super
1847 3860 1957 3898 nia-

430 3927 597 3970 imini.
658 3913 905 3969 ndicnlus
932 3914 1156 3970 Hieron.
1181 3957 1196 3970 .
1231 3914 1517 3970 Carnocras
1551 3957 1565 3970 .
1604 3914 1871 3969 Corinthus
1912 3925 1957 3970 et

396 3913 597 3971 istr'mn.
630 3913 905 3970 lndicnlus
932 3914 1156 3970 Hieron.
1181 3957 1196 3981 ,
1231 3914 1517 3986 Carpocras
1551 3957 1565 3980 ,
1604 3914 1871 3969 Corinthus
1912 3925 1959 3970 et

420 3990 566 4042 ebion
595 4028 612 4050 ,
661 3986 714 4039 lii
742 3994 841 4040 tres
861 3986 955 4041 sibi
984 3997 1354 4045 successerunt.
1404 3987 1639 4041 docentes
1670 3988 1841 4039 omnia
1880 4003 1959 4040 se-

358 4059 587 4114 cundum
611 4056 809 4128 legem,
852 4057 1148 4111 circumcidi
1170 4099 1184 4118 ,
1214 4058 1480 4112 observare
1520 4057 1727 4111 sabbata
1759 4068 1804 4110 et
1848 4059 1957 4112 dies

359 4131 527 4201 festos
560 4128 830 4201 ᾔιιιίαὶςοε,Δ
871 4128 1104 4201 Christus
1146 4130 1303 4201 enim
1338 4129 1445 4182 lucc
1499 4129 1672 4191 omnia
1726 4128 1959 4183 observa-

358 4197 447 4254 bit.
491 4197 734 4270 suﬁ‘icere
775 4197 996 4253 dicentes
1024 4200 1097 4270 ita
1136 4215 1242 4270 esse
1269 4198 1533 4259 doctorem~
1554 4207 1610 4252 ut
1637 4202 1957 4270 magistrum.

358 4270 515 4329 Unde
546 4268 884 4324 manifestum
921 4277 1005 4341 est
1045 4268 1161 4324 haec
1186 4269 1255 4323 ita
1285 4285 1406 4325 eSse
1451 4268 1822 4341 distinguenda
1849 4312 1861 4324 .
1890 4271 1959 4325 Et

357 4343 481 4414 quin
507 4342 753 4409 scriptum
796 4341 886 4414 sit,
926 4339 1090 4414 Nemo
1111 4341 1396 4414 discipulus
1436 4357 1587 4409 super
1619 4339 1918 4411 ntagislrum
1942 4385 1955 4409 ,

2051 3061 2135 3134 (ι,
2183 3070 2290 3118 sat.
2332 3062 2386 3128 5.
2419 3077 2470 3115 ν.
2508 3060 2688 3131 iOO):

2331 3193 2440 3245 Non
2467 3207 2581 3258 ego.

2052 3280 2121 3351 ᾼι
2147 3291 2277 3335 vero
2306 3277 2621 3351 Valentinus
2650 3283 2716 3351 ne
2741 3276 2952 3351 jiidaeus
2979 3277 3216 3348 quidem,
3248 3274 3342 3334 sed
3388 3281 3665 3351 {nuntius

2052 3349 2183 3413 fuit,
2223 3348 2539 3421 secundum
2568 3349 2729 3421 quod
2760 3350 2817 3421 ὃ.
2848 3348 3095 3421 jrenieus
3143 3362 3357 3421 enarrat
3397 3348 3601 3417 l.'l,'c.
3634 3352 3658 3407 ί

2058 3421 2076 3491 (
2095 3420 2177 3491 εί.
2212 3419 2359 3473 Max.
2407 3418 2652 3491 Bililiotli.
2701 3419 2807 3475 SS.
2839 3419 3055 3473 Patrum
3091 3432 3225 3474 auct.
3261 3420 3573 3491 Margarino
3603 3424 3667 3477 de

2056 3490 2107 3544 la
2132 3490 2315 3559 Bigne,
2346 3500 2383 3543 ι.
2416 3490 2584 3549 XXV.
2620 3495 2659 3558 Ῑ.
2690 3492 2838 3561 “0),
2864 3500 2922 3561 et
2954 3491 3186 3547 referunt
3217 3490 3409 3549 omnes
3439 3494 3667 3550 histori-

2060 3564 2107 3616 ci
2132 3562 2511 3635 lexicogi-apbi.
2546 3562 2761 3635 Apelles
2786 3571 2986 3635 autem,
3018 3561 3302 3635 Marcionis
3357 3562 3665 3635 discipulus

2060 3641 2115 3687 et
2145 3635 2257 3703 ipse
2289 3632 2662 3697 haeresiarclia,
2692 3647 2904 3687 coaevus
2932 3631 3262 3688 Tertulliano
3295 3644 3440 3695 erat.
3472 3631 3533 3691 ut.
3564 3639 3667 3692 hoc

2062 3704 2179 3773 ipso
2203 3718 2265 3758 ex
2298 3704 2452 3768 libro,
2481 3717 2530 3758 c.
2559 3703 2651 3767 41,
2678 3713 2841 3774 patet,
2872 3714 2928 3760 el.
2972 3718 3102 3759 sane
3143 3706 3313 3772 potuit
3348 3720 3401 3761 to
3445 3721 3549 3774 pro
3578 3722 3666 3771 ιΑο

2062 3777 2449 3859 ιιῳιιιιιῃὶειιαθ,,
2488 3782 2567 3859 ut,
2618 3776 2841 3859 perinde
2892 3775 3407 3859 atqnehlleraclcon,
3439 3775 3664 3859 demque

2062 3845 2196 3901 infra
2272 3848 2373 3901 hoc
2429 3845 2899 3915 capite’XLiX,‘
2945 3848 3162 3901 novitate
3233 3845 3666 3916 pronuntiationis

2061 3918 2312 3972 videretur
2357 3917 2461 3970 alia
2504 3918 2706 3972 sentire.
2756 3918 2994 3972 Alterum
3039 3918 3091 3972 iii
3141 3932 3379 3973 errorem
3438 3918 3668 3974 immit

2065 3935 2312 3972 maeretm-
2357 3935 2461 3970 una
2504 3935 2706 3972 sentire.
2756 3935 2994 3972 nuerunt
3039 3935 3091 3972 in
3141 3935 3379 3973 errorem
3440 3936 3510 3973 iin
3630 3935 3665 3974 ιι

2065 3988 2220 4062 plane
2264 3987 2490 4062 similein
2544 3988 2784 4062 eruditus
2822 3988 3051 4062 jesnita,
3104 3988 3404 4062 inducenda
3444 3935 3665 4062 (ﬁgis

2059 4056 2146 4131 cit.
2176 4060 2373 4131 operis)
2406 4056 2904 4131 (Tertullianuinr'de
2935 4058 3267 4115 Herae-leone
3309 4056 3567 4131 tanquam
3598 4062 3665 4117 de

2057 4129 2237 4199 jnilaio
2274 4129 2491 4183 huinine
2538 4131 2694 4184 verba
2726 4130 3005 4184 facientem
3040 4140 3055 4183 ξ
3086 4146 3256 4199 neque
3276 4129 3427 4185 enini
3441 4131 3666 4189 alterum

2063 4202 2308 4269 iudicum,
2337 4203 2430 4255 sed
2459 4202 2675 4255 alterum
2725 4202 3011 4255 haereticum
3044 4200 3425 4256 Ileraclconeni
3465 4201 3666 4258 Noster

2063 4272 2216 4327 dixit.
2241 4273 2525 4338 Prii-terea,
2552 4287 2737 4341 parum
2768 4272 3057 4327 verisimile
3096 4271 3302 4327 videtur
3350 4272 3664 4329 Judaeoruui

2064 4359 2095 4398 e
2124 4352 2280 4413 gente
2306 4342 2688 4397 Heracleonem
2717 4343 2902 4410 fuisse,
2926 4358 3052 4413 cum
3091 4344 3143 4396 in
3196 4344 3421 4411 partibus
3463 4344 3667 4399 Sicilia:

2834 3131 3017 3184 Credat
3034 3131 3237 3184 Iudaeus
3258 3132 3434 3198 Apella
3450 3168 3468 3194 ,

356 4410 1420 4488 necterwssuperdotninunt,lcgenietiam
1440 4416 1696 4488 proponit,
1716 4416 1956 4488 θιὼ-1119.
1986 4428 2040 4488 D
2066 4410 2577 4488 docci'eiiiclioapei'it_
2617 4415 2861 4488 (Consule
2914 4410 3060 4468 Mam.
3106 4410 3351 4470 Biblioth.
3408 4415 3517 4470 SS.
3555 4416 3667 4470 Pa-

430 4479 984 4557 CAPLX‘LIXL—(d):
1004 4479 1332 4557 Tricesimum
1358 4479 1793 4557 autent/Eunoni.
1819 4484 1961 4540 Indi—

357 4558 511 4611 cnliis
568 4555 715 4610 Hier.
774 4553 1099 4608 Tricasinium
1143 4556 1311 4621 itaque
1342 4554 1588 4623 rotulum,
1618 4555 1753 4625 quod
1776 4567 1849 4611 est
1880 4572 1964 4611 sa-

359 4628 586 4699 pientia,
602 4626 888 4695 concupivit
910 4625 1124 4699 (Patrem
1147 4625 1438 4699 videresrLB
1464 4626 1555 4679 PR.

436 4698 510 4770 (ρ)
540 4695 652 4750 Hoc
676 4698 1022 4770 pronuntiatio
1036 4696 1278 4770 appellat.
1302 4696 1727 4770 Viiletnraliqnid
1747 4696 1958 4770 deesse,

361 4767 503 4837 quod
534 4767 768 4837 suppleri
805 4769 973 4836 possit
998 4782 1065 4822 ex
1084 4767 1147 4821 iis
1170 4783 1286 4836 qiue
1319 4768 1675 4837 leguntni-lib.
1704 4767 1962 4824 adversus

367 4839 812 4894 Valentinianus:
850 4837 978 4891 Tam
1030 4840 1315 4906 importune
1362 4839 1484 4908 ﬁlia:
1536 4841 1855 4901 occurrisset,
1908 4852 1961 4893 ut

361 4912 511 4966 etiam
541 4908 831 4962 incluinurit
868 4910 919 4962 in
945 4925 1054 4962 eam
1080 4909 1238 4972 :Jao,
1284 4910 1428 4977 quasi
1452 4926 1469 4964 :
1499 4908 1663 4964 Porro
1702 4909 1966 4976 Quirites!

362 4994 471 5045 aut,
499 4979 682 5053 Fidem
713 4978 929 5034 (maris
957 4980 977 5053 ,θ
1006 4980 1140 5053 Inde
1176 4982 1428 5053 invenitur
1454 4981 1549 5035 lao
1596 4982 1647 5033 in
1676 4983 1960 5053 scripturis.

365 5053 573 5109 Rlc.-—-
592 5049 705 5103 Hoc
730 5051 1018 5117 pronuntiat
1045 5049 1108 5105 Ιο
1136 5053 1355 5120 Apelles.
1387 5049 1786 5107 Peruhscnruui
1825 5055 1966 5109 hunc

368 5124 543 5192 locum
590 5122 659 5175 ita
704 5123 1072 5192 tetitnimus,
1107 5124 1396 5176 rationibus
1437 5126 1624 5192 pas-tim
1664 5123 1807 5177 ducti
1833 5139 1965 5192 quas

368 5195 428 5253 P.
463 5186 783 5265 iiariluinus,
813 5207 844 5247 e
880 5208 990 5265 suc.
1030 5191 1185 5265 _Jesu,
1226 5193 1278 5265 iu
1312 5186 1637 5255 (.‘olléctaueis
1671 5186 1965 5265 (Memmi-cs

366 5268 430 5320 de
477 5264 745 5328 Tréooux,
773 5264 922 5338 avril,
954 5263 1120 5338 1724,
1166 5281 1216 5338 p.
1258 5264 1362 5338 8392
1384 5276 1434 5338 (et
1466 5269 1577 5318 suiv
1606 5264 1625 5338 )
1676 5263 1962 5335 explicuit,

367 5349 822 5406 quainqnam_I_ton
850 5336 1072 5405 Apelles,
1121 5334 1215 5389 sed
1264 5335 1466 5405 Apella,
1502 5334 1673 5404 petitis
1706 5340 1969 5406 putaverit

370 5402 676 5477 legentium.
703 5402 907 5462 Verum
927 5408 1208 5471 memoria,
1241 5409 1283 5459 si
1312 5402 1743 5477 iiiiiius‘judicii},
1790 5410 1966 5477 lapsus

372 5481 584 5534 videtur
627 5477 862 5533 famosus
906 5487 1092 5533 auctor
1129 5495 1142 5531 :
1179 5479 1453 5531 contendit
1493 5479 1632 5531 enim
1668 5480 1733 5533 ad
1770 5478 1963 5534 Valen-

378 5550 547 5620 tinum
598 5554 804 5620 utpote
832 5550 1044 5603 natione
1087 5548 1322 5620 judarum
1375 5548 1641 5620 alludcndi
1684 5551 1962 5604 consilium

368 5618 536 5676 fuisse
583 5619 916 5689 Tertulliano
964 5618 1203 5688 Apellain
1244 5619 1566 5691 appellativo
1603 5634 1762 5676 sensu
1793 5622 1964 5676 nomi-

369 5694 552 5761 nanti,
607 5692 657 5750 id
722 5700 842 5763 est,
899 5691 1305 5761 circumcisum,
1355 5691 1509 5769 juxta
1571 5691 1700 5750 illud
1758 5691 1963 5749 Horatii

2067 4497 2218 4557 trum,
2253 4494 2289 4557 l_.
2318 4483 2643 4554 XXVIIJOI.
2673 4485 2777 4540 547

2140 4556 2234 4610 llis
2264 4555 2424 4625 igitur
2438 4558 2624 4625 positis
2646 4554 3066 4626 exceptionibus,
3092 4556 3341 4626 equidem
3368 4558 3491 4611 cu'ni
3520 4554 3662 4615 Har-

2066 4626 2229 4681 dnino
2266 4642 2461 4681 censeo
2486 4642 2669 4682 vocem
2696 4641 2771 4693 io,
2800 4627 3019 4696 perinde
3048 4638 3208 4696 atque
3241 4644 3314 4694 lA,
3339 4644 3532 4684 nomen
3568 4627 3662 4683 Dei

2069 4697 2306 4752 llelira-is
2336 4698 2517 4763 fuisse,
2550 4699 2765 4752 divi-rso
2800 4709 2976 4755 tamen
3025 4700 3186 4757 modo
3237 4704 3658 4763 prciiuntiatiim.

2069 4715 2306 4752 iienrzi-is
2336 4715 2517 4763 inisse,
2550 4715 2765 4752 invi-rso
2800 4715 2976 4755 tamen
3025 4715 3186 4757 m0th
3257 4715 3658 4755 ir0iiuntiatiim.

2066 4768 2266 4823 Numen
2299 4771 2439 4823 enim
2473 4771 2562 4824 llei
2611 4782 2713 4823 nun
2761 4780 2961 4823 tantum
3008 4772 3109 4824 sub
3136 4785 3198 4824 ea
3228 4715 3394 4823 inrina
3427 4772 3497 4834 ia,
3525 4780 3586 4826 ut
3612 4771 3660 4825 iii

2066 4841 2288 4904 alleluia,
2322 4840 2415 4894 sed
2444 4841 2603 4894 etiam
2648 4857 2739 4911 per
2784 4844 2853 4905 io,
2902 4850 2957 4893 nt
3004 4842 3053 4893 in
3103 4840 3384 4908 Jo/iannes,
3418 4839 3659 4909 Joscdec,
3706 4876 3719 4883 -

2072 4912 2304 4965 iiiviuzari
2370 4913 2508 4981 apud
2562 4910 2708 4982 ipsus
2771 4928 2983 4979 semper
3032 4912 3232 4965 licitum
3302 4914 3419 4969 fuit.
3492 4910 3662 4969 Nemo

2069 4991 2245 5037 autem
2292 4984 2530 5052 ignorat,
2586 4985 2827 5052 quamvis
2872 4983 2922 5035 id
2976 4990 3186 5053 qiioqne
3231 4983 3291 5038 P.
3327 4983 3661 5038 llarduiiium

2072 5052 2336 5119 fefellerit,
2374 5055 2591 5108 \etituin
2648 5054 2810 5107 fuisse
2848 5053 3047 5109 ludatis
3078 5052 3168 5108 ι)ιεὶ
3230 5070 3422 5108 ιιμιιιριι
3452 5056 3501 5107 iii
3540 5070 3662 5122 pri)-

2072 5127 2181 5194 [tria
2230 5127 2398 5178 forma
2429 5141 2703 5195 usui-pare,
2737 5125 2894 5195 idque
2936 5126 3167 5179 immittis
3207 5142 3312 5179 non
3338 5125 3501 5181 l'iii~se
3529 5129 3658 5181 sitn-

2073 5197 2277 5268 pliciter
2316 5200 2402 5257 i'i’,
2458 5208 2509 5249 iit
2540 5198 2749 5249 volebat
2791 5195 3088 5268 Iluriliiiuns
3130 5195 3274 5268 (iisiin
3317 5197 3359 5250 si
3391 5214 3476 5251 res
3505 5199 3575 5251 itu
3603 5209 3661 5268 se

2071 5266 2369 5341 habuisset,
2398 5267 2848 5341 pronuntiandum
2878 5267 3059 5341 fuisse:
3106 5266 3152 5319 ie
3181 5269 3375 5341 potius,
3420 5280 3582 5336 quam
3612 5266 3660 5320 io

2068 5348 2157 5391 aut
2183 5339 2265 5390 ἱ(ιο
2293 5339 2372 5391 vel
2404 5338 2497 5410 ia),
2526 5338 2618 5410 sed
2649 5339 2771 5392 totis
2791 5338 2981 5393 litteris
3000 5341 3136 5410 mm,
3162 5340 3210 5393 id
3240 5351 3341 5400 est,
3373 5340 3613 5410 Jenovtu
3642 5353 3657 5392 :

2068 5418 2395 5478 quaproiiter
2419 5408 2516 5463 usu
2548 5408 2712 5462 fuisse
2748 5410 2886 5463 inter
2917 5411 3033 5465 illas
3061 5408 3127 5464 ad
3158 5411 3522 5465 ablireviatam
3546 5408 3659 5465 lor-

2068 5494 2209 5532 mam
2237 5480 2286 5532 ia
2319 5480 2402 5534 vel
2426 5481 2477 5552 io
2515 5494 2807 5552 recurrere,
2842 5492 2947 5549 quo
2995 5481 3161 5552 magis
3191 5481 3379 5552 religio
3426 5480 3658 5552 nominis

2067 5561 2373 5623 servaretur
2413 5549 2517 5622 (Cf.
2550 5548 3026 5623 Buxtorfwﬁi't'tn).
3069 5548 3174 5609 Sed
3200 5548 3515 5623 Valentinus
3540 5550 3659 5623 quis

2066 5619 2189 5675 dein
2221 5635 2308 5677 ιιιο
2333 5619 2943 5701 dicere.inaluit,’t‘orsan
2974 5619 3096 5694 quia
3114 5637 3193 5701 _ea_
3210 5622 3380 5701 forma

2066 5705 2128 5749 ca
2157 5702 2334 5762 esset;
2385 5692 2601 5766 Apelles
2646 5703 2824 5753 autem
2872 5709 2941 5763 io,
2992 5692 3065 5751 ex
3111 5693 3363 5753 hebraico‘
3407 5692 3659 5757 niiiii'r'itnt
