3902 6312
443 244 506 306 71
1218 292 1249 308 κ

1869 248 2336 311 TERTULLlANl
2788 206 2795 213 ’
3676 263 3740 317 72

441 365 737 438 discipulus
764 367 932 440 ipsius
974 366 1198 425 emersit
1223 363 1300 441 (a)
1329 364 1565 423 Marcion
1593 364 1808 439 quidam
1857 367 2030 422 nomi-
2058 369 2112 429 Α
2173 371 2300 423 κατὰ
2317 365 2578 434 Proetum,
2598 366 2669 421 ad
2681 366 2959 423 secundum
2976 366 3308 438 ﬁschinem,
3334 370 3701 430 Moutmtistas.
3732 382 3735 389 ‘

442 472 549 525 ne,
603 459 850 530 ponticus
898 473 1117 532 genere,
1151 458 1389 531 episcopi
1443 458 1620 525 filius,
1663 466 1881 528 prepter
1918 466 2035 513 stu-

442 566 597 623 prum
618 551 895 623 cujusdam
923 551 1146 623 virginis
1170 550 1241 607 ab
1266 549 1522 607 Ecclesia:
1551 549 2035 606 communicatione

442 643 704 714 abjectus.
723 642 820 699 Hic
839 658 905 699 ex
919 641 1204 699 occasione
1220 658 1323 714 qua
1337 641 1539 698 dictum
1560 641 1648 707 sil,
1667 638 1854 697 Omnis
1874 639 2036 695 arbor

442 735 581 792 bona
606 736 778 793 bonos
805 734 1008 792 fructus
1028 734 1188 803 facit,
1209 733 1351 805 mala
1372 742 1548 790 autem
1582 732 1781 799 malos,
1804 731 2035 788 heresin

441 826 702 887 Cerdonis
727 828 1028 901 approbare
1055 836 1277 883 conatus
1297 835 1379 882 est
1402 867 1418 893 ,
1463 823 1651 882 eadem
1673 822 1854 886 dicere
1875 865 1892 891 ,
1914 838 2036 896 qua:

439 919 534 978 ille
556 921 803 994 superior
826 920 1105 977 luereticus
1133 927 1259 977 ante
1285 918 1514 975 dixerat.
1542 917 1728 974 Extitit
1748 925 1868 987 post
1892 916 2061 973 hunc“

374 1032 393 1042 ·
446 1014 524 1088 (b)
554 1016 798 1073 Lucanus
824 1016 1038 1087 quidam
1067 1015 1282 1071 nomine
1306 1057 1321 1082 ,
1368 1013 1654 1070 Marcionis
1677 1022 1910 1070 sectator
1954 1023 2062 1068 ιιι-ε

439 1126 546 1181 que
568 1110 859 1181 discipulus
884 1128 896 1163 :
930 1118 985 1164 et
1015 1108 1103 1164 hic
1125 1125 1218 1180 per
1246 1108 1434 1165 eadem
1459 1107 1664 1164 vadens
1690 1108 2034 1177 blasphemia:

440 1218 638 1275 genera
663 1245 678 1266 .
706 1204 893 1260 eadem
919 1202 1077 1260 docet
1114 1218 1236 1274 quae
1286 1202 1524 1259 Marcion
1570 1211 1627 1257 et
1673 1202 1881 1258 Cerdou
1932 1201 2033 1257 do-

438 1303 678 1350 cuerant.
734 1294 862 1351 Post
905 1295 1004 1350 hos
1050 1294 1396 1365 subsequitur
1445 1294 1697 1364 Apelles,
1741 1294 2036 1364 discipulus

439 1384 727 1441 Marcionis
750 1427 767 1454 ,
798 1385 889 1457 qui
919 1395 1267 1457 posteaquam
1326 1386 1377 1440 in
1407 1400 1623 1440 carnem
1652 1400 1802 1440 suam
1857 1386 2035 1457 lapsus

435 1485 552 1543 est,
584 1491 613 1531 a
645 1476 913 1532 Marcione
939 1487 1252 1547 segregatus
1280 1486 1381 1531 est.
1430 1476 1527 1531 ilic
1553 1474 1841 1532 introducit
1870 1493 2036 1532 unum

439 1568 608 1625 Deum
636 1566 864 1624 infinitis
887 1566 1258 1638 superioribus
1299 1568 1558 1638 partibus.
1604 1567 1756 1623 Hunc
1800 1579 2036 1640 potesta-

436 1669 522 1717 tes
546 1661 743 1716 multas
764 1700 780 1726 ,
807 1658 1137 1731 angelosque
1183 1659 1373 1715 fecisse
1399 1674 1415 1714 :
1464 1668 1743 1731 propterea
1774 1668 1828 1715 et
1872 1660 2033 1715 aliam

2213 459 2308 515 His
2336 460 2602 516 ht‘ereticis
2620 460 2870 517 omnibus
2892 460 2968 535 (c)
2993 463 3202 519 accedit
3230 464 3487 522 Tatianus
3523 468 3736 541 quidam
3755 504 3771 518 .

2140 553 2276 610 alter
2317 553 2622 609 hmreticus.
2656 553 2754 610 Hic
2777 540 2977 611 ’Justmi
3010 556 3261 627 martyris
3286 540 3585 629 discipulus
3614 560 3734 629 fuit,

2140 653 2261 716 post
2290 644 2434 702 hunc
2460 644 2672 702 diversa
2698 647 2901 703 sentire
2946 647 3128 717 coepit.
3165 648 3332 704 'fotus
3362 649 3507 705 enim
3548 665 3733 706 secun-

2138 736 2265 793 dum
2301 737 2647 794 Valentinum
2676 739 2846 809 sapit,
2903 739 3165 810 adjiciens
3205 740 3365 806 illud,
3423 741 3596 797 Adam
3647 760 3735 800 nec

2138 828 2367 886 salutem
2417 829 2677 902 consequi
2721 844 2908 900 posse:
2956 831 3107 901 quasi
3150 815 3292 898 ιιὸη,
3324 835 3369 886 si
3420 835 3562 888 rami
3611 835 3734 890 salvi

2139 919 2300 987 fiant,
2351 930 2406 976 et
2435 920 2586 977 radix
2610 921 2764 977 salva
2791 922 2883 975 sit.
2913 922 3276 978 Accesserunt
3321 922 3410 978 alii
3466 924 3731 992 haeretici,

2139 1012 2229 1084 qui
2256 1013 2508 1070 dicuntur
2536 1012 2616 1085 (ά)
2669 1013 2961 1069 secundum
2992 1011 3260 1086 Phrygas;
3290 1014 3385 1070 sed
3411 1014 3608 1071 horum
3636 1033 3730 1071 non

2144 1120 2249 1159 una
2280 1104 2524 1160 doctrina
2570 1114 2675 1160 est.
2708 1104 2843 1161 Sunt
2894 1106 3035 1160 enim
3083 1105 3172 1177 qui
3212 1110 3339 1164 κα.τᾶ
3381 1106 3629 1164 Proclum
3662 1107 3733 1163 di-

2139 1204 2353 1263 cuntur,
2382 1206 2507 1251 sunt
2532 1197 2623 1267 qui
2652 1196 2947 1252 secundum
2965 1195 3281 1253 Eschinem
3307 1200 3729 1269 pronuntiantur.

2140 1286 2205 1342 Hi
2258 1286 2460 1344 habent
2508 1288 2669 1343 aliam
2717 1278 3060 1344 communem
3108 1288 3538 1360 blaSphemiam,
3586 1292 3729 1346 aliam

2140 1378 2524 1449 blaSphemiam
2556 1396 2662 1435 non
2701 1396 3070 1448 communem,
3097 1380 3192 1438 sed
3217 1384 3544 1454 peculiarem
3569 1400 3728 1442 suam:

2139 1482 2195 1528 et
2218 1477 2557 1530 eummunem
2579 1474 2794 1546 quidem
2817 1475 2982 1542 illam,
3007 1491 3110 1547 qua
3138 1477 3191 1531 in
3223 1478 3499 1546 Apostolis
3529 1480 3728 1549 quidem

2139 1565 2319 1623 dicant
2362 1568 2620 1639 Spiritum
2660 1568 2914 1643 Sanctum
2978 1568 3178 1636 fuisse,
3241 1571 3579 1628 Paracletum
3632 1592 3728 1630 non

2141 1658 2343 1716 fuisse:
2376 1668 2432 1716 et
2476 1675 2580 1732 qua
2608 1660 2792 1717 dicant
2821 1661 3157 1717 l'aracletum
3201 1663 3352 1734 plura
3403 1664 3458 1719 in
3488 1665 3768 1746 Montano“

437 1752 690 1808 virtutem
720 1767 881 1823 quam
907 1752 1073 1821 dicit,
1103 1752 1384 1808 Dominum
1414 1752 1543 1808 dicit
1588 1792 1605 1818 ,
1645 1752 1740 1809 sed
1786 1753 2032 1825 angelum
2068 1775 2117 1835 Β
2143 1750 2347 1808 dixisse
2367 1793 2383 1819 ,
2433 1768 2595 1824 quam
2625 1751 2901 1808 Christum
2945 1755 3000 1808 in
3032 1755 3377 1825 livangelium
3412 1758 3692 1827 protulisse
3713 1742 3760 1825 ,ς

398 1912 405 1919 ,
438 1846 609 1917 ponit.
636 1844 749 1902 lloc
767 1844 1065 1901 vultvideri
1088 1844 1344 1901 mundum
1364 1846 1660 1901 institutum
1686 1845 1753 1900 ad
1778 1846 2034 1902 imitatio-

436 1952 563 1994 nem
592 1937 774 1993 mundi
800 1937 1096 2009 superioris
1119 1978 1133 2003 ,
1167 1937 1255 1995 cui
1285 1936 1486 1993 mundo
1511 1937 1893 2008 permiscuisse
1923 1954 2037 2010 pte-

435 2027 759 2095 nitentiam;
804 2029 928 2099 quia
984 2044 1090 2083 non
1136 2027 1285 2084 illum
1335 2037 1442 2083 tam
1492 2029 1730 2100 perfecte
1783 2028 2033 2099 fecisset,

433 2137 593 2192 quam
625 2121 717 2178 ille
743 2122 989 2193 superior
1028 2121 1260 2177 mundus
1286 2121 1561 2177 institutus
1592 2121 1804 2178 fuisset.
1833 2122 2032 2192 Legem

434 2224 490 2273 et
507 2215 798 2295 prophetas
814 2214 1081 2286 repudiat.
1103 2213 1377 2270 Christum
1401 2228 1576 2286 neque
1592 2216 1643 2269 in
1663 2213 2035 2284 phantasmate

434 2308 569 2365 dicit
596 2308 786 2375 fuisse,
815 2309 956 2366 sicut
981 2306 1241 2371 Marcion,
1278 2322 1468 2378 neque
1508 2308 1562 2363 in
1589 2306 1885 2365 substantia
1918 2307 2033 2365 veri

438 2400 703 2470 corporis,
734 2409 793 2456 ut
811 2399 1162 2473 Evangelium
1190 2400 1389 2467 docet;
1420 2399 1516 2457 sed
1538 2416 1604 2457 eo
1630 2401 1771 2472 quod
1794 2416 1827 2458 e
1867 2416 2031 2474 supeo

434 2492 665 2549 rioribus
684 2491 926 2563 partibus
947 2491 1320 2558 descenderet,
1345 2491 1460 2563 ipso
1480 2491 1744 2549 descensu
1766 2492 2029 2551 sideream

432 2586 536 2643 sibi
562 2601 777 2642 carnem
806 2598 865 2655 et
886 2601 1081 2642 :eream
1103 2586 1480 2642 contexuisse:
1526 2586 1668 2642 hunc
1696 2588 1748 2642 in
1797 2604 2032 2645 resurre-

431 2679 613 2738 ctioue
629 2679 852 2750 singulis
869 2678 1169 2750 quibusque
1191 2678 1473 2736 elementis
1493 2720 1509 2747 ,
1535 2695 1656 2751 quae
1683 2680 1736 2736 in
1765 2679 2029 2738 descensu

431 2786 534 2827 suo
581 2779 827 2841 mutuata
878 2768 1124 2836 fuissent,
1156 2770 1209 2825 in
1253 2785 1479 2829 ascensu
1511 2772 1847 2842 reddidisse,
1871 2784 1925 2830 et
1949 2775 2028 2832 sic

431 2865 690 2938 dispersis
732 2864 1035 2937 quibusque
1063 2864 1305 2936 corporis
1355 2864 1440 2921 sui
1483 2864 1760 2937 partibus,
1806 2864 1860 2921 in
1888 2867 2028 2925 caelo

430 2958 677 3031 spiritum
723 2964 932 3017 tantum
961 2956 1279 3014 reddidisse.
1311 2955 1408 3013 Hic
1445 2957 1629 3015 carnis
1670 2960 2026 3015 resurrectio-

430 3062 553 3105 nem
576 3058 764 3120 negat;
805 3048 924 3105 solo
952 3046 1116 3103 utitur
1141 3055 1197 3104 et
1237 3047 1530 3118 Apostolo,
1561 3047 1657 3104 sed
1703 3048 2022 3117 Marcionis,

431 3138 485 3195 id
512 3147 598 3196 est
642 3154 749 3195 non
790 3126 939 3195 toto.‘
978 3138 1288 3194 Animarum
1328 3137 1561 3231 solarum
1592 3137 1725 3205 dicit.
1769 3140 2020 3198 salutem.
2051 3167 2096 3231 ρ

430 3231 607 3289 Habet
631 3240 895 3304 prteterea
927 3230 1161 3303 privatas
1180 3273 1197 3300 ,
1227 3230 1324 3288 sed
1348 3224 1808 3289 extraordinarius
1839 3234 2022 3290 lectio-

430 3338 530 3381 nes
554 3338 681 3380 suas
699 3366 715 3393 ,
744 3339 886 3396 quas
913 3324 1147 3397 appellat
1178 3324 1526 3394 phaneroseis
1556 3322 1898 3382 Philumcnes
1927 3342 2023 3383 cu-

423 3416 637 3489 jusdam
666 3417 889 3489 puellae,
934 3432 1094 3490 quam
1133 3417 1287 3489 quasi
1330 3415 1726 3489 prophetissam
1755 3419 2019 3489 sequitur.

427 3508 602 3565 Habet
631 3518 886 3580 praeterea
915 3523 1045 3565 suos
1071 3508 1237 3564 libros
1257 3548 1277 3577 ,
1303 3524 1439 3580 quos
1478 3506 2023 3582 inscripsitSyllogis-

426 3616 639 3658 morum
659 3640 675 3668 ,
708 3602 761 3657 in
800 3601 993 3672 quibus
1040 3601 1270 3673 probare
1295 3602 1441 3668 vult,
1471 3600 1614 3671 quod
1658 3602 1841 3658 omnia
1872 3618 2021 3674 qua:-

426 3710 654 3767 cumque
704 3694 916 3767 Moyses
943 3693 1012 3751 de
1062 3693 1173 3751 Deo
1215 3693 1526 3764 scripserit,
1560 3708 1685 3750 vera
1731 3710 1838 3752 non
1869 3697 2008 3763 sint,

425 3787 520 3845 sed
551 3786 683 3845 falsa
711 3787 841 3843 sint.

1059 3918 1286 3980 CAPUT
1314 3916 1423 3977 LII.

423 4077 697 4136 Tatianum
714 4076 854 4148 inde,
871 4085 917 4134 et
933 4092 1019 4133 eos
1042 4077 1130 4149 qui
1147 4077 1425 4133 secundum
1444 4074 1686 4148 Phrygas
1706 4076 2021 4150 dicebantur,

2144 1858 2245 1900 nec
2280 1854 2484 1901 tantum
2512 1846 2687 1917 plura,
2720 1846 2814 1902 sed
2841 1848 3003 1901 etiam
3032 1847 3255 1904 meliora
3291 1858 3455 1921 atque
3483 1851 3697 1924 majora.

2745 1982 2977 2040 CAPUT
3005 1983 3137 2039 LIII.

2139 2092 2372 2167 Denique
2433 2094 2695 2165 Blastum,
2729 2095 3050 2153 Theodotum
3092 2104 3374 2174 utrumque,
3422 2101 3656 2160 Praxeau
3688 2115 3726 2159 et

2774 2188 3107 2245 Victorinum.

2208 2345 2475 2402 Privatam
2523 2352 2700 2401 autem
2752 2344 3137 2416 blasphemiam
3185 2347 3260 2402 illi
3306 2349 3395 2420 qui
3450 2357 3575 2406 sunt
3616 2356 3759 2406 κατὰ.

2089 2436 2481 2506 ~IEscliinem,
2526 2439 2665 2495 hanc
2695 2437 2931 2505 habent,
2961 2455 3065 2510 qua
3091 2437 3349 2510 adjiciunt
3392 2430 3558 2498 etiam
3607 2443 3719 2507 hoc,

2135 2541 2194 2587 ut
2219 2532 2397 2589 dicant
2423 2532 2695 2589 Christum
2724 2533 2895 2603 ipsum
2922 2547 3044 2588 esse
3061 2531 3254 2589 Filium
3284 2545 3340 2590 et
3372 2534 3608 2592 Patrem.
3640 2536 3721 2591 Est

2132 2612 2391 2695 prtete'rea
2434 2622 2518 2679 his
2545 2623 2796 2679 omnibus
2843 2624 3004 2680 etiam
3059 2624 3270 2680 Blastus
3318 2627 3753 2697 accedens,qui-

2133 2714 2360 2789 latenter
2404 2713 2731 2785 judaismum
2762 2715 2875 2770 vnlt
2924 2716 3290 2772 introducere.
3341 2717 3551 2775 Pascha
3583 2721 3711 2773 enim

2130 2805 2260 2863 dicit
2286 2822 2396 2863 non
2454 2806 2610 2863 aliter
2662 2806 3075 2884 custodiendum
3100 2818 3260 2876 esse,
3307 2808 3407 2864 nisi
3442 2809 3718 2869 secundum

2130 2900 2299 2972 legem
2323 2900 2511 2973 Moysi,
2543 2900 2682 2956 XIV.
2718 2902 2939 2957 mensis.
2965 2901 3097 2971 Quis
3139 2912 3316 2957 autem
3351 2905 3577 2971 nesciat,
3603 2917 3717 2974 quo-

2128 2992 2272 3049 niam
2294 2991 2606 3064 evangelica
2638 2993 2807 3063 gratia
2830 3002 3121 3048 evacuatur
3144 3034 3159 3060 ,
3192 2996 3237 3049 si
3266 2994 3333 3049 ad
3367 2994 3543 3066 legem
3578 2994 3716 3051 Chri-

2127 3093 2268 3141 stum
2307 3084 2553 3158 rediget?
2589 3084 2664 3159 (e)
2706 3086 2928 3142 Accedit
2968 3086 3052 3142 his
3093 3087 3401 3145 Theodotus
3455 3091 3747 3147 haereticus:

2131 3178 2409 3250 hyzantius
2440 3194 2456 3233 :
2484 3178 2574 3250 qui
2613 3188 2957 3250 posteaquam
2991 3178 3188 3236 Christi
3219 3196 3314 3251 pro
3344 3184 3565 3240 nomine
3587 3196 3715 3238 com-

2127 3271 2429 3342 prehensus
2478 3271 2727 3342 negavit,
2782 3272 2833 3327 in
2865 3270 3156 3337 Christum
3203 3274 3580 3345 blasphemare
3622 3290 3712 3329 non

2126 3362 2346 3420 destitit.
2373 3364 2679 3419 Doctrinam
2705 3363 2848 3419 enim
2875 3363 3189 3431 introduxit,
3218 3381 3321 3437 qua
3342 3367 3614 3426 Christum
3635 3368 3715 3421 ho-

2127 3454 2326 3511 minem
2354 3454 2722 3510 tantummodo
2740 3454 2977 3525 diceret,
3005 3456 3170 3512 Deum
3199 3468 3377 3514 autem
3400 3459 3548 3516 illum
3571 3474 3711 3529 nega-

2127 3557 2243 3613 ret;
2276 3562 2343 3605 ex
2365 3546 2567 3619 Spiritu
2605 3547 2818 3619 quidem
2843 3548 3042 3604 Sancto
3068 3558 3249 3605 natum
3275 3565 3341 3606 ex
3378 3552 3606 3625 virgine,
3631 3547 3709 3606 sed

2131 3640 2401 3696 hominem
2442 3640 2741 3696 solitarium
2766 3681 2779 3707 ,
2828 3650 2989 3712 atque
3028 3643 3228 3698 nudutn
3252 3685 3268 3709 ,
3299 3644 3445 3700 nulla
3473 3646 3573 3700 alia
3612 3656 3710 3715 prze

2130 3730 2364 3800 cteteris,
2395 3730 2499 3788 nisi
2526 3733 2639 3789 sola
2657 3731 2877 3803 justitia:
2895 3735 3231 3792 auctoritate.
3258 3736 3408 3792 Alter
3431 3748 3550 3807 post
3587 3737 3710 3791 hunc
3786 3738 3793 3745 '

2134 3824 2447 3881 Theodotus
2476 3823 2760 3880 haereticus
2789 3826 3003 3896 erupit,
3055 3826 3146 3896 qui
3177 3834 3232 3882 et
3274 3826 3388 3897 ipse
3435 3826 3743 3884 introduxit‘

2129 3914 2352 3972 alteram
2379 3924 2577 3971 sectam
2599 3955 2613 3980 ,
2641 3923 2696 3971 et
2715 3914 2888 3986 ipsum
2907 3914 3177 3971 hominem
3202 3916 3472 3974 Christum
3497 3926 3709 3973 tantum-

2133 4006 2294 4062 modo
2322 4005 2448 4062 dicit
2476 4002 2542 4062 ἐι
2570 4004 2772 4076 Spiritu
2815 4006 3035 4073 Sancto,
3078 4022 3144 4063 ex
3176 4009 3380 4080 virgine
3406 4011 3568 4066 Maria
3592 4021 3709 4064 con-

2131 4108 2344 4170 ceptum
2385 4097 2584 4169 pariter
2605 4106 2658 4154 et
2691 4106 2910 4164 natum;
2945 4097 3042 4155 sed
3082 4098 3228 4156 hunc
3269 4100 3577 4158 inferiorem
3604 4111 3708 4191 esse
3766 4164 3776 4174 .

419 4322 563 4366 mam
584 4305 752 4378 petiit,
767 4263 856 4361 ubi
875 4302 1269 4379 ah‘apostolicis
1281 4303 1410 4379 viris
1426 4301 1541 4379 pari
1560 4303 1768 4379 ratione
1788 4212 2615 4378 ejfcﬁigbii‘o‘itiggisscipulus
2634 4347 2648 4374 ,
2679 4321 2709 4362 a
2739 4322 2846 4379 quo
2876 4307 3199 4365 Lucianistze
3224 4307 3489 4368 haeretici.
3520 4310 3593 4366 Ls
3623 4307 3703 4363 Pu.

418 4381 551 4448 Quae
579 4373 702 4436 cum
742 4373 1233 4448 animadverteret,
1280 4376 1331 4431 in
1370 4373 1633 4448 Cerdonis
1657 4373 2009 4448 deliramenta

2188 4402 2342 4459 CAP.
2369 4401 2482 4457 LII.
2503 4432 2575 4475 3—
2601 4399 2683 4475 (7c)
2714 4401 2920 4475 Accedit
2950 4400 3195 4459 Tatiauus
3223 4404 3452 4475 quidam.
3487 4404 3604 4460 Fuit
3633 4399 3705 4475 hic

416 4449 803 4555 tae-asse
824 4490 838 4516 ’
861 4445 2014 4555 εκέξιειεξξηιιιξξξεςξεηξπιςέεξιίίιηίξεωεε·
2116 4445 2582 4555 δειᾷῖῖιῖἓιιῖιῆἃιῖῖε
2598 4445 3704 4555 usitatis:etiam:Igiagiséri'tssts

419 4516 545 4580 dem
597 4516 772 4578 ferunt
798 4561 814 4587 ,
861 4535 1008 4585 eum,
1035 4517 1136 4574 sub
1181 4516 1417 4587 Aniceto
1440 4516 1691 4586 pontifice
1732 4517 1917 4574 Roma:
1946 4520 2007 4575 Β.

2114 4545 2267 4611 vixit,
2296 4545 2363 4600 de
2391 4544 2649 4615 religione
2679 4558 2742 4598 ac
2769 4544 2873 4599 fide
2921 4546 3125 4614 Optime
3165 4544 3385 4602 sentire
3413 4548 3558 4602 visus
3599 4549 3700 4615 cst;

420 4593 716 4666 Polycarpo
746 4599 1088 4689 occurrant),
1111 4588 1201 4689 |ab
1223 4603 1289 4644 eo
1315 4586 1534 4689 pctiisﬂs’e
1554 4628 1588 4669 ,_
1619 4604 1835 4670 adeum
1879 4605 2006 4671 nos-

2135 4586 2523 4672 εὸᾙὲἱηῖιὶιέηῗ
2543 4586 2757 4689 ἧιὸῖευὶ
2770 4586 3014 4689 ζεὲοιῖεἷὲ
3028 4586 3369 4673 suam:
3394 4586 3558 4689 issi;
3588 4586 3702 4682 ιῖὸεὶ

419 4656 539 4730 set;
571 4656 914 4733 respondisse
941 4661 1002 4715 Β.
1034 4656 1383 4731 Polycarpum
1405 4698 1422 4724 ,
1452 4656 1588 4714 Novi
1616 4658 2010 4731 primogenitum

421 4734 654 4791 Saturne.
688 4733 765 4789 [ιε
791 4734 885 4797 l‘u.

495 4805 571 4878 (a)
608 4804 860 4878 Marcion
886 4803 1110 4878 episcopi
1153 4801 1291 4871 ﬁlius
1334 4810 1536 4878 propter
1560 4810 1793 4878 stuprttm
1837 4803 2008 4878 cujus-

418 4872 701 4946 daitt'oirg.
735 4873 863 4946 Haec
900 4872 1064 4929 etiam
1100 4879 1296 4946 narrat
1336 4872 1683 4946 Epiphanius.
1717 4874 2009 4946 Septimius

420 4958 603 5003 tamen
629 4944 765 5002 libro
791 4945 860 5000 de
887 4944 1193 5013 Przescript.
1227 4944 1598 4999 luereticorum
1621 4983 1636 5007 ,
1661 4951 1718 4998 et
1745 4945 1894 4999 libris
1912 4945 2007 5001 ad-

415 5033 608 5075 versus
634 5018 806 5086 ipsum
836 5015 1156 5086 Marciouem
1182 5057 1198 5082 ,
1242 5014 1331 5070 ubi
1383 5014 1451 5071 de
1477 5014 1649 5084 ejecto
1696 5014 1965 5072 Marciane
1987 5058 2003 5083 ,

416 5104 480 5145 ac
504 5090 573 5146 dc
602 5085 718 5159 cjhs
740 5086 955 5159 flagitiis
976 5085 1198 5159 plurima
1228 5085 1443 5159 disserit
1507 5095 1761 5159 stuprata:
1786 5088 2007 5157 virginis

416 5104 480 5145 ac
504 5103 573 5146 (lc
602 5104 718 5159 ειυς
740 5103 955 5157 ιιειειιιιδ
1012 5103 1198 5142 ιυτιιηξι
1228 5103 1443 5140 αιδεθῑιι
1507 5103 1761 5154 Stuprata:
1786 5103 2003 5157 \‘ll‘glllls

415 5176 525 5217 non
550 5158 817 5215 meminit.
874 5103 1023 5213 Uini;
1053 5156 1466 5228 epinarimliccat
1494 5197 1510 5222 ,
1556 5155 1763 5228 huncce
1787 5159 2003 5214 Catale-

414 5247 540 5301 gum
572 5231 948 5301 haereticorum
974 5244 1077 5283 non
1094 5227 1225 5284 esse
1264 5227 1601 5301 Tertulliani.
1629 5227 1759 5281 Nam
1806 5239 1863 5284 et
1907 5229 1999 5285 lib.

414 5297 485 5358 de
517 5302 823 5371 Przescript.
849 5298 1247 5366 hazretieornm,
1268 5297 1689 5355 Marcionensem
1721 5301 2002 5357 continen-

418 5371 545 5427 tiam
576 5370 787 5437 laudat,
820 5381 875 5427 et
898 5371 1221 5427 Marcionetn
1252 5379 1601 5425 castratoretn
1648 5370 1828 5425 carnis
1872 5388 2010 5426 nun-

414 5453 576 5513 cupat
604 5443 655 5496 in
689 5443 950 5512 principio
977 5442 1230 5499 librorum
1258 5440 1514 5513 adversus
1543 5439 1739 5513 ipsum.
1775 5440 2010 5513 Irenmus

419 5511 634 5585 quoque
665 5511 815 5569 notat
857 5513 1141 5570 Marcionis
1169 5511 1462 5585 discipulos
1489 5512 1881 5585 continentium
1908 5529 2009 5567 no-

416 5581 852 5654 riien'usurpasse
874 5626 890 5651 ,
925 5585 1135 5655 imptias
1158 5581 1462 5655 damnasse.
1509 5581 1639 5637 th.

490 5655 572 5728 (b)
603 5652 842 5711 Lucanus
861 5652 1087 5728 quidam,
1112 5664 1215 5728 etc.
1248 5654 1346 5728 Hic
1373 5652 1448 5728 de
1468 5667 1565 5708 suo
1594 5653 1813 5728 nomine
1838 5653 2011 5728 Luca-

413 5723 585 5799 pistas
613 5728 815 5787 habuit.
845 5723 938 5791 Est
957 5737 1137 5789 autem
1163 5727 1301 5787 alter
1320 5723 1588 5787 Luciauus
1614 5726 1831 5786 nomine
1870 5724 2011 5789 Maro

2114 4697 2256 4741 mata
2285 4697 2505 4743 secutus
2530 4696 2634 4742 est.
2667 4685 2743 4742 Ls:
2773 4686 2871 4741 Pa.

2183 4776 2262 4848 (d)
2292 4778 2584 4850 Secundum
2614 4758 3346 4850 Phrygas.-Unicovoeabulo
3363 4778 3698 4850 Cataplirygm

2110 4840 2360 4923 dicuntur
2382 4849 2643 4913 lueretici,
2659 4840 2978 4923 quoniamin
2996 4851 3225 4923 Phrygia
3244 4840 3529 4923 (inferiori,
3548 4840 3697 4913 ΕΒΗ.)

2111 4921 2445 4994 potissimum
2474 4921 2698 4994 grassati
2726 4920 3053 4994 sunt.__lllius
3082 4920 3354 4978 lim-roseos
3375 4932 3616 4994 auctores
3637 4927 3694 4970 ex

2111 4990 2175 5049 ea
2199 4992 2406 5051 luerunt
2436 4990 2728 5062 provincia,
2753 4992 2986 5061 Apelles,
3004 4992 3305 5057 Montanus,
3326 5003 3381 5049 et
3401 4992 3564 5062 ipsius
3587 5002 3695 5058 pru-

2111 5063 2576 5136 phetissaPrisca,
2596 5077 2701 5136 seu
2722 5063 2983 5136 Priscilla,
3008 5071 3064 5136 et
3085 5062 3394 5119 Maximilla.
3413 5062 3723 5133 lmperaute.

2107 5133 2426 5202 Commodo,
2444 5145 2500 5188 et
2521 5133 2774 5203 pontifice
2792 5134 2983 5189 Sotere
3009 5133 3325 5190 ﬂoruerunt.
3351 5136 3426 5190 Le
3456 5137 3552 5187 l’n.

2177 5227 2328 5283 CAP.
2356 5226 2642 5297 Llll.——-(e)
2670 5226 2870 5280 Accedit
2900 5225 2977 5281 his
2998 5225 3307 5295 Theodotus,
3328 5226 3588 5284 hazreticus
3608 5218 3693 5297 by:

2108 5302 2329 5370 sentias.
2357 5288 2636 5370 Coriarius
2657 5296 2744 5353 hic
2768 5296 2866 5352 fuit
2885 5297 3185 5370 byzantius.
3213 5288 3397 5356 DitIert
3421 5307 3592 5352 antem
3632 5288 3693 5366 ab

2115 5371 2221 5424 alio
2266 5368 2543 5440 Theodoto
2571 5368 2640 5424 de
2667 5383 2772 5439 quo
2801 5368 2935 5425 mox‘
2952 5369 3186 5440 loquitur
3213 5370 3584 5429 Tertullianus,
3610 5372 3688 5440 tt!!!

2116 5431 2717 5516 bieicltisedecianorttm
2764 5449 2975 5516 a_u_cto_r_
2997 5431 3112 5516 fuit.
3143 5441 3413 5516 Dicebant
3440 5448 3612 5516 autem
3642 5431 3688 5516 lli

2116 5510 2352 5567 haeretici
2370 5509 2638 5565 Christum
2657 5510 2774 5580 ipso
2788 5510 3175 5567 Melchisedech
3196 5511 3498 5566 inferiorem
3512 5507 3685 5580 fuisse.

2114 5582 2365 5669 quoniam
2378 5576 2765 5669 Melchisedech
2778 5582 2894 5669 sine
2910 5592 3056 5669 patre
3067 5592 3122 5639 et
3133 5591 3301 5637 matre
3318 5582 3480 5669 fqisse
3491 5576 3685 5669 dicitur:

2114 5651 2389 5708 Christum
2420 5666 2550 5707 vero
2597 5661 2824 5709 matrem
2871 5651 3124 5709 habuisse
3150 5654 3489 5720 evangelista:
3515 5652 3687 5720 ριηιιθθ

2114 5732 2170 5783 ct
2198 5723 2447 5782 universa
2470 5722 2743 5797 Scriptura
2781 5739 2846 5783 ac
2884 5726 3097 5784 traditio
3127 5718 3403 5781 testantur.
3433 5723 3508 5781 Ls
3533 5718 3620 5775 l‘s.
