3902 6312
381 238 450 295 79

1778 236 2236 300 TERTULLIANI

385 354 578 410 debeat
601 351 799 425 recipi?
823 350 987 409 Plane
1016 349 1329 425 negabimus
1350 353 1731 426 recipiendam,
1755 356 1799 410 si
1826 356 1969 410 nulla
2002 358 2047 418 Α
2078 360 2336 413 ιηυηὶιειιθ
2361 372 2391 414 a
2419 356 2506 415 die
2548 356 2767 416 Pascha:
2798 357 2851 415 in
2881 356 3230 418 Pentecosten
3277 375 3445 434 usque
3478 365 3694 437 gaude-

383 446 628 516 exempla
651 445 995 517 praejudicent
1014 446 1237 502 aliarum
1261 446 1721 514 Observationum,
1745 463 1876 518 quas
1895 449 1972 502 si-

386 554 457 594 ne
484 538 643 593 ullius
659 537 936 608 scriptura:
967 538 1324 594 instrumento
1359 536 1457 608 (a),
1477 539 1642 594 solius
1675 537 1974 593 traditionis

386 632 565 699 titulo,
603 643 657 685 et
704 628 905 686 exinde
957 630 1361 686 consuetudinis
1396 630 1694 700 patrocinio
1732 629 1971 684 vindica-

384 738 523 778 mus.
557 721 829 792 Denique,
860 731 916 776 ut
952 737 980 775 a
1011 721 1327 792 baptismate
1357 721 1623 792 ingrediar
1645 720 1749 792 (b),
1778 736 1973 793 aquam

385 813 606 877 adituri,
631 812 850 878 ibidem,
880 812 973 868 sed
1004 823 1058 867 et
1082 813 1354 884 aliquanto
1376 814 1523 883 prius
1543 813 1595 866 in
1615 812 1850 868 Ecclesia
1875 811 1976 867 sub

383 906 638 962 antistitis
668 920 829 961 manu
866 915 1233 962 contestamur
1264 904 1339 976 (ο)
1371 921 1468 961 nos
1518 906 1827 961 renuntiare
1857 904 1976 959 dia-

382 1000 529 1065 bolo,
552 1007 864 1069 ct‘pompte,
897 1005 950 1053 et
977 997 1179 1069 angelis
1208 996 1325 1066 ejus
1354 1014 1368 1050 :
1401 995 1599 1052 dehinc
1620 1005 1702 1051 ter
1728 996 1979 1067 mergitu-

388 1108 513 1149 mur
537 1091 638 1163 (ά),
659 1091 885 1162 amplius
900 1090 1098 1161 aliquid
1114 1091 1523 1161 respondentes,
1544 1106 1701 1158 quam
1723 1091 1977 1146 Dominus

298 1204 319 1215 κ
385 1186 441 1243 in
481 1188 772 1260 Evangelio
811 1190 1206 1246 determinavit.
1254 1188 1380 1244 Inde
1426 1189 1679 1260 suscepti,
1727 1188 1882 1243 lactis
1921 1197 1978 1244 et

2079 467 2214 506 mus.
2244 452 2436 508 Culicis
2462 462 2554 507 aut
2582 453 2733 524 panis
2759 455 2917 509 etiam
2962 456 3131 510 nostri
3158 454 3224 528 (i)
3246 455 3442 526 aliquid
3504 457 3697 514 decuti

2080 543 2133 597 in
2166 551 2362 598 terram
2403 544 2560 599 anxie
2608 546 2840 614 patimur
2869 545 2959 617 (j).
2989 546 3069 601 Ad
3097 562 3310 601 onmem
3335 563 3694 619 progressum

2078 646 2238 706 atque
2276 645 2598 705 promotum,
2645 637 2709 690 ad
2751 652 2964 694 omnem
3006 637 3213 694 aditum
3258 648 3314 695 et
3356 641 3598 707 exitum,
3626 641 3696 695 ad

2079 731 2387 797 calcialum,
2420 730 2485 784 ad
2516 731 2746 797 lavacra,
2783 730 2847 785 ad
2876 745 3117 807 mensas,
3139 735 3210 787 ad
3236 731 3463 800 lumina,
3498 732 3572 787 ad
3602 748 3697 789 cu-

2083 822 2230 886 bilia,
2253 822 2317 877 ad
2346 822 2550 887 sedilia,
2577 808 2927 893 qumcitmque
2952 837 3050 878 nos
3075 824 3413 880 conversatio
3433 834 3694 896 exercet,

2083 913 2308 969 frontem
2338 914 2512 969 crucis
2537 913 2615 986 (Ξ)
2642 913 2914 984 signaculo
2941 915 3184 972 terimus.

2701 1005 2930 1063 CAPUT
2976 1006 3076 1063 IV.

2701 1006 2834 1061 CAP
2886 1006 2930 1061 Τ
2976 1006 2997 1061 1
3058 1047 3076 1063 .

2160 1098 2359 1153 llarum
2386 1106 2440 1153 et
2466 1098 2691 1153 aliarum
2720 1006 2982 1169 ejuslnltodi
3003 1007 3409 1171 (vlisciplinarum
3441 1101 3486 1157 si
3516 1101 3692 1175 legem

3626 249 3699 310 80

3699 824 3818 920 ῗῖρῗὲἔ*

3671 910 3798 985 σῆφζ

2083 1191 2395 1260 expostules
2408 1190 2826 1261 Scripturarnm,
2849 1190 3050 1247 nullam
3074 1192 3341 1248 invenies:
3363 1193 3588 1263 traditio
3608 1195 3701 1251 tibi
3722 1241 3771 1263 ,.

2085 1283 2448 1352 prmtendetur
2463 1283 3039 1350 auctrix,consuctudo
3063 1285 3455 1353 ,conlirrnatrix,
3472 1296 3536 1342 et
3567 1285 3700 1343 ﬁdes

3355 1261 3641 1272 -ιασυι--ρτ

386 1281 563 1336 mellis
596 1281 935 1337 concordiam
970 1291 1388 1352 prmgustamus:
1411 1295 1583 1352 exque
1613 1295 1677 1335 ea
1704 1281 1811 1345 die,
1831 1280 1978 1334 lava-

383 1388 481 1428 cro
524 1374 837 1444 quotidiano
881 1378 975 1445 per
1011 1384 1175 1430 totam
1206 1373 1595 1430 hebdomadem
1621 1373 1972 1431 abstinemus.

384 1465 740 1523 Eucharistiac
777 1478 1170 1524 sacramentum
1199 1467 1294 1540 (e),
1323 1476 1376 1522 et
1402 1468 1455 1523 in
1492 1476 1736 1538 tempore
1775 1469 1970 1534 victus,

383 1569 439 1613 et
466 1560 717 1614 omnibus
753 1560 1063 1615 mandatum
1119 1559 1189 1632 (Γ)
1216 1576 1245 1615 a
1280 1560 1527 1627 Domino,
1567 1562 1728 1616 etiam
1774 1561 1978 1616 antelm

2043 1358 2217 1367 ...δαν-τ

2056 1454 2291 1461 ———.~—_.__

2230 1359 2469 1368 m

2086 1360 2567 1451 (smmi;
2579 1362 3165 1432 nitidissimam
3186 1364 3700 1450 nimam.

2082 1469 2191 1526 dini
2222 1471 2326 1542 (4).
2344 1479 2400 1524 et
2430 1469 2550 1525 ﬁdei
2601 1470 3051 1541 patrocinaturam
3093 1479 3186 1524 aut
3225 1471 3340 1543 ipse
3370 1472 3696 1542 perspicies,

2083 1571 2172 1617 aut
2192 1562 2259 1617 ab
2272 1562 2455 1632 aliquo
2469 1562 2561 1633 qui
2580 1561 2910 1632 perspexerit
2927 1561 3124 1627 disces;
3145 1560 3355 1616 interim
3370 1561 3699 1617 nonnullam

3464 1364 3665 1376 K

2296 1456 2525 1465 Ἥ*

383 1650 535 1704 canis
557 1648 807 1719 canibus,
832 1667 932 1707 nec
956 1652 1025 1707 de
1054 1652 1278 1707 aliormn
1310 1668 1467 1707 manu
1495 1669 1654 1724 quam
1686 1653 1979 1715 praesideu-
2011 1669 2207 1724 “.esse
2222 1654 2434 1720 credes,
2454 1653 2537 1708 cui
2555 1652 2815 1708 debeatur
2833 1653 2911 1724 (5)
2938 1653 3272 1723 obsequium.
3297 1653 3513 1723 Adjicio
3530 1669 3700 1710 unum

16 1717 359 1839 ῗκὶίξλῇκδὶξιξ,
382 1741 515 1839 tium
528 1717 818 1839 sumimus:
833 1743 1136 1839 oblationes
1161 1759 1255 1839 pro
1274 1717 1643 1816 defunctis(g),
1671 1759 1768 1815 pro
1787 1744 1980 1799 natali-
2011 1719 2061 1781 Β
2090 1746 2268 1802 adhuc
2316 1717 2645 1816 exemplum,
2676 1717 2939 1816 quatenus
2968 1753 3024 1800 et
3058 1717 3125 1800 de
3173 1717 3446 1801 veteribus
3495 1745 3701 1804 docere

382 1834 473 1890 tiis
502 1850 678 1890 annua
714 1835 802 1891 die
824 1833 901 1908 (It)
923 1835 1146 1891 facimus
1171 1835 1285 1892 :die
1314 1836 1587 1892 Dominico
1607 1836 1865 1907 jejunium
1889 1851 1983 1892 ne-

376 1927 469 1985 fas
494 1928 759 1996 ducimus,
792 1929 874 1985 vel
898 1928 966 1986 de
990 1928 1247 2000 geniculis
1274 1927 1501 1986 adorare
1521 1928 1623 2001 (t).
1643 1927 1846 1984 Eadem
1875 1929 1980 1985 im-

2087 1843 2387 1898 conveuiet.
2421 1840 2485 1915 (ι)
2515 1838 2667 1906 Apud
2694 1838 2909 1895 Judteos
2948 1848 3054 1894 tam
3083 1839 3325 1894 solemne
3347 1847 3432 1896 est
3458 1839 3699 1896 [demittis

2095 1950 2284 1992 eorum
2331 1934 2579 1990 velamen
2619 1932 2831 2004 capitis,
2875 1940 2934 1988 ut
2971 1931 3096 1988 inde
3134 1942 3445 1989 noscantur.
3498 1928 3696 2001 Quaero

1618 2041 1917 2101 LECTION
1924 2043 2004 2102 ES
2045 2046 2455 2107 VARIANTES.

447 2132 520 2199 (1)
546 2134 623 2199 De
647 2121 943 2199 tellitjsemt.

451 2195 525 2262 (2)
547 2197 716 2262 grecis
738 2195 904 2262 abiicit
930 2197 1081 2250 Seml.

434 2259 522 2322 .(3)
546 2259 688 2311 Fidei
715 2259 869 2313 Rhea.

2179 2143 2229 2196 11
2255 2144 2473 2196 Traditio
2491 2139 2831 2195 consuetudini
2855 2140 3010 2192 Fran.
3032 2141 3197 2194 Paris.

2179 2145 2208 2194 1
2255 2144 2473 2196 Traditio
2491 2143 2789 2195 consuetudit

2151 2143 2229 2272 £5;
2250 2206 2541 2258 Prabeatur
2557 2206 2681 2255 Jun.
2778 2272 2789 2281 λ

1730 2337 2297 2401 COMMENTARIUS.

2087 2452 2293 2511 mentio
2319 2466 2488 2510 canae
2510 2452 2801 2508 Dominicte
2818 2453 2955 2507 inter
2977 2451 3260 2524 Apostolus
3279 2452 3592 2524 celebratae,
3615 2465 3692 2513 et-

457 2459 613 2517 CAP.
640 2459 729 2515 Ill.
756 2490 830 2500 —
853 2458 931 2529 (a)
970 2458 1096 2531 Sine
1123 2459 1283 2513 ullius
1305 2457 1592 2531 Scriptura:
1622 2459 1978 2531 instrumento,

389 2532 550 2586 solius
585 2531 873 2585 traditionis
899 2529 1063 2585 titulo.
1090 2531 1278 2584 Totum
1303 2529 1445 2584 hunc
1456 2544 1771 2585 sermonem
1786 2529 1983 2585 ‘exsuxi

388 2602 754 2673 ilieronymus
771 2601 1030 2673 adversus
1060 2600 1425 2656 Luciferianos
1446 2618 1458 2654 :
1480 2600 1986 2673 EtiamsiScripturte

388 2670 667 2727 auctoritas
680 2688 778 2726 non
796 2672 1035 2737 subesset,
1051 2673 1240 2741 inquit,
1260 2673 1409 2725 totius
1422 2671 1555 2742 orbis
1575 2672 1626 2725 in
1642 2672 1771 2725 hanc
1790 2670 1988 2742 partem

390 2759 666 2798 consensus
707 2747 867 2796 instar
890 2742 1410 2814 praceptiobtineret.
1451 2741 1589 2796 Nam
1618 2752 1664 2796 et
1681 2741 1838 2814 multa
1859 2742 1986 2805 alia,

389 2829 504 2885 qtae
517 2830 606 2883 per
621 2811 938 2885 traditionem
951 2814 1004 2867 in
1021 2811 1260 2868 Ecclesiis
1275 2815 1623 2878 obseruantur,
1637 2813 1991 2885 auctoritatem

393 2883 784 2953 sibiscriptura:
813 2894 858 2938 et
891 2883 1014 2954 legis
1041 2894 1433 2953 usurpaverunt,
1461 2886 1595 2938 velut
1623 2886 1673 2937 in
1694 2884 1895 2938 lavacro
1917 2892 1992 2938 ter

390 2963 545 3025 caput
566 2956 854 3026 mergitare,
884 2953 1067 3026 deinde
1092 2971 1317 3024 egressos
1339 2956 1484 3012 lactis
1506 2964 1553 3009 et
1577 2954 1741 3010 mellis
1761 2969 1987 3026 prwgus~

393 3024 502 3081 tare
524 3024 869 3092 concordiam,
900 3037 1005 3081 etc.
1039 3024 1159 3081 th.
1410 3076 1423 3085 ,

468 3096 548 3168 (li)
577 3096 805 3168 Denique
846 3105 903 3150 ut
937 3113 975 3168 ra
1016 3096 1318 3168 baptismate
1371 3098 1651 3168 ingrediar.
1700 3096 1759 3151 In
1806 3094 1994 3151 codice

2089 2528 2133 2581 si
2173 2525 2496 2582 celebratam
2535 2524 2750 2595 quidem
2776 2531 2834 2577 et
2863 2525 3161 2595 saepissime
3202 2522 3368 2580 fuisse
3406 2522 3689 2583 nemost:-

2090 2598 2238 2653 brius
2281 2594 2788 2669 negaverit,_sed_ut
2824 2594 3305 2669 aii_Tertu_llianus,
3350 2596 3691 2669 in_tempore

2092 2669 2302 2749 victusz
2318 2665 2836 2749 adeoquel‘ra‘ctioue
2852 2665 2952 2749 illa
2970 2665 3148 2749 panis,
3174 2681 3295 2749 quin
3313 2665 3691 2749 saepenumero

2095 2737 2347 2800 occurrit,
2380 2735 2596 2809 includi.
2623 2735 2772 2790 Hanc
2797 2735 3461 2809 infseutentiftni‘ducintur
3489 2743 3692 2809 gravis-

2094 2811 2228 2865 sima
2270 2809 2355 2862 illa
2396 2807 2547 2863 Pauli
2583 2806 2946 2870 increpatione
2971 2806 3037 2861 ad
3068 2806 3308 2862 Corinth.
3342 2805 3383 2874 l,
3416 2805 3641 2868 llCch.

2168 2880 2236 2947 (l)
2268 2878 2514 2933 Omnibus
2542 2877 2841 2931 mandatum
2869 2894 2902 2929 α
2937 2875 3177 2944 Domino,
3202 2887 3306 2933 etc.
3342 2895 3433 2933 nec
3457 2881 3530 2936 de
3555 2885 3688 2936 alio-

2095 2968 2208 3005 rum
2231 2966 2386 3005 manu
2406 2966 2556 3016 quant
2581 2948 2971 3003 Praesidentium
2993 2949 3257 3002 sumimus.
3281 2947 3593 3007 Consimilis
3612 2961 3692 3008 est

2098 3022 2249 3077 locus
2278 3022 2344 3076 de
2376 3018 2782 3091 Pnesidentimn
2813 3018 3164 3091 honore,_lib.
3192 3018 3259 3073 de
3288 3018 3440 3091 Bapt.
3472 3037 3532 3091 p.
3562 3022 3687 3079 263.

2100 3093 2332 3148 Proinde
2383 3100 2437 3146 et
2465 3090 2765 3160 baptismus
2794 3105 2946 3158 atque
2973 3087 3065 3143 Dei
3096 3104 3311 3157 census,
3340 3087 3409 3146 ab
3436 3087 3688 3150 omnibus

395 3159 667 3239 Agebat-di
696 3159 901 3220 tantum
921 3159 1161 3239 legitur;
1195 3159 1503 3239 Denique-ut
1527 3169 1776 3239 baptisma
1804 3177 1879 3223 ter
1909 3168 2060 3239 in-‘C
2099 3162 2351 3239 exerceri
2380 3159 2711 3239 putest,__e_tc.
2745 3159 2935 3230 Operm
2958 3161 3190 3239 pretium
3233 3161 3342 3239 erit
3368 3164 3685 3239 contulisse,

398 3237 602 3307 grediar
627 3253 831 3306 aquam,
862 3237 1033 3290 aditur
1058 3237 1260 3307 ibidem.
1293 3238 1409 3293 lita.

410 3306 419 3343 ἓ
466 3307 541 3379 (c)
587 3308 863 3378 Aliquanto
905 3309 1136 3379 priusiin
1167 3306 1398 3363 Ecclesia
1427 3309 1520 3363 sub
1546 3310 1787 3364 antistitis
1833 3323 1991 3361 manu

394 3378 755 3435 contestamur.
804 3381 1005 3433 Auctor
1043 3378 1247 3445 Quaest.
1302 3379 1507 3435 Veteris
1534 3390 1587 3435 et
1614 3380 1746 3435 Novi
1790 3380 1988 3445 Testa;-

395 3449 585 3513 menti,
631 3456 822 3517 qumst.
852 3448 957 3505 102
992 3465 1006 3502 :
1043 3450 1143 3517 Qui
1169 3451 1340 3505 colunt
1368 3449 1646 3507 Christiani
1675 3451 1808 3519 ﬁeri,
1839 3465 1989 3505 acce-

286 3546 295 3555 ι
395 3520 525 3599 dunt
549 3520 860 3599 antistitem,
888 3521 1062 3599 dicunt
1088 3520 1132 3575 ei
1173 3531 1287 3575 vota
1316 3539 1430 3577 sua.
1459 3520 1711 3599 ltlefacit
1740 3520 1886 3576 verba

396 3592 471 3715 {iis
509 3590 856 3714 ecgesiastici.
885 3591 947 3645 Si
997 3606 1114 3646 vera
1141 3602 1259 3646 vota
1287 3602 1424 3659 sunt,
1452 3590 1800 3662 suscipiuntur
1832 3606 1863 3644 a
1897 3591 1991 3660 ju-

437 3677 531 3715 tce.
614 3674 684 3715 IG.

437 3677 531 3715 tce.
564 3674 684 3716 “IG.

472 3728 552 3857 Si)
582 3728 684 3783 Ter
710 3737 1057 3801 mergttamur.
1098 3729 1217 3801 Ipse
1244 3731 1502 3788 adversus
1540 3732 1819 3794 Praxcam,
1864 3745 1985 3801 pag.

532 3819 545 3854 :
578 3800 717 3854 Nam
744 3818 832 3855 nec
876 3803 1051 3857 semel.
1098 3803 1187 3856 sed
1216 3812 1314 3857 ter.
1354 3802 1421 3856 ad
1446 3802 1667 3857 ‘sinaula
1691 3804 1895 3856 nomina
1934 3806 1985 3855 in

400 3800 545 3858 659i
578 3800 717 3854 Nam
744 3800 832 3855 nec
876 3803 1051 3862 semel,
1098 3800 1187 3856 sed
1216 3812 1314 3867 ter,
1354 3802 1421 3856 ad
1446 3802 1667 3872 ‘singula
1691 3800 1895 3856 nomina
1934 3800 1988 3855 in

398 3887 642 3941 personas
667 3872 896 3944 singulas
919 3872 1188 3944 fingimur.
1218 3873 1386 3944 Quem
1417 3874 1576 3944 ritum
1602 3875 1653 3928 in
1681 3887 1801 3944 usu
1824 3872 1989 3944 fuisse

399 3944 563 3999 etiam
590 3941 865 3998 tetate'sua
907 3941 1323 4009 Clirysostmnus
1363 3943 1581 4009 indicat,
1627 3943 1693 3998 ad
1734 3958 1796 3999 ca
1827 3942 1988 3999 verba

399 4013 578 4077 Lacte,
611 4015 731 4067 Act.
779 4014 964 4081 Apost.
995 4013 1063 4077 X,
1114 4015 1202 4077 16,
1247 4015 1332 4068 ubi
1364 4015 1496 4069 visio
1524 4023 1771 4069 narratur
1813 4014 1987 4069 oblata

396 4084 580 4149 Petro,
608 4090 750 4157 froit'ro
780 4087 830 4135 δὲ
856 4091 1028 4150 (Vivere
1048 4084 1477 4157 τρίς.1;ΙιιὙεοει.ς
1508 4096 1561 4141 τὸ
1591 4089 1641 4157 δξ
1661 4096 1821 4156 τρίτον
1847 4094 1982 4141 τοῦτο

397 4156 631 4226 γενέσθᾳξ,
659 4165 714 4209 τὸ
748 4161 1008 4226 pem-rapa
1045 4159 1199 4217 δηλοῖ.
1228 4156 1546 4210 Ammonius
1582 4156 1648 4226 ad
1676 4159 1832 4210 Joan.
1861 4170 1981 4226 cap.

399 4225 493 4288 21.
523 4224 612 4279 ubi
644 4234 724 4278 ter
751 4225 994 4278 Christus
1024 4226 1315 4293 interrogat
1340 4226 1589 4281 Petrum:
1619 4225 1803 4282 Simon
1827 4224 1980 4289 .lona,

398 4311 548 4351 amas
574 4309 659 4350 me
678 4294 701 4346 ’ἶ
724 4302 821 4357 ἔθος
842 4298 890 4347 δὲ
907 4304 1085 4366 γέγονςν
1105 4301 1153 4349 ἐκ
1171 4301 1358 4360 τούτου,
1389 4297 1579 4366 inquit,
1601 4301 1723 4367 τρεῖς
1742 4302 1988 4366 ὁμολογίας

400 4370 1112 4438 ἀπαιτιῖσθαιιλτθῦςμίξᾎινίτᾳις
1126 4375 1475 4438 βαπτισθῆναι.
1492 4367 1616 4422 [nde
1630 4368 1718 4421 illa
1739 4368 1982 4426 lormula.

441 4452 562 4508 nam
589 4434 897 4508 Stephanus
923 4435 986 4491 11.
1019 4434 1135 4491 PP.
1176 4439 1427 4508 ruStigam
1469 4446 1644 4504 vocat,
1703 4452 1846 4508 resp.
1884 4438 1983 4493 14:

401 4579 566 4656 sancti
591 4592 783 4656 mergo.
817 4577 915 4656 To_.
951 4577 993 4656 11
1051 4576 1340 4656 Concilior.
1382 4578 1519 4635 Gall.
1550 4576 1628 4635 sic
1664 4576 1823 4656 unius
1849 4582 1989 4656 ejus-

405 4648 645 4719 demque
674 4648 1094 4719 ritusoriginem
1132 4648 1219 4719 alii
1249 4649 1314 4702 ad
1346 4662 1604 4719 personas
1639 4648 1989 4706 sanctissimae

403 4718 702 4782 Trinitatis,
734 4717 826 4772 alii
850 4717 1144 4773 ad’trinam
1173 4717 1450 4787 visionem,
1476 4721 1565 4775 alii
1592 4720 1657 4775 ad
1691 4722 1879 4776 trinam
1910 4724 1991 4776 in-

407 4790 822 4859 terrogationem
860 4789 1122 4844 referunt.
1173 4790 1260 4844 Sic
1299 4791 1513 4846 incerta:
1549 4800 1673 4846 sunt
1713 4792 1989 4848 hominum

406 4858 639 4924 mentes,
683 4869 961 4929 postquam
989 4874 1017 4913 a
1045 4858 1290 4929 principii
1329 4861 1669 4932 simplicitate
1697 4862 1984 4920 dctlexere.

1760 4935 1879 4991 th.

478 4998 555 5076 (Ie)
581 4998 924 5076 Eucharistite
936 5009 1328 5068 sacramentum,
1357 5010 1460 5076 etc.
1487 5002 1612 5076 llmc
1632 5004 1857 5061 innttunt
1886 5006 1990 5060 Eu-

404 5069 674 5129 cha'ristiaa
700 5069 975 5125 sumendae
1017 5078 1222 5141 tempus
1255 5087 1370 5128 arvo
1407 5074 1987 5141 Tertullianiptantum

403 5142 641 5199 abfuisse
663 5156 692 5195 a
716 5149 957 5211 tempore
976 5139 1171 5213 rictus,
1194 5156 1299 5210 quo
1321 5152 1557 5213 tempore
1578 5163 1604 5198 a
1631 5139 1856 5201 Domino
1880 5147 1992 5203 lue-

403 5222 491 5269 rat
522 5212 782 5273 inStituta,
827 5219 886 5265 ut
916 5211 1075 5266 etiam
1117 5211 1445 5270 antelucanis
1474 5214 1622 5272 horis
1664 5227 1985 5275 sumeretur.

404 5283 523 5358 lion
553 5282 798 5358 pugnabo
823 5290 1002 5358 tamen
1029 5281 1283 5358 adversus
1307 5301 1399 5340 eos
1420 5288 1509 5358 qui
1532 5299 1798 5355 sumptum
1825 5288 1989 5344 fuisse

405 5355 586 5410 dicent
611 5353 759 5408 horis
782 5353 942 5407 etiam
963 5361 1111 5407 extra
1137 5353 1500 5422 antelucanas,
1531 5353 1691 5414 modo
1715 5369 1839 5415 ante
1862 5374 1985 5413 som-

403 5440 530 5481 nem
556 5423 752 5495 cibum.
790 5424 900 5478 lloc
925 5424 1066 5478 enim
1088 5424 1387 5495 significare
1412 5429 1615 5485 videtur
1638 5429 1727 5485 lib.
1762 5431 1828 5484 ad
1852 5443 1983 5485 uxo-

404 5510 523 5550 rem
550 5493 592 5549 ll
612 5510 627 5553 :
646 5491 771 5548 Non
795 5496 915 5549 sciet
942 5491 1158 5550 maritus
1184 5497 1306 5563 quid
1332 5509 1522 5554 secreto
1546 5509 1663 5553 ante
1687 5516 1883 5556 omnem
1908 5503 1984 5554 ci-

405 5568 524 5619 bum
551 5565 757 5637 gastes?
790 5566 889 5637 nisi
917 5565 1084 5637 magis
1117 5566 1353 5622 videatur
1382 5570 1544 5624 etiam
1577 5579 1700 5625 ante
1729 5570 1984 5626 saeculum

407 5635 742 5711 Tertulliani,
780 5635 1121 5711 indetonsum
1161 5638 1485 5711 hgcluisse,
1519 5650 1572 5695 et
1596 5654 1697 5711 pro
1727 5643 1987 5711 cujusque

402 5704 660 5776 religione
682 5708 825 5765 varie
847 5708 1160 5765 factitatum.
1193 5708 1395 5780 Exigua
1416 5704 1562 5768 certe
1581 5704 1737 5768 estet
1759 5704 1985 5772 obscura

2094 3249 2216 3288 nam
2257 3243 2310 3288 et
2337 3230 2511 3288 lucem
2547 3232 2647 3286 sibi
2688 3241 2872 3286 mutuo
2919 3230 3151 3285 allerunt
3188 3233 3523 3298 praeclaram.
3563 3234 3679 3289 Βιε.

2166 3303 2245 3375 (g)
2273 3303 2564 3358 Oblationes
2588 3320 2680 3375 pro
2703 3301 3530 3375 defunctis;Maggeburgensium
3558 3322 3687 3375 quo-

2094 3371 2209 3446 que
2224 3371 2596 3446 commentum
2618 3371 2912 3446 doctrinam
2940 3371 3079 3427 liatze
3101 3372 3410 3446 Tertulliani
3433 3371 3687 3446 desump-

2095 3442 2201 3501 tam
2231 3462 2295 3500 ex
2334 3445 2604 3499 Montano.
2638 3445 2741 3498 Pro
2773 3442 2930 3512 hujus
2965 3453 3144 3497 autem
3172 3444 3305 3499 ritus
3336 3442 3685 3503 fittidatneiito

2093 3519 2287 3572 atlerre
2308 3530 2519 3585 possem
2542 3525 2725 3570 contra
2751 3513 3032 3585 bagretieos
3048 3530 3167 3584 qua:
3189 3515 3346 3585 vulgo
3364 3516 3681 3583 atl‘eruntur,

2095 3596 2173 3641 tot
2213 3583 2464 3641 niniirum
2508 3588 2778 3641 orationes
2816 3583 2913 3640 SS.
2946 3583 3161 3639 Patrum
3199 3584 3253 3640 in
3285 3583 3528 3643 lunerib.
3572 3597 3681 3644 tum

2092 3658 2408 3722 amicorum,
2441 3671 2562 3711 cum
2605 3656 3146 3725 consanguineorum.
3178 3665 3287 3710 tum
3312 3659 3473 3713 etiam
3532 3675 3681 3715 sum-

2091 3744 2303 3783 morum
2335 3728 2385 3783 in
2426 3727 2660 3784 Ecclesia
2696 3728 2785 3782 Dei
2826 3727 3098 3780 virorum:
3137 3725 3253 3783 Non
3284 3737 3461 3785 tamen
3509 3731 3681 3785 locum
3754 3786 3759 3791 ,

2094 3799 2495 3869 prmtermittam
2521 3815 2587 3853 ex
2615 3799 2772 3867 epist.
2803 3796 2893 3869 676.
2920 3794 3194 3869 Cypriani,
3221 3801 3310 3868 qui
3339 3814 3437 3855 suo
3461 3811 3521 3857 et
3550 3799 3680 3857 Car-

2095 3870 2422 3941 thaginensis
2450 3870 2659 3926 concilii
2703 3868 2938 3932 nomine,
2981 3870 3031 3941 in
3064 3868 3445 3941 Episcoporum
3476 3886 3681 3929 memo-

2091 3938 2226 3996 riam
2255 3953 2492 4005 revocat,
2530 3941 2802 3996 decretum
2833 3955 2961 4010 quo,
2991 3940 3034 3993 si
3073 3940 3192 4008 quis
3224 3938 3388 3994 [mter
3419 3942 3676 3997 clericum

2094 4019 2323 4067 tutorem
2352 4012 2702 4075 nominasset,
2732 4026 2835 4066 non
2855 4009 3139 4065 oti‘erretur
3160 4025 3257 4079 pro
3275 4024 3362 4078 eo,
3387 4025 3486 4066 nec
3514 4013 3677 4069 sacri-

2087 4084 2263 4138 licium
2304 4099 2399 4153 pro
2424 4083 2748 4138 dormitione
2784 4081 2900 4153 ejus
2930 4081 3313 4153 celebraretur.
3342 4080 3558 4138 Novum
3588 4084 3680 4136 ita-

2086 4169 2191 4223 que
2218 4150 2323 4207 τιοὴ
2350 4166 2432 4208 est
2462 4153 2761 4223 oblationes
2787 4150 2928 4218 ﬁeri,
2954 4161 3012 4206 et
3037 4150 3296 4206 sacriﬁcia
3329 4167 3427 4223 pro
3455 4153 3679 4210 mortuis

2087 4222 2140 4278 in
2173 4224 2408 4279 Ecclesia
2441 4226 2552 4279 Dei.
2584 4222 2663 4278 LE
2693 4223 2788 4279 Pn.

2161 4294 2240 4367 (h)
2280 4293 2385 4367 Pro
2412 4295 2656 4349 natalitiis
2693 4309 2866 4367 annua
2892 4300 2997 4367 etc.
3033 4291 3135 4348 Per
3165 4292 3398 4348 uatalitia
3434 4291 3679 4364 intelligit

2059 4397 2064 4401 τ
2092 4365 2455 4421 solentnitates
2490 4367 2602 4421 lieri
2633 4365 2818 4420 solitas
2848 4366 2899 4417 in
2936 4365 3192 4419 honorem
3215 4376 3347 4419 mart
3394 4380 3534 4430 rum,
3575 4377 3678 4434 quo

2075 4436 2293 4491 scilicet
2312 4437 2398 4491 die
2416 4435 2612 4490 mundo
2635 4436 2848 4491 mortui.
2871 4434 3010 4488 caelo
3033 4435 3138 4488 nati
3164 4445 3306 4490 sunt.
3329 4380 3485 4491 [inde
3508 4450 3677 4491 annua

2075 4450 2293 4488 -SCIII('0l
2312 4450 2398 4488 me
2416 4450 2612 4488 1111111111)
2635 4450 2848 4488 11101⁸1111.
2871 4450 3010 4488 ςωιο
3033 4450 3138 4488 111111
3164 4450 3306 4488 811111..

441 4452 562 4508 nam
589 4444 894 4506 Stephanus
924 4444 986 4491 ll.
1019 4444 1123 4491 PP.
1176 4444 1427 4492 rusticam
1469 4446 1644 4504 vocat,
1703 4452 1846 4508 resp.
1884 4444 1983 4493 M:

400 4454 470 4563 9n
514 4506 716 4580 nomine
752 4504 925 4580 Payis
952 4523 1155 4580 mergo,
1200 4517 1246 4580 et
1287 4505 1418 4580 Filii
1448 4524 1643 4580 mergo,
1676 4518 1723 4562 et
1747 4507 1983 4580 Spiritus

2101 4444 2293 4492 scilicet
2312 4444 2398 4491 die
2416 4444 2612 4490 mundo
2635 4444 2848 4500 mortui,
2871 4444 3010 4488 cmto
3033 4444 3138 4488 nati
3164 4445 3286 4490 sunt

2101 4506 2255 4580 dieqid
2283 4516 2366 4563 est
2389 4506 2675 4580 quotannis
2700 4503 3052 4580 l.icitntt_s._!.e
3082 4504 3178 4560 Pn.

3380 4435 3485 4492 nde
3508 4450 3677 4491 annua

2165 4579 2229 4649 (i)
2255 4582 2355 4632 Aut
2386 4574 2719 4649 panisgcnum
2747 4576 2925 4632 nostri.
2956 4575 3132 4631 Etiam
3170 4591 3275 4631 non
3315 4574 3671 4642 eucharistici,

2092 4647 2250 4704 etiam
2277 4647 2503 4719 profani.
2536 4647 2656 4703 th.

2165 4719 2230 4791 (j)
2260 4716 2654 4802 éiiquiddecuti
2679 4719 2731 4773 in
2762 4728 2967 4786 terram,
2990 4726 3095 4773 etc.
3116 4716 3472 4802 Augustinus:
3492 4719 3672 4802 Quart:

2096 4799 2144 4844 ta
2175 4786 2558 4846 "sollicitudine
2604 4790 2972 4856 observamus,
3031 4786 3244 4858 quando
3288 4790 3440 4844 nobis
3481 4801 3672 4856 corpus

2093 4860 2293 4917 Christi
2321 4861 2666 4926 ministratur,
2701 4871 2759 4916 ut
2794 4858 3018 4928 nihiLex
3048 4861 3164 4930 ipso
3188 4860 3254 4930 de
3280 4862 3479 4930 nostris
3504 4859 3672 4930 mani-

2096 4932 2193 4986 bus
2225 4933 2274 4987 in
2305 4940 2500 4986 terram
2527 4932 2702 4999 cadat,
2733 4942 2837 4987 etc.
2868 4927 3242 5000 citatur'apud
3269 4928 3602 4994 Gratianum,
3629 4927 3669 4993 1,

2091 5018 2146 5074 q.
2177 5005 2229 5058 1.
2261 5002 2545 5075 Interrogo.
2578 5002 2695 5075 ltro.

2163 5075 2315 5130 CAP.
2360 5071 2548 5128 lVf—
2597 5074 2677 5144 (k)
2705 5073 2973 5128 Rationem
3022 5071 3285 5127 traditioni
3327 5073 3669 5144 patrocinaiti-

2091 5162 2223 5199 ram.
2266 5144 2476 5200 Etenim
2513 5140 2713 5215 absque
2743 5144 2948 5199 ratione
2975 5159 3108 5197 vana
3130 5151 3274 5215 esset
3323 5140 3554 5215 traditio.
3583 5140 3670 5196 Sic

2092 5216 2250 5270 etiam
2285 5212 2662 5284 Hieronymus,
2677 5215 2794 5269 loco
2806 5215 3109 5283 supradicto
3128 5212 3539 5281 :Multaque'alia
3561 5223 3670 5284 qua

2090 5287 2280 5356 scripta
2317 5302 2417 5340 non
2463 5282 2600 5349 sunt,
2632 5282 2946 5356 rationabilis
2970 5284 3064 5339 sibi
3084 5285 3361 5339 observatio
3384 5282 3665 5356 vindicavit.

2094 5352 2204 5410 Nec
2237 5356 2507 5427 Apostolus
2528 5355 2824 5427 obsequium
2846 5355 3037 5427 exigit,
3070 5357 3166 5410 nisi
3202 5355 3525 5427 rationabile.
3548 5352 3663 5427 Btc.

2162 5427 2225 5498 (1)
2248 5424 2399 5497 Apud
2426 5425 2635 5498 Judteos
2661 5424 2761 5479 tam
2776 5424 2996 5480 solemne
3011 5434 3109 5498 est.
3129 5427 3205 5498 De
3232 5424 3669 5498 vetandisgl'mnii-

2091 5493 2436 5560 nislomuibus
2451 5497 2829 5569 cujuscumque
2838 5497 3072 5569 generis,
3088 5493 3665 5569 ordinis,_conditionis,

2090 5566 2624 5643 mtatis,_dignitatis,
2676 5566 2751 5643 es
2787 5566 3068 5643 apostolo,
3107 5574 3254 5643 extat
3299 5566 3432 5622 liber
3471 5568 3669 5643 integer

2089 5641 2338 5713 Aucioris
2354 5637 2522 5713 quem
2544 5637 2907 5713 suspicorhoc
2933 5638 3311 5713 posteriorem,
3330 5651 3406 5713 eo
3426 5637 3564 5713 quod
3585 5637 3667 5713 hic

2090 5710 2304 5780 subdat,
2337 5700 2522 5778 Quaero
2552 5700 2732 5782 legérn,
2763 5700 3062 5781 Apostolum
3086 5706 3297 5780 differo.
3326 5700 3461 5764 Nam
3488 5707 3593 5767 illic
3615 5700 3667 5765 id
