3902 6312
78 5732 83 5769 ι

264 5808 401 5851 ...ην

78 5808 313 6151 L
380 5990 401 6019 .

312 292 385 357 89
1576 286 1781 346 LIBER
1821 286 1909 345 DE
1948 282 2218 343 CORONA
2231 324 2245 339 .
3468 275 3565 339 £0

308 431 414 488 que
457 423 508 472 et
546 414 596 470 in
639 413 806 484 prima
831 408 1164 468 dedicationis
1191 408 1554 473 solemnitate,
1588 417 1644 464 et
1685 388 1739 462 in
1766 421 1852 464 se-
1877 407 1932 470 Α
1956 403 2087 459 ritas
2129 411 2306 459 cessat
2349 400 2553 468 utendi,
2607 404 2854 459 cessante
2901 409 3089 458 natura
3119 398 3423 466 sentiendi;
3451 413 3560 472 qua

309 505 478 562 cnnda
524 503 863 560 restitutionis
892 502 967 573 (ι)
1006 499 1361 573 gratulatione
1398 500 1741 569 eompetissct
1769 514 1862 556 co-

300 597 492 659 ronari,
522 598 563 651 si
592 595 807 666 dignum
836 594 938 649 Deo
981 602 1123 649 esset
1149 592 1195 663 (I
1229 592 1406 656 Esdr.,
1434 592 1501 659 ν,
1535 594 1594 649 Il
1625 611 1641 660 ;
1673 593 1858 660 ICor.,

301 687 392 760 Χ).
415 687 622 759 Atquin,
649 688 693 742 si
723 688 895 757 figura:
916 697 1108 741 nostra:
1121 685 1337 741 fuerunt
1361 686 1484 754 (nos
1506 688 1649 741 enim
1675 700 1863 742 sumus

212 791 271 815 ’ί
292 792 345 838 et
393 780 579 851 templa
613 779 731 846 Dei,
783 789 836 836 et
879 779 1081 844 altaria,
1115 787 1169 836 et
1218 779 1522 851 luminaria,
1573 790 1631 836 et
1684 778 1859 848 vasa),

295 872 395 927 hoc
420 884 622 941 quoque
649 869 869 941 ﬁgurate
906 869 1325 940 portendebant,
1357 870 1601 927 homines
1634 872 1723 927 Dei
1763 888 1860 925 eo-

293 962 463 1019 ronari
513 977 614 1016 non
668 970 937 1030 oportere.
991 960 1216 1032 Imagini
1272 963 1477 1040 veritas
1529 962 1861 1040 respondere

293 1046 519 1109 debebit.
548 1051 602 1108 Si
639 1050 860 1106 forsitan
882 1036 1608 1122 cppWhristum
1634 1036 1862 1109 corona-

266 1130 499 1207 ’ῖιῖίιῖξὶιᾶ
529 1141 630 1197 hoc
657 1141 896 1198 breviter
923 1142 1139 1198 interim
1168 1142 1356 1199 audies
1384 1159 1398 1196 :
1430 1141 1520 1200 Sic
1542 1154 1597 1200 et
1624 1154 1680 1199 tu
1702 1159 1860 1200 coro-

286 1247 425 1298 nare,
455 1231 657 1287 licitum
703 1240 807 1286 est.
840 1230 1040 1288 Tamen
1070 1247 1190 1309 nec
1234 1233 1377 1288 illam
1406 1234 1695 1303 impietatis
1723 1249 1859 1290 con-

284 1322 565 1379 tumeliosa:
604 1337 864 1379 coronam
915 1323 1145 1394 populus
1174 1325 1436 1381 conscivit
1462 1326 1564 1397 (a).
1601 1325 1867 1381 Romano-

280 1431 391 1473 rum
437 1414 663 1471 militum
693 1425 1053 1472 commentum
1087 1414 1208 1485 fuit,
1232 1432 1299 1472 ex
1333 1431 1431 1471 usu
1461 1417 1539 1472 rei
1568 1418 1861 1480 saecularis,

278 1524 427 1578 quem
456 1508 689 1578 populus
724 1508 821 1563 Dei
851 1522 949 1563 nec
976 1507 1201 1578 publica:
1233 1523 1481 1579 umquam
1512 1509 1730 1578 ltetitiae,
1765 1524 1865 1566 nec

280 1600 518 1672 ingenitae
570 1600 800 1655 luxuriae
857 1600 1073 1655 nomine
1146 1600 1393 1665 admisit;
1451 1599 1660 1657 facilius
1738 1617 1861 1657 cum

282 1693 537 1766 tympanis
559 1702 615 1749 et
638 1692 783 1750 tibiis
802 1702 855 1749 et
876 1693 1147 1763 psalteriis
1168 1704 1444 1750 revertens
1464 1695 1531 1752 de
1550 1695 1882 1766 captivitate

1966 496 2083 550 vult
2125 494 2247 566 quis
2283 493 2555 561 abutatur,
2609 507 2732 549 eum
2784 508 2891 549 non
2943 492 3138 549 habeat
3191 506 3293 561 qua
3344 489 3559 545 utatur?

1964 587 2131 644 Nobis
2161 598 2340 643 autem
2368 586 2512 643 abuti
2544 587 2684 657 apud
2706 587 3006 657 apostolum
3035 603 3141 643 non
3171 586 3324 654 licet,
3350 584 3558 641 facilius

1972 697 2077 738 non
2108 683 2184 737 uti
2209 682 2511 746 docentem,
2547 682 2647 736 nisi
2688 681 2828 751 quod
2853 696 2954 737 nec
2982 681 3279 737 abutuntur
3308 679 3397 751 qui
3429 677 3563 734 nihil

1965 776 2227 832 sentiunt.
2255 775 2361 831 Sed
2389 784 2543 831 vacat
2567 784 2733 829 totum
2754 817 2768 841 ,
2800 784 2854 831 et
2881 783 2966 830 est
2989 774 3161 845 ipsum
3184 770 3399 845 quoque
3425 785 3564 843 opus

1966 878 2257 936 mortuum,
2286 877 2544 939 quantum
2574 868 2626 921 in
2655 865 2845 933 idolis;
2894 865 3073 920 vivum
3104 864 3263 935 plane
3302 868 3563 933 quantum

1967 961 2020 1017 in
2041 960 2345 1027 dmmoniis,
2365 960 2432 1015 ad
2456 976 2575 1031 qua:
2598 959 2826 1028 pertinet
2846 958 3182 1028 superstitio.
3209 954 3361 1010 ldola
3391 955 3563 1009 natio-

1964 1073 2107 1122 num,
2140 1056 2312 1126 inquit
2337 1055 2500 1111 David
2532 1053 2641 1120 (Ps.
2664 1052 2852 1117 CXIII,
2868 1053 2951 1124 4),
2976 1061 3240 1124 argentum
3266 1058 3312 1105 et
3339 1064 3520 1103 aurum
3544 1061 3564 1105 :

1965 1149 2139 1206 oculos
2159 1149 2362 1214 habent,
2382 1163 2473 1204 nec
2500 1147 2689 1212 vident,
2722 1161 2891 1211 nares,
2913 1160 3003 1200 nec
3031 1144 3333 1208 odorantur,
3354 1155 3559 1206 manus,

1966 1256 2062 1295 nec
2090 1249 2418 1295 contrectant.
2453 1239 2554 1295 Per
2578 1237 2695 1294 haec
2722 1238 2864 1293 enim
2892 1235 3116 1292 floribus
3145 1234 3244 1289 frui
3273 1241 3381 1289 est.
3409 1228 3565 1299 Quod

1970 1334 2016 1389 si
2051 1333 2187 1390 tales
2219 1332 2381 1388 edicit
2412 1331 2621 1386 futuros
2643 1330 2731 1400 qui
2763 1327 2904 1384 idola
2925 1326 3269 1392 fabricantur,
3303 1323 3437 1378 tales
3451 1321 3564 1392 jam

1968 1436 2096 1482 sunt
2123 1425 2221 1496 qui
2252 1410 2549 1481 secundum
2579 1422 2845 1478 idolorum
2885 1427 3133 1485 ornatum
3158 1415 3287 1488 quid
3318 1421 3562 1469 utuntur.

1970 1517 2160 1572 Omnia
2192 1516 2387 1571 munda
2416 1513 2628 1569 mundis
2654 1511 2778 1585 (Tit.
2804 1511 2845 1575 l,
2869 1511 2985 1581 15),
3004 1510 3075 1564 ita
3096 1517 3152 1564 et
3168 1503 3437 1590 immunda
3456 1517 3566 1558 om-

1968 1608 2352 1676 niaimmundis
2369 1626 2387 1673 ε,
2405 1606 2539 1662 nihil
2559 1615 2736 1661 autem
2752 1602 3074 1683 immundius
3095 1601 3272 1657 idolis.
3291 1600 3564 1657 Craterum

1966 1703 2291 1758 substantia:
2324 1699 2560 1765 mundae,
2594 1708 2650 1752 ut
2680 1697 2773 1752 Dei
2802 1711 2909 1761 res,
2938 1705 2993 1751 et
3018 1695 3118 1749 hac
3140 1709 3235 1749 sua
3255 1691 3566 1749 conditione

284 1782 596 1856 Babylonim,
623 1799 786 1854 quam
815 1800 938 1840 cum
968 1785 1185 1839 coronis
1214 1783 1257 1858 (Ι
1282 1784 1464 1851 Esdr.,
1496 1785 1540 1841 ll
1567 1797 1621 1843 et
1647 1787 1738 1857 Ill)
1767 1805 1779 1841 :
1804 1798 1861 1844 et
1889 1792 1935 1851 B
1963 1794 2414 1852 communes'usui
2435 1791 2556 1848 :sed
2571 1790 2740 1861 ipsius
2754 1803 2882 1843 usus
2903 1785 3297 1842 administratio
3318 1785 3562 1840 interest.

280 1889 391 1949 post
413 1878 583 1934 cibum
610 1887 667 1932 et
718 1887 902 1948 potum
944 1892 1241 1950 exsurgens
1288 1878 1357 1935 ad
1408 1880 1696 1936 ludendum
1743 1884 1860 1938 sine

280 1973 479 2029 coronis
500 1973 718 2046 (Exuit,
733 1971 956 2043 XXIII).
978 1973 1111 2028 Nam
1129 1988 1301 2043 neque
1322 1972 1523 2029 laetitia:
1542 1974 1854 2046 descriptio,

283 2081 444 2136 neque
497 2066 714 2122 luxuria:
764 2066 1038 2122 denotatio
1107 2065 1177 2122 de
1231 2081 1446 2121 corona:
1507 2066 1704 2124 decore
1767 2080 1858 2124 aut

286 2156 532 2214 dedecore
558 2162 830 2214 tacuisset.
856 2158 1005 2213 Adeo
1026 2167 1080 2213 et
1108 2157 1272 2214 Isaias
1293 2158 1314 2227 (.
1337 2156 1527 2213 XXIV.
1561 2158 1633 2230 9)
1669 2177 1682 2213 :
1720 2159 1859 2227 Quo.

284 2251 434 2319 niam,
458 2250 659 2321 inquit,
688 2267 804 2305 cum
830 2250 1086 2321 tympanis
1107 2259 1155 2305 et
1181 2250 1314 2305 tibiis
1342 2260 1388 2305 et
1410 2251 1661 2320 psalterit's
1685 2252 1857 2308 bibunt
1882 2260 1886 2267 '

282 2343 436 2396 rinam
463 2358 479 2397 :
506 2342 741 2398 dicturus
761 2352 904 2398 esset
931 2342 1091 2398 etiam
1113 2358 1229 2396 cum
1255 2342 1478 2409 coronis,
1512 2342 1558 2398 si
1598 2358 1849 2415 umquam

281 2433 362 2501 hic
387 2450 505 2492 usus
530 2435 715 2494 fuisset
744 2436 797 2492 in
826 2435 916 2492 Dei
948 2435 1130 2491 rebus.

882 2524 1110 2583 CAPUT
1136 2525 1207 2582 X.

345 2617 420 2672 Ita
446 2632 560 2674 eum
582 2617 782 2675 idcirco
803 2618 1059 2690 proponis
1084 2618 1309 2675 deorum
1331 2617 1668 2675 saecularium
1687 2634 1849 2677 orna-

282 2718 453 2765 menta
480 2711 634 2765 etiam
678 2710 819 2782 apud
872 2710 1036 2766 Deum
1067 2710 1413 2781 deprehendi,
1463 2720 1520 2767 ut
1570 2713 1709 2769 inter
1738 2716 1853 2770 haec

279 2814 522 2855 coronam
550 2816 762 2872 quoque
782 2800 974 2872 capitis
999 2803 1271 2858 communi
1301 2808 1419 2859 usui
1437 2803 1704 2873 vindices;
1738 2807 1853 2876 ipse

278 2892 369 2945 tibi
402 2891 505 2963 jam
530 2894 831 2967 pra-scribis
857 2910 962 2950 non
993 2894 1295 2952 habendum
1326 2898 1379 2952 in
1417 2899 1853 2956 communionem

275 3000 400 3041 usus
420 2985 512 3059 (2),
533 2987 670 3059 quod
694 3004 801 3044 non
824 2988 1128 3044 inveniatur
1153 2991 1205 3046 in
1227 2989 1319 3045 Dei
1344 2992 1525 3047 rebus.
1548 2990 1686 3060 Quid
1708 2995 1853 3049 enim

1964 1887 2095 1943 Nam
2140 1896 2195 1943 et
2239 1901 2341 1957 ego
2401 1884 2532 1939 mihi
2571 1881 2931 1955 gallinaceum
2986 1885 3185 1944 macto,
3238 1891 3346 1933 non
3385 1876 3564 1930 minus

1963 1998 2121 2054 quam
2150 1979 2466 2049 IEseuIapio
2490 1977 2744 2033 Socrates
2772 1973 2853 2046 (ά)
2883 1992 2896 2028 :
2929 1981 2984 2027 et
3034 1971 3078 2026 si
3133 1985 3217 2025 me
3238 1969 3374 2025 odor
3397 1969 3568 2025 alicu-

1957 2073 2047 2145 jus
2074 2072 2179 2128 loei
2205 2069 2529 2136 offenderit,
2562 2067 2771 2123 Arabiae
2800 2062 3001 2136 aliquid
3045 2062 3281 2117 incendo
3316 2059 3388 2134 (θ)
3422 2079 3435 2127 ;
3469 2063 3566 2121 sed
3656 2090 3661 2095 ι

1964 2179 2072 2220 non
2101 2162 2290 2219 eodem
2323 2162 2451 2226 ritu,
2474 2173 2575 2215 nec
2604 2157 2793 2213 eodem
2820 2155 3023 2219 habitu,
3059 2168 3160 2208 nec
3185 2152 3375 2208 eodem
3403 2168 3569 2224 appa-

1962 2263 2105 2319 ratu,
2153 2269 2261 2326 quo
2287 2253 2462 2324 agitur
2490 2249 2631 2321 apud
2675 2247 2837 2304 idola.
2871 2246 2929 2302 Si
2959 2246 3102 2301 enim
3130 2244 3296 2299 verbo
3324 2246 3467 2300 nudo
3497 2245 3565 2317 (Γ)

1966 2346 2211 2403 conditio
2243 2344 2519 2416 polluitur,
2538 2350 2597 2396 ut
2623 2338 2900 2411 apostolus
2920 2336 3080 2392 docet
3114 2355 3127 2390 :
3156 2336 3214 2390 Si
3241 2334 3361 2405 quis
3386 2343 3566 2391 autem

1960 2440 2158 2497 dixerit
2194 2458 2207 2494 :
2248 2438 2363 2495 Hoc
2415 2434 2772 2506 idolothytnm
2823 2441 2940 2497 est,
2986 2445 3056 2486 ne
3104 2428 3393 2500 contigeris
3438 2429 3562 2501 (g);

1960 2534 2132 2592 multo
2150 2533 2321 2604 magis
2337 2547 2461 2588 cum
2482 2528 2809 2586 saltitavcris
2822 2526 2900 2600 (3)
2919 2525 3122 2592 habitu,
3145 2533 3198 2580 et
3211 2524 3316 2580 ritu
3332 2533 3384 2579 et
3404 2539 3569 2596 appao

1956 2637 2075 2684 ratu
2104 2626 2547 2698 idol0tbytorum,
2578 2619 2996 2678 contaminatur.
3029 2618 3103 2674 Ita
3135 2627 3188 2673 et
3218 2632 3417 2673 corona
3446 2618 3568 2674 ido-

1953 2720 2219 2794 Iotbytum
2250 2718 2500 2783 efficitur.
2524 2715 2634 2770 Hoc
2663 2714 2806 2769 enim
2834 2712 2961 2778 ritu,
2993 2720 3049 2767 et
3080 2709 3285 2777 habitu,
3317 2719 3372 2766 et
3403 2724 3565 2781 appa-
3658 2767 3676 2786 ,

1956 2824 2072 2869 ratu
2104 2813 2249 2868 idolo
2270 2810 2574 2867 immolatur
2594 2804 2902 2861 auctoribus
2932 2803 3079 2859 suis:
3113 2816 3340 2872 quorum
3387 2817 3452 2856 eo
3481 2802 3566 2858 vel

1955 2906 2186 2961 maxime
2207 2904 2450 2973 proprius
2477 2908 2559 2955 est
2587 2913 2733 2961 usus,
2752 2911 2820 2952 ne
2847 2895 2899 2950 in
2925 2892 3359 2949 communionem
3389 2894 3570 2965 possit

1957 2996 2163 3051 admitti
2183 3038 2197 3059 ,
2221 2992 2364 3064 quod
2412 2993 2465 3047 in
2496 2991 2589 3046 Dei
2627 2988 2787 3045 rebus
2816 3002 2921 3042 non
2950 2985 3241 3042 invenitur.
3276 2985 3567 3054 Propterea

274 3088 376 3134 tam
429 3081 855 3152 indignum-Deo
879 3081 984 3154 (b),
1014 3098 1175 3153 quam
1224 3082 1367 3154 quod
1409 3083 1627 3154 dignum
1668 3085 1856 3141 idolo?
1892 3152 1927 3161 _
1959 3090 2234 3161 apostolus
2261 3087 2513 3144 inclamat
2536 3103 2551 3141 :
2573 3082 3316 3157 Fugitcidololatriam(lCor.
3338 3083 3411 3149 Χ,
3436 3085 3564 3156 It);

271 3169 398 3239 quid
438 3180 607 3228 autem
625 3180 732 3228 tam
755 3152 975 3244 dignum
1001 3152 1166 3240 idolo,
1190 3152 1349 3244 quam
1370 3152 1514 3245 quod
1535 3184 1591 3230 et
1611 3177 1859 3232 mortuo?
1883 3152 1929 3214 (ἶ
1972 3152 2188 3241 munem
2207 3183 2390 3254 utique
2406 3191 2462 3238 et
2478 3152 2946 3248 totam.'Recogita
2967 3152 3177 3242 silvam,
3196 3185 3249 3232 et
3264 3152 3570 3247 quantmla-

271 3261 401 3319 Nam
426 3273 479 3321 et
505 3274 836 3321 mortuorum
865 3275 948 3321 est
980 3265 1050 3321 ita
1080 3266 1328 3322 coronari
1363 3269 1436 3338 (c)
1469 3285 1482 3321 :
1519 3268 1773 3338 quoniam
1807 3277 1861 3325 et

277 3357 374 3427 ipsi
403 3360 535 3416 idola
577 3361 757 3417 statim
787 3361 921 3416 fiunt
947 3371 1002 3416 et
1031 3359 1215 3416 habitu
1243 3370 1297 3415 et
1325 3360 1474 3417 cultu
1500 3363 1859 3418 consecratio-

274 3447 374 3516 nis,
404 3466 519 3523 qnaa
544 3452 683 3521 apud
712 3468 811 3508 nos
851 3452 1086 3508 secunda
1118 3451 1418 3507 idololatria
1448 3462 1550 3507 est.
1577 3452 1745 3525 Igitur
1769 3454 1859 3525 qui

273 3552 425 3600 sensu
450 3525 684 3611 careant,
712 3546 927 3601 illorum
972 3546 1078 3602 erit
1118 3544 1341 3617 perinde
1371 3545 1445 3600 uti
1484 3560 1548 3600 ea
1592 3562 1653 3601 re
1694 3547 1848 3616 cujus

274 3645 478 3690 careant
501 3650 682 3701 sensu,
704 3645 867 3706 atque
895 3636 942 3691 si
966 3637 1111 3691 abuti
1137 3651 1199 3691 ea
1230 3634 1452 3703 vellent,
1478 3637 1523 3691 si
1550 3652 1711 3693 sensu
1744 3655 1847 3695 non

1977 3280 2133 3333 litant
2157 3276 2345 3346 spinae.
2373 3273 2520 3330 Nihil
2546 3273 2581 3328 d
2601 3271 2799 3327 andum
2830 3269 2999 3337 idolo,
3029 3270 3108 3325 sic
3126 3282 3226 3324 uec
3250 3268 3570 3325 sumendum

1968 3368 2037 3423 ab
2058 3367 2220 3423 idolo.
2265 3366 2319 3423 Si
2369 3366 2421 3421 in
2454 3356 2616 3420 idolio
2642 3361 2958 3418 recumbere
2981 3361 3212 3416 aliemun
3247 3370 3328 3416 est
3352 3376 3379 3414 a
3408 3359 3513 3415 fide
3546 3403 3564 3430 ,

1964 3460 2090 3529 quid
2119 3461 2170 3514 in
2194 3458 2319 3515 idoli
2345 3457 2527 3512 habitu
2556 3453 2766 3510 videri?
2795 3468 2914 3523 qua:
2941 3452 3245 3508 communio
3268 3450 3484 3507 Christo
3514 3463 3571 3509 et

1955 3552 2226 3623 Belite(h)?
2238 3560 2293 3607 et
2306 3550 2425 3607 ideo
2437 3550 2615 3619 fugite.
2634 3546 2876 3615 Longum
2889 3545 3029 3600 enim
3045 3543 3330 3600 divortium
3347 3543 3566 3600 mandat

1951 3644 2018 3699 ab
2035 3644 2353 3709 idololatria;
2376 3644 2427 3696 in
2460 3641 2604 3696 nullo
2629 3637 2869 3710 proxime
2889 3637 3174 3709 agendum.
3210 3638 3378 3694 Draco
3405 3637 3571 3693 etiam

274 3735 521 3784 carerent.
551 3726 704 3783 Nulla
734 3742 866 3784 vero
894 3727 1147 3784 distantia
1184 3737 1266 3785 est
1295 3727 1572 3795 abuteudi,
1599 3744 1722 3784 cum
1755 3746 1845 3787 ve-
1952 3728 2646 3808 terrenus(i)delo'nginqtto
2661 3731 2903 3787 homines
2916 3730 3571 3804 spiritttabsorbet.Altius

1424 3830 1427 3835 '
1537 3844 1914 3909 LECTIONES
1950 3851 2364 3909 VARIANTES.
2948 3854 2953 3857 '

334 3930 407 4060 (3
423 3933 800 4009 Prtestitutipuis
820 3935 982 4008 _Part's.

334 4001 353 4060 ι
422 3997 558 4060 Apud
573 4012 662 4049 nos
684 4005 851 4051 mserit
868 4001 982 4050 Sem

331 3997 401 4060 (2)
422 3997 558 4063 ama
573 4012 662 4049 nos
684 3997 851 4051 inserit
868 3997 1019 4050 Seml.

335 4195 621 4270 (a)rTamcn
645 4213 736 4270 nec
754 4196 901 4270 illam
925 4198 1200 4270 impietatis
1220 4197 1597 4270 contumeliosa:
1615 4216 1857 4255 coronam

266 4267 477 4342 populus
504 4267 1061 4342 gnsciritrPOpulns,‘
1087 4269 1189 4342 hoc
1207 4279 1310 4333 est,
1340 4267 1529 4342 Judaei.
1556 4269 1673 4325 Rte.

329 4338 487 4412 CAP.
517 4339 587 4394 Χ.
640 4368 711 4380 --
750 4338 829 4412 (ιι)
883 4340 1020 4405 Quid
1063 4341 1206 4412 enim
1249 4349 1353 4393 tant
1399 4339 1665 4412 indignum
1696 4340 1805 4397 Deo
1833 4344 1860 4398 ?

244 4409 424 4482 Βοῖος
465 4409 768 4481 argumenti
794 4410 964 4465 forma
992 4410 1271 4482 collectior
1295 4419 1380 4466 est
1429 4410 1485 4464 iu
1516 4413 1804 4481 exemplari
1839 4431 1853 4468 :

256 4481 396 4555 Quid
422 4485 583 4555 enim
626 4490 731 4535 tam
790 4482 1054 4555 indignum
1106 4481 1210 4555 _De_o
1234 4524 1269 4543 ,κ
1298 4496 1452 4552 quam
1481 4482 1617 4551 quod
1646 4484 1856 4555 dignum

248 4552 628 4625 idola.’_guam
665 4552 802 4622 quod
827 4562 874 4606 et
899 4553 1135 4607 mortuo?
1164 4553 1279 4625 Rue.
1332 4624 1339 4625 ί
1402 4606 1411 4610 _
1700 4552 1751 4625 ’ν
1814 4604 1819 4607 ,

324 4623 405 4698 (c)
434 4622 757 4678 Hunnorum
785 4634 875 4698 est
902 4625 975 4677 ita
1018 4624 1273 4698 coronari.
1322 4624 1520 4681 Scribit
1561 4625 1702 4698 enim
1727 4624 1854 4698 Pli-

254 4693 631 4756 uiis’eoronas
650 4693 1019 4765 sepulcrorum
1047 4706 1101 4750 et
1128 4695 1363 4753 manium
1388 4698 1642 4822 Ιιοὶιῖοιθοηι
1667 4694 1851 4753 fuisse.

1506 4783 1635 4822 una.

1506 4783 1635 4823 BEN.

327 4837 412 4911 (si)
468 4835 639 4905 Quam
693 4834 1001 4911 Ewutapia
1041 4836 1446 4911 Socratesaﬂoe
1482 4838 1643 4908 jussit
1687 4855 1853 4909 quum

255 4908 584 4979 in‘eareere
636 4917 801 4973 esset,
858 4909 1014 4978 paulo
1074 4917 1201 4978 post
1238 4908 1516 5036 ‘bibilul‘li:
1563 4908 1850 4968 venenum.

1520 4996 1644 5035 aeu.

1520 4996 1644 5035 BEN.

328 5048 902 5129 (e).Arabi¢_aliqttid_
929 5050 1175 5129 incendo:
1210 5048 1345 5129 Cum
1375 5050 1444 5106 de
1467 5067 1541 5129 se
1569 5052 1818 5129 loquitur
1838 5094 1855 5120 ,

454 5119 717 5179 vocabulo
764 5119 933 5174 thuris
972 5121 1047 5175 uti
1088 5121 1422 5176 reformidat.
1467 5122 1605 5177 Dixit
1635 5119 1853 5185 autem,

258 5190 463 5255 Wa
511 5190 712 5262 aliquid
738 5190 1008 5262 incendo:
1038 5192 1141 5247 hoc
1177 5201 1290 5262 est,
1321 5193 1520 5262 aliquid
1559 5192 1731 5247 thuris
1767 5194 1855 5250 vel

258 5266 441 5333 ω
479 5260 704 5318 srabici.
734 5260 800 5317 Et
830 5261 967 5319 libro
988 5263 1245 5319 adversus
1270 5260 1506 5330 Iudaeos,
1532 5263 1698 5333 spolia
1726 5264 1855 5318 Ara-

262 5332 367 5395 ω
400 5334 806 5403 interpretatur,
854 5349 1044 5389 aurum
1088 5342 1145 5390 et
1191 5334 1409 5390 odores.
1458 5332 1620 5390 Vetus
1668 5344 1855 5391 auctor

263 5402 648 5539 mla-glans
680 5420 696 5459 :
725 5402 941 5460 Arabice
976 5406 1098 5473 olet,
1131 5405 1184 5460 id
1206 5416 1305 5472 εει,
1336 5420 1403 5462 ex
1450 5405 1701 5463 odoribus
1743 5419 1862 5461 ara-

432 5544 600 5623 γενιρ
625 5545 786 5623 nuda.
810 5545 1001 5623 _Credo
1024 5548 1197 5623 virum
1228 5548 1622 5623 peritissimum
1641 5548 1693 5602 in
1709 5548 1850 5619 jure,

524 5616 597 5673 Id
630 5615 891 5699 formulas
928 5634 1048 5699 qua:
1086 5619 1140 5673 in
1166 5615 1284 5699 jure
1303 5628 1449 5699 sunt,
1479 5619 1565 5673 ubi
1599 5615 1852 5699 frequen-1

536 5688 741 5774 {unde
768 5686 1040 5774 possessio,
1069 5690 1210 5774 nuda
1250 5692 1553 5774 proprietas,
1583 5686 1721 5745 nuda
1750 5710 1852 5747 ra-

2023 3943 2096 4009 (5)
2119 3942 2428 3995 Saltitaveris
2445 3940 2575 3993 abest
2594 3954 2625 3991 a
2650 3941 2793 3990 Pam.
2823 3940 2964 4003 Le0p.

1590 4040 2172 4145 ICOMMENTARIUS.

1960 4205 2160 4274 prietas
2190 4204 2424 4260 admixta
2457 4222 2470 4258 :
2505 4203 2803 4273 proprietas
2823 4216 2853 4257 a
2876 4213 2984 4274 qua
3011 4199 3166 4254 abest
3194 4197 3568 4274 ususfructus:

1960 4271 2096 4329 ratio
2116 4318 2130 4339 ,
2162 4276 2250 4331 ubi
2283 4271 2517 4346 aliquod
2540 4271 2775 4346 debitu‘m
2805 4274 2856 4327 itt
2887 4271 3121 4346 rationes
3163 4272 3412 4346 refertur,
3445 4284 3571 4327 cum

1961 4338 2141 4402 tamen
2185 4347 2326 4401 nulla
2368 4338 2554 4401 caussa
2588 4338 2927 4414 praeﬁesserit
2954 4341 3162 4397 debiti:
3208 4340 3423 4414 traditio
3451 4356 3572 4414 quin

1963 4431 2067 4471 non
2123 4418 2283 4474 habet
2308 4420 2508 4486 justam
2559 4412 2624 4486 et
2658 4416 2902 4486 idoneam
2941 4427 3185 4486 caussam
3215 4412 3572 4486 transferendi

1880 4509 1933 4569 Ι)
1961 4486 2202 4543 dominii.
2235 4484 2326 4569 Sic
2354 4502 2481 4569 ergo
2509 4485 2722 4569 trudunt
2769 4484 2993 4569 verbum
3020 4485 3144 4547 erit,
3166 4498 3285 4569 quo
3325 4484 3445 4569 quis
3471 4484 3572 4569 ad-

1960 4570 2210 4614 monetur
2256 4558 2327 4614 ab
2380 4553 2596 4613 homine
2639 4558 2691 4611 in
2737 4553 2846 4627 quo
2885 4554 3029 4627 nulla
3059 4553 3353 4627 auctoritas
3380 4553 3573 4627 admo-

1960 4630 2143 4755 nendli:
2178 4631 2329 4700 quasi
2359 4628 2465 4686 tale
2507 4630 2578 4685 sit
2620 4624 2822 4683 nudum
2851 4626 2997 4682 omni
3039 4624 3356 4680 auctoritate
3386 4633 3442 4680 et
3468 4625 3573 4683 ful-

1960 4713 2070 4755 cro.
2141 4716 2227 4755 ac.
3504 4717 3513 4721 “

1957 4713 2070 4755 CI‘O.
2097 4713 2227 4756 ΒΑΕ.
3504 4717 3513 4721 “

2018 4774 2110 4898 (fg)
2132 4769 2246 4825 Hoc
2265 4771 2604 4842 idolothytum
2618 4779 2710 4837 est,
2727 4787 2790 4825 ne
2809 4768 3095 4839 contigeris.
3114 4766 3256 4822 Istud
3274 4783 3336 4822 ex
3354 4767 3571 4837 Apost.,

2062 4858 2168 4898 or..
2200 4841 2378 4898 X.28.
2410 4843 2497 4897 ubi
2539 4843 2756 4897 retinuit
2780 4855 2965 4896 vocem
2991 4854 3221 4898 graecam
3251 4843 3570 4898 εὶδωλόθυτιν.

1958 4840 1979 4896 I
2018 4840 2168 4908 con,
2200 4841 2378 4909 X,28,
2410 4840 2497 4897 ubi
2539 4843 2756 4897 retinuit
2780 4855 2965 4896 vocem
2991 4854 3221 4909 grascam
3251 4843 3570 4906 εἰδωλόθυτον,

2001 4928 2062 4985 ro
2083 4929 2149 4968 eo
2169 4913 2313 4985 quod
2338 4913 2603 4983 interpres
2628 4924 2811 4985 noster
2836 4912 3013 4985 vertit‘
3023 4911 3344 4985 immolatum
3364 4982 3373 4985 Α
3391 4912 3567 4965 idolis.

2020 4986 2154 5039 irtnn
2178 4980 2260 5039 est
2280 4995 2460 5039 autem
2480 4980 2911 5055 quomodolegat
2944 5001 2958 5038 :
2986 4980 3036 5055 Ν
3042 4999 3106 5036 οη
3132 4982 3563 5055 contige_ris,_cum

1960 5069 2139 5125 graece
2164 5056 2232 5110 sit
2259 5066 2333 5124 μή
2377 5052 2588 5119 εσθίεὶ-ε,
2632 5054 2773 5124 quod
2815 5052 2920 5109 non
2963 5052 3122 5108 aliter
3165 5052 3438 5125 transferri
3469 5066 3569 5125 po-

1963 5121 2066 5181 test
2115 5121 2275 5197 quam
2321 5127 2476 5181 sicuti
2525 5121 2709 5181 noster
2752 5128 3058 5197 interpres,
3106 5139 3168 5176 ne
3217 5121 3565 5246 ngntdncaris.

3289 5207 3382 5246 an.

3289 5207 3382 5246 AI.

2029 5266 2113 5336 (lt)
2148 5268 2273 5334 Qute
2317 5268 2605 5323 communio
2658 5267 2882 5333 Christo,
2924 5262 3281 5336 etc._Dil_atat
3326 5261 3567 5336 cognatis

1959 5331 2319 5409 aliis'Drogon
2349 5340 2586 5410 episcOp.
2610 5331 3013 5394 HoSIien.'Aliis
3036 5333 3341 5401 Cassianus,
3374 5331 3564 5389 Callet.

1965 5407 2084 5463 XII.
2117 5410 2332 5463 caoJG.
2367 5409 2501 5463 Lac.

2046 5410 2084 5472 l,
2117 5410 2332 5472 capin.
2367 5410 2501 5465 Lac.

2038 5424 2099 5552 (Ii)
2117 5424 2847 5552 (Efﬁgiemsrterruiusude
2877 5473 3153 5552 longinquo
3194 5473 3421 5552 homines
3450 5474 3561 5545 spi-

1960 5546 2061 5604 ritu
2082 5546 2340 5605 absorbet.
2396 5549 2662 5605 Parnelius
2702 5546 2905 5602 edidit:
2939 5546 3113 5597 Draco
3143 5546 3296 5598 etiam
3325 5555 3557 5597 terrenus

1958 5622 2024 5676 dc
2068 5620 2339 5690 longinquo
2377 5637 2479 5675 non
2519 5620 2684 5672 minus
2718 5617 2910 5690 spiritu
2939 5615 3169 5690 absorbet
3207 5615 3388 5690 al_ites._
3418 5613 3558 5690 Qua

1955 5683 2174 5761 sumpta'
2191 5683 2438 5747 videntur
2461 5705 2525 5744 ex
2564 5691 2627 5741 iis
2657 5683 2774 5758 qua:
2801 5684 2871 5761 de
2897 5684 3146 5761 basilisca
3184 5683 3344 5761 refert
3371 5683 3553 5761 Isido-

799 5750 1088 5819 :videlic'et
1125 5750 1397 5833 possessio
1438 5750 1552 5819 cui'
1579 5776 1684 5820 non
1711 5778 1842 5836 pro-
1953 5750 2315 5835 rus,'draconi
2351 5760 2573 5819 minime
2600 5750 2994 5816 convenientia.
3023 5755 3207 5826 Longe
3232 5754 3387 5810 aliter
3415 5750 3544 5810 edi-
