3902 6312
0 2643 5 2656 _
19 2596 133 2649 Utrm
142 2596 279 2648 Numa

0 2660 219 2715 σκλςὶῆια.

0 2716 225 2767 Seu-um,

280 284 342 360 ill

1682 292 2148 362 TERTULLIANI

280 406 545 493 Ioannes:
576 412 770 490 Filioli,
793 398 984 493 inquit,
1003 418 1247 483 custodite
1273 424 1360 478 vos
1385 418 1449 476 ab
1473 418 1624 476 idolis
1656 415 1871 495 (IJoan.
1900 419 1954 482 Α
1981 418 2146 475 Deum
2169 415 2312 490 diligi
2336 413 2533 489 (Exod.
2560 412 2692 485 XX;
2720 410 2881 474 Levit.
2907 402 3054 491 XIX)
3072 412 3311 491 prmcipit
3328 410 3421 490 (e),
3443 433 3589 489 quos

284 509 356 595 γ,
381 510 477 586 2i)
494 528 515 580 ;
532 529 636 569 non
649 511 759 587 jam
784 499 852 570 ab
878 508 1174 571 idololatria
1204 515 1353 587 quasi
1372 513 1438 570 ab
1459 513 1632 570 ofﬁcio
1648 556 1662 581 ,
1688 513 1784 571 sed
1805 514 1872 570 ab

285 598 400 678 ipsa
415 605 594 678 efﬁgie
621 622 828 664 eorum.
858 606 1140 681 Indignum
1172 611 1314 663 enim
1337 618 1395 663 ut
1419 609 1596 680 imago
1624 608 1720 664 Dei
1744 608 1870 673 vivi,

287 698 461 768 imago
489 698 612 754 idoli
639 708 696 755 et
720 700 917 756 mortui
946 699 1041 757 fias
1074 700 1174 773 (i).
1206 700 1383 771 Usque
1422 702 1597 758 adhuc
1629 702 1875 772 proprie-

287 783 449 844 tatem
481 776 634 845 istius
659 789 871 847 habitus
902 800 951 847 et
981 808 1046 847 ex
1076 792 1298 862 originis
1326 808 1512 860 censu,
1561 803 1614 849 et
1666 809 1730 848 ex
1789 774 1893 849 sua.

287 882 623 953 perstitionis
664 898 763 938 usu
819 883 976 939 idolis
1028 884 1379 951 vindicamus,
1404 901 1468 941 ex
1510 901 1577 942 eo
1615 896 1875 956 praeterea

287 962 454 1055 quod,
476 958 605 1030 dum
635 974 689 1031 in
708 975 867 1031 rebus
887 976 979 1032 Dei
999 992 1102 1032 non
1130 975 1382 1040 refertur,
1412 978 1581 1049 magis
1606 979 1882 1049 magisque

283 1064 466 1139 imago
493 1068 703 1125 illorum
721 1069 1028 1142 deputatur,
1043 1069 1096 1126 in
1117 1088 1345 1142 quorum
1370 1082 1427 1149 et
1450 1071 1878 1144 antiquitatibus,

290 1166 343 1219 et
358 1162 808 1239 solemnitatibus,
829 1173 883 1224 et
900 1164 1096 1220 ofﬁciis
1122 1165 1459 1221 convenitur.
1489 1164 1621 1236 Ipsae
1649 1165 1883 1237 denique

294 1248 457 1328 fores,
490 1264 544 1309 et
598 1255 725 1327 ipsa:
754 1252 944 1311 hostiae
971 1265 1025 1311 et
1054 1271 1184 1326 arte,
1212 1255 1311 1326 ipsi
1336 1257 1562 1312 ministri
1596 1267 1649 1312 et
1693 1272 1879 1314 sacer-

290 1343 444 1423 dotes
482 1344 558 1419 (a)
583 1361 767 1403 eorum
807 1358 1134 1404 coronantur
1184 1348 1429 1421 (Boruch,
1460 1350 1551 1413 VI,
1600 1350 1679 1419 9).
1710 1349 1884 1427 Habes

292 1436 529 1493 omnium
601 1439 950 1511 collegiorum
1000 1441 1412 1498 sacerdotalium
1462 1457 1691 1498 coronas
1743 1440 1882 1513 apud

291 1518 593 1585 Claudium.
616 1530 721 1586 Sed
751 1541 805 1587 et
834 1530 977 1587 illam
1012 1532 1445 1589 iutcrstruximus
1482 1533 1882 1590 distinctionem

292 1606 612 1680 differentiae
656 1625 996 1680 rationalium
1029 1636 1080 1681 et
1112 1626 1521 1693 irrationalium,
1571 1627 1649 1683 eis
1690 1642 1883 1683 occur-

1976 521 2031 571 et
2057 512 2413 585 Evangelium.
2436 510 2653 587 (Matth.
2683 510 2877 579 XXVI,
2912 513 2999 584 ll)
3033 512 3148 568 solo
3173 511 3388 568 Christo
3409 513 3589 585 pluris

1978 622 2086 662 non
2141 604 2359 667 faciens,
2404 604 2482 659 sic
2530 620 2743 675 quoque
2797 603 3079 660 honoravit
3134 604 3207 675 (Γ)
3252 604 3295 677 (1
3321 604 3437 661 Cor.
3472 604 3587 673 Vl;

1980 698 2170 753 Matth.
2199 698 2246 755 γ
2269 715 2282 763 ;
2307 697 2330 753 1
2365 696 2482 753 Cor.
2508 696 2925 772 VllI)?Licebit
2954 698 3005 752 in
3030 697 3208 769 gladio
3247 698 3588 766 conversari,

1984 790 2208 846 Domino
2236 790 2642 861 pronuntiante,
2680 789 2857 863 gladio
2908 786 3216 859 periturum!
3258 789 3350 860 qui
3395 789 3584 862 gladio

1985 881 2145 938 fuerit
2170 882 2332 939 usus?
2363 881 2434 937 Et
2452 882 2636 954 prtelio
2659 880 2970 952 cperabitur
2998 882 3136 945 ﬁlius
3170 881 3340 954 pacis,
3372 884 3455 938 cui
3484 876 3595 939 nec

1984 975 2193 1044 litigare
2244 977 2529 1032 conveniet
2557 976 2635 1049 (g)
2655 976 2678 1031 ?
2702 976 2995 1032 Etvincula
3026 985 3081 1033 et
3106 991 3379 1033 carcerem
3401 986 3452 1033 et
3474 984 3594 1033 tor.

1985 1079 2167 1126 menta
2197 1079 2249 1126 et
2295 1069 2554 1141 supplicia
2583 1069 3001 1147 administrabit,
3031 1085 3131 1126 nec
3174 1084 3395 1125 suarum
3440 1070 3593 1127 ultor

1986 1161 2344 1230 iniuriarum?
2394 1160 2513 1218 Jam
2568 1163 2859 1230 stationes,
2915 1170 3008 1217 aut
3057 1162 3146 1218 alii
3199 1162 3370 1232 magis
3422 1161 3588 1218 faciet

1963 1271 2142 1329 .quam
2200 1255 2452 1312 Christo?
2478 1265 2570 1311 aut
2612 1265 2665 1312 et
2718 1257 2996 1314 Dominico
3044 1257 3171 1325 die,
3227 1256 3446 1330 quando
3482 1272 3593 1315 nec

1985 1350 2234 1407 Christo?
2262 1360 2314 1405 et
2342 1349 2630 1407 excubabit
2674 1365 2771 1421 pro
2797 1350 3034 1423 templis,
3080 1350 3275 1422 quibus
3306 1351 3553 1407 renuntia
3569 1380 3599 1424 -ἧ

1986 1442 2105 1497 vit?
2132 1452 2184 1497 et
2208 1442 2441 1497 coenahit
2459 1443 2568 1498 illic
2594 1441 2681 1499 ubi
2714 1443 2959 1514 apostolo
2985 1457 3093 1498 non
3130 1442 3341 1512 placet?
3372 1453 3427 1498 et
3449 1459 3591 1515 quos

1987 1533 2221 1591 interdiu
2244 1535 2563 1591 exorcismis
2609 1534 2836 1607 fugavit,
2867 1536 3115 1591 noctibus
3143 1535 3466 1603 defensabit,
3500 1536 3591 1592 in-

1987 1627 2245 1682 cumbens
2272 1636 2326 1683 et
2348 1626 2426 1700 (h)
2446 1627 2791 1697 requiescens
2810 1643 2970 1698 super
3012 1627 3178 1698 pilum
3210 1628 3308 1700 (2).
3334 1643 3442 1699 quo
3463 1644 3596 1698 per-

292 1712 502 1772 rentem
541 1717 631 1786 qui
659 1718 1093 1774 communionem
1138 1719 1190 1774 in
1232 1720 1481 1791 omnibus
1517 1720 1585 1776 de
1631 1736 1886 1792 quorum-
1915 1735 1963 1794 Β
1993 1718 2194 1775 fessum
2221 1729 2303 1775 est
2330 1720 2466 1776 latus
2493 1717 2689 1775 Christi
2741 1719 2959 1791 (Joann.
2990 1719 3137 1789 XIX,
3179 1720 3310 1790 54)?
3335 1721 3598 1779 vexillum

295 1805 417 1865 dam
447 1811 813 1882 exemplorum
852 1812 1135 1868 occasione
1161 1812 1473 1870 defendunt.
1505 1815 1584 1872 Ad
1612 1815 1748 1870 hanc
1788 1814 1888 1871 ita-

296 1891 401 1988 que
435 1913 638 1971 partem
662 1918 879 1959 caussas
915 1898 1025 1975 jam
1048 1906 1198 1973 ipsas
1242 1909 1551 1963 coronarias
1581 1907 1769 1979 inSpici
1802 1922 1890 1962 su-

296 2003 509 2079 perest,
531 2003 587 2049 ut
607 1993 733 2050 dum
772 1996 1105 2079 ostendimus
1129 2007 1435 2065 extraneas,
1468 2001 1575 2055 imo
1594 2010 1646 2057 et
1672 2011 1888 2056 contra-

296 2086 408 2140 rias
460 2068 776 2157 disciplina},
832 2068 1033 2147 nullam
1082 2105 1266 2146 earum
1326 2091 1549 2147 rationis
1596 2092 1892 2162 patrocinio

296 2168 483 2247 fultam
510 2177 816 2247 probemus,
846 2196 953 2251 quo
972 2178 1137 2251 possit
1164 2183 1377 2239 habitus
1408 2182 1733 2254 hujnsmodi,
1762 2202 1890 2244 usus

298 2278 514 2353 quoque
560 2272 923 2355 communioni
972 2273 1230 2337 vindicari
1286 2291 1300 2328 :
1350 2275 1451 2331 etsi
1504 2286 1630 2332 sunt
1654 2276 1885 2351 fquidam

296 2375 524 2433 quorum
547 2362 791 2436 exempla
816 2363 967 2419 nobis
987 2366 1340 2434 obiectantur.

858 2522 865 2527 ,
903 2455 1131 2516 CAPUT
1196 2458 1309 2529 xu

343 2546 348 2553 ’
373 2545 610 2616 Etenim,
637 2557 698 2605 ut
724 2547 894 2620 ipsam
923 2565 1166 2608 caussam
1195 2568 1412 2611 coronae
1440 2555 1686 2613 militaris
1709 2572 1898 2629 aggre-

303 2634 443 2708 diar,
498 2650 626 2713 puto
679 2642 829 2715 prius
881 2645 1306 2717 conquirendum
1368 2646 1443 2721 (b)
1511 2664 1577 2705 an
1627 2650 1677 2704 in
1732 2660 1899 2707 totum

302 2724 621 2811 Christianis
667 2736 855 2792 militia
895 2738 1198 2797 conveniat.
1229 2730 1397 2810 Quale
1440 2751 1522 2798 est
1550 2742 1785 2815 alioquin
1835 2743 1902 2801 de

303 2826 672 2885 accidentibus
703 2837 1012 2896 retractare,
1053 2847 1173 2886 cum
1219 2847 1249 2886 a
1295 2826 1725 2902 praecedentibus
1749 2836 1900 2906 culpa

1993 1827 2206 1882 quoque
2231 1811 2467 1881 portabit
2498 1810 2746 1869 aemulum
2770 1810 3007 1867 Christi?
3032 1820 3090 1867 ct
3117 1813 3327 1883 signum
3352 1812 3602 1883 postula-

1994 1903 2073 1960 bit
2095 1919 2124 1958 a
2156 1904 2417 1974 principe,
2446 1903 2533 1971 qui
2558 1903 2729 1973 jama
2759 1904 2871 1959 Deo
2899 1904 3144 1974 accepit?
3170 1913 3413 1960 mortuus
3435 1906 3602 1961 etiam

1997 1994 2123 2050 tuba
2147 1994 2528 2063 inquietabitur
2556 1994 2859 2062 aeneatoris,
2888 1994 2980 2066 qui
3019 1994 3240 2049 excitari
3284 2011 3317 2049 a
3345 1994 3469 2051 tuba
3496 2010 3598 2050 au-

1997 2088 2099 2170 ge_li
2127 2087 2448 2157 exspectat?
2474 2095 2528 2142 et
2556 2087 2882 2144 crcmahitur
2914 2102 2980 2143 ex
3009 2087 3293 2158 disciplina
3336 2088 3606 2144 castrensi

1986 2180 2354 2249 Christianus,
2377 2183 2464 2240 cui
2494 2198 2735 2241 cremare
2758 2200 2865 2240 non
2907 2184 3059 2241 licuit
3089 2184 3154 2258 (i)
3174 2226 3191 2251 ,
3227 2184 3314 2255 cui
3354 2183 3611 2240 Christus

1996 2278 2189 2333 merita
2220 2280 2354 2349 ignis
2383 2276 2640 2334 indulsit?
2663 2280 2869 2347 Quanta
2906 2278 3011 2334 alia
3036 2276 3091 2333 in
3115 2276 3328 2334 delictis
3356 2277 3598 2333 circum-

1998 2372 2132 2442 Spici
2182 2380 2408 2442 possunt
2450 2373 2803 2429 castrensium
2872 2373 3135 2440 munium,
3190 2374 3586 2444 transgression

1999 2464 2434 2536 interpretanda?
2469 2464 2646 2535 Ipsum
2675 2465 2744 2521 de
2770 2466 2964 2523 castris
2993 2465 3126 2521 lucis
3154 2466 3207 2520 in
3233 2475 3411 2521 castra
3442 2475 3603 2525 tene-

2000 2557 2217 2613 brarum
2248 2557 2708 2626 nomenideferre,
2738 2558 3097 2631 transgressio
3144 2567 3230 2614 est
3271 2561 3374 2628 σγ.
3420 2559 3611 2627 Plane,

2006 2649 2052 2705 si
2080 2664 2214 2721 quos
2244 2650 2432 2706 militia
2458 2659 2763 2721 prteventos
2794 2649 2927 2707 ﬁdes
2956 2650 3222 2720 posterior
3250 2649 3480 2716 invenit,
3502 2651 3615 2707 alia

2006 2743 2245 2800 conditio
2269 2752 2372 2811 est,
2414 2753 2474 2799 ut
2521 2743 2738 2800 illorum
2767 2758 2902 2813 quos
2926 2742 3164 2801 Joannes
3190 2742 3510 2799 admittebat
3539 2742 3613 2801 ad

2007 2838 2279 2895 lavacrum
2319 2837 2454 2911 (Luc
2496 2836 2587 2903 Ill,
2618 2835 2697 2907 ὃ),
2746 2846 2806 2893 ut
2853 2837 3227 2893 centurionum
3264 2835 3620 2891 ﬁdelissimo-

302 2916 409 3007 sit?
459 2918 813 2977 Credimusne
844 2921 1134 2977 humanum
1162 2935 1559 2981 sacramentum
1593 2926 1663 3000 (c)
1719 2927 1904 3007 divino
2007 2944 2149 2994 rum,
2197 2945 2355 3001 quem
2386 2928 2630 2986 Christus
2664 2929 2856 3000 probat
2887 2929 3105 3000 (Matth.
3136 2926 3303 2994 Vllll,
3348 2936 3405 2982 et
3446 2941 3615 2997 quem

304 3006 593 3082 superduci
621 3012 802 3081 licere,
835 3023 889 3070 et
937 3015 989 3071 in
1033 3014 1196 3071 alium
1249 3017 1525 3074 dominum
1575 3006 1901 3093 respondere
2010 3021 2200 3077 Petrus
2230 3020 2526 3077 catechizat
2554 3020 2688 3093 (Act.
2717 3020 2828 3093 X):
2857 3020 2983 3075 dum
3010 3030 3212 3088 tamen,
3240 3026 3488 3088 suscepta
3506 3016 3619 3075 ﬁde

304 3114 428 3185 post
455 3103 764 3162 Christum?
789 3117 844 3164 et
867 3108 1073 3187 ejerare
1102 3111 1181 3183 (ά)
1213 3121 1419 3182 patrem
1448 3129 1509 3168 ac
1544 3123 1768 3170 matrem
1796 3155 1810 3181 ,
1843 3125 1899 3171 et
1924 3095 1968 3158 Ο
2003 3126 2162 3187 atque
2188 3115 2429 3186 signata,
2460 3123 2552 3170 aut
2576 3112 2931 3173 deserendum
2962 3113 3145 3169 statim
3194 3110 3266 3167 sit
3321 3110 3423 3183 (κ).
3470 3119 3530 3164 ut
3574 3124 3613 3164 δ

306 3200 522 3255 omnem
580 3200 918 3272 proximum,
961 3217 1097 3275 quos
1136 3213 1190 3260 et
1236 3202 1323 3260 lex
1371 3198 1623 3262 honorari
1669 3214 1725 3262 et
1781 3216 1903 3277 post
2006 3208 2193 3283 multis
2246 3215 2449 3275 actum,
2478 3213 2573 3263 aut
2614 3206 2865 3263 omnibus
2909 3205 3086 3264 modis
3110 3203 3495 3272 cavillandum,
3544 3216 3619 3259 ne

1543 3319 1926 3380 LECTIONES
1962 3320 2377 3380 VARIANTES.

2074 3433 2143 3502 (2}
2171 3435 2373 3486 Luucho
2394 3435 2547 3486 Fran.
2569 3429 2736 3485 Paris.

1703 3543 2256 3603 COMMENTARIUS.

371 3402 579 3497 (l)‘Fist
601 3428 758 3485 Semt.

312 3642 466 3732 derat
491 3658 784 3716 Rhenanus
819 3678 834 3716 :
864 3642 1034 3732 Draco
1064 3659 1216 3732 etiam
1257 3668 1487 3732 terrenus
1526 3659 1596 3715 de
1632 3659 1906 3732 longinquo

314 3730 536 3787 hominis
577 3732 788 3801 spiritus
829 3731 1076 3786 absorbet.
1123 3729 1272 3799 Quod
1302 3731 1547 3800 proxime
1591 3729 1908 3801 accedit‘ad

313 3818 495 3859 veram
546 3802 830 3873 lectionem
860 3817 1018 3873 quam
1069 3803 1402 3858 restituimus
1453 3817 1483 3856 e
1531 3800 1719 3857 codice
1763 3804 1909 3867 Ago-

315 3875 468 3933 bardi
503 3892 515 3925 :
552 3872 723 3928 Draco
762 3873 914 3944 etiam
962 3883 1189 3944 terrenus
1237 3873 1300 3929 de
1324 3872 1634 3944 longinquo,
1684 3873 1910 3944 homines

314 3947 524 4018 spiritus
569 3945 818 4018 absorbet.
868 3943 1001 4018 Nam
1052 3942 1138 4018 hic
1165 3944 1274 4018 agit
1321 3942 1682 4018 Tertullianus
1721 3943 1788 3999 de
1824 3943 1908 3997 fu-

316 4015 507 4086 gienda
532 4017 852 4082 idololatria,
879 4033 941 4071 ex
965 4017 1110 4072 Pauli
1128 4015 1194 4070 ad
1216 4015 1526 4072 Corinthios
1547 4026 1836 4084 percepto,
1858 4024 1911 4070 ct

317 4089 787 4159 fugiendumesse
823 4089 897 4159 ait
948 4103 1123 4159 quam,
1160 4086 1507 4159 longissime;
1538 4086 1689 4159 quia
1739 4086 1911 4159 Draco

317 4156 610 4233 terrenus,
635 4173 826 4233 nempe
851 4156 1078 4233 Satanas
1114 4156 1388 4233 infernus2
1420 4157 1609 4233 spiritu
1645 4166 1702 4212 et
1725 4156 1911 4233 afflatu

318 4227 419 4299 suo
468 4230 713 4297 homines
755 4227 1048 4295 absorbet,
1075 4229 1236 4283 etiam
1262 4228 1331 4283 de
1372 4227 1684 4298 longinquo.
1715 4227 1912 4299 deinde

320 4297 503 4373 adjicit
542 4317 606 4357 ex
654 4302 837 4373 prima
868 4299 1095 4373 Joannis
1126 4319 1139 4355 :
1186 4299 1363 4373 Altius
1407 4297 1634 4354 Joannes
1663 4297 1908 4373 :Filioli,

320 4370 567 4444 custodite
605 4388 691 4429 vos
731 4374 793 4426 ab
822 4371 994 4444 idolis.
1042 4370 1152 4444 I_luc
1202 4380 1305 4444 est,
1335 4370 1729 4444 Joannes_rem
1754 4370 1913 4444 altius

320 4440 547 4513 repetit,
577 4454 630 4497 et
678 4458 783 4497 non
814 4443 986 4499 solmn
1042 4442 1346 4513 fugiendam
1391 4456 1513 4513 esse
1552 4440 1908 4513 idololatriam

323 4511 653 4588 pronuntiat,
687 4531 869 4588 verum
893 4514 1053 4571 etiam
1083 4511 1497 4588 fugiendaidola
1529 4512 1662 4588 ipsa.
1689 4511 1808 4588 lito.

358 4644 365 4657 ,
396 4587 477 4655 (a)
505 4585 619 4655 Ipsi
644 4586 861 4643 ministri
899 4595 945 4651 et
989 4585 1289 4645 sacerdotes.
1338 4581 1780 4657 Tradit__'Plinius
1821 4598 1912 4638 c0-

323 4653 486 4713 l‘tmas
517 4653 743 4727 primum
769 4657 906 4711 inter
927 4670 1079 4711 sacra
1104 4664 1320 4727 tantum
1357 4666 1411 4710 et
1432 4653 1657 4710 bellicos
1683 4656 1914 4710 honores

325 4726 702 4801 suumhomen
749 4728 1065 4801 vindicasse.
1101 4726 1273 4801 RtlEN.
1353 4798 1364 4801 _
1481 4764 1485 4773 .

333 4794 373 4877 λ
399 4798 552 4855 CAP.
581 4797 1249 4877 X_l.7-(b)liortquit'endurn
1269 4814 1334 4877 an
1347 4798 1581 4877 inlotum
1597 4796 1800 4877 Clu'isti.
1818 4794 1917 4877 Qui

329 4867 439 4941 non
467 4872 729 4940 permittit
744 4867 798 4925 ut
819 4868 1153 4926 Christianus
1168 4868 1385 4941 ethnico
1407 4867 1741 4941 belligeranti
1766 4874 1922 4941 navet

328 4938 571 5014 pperam.
598 4957 666 4997 an
698 4940 1055 5014 permissurus
1092 4948 1175 4995 est
1219 4950 1276 4996 ut
1302 4940 1639 5014 Christianus
1665 4938 1924 5014 Cbristia:

330 5008 425 5081 ni),
454 5012 557 5073 hoc
590 5020 674 5068 est
701 5008 895 5069 fratres
918 5021 1268 5082 persecutum
1289 5012 1607 5082 Asemiliteiu
1632 5008 1918 5077 adiungat?

330 5084 472 5151 haud
507 5084 667 5143 dubie
695 5080 984 5155 numquam
1025 5081 1253 5155 credidit
1278 5080 1513 5139 futurum
1557 5081 1922 5155 ’[ertullianus

332 5167 393 5213 ut
411 5155 700 5219 Christiani
734 5152 932 5217 mutuis
961 5152 1126 5208 armis
1149 5164 1549 5208 concurrerent.
1578 5152 1749 5207 linea.

337 5270 359 5295 ,ς
405 5229 482 5297 (c)
513 5222 781 5283 Credimus
804 5228 1171 5297 nehumanum
1188 5233 1582 5279 sacramentum.
1622 5223 1827 5281 Alludit
1859 5221 1926 5278 ad

362 5296 726 5366 acramemnm
768 5306 822 5361 et
873 5296 1278 5365 responsionem
1321 5298 1435 5352 sive
1482 5297 1926 5352 contestationem

355 5368 829 5439 ldeiinwhaptismo
855 5366 1068 5422 factam.
1096 5366 1233 5421 PAI.

342 5490 355 5498 .
376 5437 491 5512 ,(d)
516 5438 584 5512 Et
611 5437 1027 5512 ejerarepatrem
1054 5454 1114 5512 ac
1137 5448 1367 5504 matrem,
1396 5446 1500 5494 etc.
1526 5437 1646 5512 Ἶρι
1698 5440 1783 5512 illa
1824 5439 1929 5508 eje-

333 5526 452 5578 rare
469 5509 618 5567 idem
648 5519 730 5564 est
769 5519 929 5579 atque
965 5509 1204 5564 abdicare
1246 5524 1343 5566 seu
1382 5511 1693 5567 renuntiare.
1727 5511 1930 5567 Sensus

335 5590 515 5649 autem
541 5582 777 5653 auctoris
818 5592 921 5648 est,
972 5580 1229 5653 baptismi.
1269 5591 1608 5653 sacramento
1647 5597 1753 5639 non
1783 5581 1927 5639 aliud

337 5656 461 5719 esse
496 5651 1454 5722 superinducendumsacramentum
1498 5651 1747 5722 militare.
1791 5652 1924 5706 Cum

336 5724 481 5791 enim
510 5721 768 5780 castrensi
797 5735 1136 5789 sacramento
1175 5741 1235 5781 se
1257 5725 1542 5793 obstringit
1568 5721 1922 5790 Christianus,

334 5793 546 5868 ejerare
567 5795 776 5859 videtur
796 5797 891 5857 Dei
909 5799 1080 5870 legem
1102 5812 1206 5869 qua
1229 5795 1522 5855 secundum
1548 5796 1712 5855 Deum
1731 5809 1925 5867 paren-

2010 3668 2093 3718 tes
2123 3660 2347 3731 diligere
2371 3659 2647 3731 jubentur.
2684 3659 2764 3716 LE
2795 3659 2893 3719 Pu.
2958 3727 3003 3731 ΑΛ
3056 3730 3059 3731 ν
3239 3728 3248 3731 _
3318 3726 3343 3731 Α,

2083 3677 2093 3714 1
2123 3675 2215 3716 om
2256 3675 2347 3715 ere
2371 3675 2647 3731 prbentur.
2684 3675 2764 3716 LE
2796 3675 2893 3719 t’tt.
3340 3726 3343 3729 ἱ

2083 3730 2158 3804 (e)
2208 3675 2347 3796 (gues
2377 3740 2423 3784 et
2452 3730 2783 3802 Evangeh'am
2808 3731 2916 3804 solo
2941 3727 3146 3787 Christo
3193 3728 3356 3804 pluris
3393 3747 3497 3804 non
3523 3731 3610 3801 {ao

2010 3801 2149 3861 ciens
2171 3804 2243 3857 sic
2272 3819 2470 3873 quoque
2501 3801 2785 3873 honoravit.
2831 3802 2997 3857 Vetus
3049 3802 3365 3871 exemplar:
3396 3801 3539 3868 Quos
3560 3812 3612 3857 et

2013 3873 2354 3946 Evangelium
2382 3873 2492 3928 solo
2516 3872 2777 3929 Christum
2806 3873 2987 3946 pluris.
3171 3910 3185 3927 .
3218 3889 3416 3946 quoque
3444 3872 3612 3946 hone-

2012 3943 2363 4012 ravitIUnde,
2389 3946 2502 4016 sive
2526 3948 2785 4016 legamus,
2809 3943 2995 4016 Solum
3034 3944 3290 3999 Christum
3316 3944 3481 4014 pluris
3522 3946 3613 4016 fa-

2014 4017 2187 4081 ciens;
2210 4017 2341 4145 siﬁe,
2376 4014 2502 4071 Solo
2531 4014 2735 4072 Christo
2761 4015 2925 4086 pluris
2963 4032 3064 4070 non
3091 4016 3310 4087 faciens,
3345 4016 3486 4072 idem
3516 4014 3622 4073 erit

2015 4102 2225 4143 sensus.
2310 4103 2379 4142 IG.

2015 4102 2225 4143 SCIISIN.
2258 4102 2379 4143 “IG.

2087 4159 2152 4230 (f)
2179 4159 2267 4214 Sic
2290 4156 2428 4227 quod
2472 4156 2760 4213 honoravit.
2807 4156 2919 4211 Hoc
2953 4165 3038 4211 est
3065 4174 3079 4209 :
3111 4155 3462 4230 Evangelium
3488 4157 3623 4215 'non

2015 4228 2193 4285 minus
2218 4236 2468 4299 parentes
2512 4239 2565 4283 et
2590 4244 2806 4284 omnem
2849 4230 3158 4299 proximum
3191 4228 3445 4299 honorari
3476 4244 3625 4298 prte-

2015 4302 2158 4371 ccpit
2201 4315 2358 4369 quam
2412 4298 2528 4370 lege
2567 4299 2793 4355 Mosaica
2842 4300 3215 4371 praescriptum
3246 4298 3624 4371 fueratJitc-

2016 4370 2125 4428 nim
2184 4372 2265 4428 lex
2329 4386 2423 4425 eos
2497 4373 2739 4441 proxime
2802 4379 2927 4441 post
2976 4370 3181 4432 Deum.
3220 4370 3623 4441 iEvangeliuiu,

2015 4443 2256 4515 proxime
2282 4450 2404 4512 post
2425 4440 2695 4498 Christum
2726 4440 2993 4497 honorare
3009 4441 3188 4511 jussit.
3216 4440 3333 4497 RIG.

1938 4533 1990 4592 D
2072 4535 2167 4609 lg)
2204 4536 2334 4609 _l_.‘_ur:
2370 4552 2458 4609 nec
2504 4536 2705 4609 litigare
2753 4530 3303 4609 contjenietif-IAlludit
3360 4530 3627 4609 ad_illttd

2018 4609 2036 4664 l
2059 4598 2182 4661 ear;
2204 4605 2290 4673 Vl,
2304 4607 2336 4662 7
2353 4624 2366 4660 :
2386 4606 2507 4659 Jam
2523 4598 2721 4676 quidem
2742 4606 2946 4660 omnino
2966 4598 3212 4676 delictum
3230 4612 3304 4676 est
3322 4602 3462 4673 quod
3472 4602 3627 4676 judi-

2022 4677 2324 4756 cia‘habctis
2346 4680 2474 4756 inter
2498 4673 2601 4731 vos.
2630 4676 2803 4756 Quare
2831 4690 2931 4756 non
2953 4673 3386 4756 magis-injuria»:
3426 4674 3627 4756 accipi-

2023 4752 2121 4805 lis?
2149 4752 2323 4818 Atque
2363 4747 2498 4804 adeo
2529 4763 2632 4818 non
2677 4748 2817 4801 male
2846 4746 3021 4818 Rhen.
3039 4745 3276 4818 litigare,
3309 4758 3494 4818 vocem
3531 4745 3627 4813 jn-

2022 4814 2467 4878 risconsultorum
2485 4861 2499 4887 ,
2545 4816 2925 4891 interpretatur
2950 4814 3240 4891 actioném‘
3262 4816 3344 4871 vel
3394 4816 3467 4891 it_I_
3490 4830 3627 4887 per-

2035 4907 2223 4949 sonam
2269 4891 2353 4946 vel
2404 4891 2457 4944 in
2488 4884 2620 4945 rem
2652 4884 2791 4960 apud
2819 4887 3053 4958 indicem
3100 4884 3394 4960 suscipere.
3418 4884 3624 4960 Verum

2028 4962 2411 5020 advertendum
2453 4962 2592 5031 quod
2635 4957 2889 5017 continuo
2916 4958 3191 5031 subiungit.
3232 4957 3430 5013 ibidem
3477 4959 3626 5029 Apo-

2024 5036 2197 5091 stolus
2233 5053 2244 5087 :
2275 5032 2382 5089 Sed
2412 5027 2510 5087 vos
2534 5032 2778 5103 injuriam
2810 5027 3126 5099 facitis,etc.
3163 5027 3295 5083 PAM.
3531 5027 3565 5051 7‘

2106 5129 2183 5200 (h)
2217 5127 2552 5200 Requiescens
2577 5142 2739 5200 super
2762 5123 3132 5200 Δνίζειριςεκῐλίιῃεί
3164 5121 3424 5178 hactenus
3466 5114 3625 5189 editi,

2031 5180 2184 5273 super
2206 5180 2423 5275 luncho.
2441 5180 2731 5275 T._L_ivi_us,
2829 5180 2988 5275 lile
3017 5212 3031 5251 :
3058 5191 3348 5275 Scutoprw
3374 5210 3441 5275 se.
3463 5180 3630 5247 erecto
3676 5262 3683 5271 .

2034 5263 2168 5329 stdre
2195 5270 2418 5344 galeatos
2447 5283 2464 5322 :
2495 5267 2677 5344 deinde
2706 5268 2791 5344 ubi
2823 5266 2942 5344 fessi
2965 5274 3105 5344 sunt,
3130 5263 3334 5320 innixos
3364 5263 3496 5344 pilo,
3525 5280 3619 5316 ca.
3676 5263 3689 5277 "

2037 5346 2149 5417 pitag
2167 5332 2320 5417 super
2342 5340 2622 5408 marginem
2644 5338 2775 5417 scuti
2803 5332 2970 5417 posito
2993 5337 3184 5417 sapitos
3209 5332 3372 5417 stare.
3395 5332 3517 5417 me.

2115 5415 2176 5485 (i)
2202 5404 2296 5485 Cui
2321 5404 2666 5485 cremarenon
2694 5408 2854 5485 licuit.
2906 5404 3108 5485 :l'hnra,
3138 5406 3407 5485 videlicet,
3458 5404 3628 5463 idolo.

2032 5477 2239 5544 Glo‘s'saa
2272 5480 2478 5545 lsidnri,
2528 5479 2859 5545 Cremutium,
2898 5477 3285 5534 Holocaustum.
3308 5477 3435 5533 me.

2099 5557 2160 5630 (i)
2196 5551 2549 5680 Transgressio
2595 5560 2688 5606 est.
2722 5548 2856 5606 Cod.
2899 5547 3188 5620 Agebat-di,
3226 5546 3635 5619 Transgressio-_

2099 5638 2233 5680 test.
2318 5640 2388 5679 to.
3232 5640 3237 5643 “
3306 5672 3307 5679 η
3426 5664 3435 5677 .
3494 5664 3501 5671 .

2031 5627 2114 5683 nis
2142 5638 2233 5681 est.
2267 5627 2388 5680 Rte.
3232 5640 3237 5643 >
3300 5634 3303 5637 ί

2101 5680 2185 5791 (11)
2210 5717 2460 5791 Suscepto
2478 5714 2581 5785 ﬁde
2601 5724 2750 5791 atque
2774 5716 3083 5791 signata__aut
3106 5712 3439 5768 deserendum
3456 5680 3634 5769 statim

2024 5784 2117 5847 sit.
2142 5784 2254 5851 lloc
2276 5797 2381 5856 est,
2402 5784 2702 5844 deserenda
2729 5786 2938 5844 militia.
2968 5784 3090 5841 R16.
