3902 6312
183 250 258 311 95
1605 258 1694 315 ΤΕ
1702 258 1833 316 R'I'U
1841 258 2065 319 LLIANI

184 363 712 439 tnr(I)anlacrymis
726 366 1008 439 coniugum
1027 378 1081 445 et
1098 369 1629 426 matrum?Fortasse
1648 387 1783 442 quo-
1814 375 1866 433 A
1896 375 1974 431 Ab
1997 378 2113 450 ipso
2142 380 2370 436 incolatu
2400 380 2687 454 Babylonis
2718 382 2855 442 illius
2885 385 2938 442 in
2971 384 3291 460 Apocalypsi
3319 386 3477 444 Joaa
3546 415 3603 439 ν

190 459 435 515 rumdam
462 468 516 515 et
540 460 966 516 Christianorum
993 480 1007 516 :
1040 462 1115 535 (a)
1134 463 1341 535 etapud
1358 464 1613 520 barbarus
1641 466 1784 519 enim

85 550 145 576 ’ί
185 550 456 609 Christus.
496 551 570 625 (b)
597 555 695 620 Qui
728 554 864 610 hanc
906 558 1199 626 portaverit
1224 558 1276 612 in
1306 558 1478 627 capite
1516 572 1780 623 caussam,

187 659 370 700 nonne
406 652 461 698 et
513 644 626 714 ipse
650 647 1016 716 oppugnavit?
1046 647 1141 702 Est
1168 657 1222 702 et
1248 648 1350 702 alia
1392 649 1578 703 militia
1612 650 1785 720 regia-

191 753 311 793 rum
346 738 687 793 familiarum.
720 739 850 794 Nam
882 749 936 795 et
972 749 1275 795 castrenses
1297 742 1637 811 appellantur
1664 758 1781 797 mn-

189 828 380 885 niiicire
403 827 499 901 (ιτ),
525 839 579 885 et
613 832 743 902 ipsa:
764 832 1079 887 soletnnium
1104 833 1564 888 Cmsareanorum.
1593 834 1697 890 Sed
1729 844 1785 897 et

188 928 242 973 tu
273 921 497 989 proinde
524 921 680 977 miles
704 936 768 976 ac
791 936 979 979 servus
1001 922 1224 978 alterius
1249 939 1309 979 es
1338 942 1351 977 :
1377 934 1432 980 et
1456 926 1498 980 si
1531 926 1780 995 duorum,

188 1012 287 1069 Dei
328 1023 386 1069 et
421 1014 669 1081 Caesaris,
698 1025 845 1072 certe
886 1026 1014 1072 tunc
1044 1034 1147 1072 non
1172 1018 1422 1086 Caesaris,
1446 1036 1567 1077 cum
1595 1032 1648 1077 te
1674 1022 1783 1078 Deo

189 1104 377 1175 debes,
410 1108 568 1164 etiam
600 1109 651 1163 in
689 1109 1086 1177 communibus,
1112 1112 1297 1179 credo,
1332 1113 1550 1183 potiori.

789 1309 1017 1368 CAPLT
1045 1311 1182 1368 XIII.

258 1490 530 1547 Coronam
557 1500 611 1547 et
632 1491 874 1561 publicos
897 1493 1117 1549 ordines
1147 1493 1343 1551 laureis
1372 1466 1782 1565 publicm’caus-

188 1599 296 1647 sae,
329 1585 672 1657 magistratus
708 1600 838 1641 vero
885 1586 1102 1657 insuper
1127 1588 1307 1642 aureis
1340 1588 1443 1659 (2).
1473 1587 1550 1660 (d)
1584 1588 1785 1660 Super-

1890 472 1972 525 nis
2017 472 2402 529 submovemur
2432 476 2633 546 (Apot.,
2661 476 2873 551 XVIII),
2924 478 3121 535 nedum
3163 494 3193 535 a
3220 490 3517 552 suggestu

1889 562 1993 631 (4).
2026 561 2327 619 Coronatur
2372 575 2427 620 et
2456 566 2649 637 vulgus
2676 583 2817 623 nunc
2854 585 2921 625 ex
2956 570 3329 641 principalium
3357 584 3516 641 pro-

1889 656 2202 725 speritatum
2226 660 2575 726 exultatione,
2600 676 2742 717 nunc
2767 676 2834 718 ex
2860 663 3259 734 municipalium
3288 664 3516 719 solem-

1889 748 2112 803 nitatum
2146 752 2473 820 proprietate
2504 768 2516 804 :
2545 761 2601 808 et
2624 762 2711 810 est
2725 755 2901 809 omnis
2925 754 3152 825 publica:
3178 755 3380 810 laetitiae
3408 756 3511 811 Iu-

1888 842 2038 897 xuria
2066 843 2347 913 captatrix.
2374 844 2482 901 Sed
2514 853 2570 900 tu
2593 847 2904 918 peregrinus
2929 846 3113 903 mundi
3139 846 3319 919 hujus,
3352 847 3502 903 civis

1885 947 2131 1004 supernae
2163 934 2483 992 Jerusalem.
2519 936 2741 1005 Noster,
2795 938 2966 1009 inquit
3012 938 3206 1010 (Pliif.,
3233 938 3320 1007 111,
3353 937 3456 1011 20)
3479 978 3501 1005 ,

1886 1027 2222 1097 municipattts
2245 1029 2297 1083 in
2317 1028 2477 1084 εωιίε.
2506 1029 2682 1085 [labes
2710 1039 2829 1087 tuos
2866 1044 3056 1087 sensus
3101 1030 3204 1104 (h),
3233 1040 3353 1087 tuos
3376 1031 3503 1085 fas-

1887 1128 1973 1173 tos
2006 1138 2020 1174 :
2054 1118 2185 1174 nihil
2217 1120 2311 1175 tibi
2343 1136 2462 1176 cum
2488 1122 2698 1193 gaudiis
2748 1122 2967 1187 saeculi;
2996 1123 3106 1178 imo
3153 1123 3500 1179 contrarium

1886 1210 2052 1267 debes
2069 1229 2081 1265 :
2100 1211 2361 1266 chulum
2372 1214 2516 1268 enim
2530 1214 2785 1285 gaudebit,
2802 1230 2888 1269 vos
2903 1231 3019 1269 vero
3043 1214 3276 1285 lugebitis
3292 1214 3493 1285 (Joan.

1887 1304 2029 1371 XVI,
2057 1305 2128 1362 20
2157 1307 2202 1377 ).
2232 1306 2298 1362 Et
2335 1317 2485 1377 puto,
2515 1308 2688 1378 felices
2733 1308 2806 1362 ait
2844 1308 3070 1381 lugentes
3112 1307 3354 1380 (Meum,
3398 1306 3449 1364 γ
3480 1350 3500 1375 ,

1884 1398 1965 1469 5),
1996 1414 2101 1456 non
2146 1411 2449 1456 coronatos.
2506 1400 2569 1473 (ἱ)
2620 1401 2894 1458 Coronam
2918 1401 3192 1473 etnuptite
3217 1415 3454 1471 sponsos
3481 1442 3503 1468 ,

1889 1491 2009 1548 ideo
2052 1507 2156 1548 non
2203 1493 2465 1549 nnbamus
2492 1494 2720 1551 ethnicis
2741 1538 2757 1563 ,
2807 1511 2875 1552 ne
2900 1509 2999 1551 nos
3022 1495 3089 1550 ad
3126 1494 3499 1552 idololatriam

1890 1602 2059 1657 usque
2086 1587 2369 1653 deducant,
2403 1603 2559 1660 aqua
2597 1589 2737 1659 apud
2782 1591 2901 1647 illos
2933 1592 3132 1662 nuptiae
3176 1591 3442 1661 incipiunt
3484 1604 3507 1650 :

187 1679 433 1737 feruntur
448 1683 608 1738 etiam
639 1683 744 1738 illis
775 1682 1068 1739 Hetrusca.
1099 1683 1210 1739 lloc
1237 1685 1559 1741 vocabulum
1586 1694 1667 1741 est
1694 1700 1785 1741 co-
1813 1682 1861 1741 B
1890 1680 2056 1737 habes
2087 1681 2257 1751 legem
2284 1697 2313 1735 θ
2359 1682 2685 1740 Patriarchis
2712 1684 2929 1756 quidem
2958 1684 3139 1756 (σεηο,
3171 1685 3365 1742 ΧΧΝ-
3413 1687 3492 1752 3;

186 1788 464 1840 ronarum,
495 1790 629 1845 quas
660 1776 887 1846 gemmis
910 1787 965 1830 ct
985 1774 1127 1830 foliis
1160 1791 1227 1832 ex
1253 1792 1386 1832 auro
1414 1777 1684 1847 qnercinis
1719 1776 1789 1832 ob

187 1867 376 1924 Jovem
430 1869 652 1939 insignis
678 1868 750 1941 (e)
788 1870 853 1924 ad
880 1869 1224 1925 deducendas
1256 1870 1473 1926 thensas
1515 1886 1635 1925 cum
1676 1870 1788 1940 pal-

189 1960 353 2014 matis
377 1963 513 2031 togis
543 1974 780 2018 sumunt.
812 1962 947 2016 Sunt
968 1973 1020 2017 et
1042 1963 1397 2034 provinciales
1428 1978 1626 2031 aureae,
1651 1965 1787 2017 ima-

189 2050 372 2121 ginum
399 2051 532 2122 jam,
566 2069 671 2107 non
714 2054 971 2121 virorum,
1018 2055 1188 2124 capita
1216 2054 1415 2123 majora
1462 2063 1785 2124 qumrentes.

187 2140 293 2197 Sed
345 2142 416 2197 tui
456 2143 674 2198 ordines
719 2154 775 2199 et
825 2146 898 2199 tui
942 2147 1304 2215 magistratus,
1335 2156 1389 2200 et
1422 2146 1596 2215 ipsmn
1624 2146 1789 2201 curiae

187 2246 381 2288 nomen
430 2233 666 2290 Ecclesia
708 2247 789 2291 est
818 2235 1039 2291 Christi.
1075 2237 1220 2291 Illius
1258 2251 1318 2291 es
1352 2236 1419 2307 (f)
1453 2237 1789 2305 conscriptus

176 2324 242 2397 ,in
263 2325 411 2382 libris
425 2327 548 2381 vita:
571 2326 736 2396 (Phil.
770 2326 871 2389 IV;
901 2328 1059 2398 Apoc.
1092 2326 1259 2398 XIII).
1280 2326 1390 2382 Illic
1417 2342 1661 2397 purpura:
1684 2337 1788 2383 tum

188 2418 405 2485 sanguis
476 2417 680 2470 Domini
748 2426 802 2471 et
853 2417 1035 2472 clavus
1098 2418 1234 2473 latus
1301 2420 1351 2473 in
1408 2434 1566 2474 cruce
1625 2420 1790 2490 ipsius

189 2508 424 2579 (Matth..
454 2509 693 2580 XXVII):
720 2511 825 2566 illic
853 2512 1059 2566 securis
1086 2511 1151 2565 ad
1173 2512 1445 2567 caudicem
1474 2511 1556 2585 (3)
1578 2514 1787 2569 arboris

188 2602 363 2673 posita
401 2600 640 2671 (Matt/L,
671 2601 757 2668 III,
791 2602 906 2673 10),
936 2604 1011 2675 (g)
1034 2604 1142 2659 illic
1170 2603 1295 2677 (15.,
1322 2604 1417 2670 XI,
1447 2607 1497 2677 l)
1526 2606 1687 2677 virgae
1712 2622 1783 2663 ex

189 2692 361 2749 .Icsse.
424 2692 672 2748 Viderint
704 2704 758 2749 et
806 2695 1003 2765 publici
1064 2697 1185 2766 equi
1217 2712 1339 2751 cum
1396 2698 1612 2753 coronis
1650 2699 1785 2753 suis.

191 2784 449 2841 Dominus
499 2796 657 2853 tuus,
702 2786 791 2841 ubi
838 2787 1127 2843 secundmn
1168 2788 1500 2859 Scripturam
1541 2790 1781 2863 (Matt/1.,

190 2876 315 2934 XXI
348 2876 688 2950 )Jernsalem
721 2879 925 2949 ingredi
974 2880 1137 2934 voluit
1167 2922 1181 2946 ,
1212 2895 1313 2936 nec
1353 2881 1560 2936 asinum
1606 2883 1789 2939 habuit

193 2974 479 3046 privatum.
512 2972 608 3027 Isti
651 2975 702 3027 in
733 2975 963 3029 curribus
989 2984 1034 3030 et
1061 2977 1145 3031 isti
1172 2978 1235 3049 in,
1263 2977 1422 3047 equis,
1472 2993 1563 3032 nos
1612 2988 1782 3032 autem

1893 1771 2031 1836 ϐαίη
2063 1770 2176 1842 IlI),
2207 1773 2372 1829 babes
2401 1776 2701 1845 apostolum
2732 1777 2785 1831 in
2812 1774 3034 1830 Domino
3069 1776 3255 1832 nubere
3283 1777 3491 1847 juben-

1894 1874 1999 1920 tem
2028 1865 2072 1938 (l
2107 1862 2253 1929 Cor.,
2286 1864 2424 1936 VII).
2452 1865 2689 1922 Coronat
2719 1876 2773 1923 et
2807 1868 3024 1924 libertas
3054 1868 3348 1924 saecularis.
3376 1869 3498 1926 Sed

1894 1966 1947 2010 tu
1973 1957 2081 2027 jam
2111 1957 2421 2029 redemptus
2468 1973 2529 2014 es
2577 1974 2606 2013 a
2653 1958 2901 2027 Christo,
2942 1970 2994 2015 et
3024 1959 3239 2031 quidem
3266 1974 3493 2031 magno.

1894 2049 2119 2105 Servum
2184 2050 2416 2104 alienum
2478 2051 2748 2121 quomodo
2797 2051 3051 2108 sarculum
3104 2054 3497 2110 manumittet?

1894 2143 2009 2197 Etsi
2059 2143 2277 2197 libertas
2307 2141 2516 2197 videtur
2545 2141 2649 2215 (5),
2696 2142 2789 2198 sed
2814 2153 2869 2199 et
2911 2144 3141 2200 servitus
3182 2143 3493 2201 videbatur.

1892 2235 2436 2313 aniztiimaginaria
2470 2238 2521 2311 i_n
2548 2236 2797 2313 hsta-culo,
2843 2246 2896 2291 et
2928 2236 3246 2317 nihilﬂveri.
3281 2237 3413 2292 Nam
3437 2247 3500 2294 et

1894 2336 2020 2382 tunc
2078 2327 2211 2381 liber
2267 2326 2499 2382 hominis
2537 2342 2658 2382 eras
2705 2328 3017 2398 redemptus
3056 2344 3086 2383 a
3138 2327 3402 2385 Christo:
3437 2339 3500 2386 et

1892 2435 2034 2476 nunc
2054 2435 2241 2476 servus
2271 2434 2330 2474 es
2357 2419 2597 2486 Christi,
2627 2421 2750 2477 licet
2769 2422 3129 2479 manumissus
3149 2423 3217 2478 ah
3243 2420 3495 2479 hbmine.

1894 2512 1950 2569 Si
1980 2497 2156 2568 veram
2189 2524 2343 2582 putes
2386 2514 2567 2568 saeculi
2598 2512 2895 2569 libertatem
2918 2556 2933 2581 ,
2980 2520 3041 2569 ut
3083 2523 3139 2569 et
3182 2529 3379 2570 corona
3404 2514 3493 2588 (6)

1892 2606 2194 2675 consigncs.
2224 2603 2430 2660 rediiin
2476 2604 2527 2658 in
2562 2607 2872 2660 servitutem
2901 2604 3132 2660 hominis
3157 2647 3172 2671 ,
3203 2621 3364 2677 quam
3390 2620 3501 2677 pu-

1894 2710 1975 2756 tes
2026 2701 2321 2755 libertatem
2351 2718 2367 2765 ;
2396 2700 2624 2755 amisisti
2675 2701 2974 2757 libertatem
3023 2699 3263 2768 Christi,
3320 2718 3490 2773 quam

1894 2806 2048 2865 putas
2086 2792 2411 2847 servitutem.
2448 2790 2524 2865 (j)
2560 2791 2826 2863 Numquid
2856 2803 2910 2849 et
2936 2793 3244 2864 agonisticae
3283 2808 3498 2850 caussa

1896 2884 2305 2954 disputabuutur
2330 2924 2346 2951 ,
2395 2900 2531 2955 quas
2577 2886 2757 2940 statim
2788 2885 2926 2940 tituli
2965 2887 3047 2941 sui
3074 2886 3372 2942 damnant?
3428 2898 3489 2944 et

1897 2993 2078 3035 sacras
2121 2987 2175 3033 et
2225 2976 2477 3034 funebres
2519 2978 2752 3042 scilicet.
2809 2978 2912 3034 hoc
2938 2980 3080 3035 enim
3130 2988 3379 3049 superest
3430 2989 3498 3036 ut

1877 2304 2049 2311 -————._“

192 3066 246 3122 in
272 3068 472 3123 nomine
502 3067 708 3124 Domini
731 3069 827 3125 Dei
854 3071 1013 3125 nostri
1054 3072 1400 3128 invocabimus
1434 3072 1569 3144 (Ps.
1600 3072 1723 3128 XIX
1742 3073 1784 3144 ).
1814 3064 1859 3126 C
1891 3070 2169 3144 Olympius
2204 3069 2444 3141 Jupiter,
2493 3078 2549 3125 et
2575 3068 2825 3126 Netnmus
2868 3068 3161 3140 Hercules,
3194 3069 3271 3144 (lt)
3299 3079 3355 3127 et
3393 3070 3508 3130 mi-

1408 3184 1792 3242 LECTIONES
1829 3184 1917 3241 VA
1927 3182 2240 3240 RIANTES.

261 3292 328 3359 (ί)
350 3293 477 3359 Hinc
500 3294 720 3359 adversis
739 3293 1004 3359 lemniscis,
1037 3297 1286 3347 inauratur
1304 3296 1544 3354 lamnnlis,
1564 3309 1790 3358 unguen-

191 3354 275 3416 tis,
305 3354 458 3407 Paris.
498 3354 627 3406 foliis
662 3356 887 3418 struitur,
923 3354 1185 3409 adernatur
1221 3358 1487 3418 lemniscis,
1515 3360 1568 3410 C.
1602 3354 1789 3409 Wonw.

191 3419 440 3481 'l‘riumphi
468 3418 634 3469 laurea
659 3416 788 3482 foliis
816 3416 1070 3470 instruitur
1109 3422 1223 3471 hinc
1266 3416 1486 3471 adversis
1526 3421 1792 3482 lemniscis,

192 3480 529 3554 hinc‘attratnt'
551 3480 808 3554 lamnttlis-E
833 3482 1572 3554 ungttentisgd‘elibtiitnr.iuit.
1594 3495 1657 3554 ea:

256 3544 327 3608 (ὲ)
362 3543 425 3594 Ut
442 3545 668 3604 Athenis,
694 3550 747 3594 ut
766 3542 933 3595 Romae
954 3544 1120 3597 inserit
1144 3542 1378 3605 Semler.,
1395 3550 1439 3595 et
1459 3544 1601 3610 forte,
1624 3542 1797 3606 inquit,

1891 3294 1953 3347 ab
1975 3291 2237 3357 interprete
2257 3292 2468 3357 quodam
2488 3291 2682 3354 adjecta
2711 3299 2838 3343 sunt.

1960 3357 2029 3409 (3i
2059 3356 2130 3405 Ad
2154 3356 2350 3405 radices
2382 3356 2504 3404 Jun.

1959 3418 2033 3481 (4)
2057 3419 2129 3481 Ad
2146 3425 2434 3481 suggestum
2453 3418 2576 3481 Jun.

1959 3478 2032 3549 (ξ)
2060 3478 2292 3549 Υίάεθίιπ
2307 3478 2419 3549 €04:
2456 3479 2644 3549 W991”-

1963 3540 2036 3609 (6)
2059 3541 2297 3594 Coronam
2317 3540 2467 3593 Latin.
2494 3540 2647 3594 Eheu.
2670 3550 2819 3592 Fran.

1536 3645 2097 3702 COMMENTARIUS.

271 3766 347 3841 (a)
386 3764 632 3841 _Etrapud_
658 3764 913 3841 Barbaros
939 3765 1072 3841 enim
1116 3762 1390 3841 Christus;
1404 3762 1549 3841 Idem
1575 3774 1800 3841 respon-

200 3831 578 3907 dit‘Triephon
611 3836 931 3891 Lucianicns
964 3835 1314 3907 interroganti
1352 3833 1530 3907 Critia:
1553 3848 1635 3907 an
1665 3831 1802 3903 Scy-

196 3908 408 3964 tharum
439 3905 528 3964 res
557 3923 700 3961 curzr
730 3915 915 3962 essent
955 3907 1102 3961 Deo?
1138 3906 1389 3971 Omnino,
1422 3905 1589 3976 inquit
1608 3908 1692 3976 ,_ci
1721 3909 1804 3959 τὺ·

198 4006 279 4050 χοι
305 4004 357 4051 νς
381 3986 569 4051 Knud;
597 3983 678 4033 καὶ
706 3986 751 4033 ἰν
782 3985 946 4051 ῖονεσς.
975 3978 1093 4032 RIG.
1375 3968 1383 3971 ν
1495 3968 1511 3976 ’
1548 4045 1576 4051 Δ
1609 3968 1649 4001 ’⁸

281 4045 366 4123 (b)
396 4049 494 4123 Qui
524 4053 654 4104 hanc
689 4050 956 4118 portaverit
992 4051 1045 4123 in
1070 4051 1237 4118 capite
1258 4063 1514 4123 caussam.
1538 4045 1804 4123 Coronam

199 4116 605 4247 triunimtal'qm,
629 4116 875 4175 caussam
920 4116 1268 4189 cadaverum,
1300 4120 1601 4184 bustorum,
1630 4116 1806 4187 lacry-

205 4208 358 4247 marn
428 4233 441 4246 .
532 4208 602 4247 ιθ.

205 4194 441 4250 marum.
485 4194 602 4247 lite.

281 4263 356 4336 (c)
378 4262 425 4317 Μ
433 4264 653 4336 uniﬁcia:
672 4271 717 4315 et
735 4263 1180 4336 ipswgsolemnium
1203 4262 1629 4336 Cwsariaitorttitt.
1651 4257 1808 4336 Apud

207 4329 426 4391 Festum
481 4334 704 4403 legimus
733 4329 1009 4395 munifices
1040 4342 1256 4387 rimatus
1304 4332 1523 4396 milites,
1575 4329 1664 4399 qui
1705 4345 1810 4382 non

204 4407 485 4468 vacabant,
532 4402 625 4459 Sed
682 4402 876 4458 ninnns
904 4406 1126 4475 principi
1175 4403 1601 4475 Iacielumtizqui
1657 4416 1811 4455 vaca-

203 4476 349 4553 bant
378 4476 795 4553 appellabantur
819 4474 1169 4553 benetieiarii.
1195 4475 1301 4553 Sed
1329 4487 1394 4553 et
1428 4474 1809 4553 Vegetionmuf

206 4544 483 4604 mnnitices
503 4555 631 4602 sunt
654 4548 870 4619 milites,
903 4548 992 4615 qui
1021 4563 1210 4619 munus
1242 4546 1444 4619 faciunt
1470 4560 1498 4598 a
1521 4544 1803 4619 qttolihe‘ri

206 4630 327 4674 smn
352 4621 616 4674 immunes
636 4618 725 4687 qni
754 4612 1023 4672 dicuntur.
1050 4618 1271 4685 Expone
1295 4612 1423 4688 ergo
1455 4612 1728 4688 νηᾼιιῑιὶβεαε,
1754 4612 1805 4667 id

206 4702 285 4744 est
320 4690 384 4744 ad
419 4705 611 4744 munus
639 4686 958 4744 solemnium
988 4686 1416 4745 Cwsarianoruin
1449 4686 1718 4741 adstricta:
1754 4692 1810 4737 et

209 4761 477 4830 obligane.
555 4760 828 4830 Posterior
881 4771 1010 4813 tetas
1053 4761 1361 4830 muniﬁcum
1404 4756 1811 4830 promntuniﬁce

188 4826 506 4902 usurparit.
537 4830 667 4884 Nam
700 4827 783 4886 ct'
808 4830 1003 4903 Paulus
1030 4826 1297 4903 ‘Jurcc.ia
1340 4826 1479 4903 cap._
1509 4828 1699 4883 Munus
1744 4826 1813 4903 de

213 4898 366 4958 vcrb.
400 4903 604 4972 signif..
633 4903 791 4956 etiam
834 4901 1071 4956 ofﬁcium
1104 4898 1420 4971 significare
1450 4901 1642 4965 docet,
1671 4898 1814 4953 unde

213 4990 438 5029 munera
480 4973 748 5041 militaria,
779 4981 833 5027 ct
860 4976 1118 5043 quosdam
1166 4974 1361 5029 milites
1403 4972 1682 5028 munificus
1715 4985 1814 5023 vo-

217 5047 350 5100 cari.
374 5046 552 5100 RHEN.

286 5115 443 5173 CAP.
481 5112 775 5187 Xlll.-—(tl)
802 5114 1206 5185 Superfernntur
1224 5117 1377 5170 etiam
1398 5114 1502 5187 illis
1532 5112 1815 5187 Hetrusca.

213 5187 304 5244 Sic
344 5187 505 5243 habet
534 5197 686 5241 vetus
708 5185 1015 5258 exemplar,
1035 5186 1566 5258 superferunturiftis,
1593 5185 1695 5240 hoc
1714 5191 1819 5250 est,

215 5259 379 5315 etiam
415 5257 590 5311 aureis
617 5257 906 5312 nobiliores
940 5257 1221 5314 habentur.
1252 5259 1372 5315 κιρ.

290 5329 366 5403 (e)
524 5328 846 5403 deducendas
891 5330 1114 5386 thensas.
1150 5330 1380 5386 Tcnsant
1435 5328 1629 5403 Festus
1668 5326 1827 5403 docet

215 5395 670 5472 css‘e'vehiculum
698 5409 1032 5469 argenteum,
1065 5418 1173 5472 quo
1198 5403 1407 5457 cxnvim
1430 5399 1652 5472 deorum
1671 5395 1812 5451 ludis

216 5469 551 5528 circensibus
618 5471 670 5524 in
739 5473 939 5527 circum
1014 5469 1096 5528 ad'
1152 5474 1395 5544 pulvinar
1455 5469 1810 5593 reéwbantnr.

1555 5554 1679 5593 neu.

295 5611 718 5686 (D‘Conscriptus
756 5614 812 5668 in
844 5616 986 5671 libris
1009 5616 1145 5670 vitai.
1180 5616 1254 5669 De
1282 5613 1398 5686 istis
1422 5625 1639 5686 quoque
1668 5608 1820 5686 libris

220 5678 774 5763 Illit‘ltdiel‘al‘aiqllld
833 5688 1088 5759 Tryphon
1131 5685 1368 5763 Luciani.
1423 5678 1512 5763 Ait
1542 5678 1698 5763 enim
1745 5678 1820 5763 ad

1906 3769 2093 3836 βίϐλοις
2116 3765 2219 3836 ζῶνθ’
2229 3768 2414 3834 ἀγαθῶν
2435 3769 2823 3836 ἀπο-θρέψωμεν.
2851 3766 2969 3824 816.

1981 3834 2060 3905 (g)
2109 3834 2227 3909 illic
2253 3837 2407 3909 virgg!
2447 3852 2510 3889 ex
2549 3834 2720 3892 radice
2743 3838 2909 3894 Iesse.
2961 3837 3150 3909 Virgas
3172 3835 3333 3904 dicit,
3365 3838 3518 3893 allu-

1910 3906 2047 3981 dcns
2076 3905 2142 3981 ad
2166 3905 2345 3981 fasces
2362 3905 2726 3981 Romanorum
2753 3905 3158 3981 magistratuum
3183 3950 3198 3977 ,
3250 3917 3307 3965 et
3329 3909 3412 3966 sic
3436 3911 3517 3967 le-

1909 3978 2053 4048 gitur
2085 3978 2135 4048 in
2167 3976 2286 4030 cod.
2323 3978 2611 4046 Agobardi.
2639 3979 2762 4037 th.

1986 4046 2065 4120 (h)
2090 4045 2229 4102 Tuos
2250 4045 2429 4118 fastos.
2472 4048 2617 4103 Fasti
2650 4060 2803 4105 erant
2832 4052 2956 4107 libri
2977 4050 3318 4107 continentes
3343 4050 3518 4107 totius

1911 4119 2412 4192 anni'ratignemet
2456 4121 2835 4177 celebritates:
2868 4138 2990 4178 cum
3036 4132 3283 4192 respectu
3311 4121 3379 4177 ad
3409 4122 3519 4178 hos

1912 4190 2147 4260 loquitur
2173 4188 2557 4263 Tertullianus.
2610 4192 2667 4247 In
2698 4193 2941 4250 Ecclesia
2968 4188 3181 4263 quoque
3210 4202 3336 4247 sunt
3360 4192 3511 4263 fasti,

1914 4277 1980 4315 ne
2010 4269 2063 4313 tu
2088 4260 2502 4327 municipiorum
2532 4261 2699 4317 fastos
2735 4274 2791 4319 et
2836 4260 3207 4320 solemnitates
3234 4279 3379 4318 cura.
3406 4261 3520 4317 Nos

1916 4332 2108 4405 tandus
2139 4347 2272 4405 sane
2294 4332 2442 4405 locus
2467 4331 2533 4387 ad
2557 4348 2765 4390 morem
2791 4335 3046 4391 Ecclesire
3065 4379 3079 4399 ,
3111 4350 3232 4405 qua:
3257 4332 3520 4405 confere-

1914 4404 2004 4457 bat
2044 4404 2303 4478 natalitia.
2335 4403 2511 4478 id_es_t
2557 4406 2733 4459 obitus
2807 4403 3142 4478 martyrum,
3199 4407 3250 4460 in
3305 4404 3515 4472 fastos;

1837 4485 1888 4545 D
1914 4489 2051 4548 quos
2085 4476 2249 4548 fastos
2306 4474 2677 4548 ecclesiastico
2708 4478 2925 4532 nomine
2952 4474 3217 4548 'yocamtts
3259 4486 3520 4548 martyre-

1921 4546 2079 4617 logia.
2107 4545 2274 4614 liuius
2303 4545 2379 4601 rei
2405 4556 2488 4600 est
2533 4547 2684 4603 locus
2711 4547 3203 4674 elegansCypriatlti
3232 4545 3517 4617 episté85.

3205 4634 3294 4674 ac.

3205 4634 3294 4675 AC.

1988 4686 2050 4760 (i)
2094 4686 2349 4760 Coronant
2393 4696 2441 4740 et
2472 4690 2661 4760 nuptiw
2685 4706 2916 4760 sponsos.
2949 4690 3067 4745 Huc
3093 4688 3519 4760 pertinetquod

1915 4758 2109 4828 spoiisa
2141 4758 2204 4813 ad
2240 4760 2409 4830 virum
2435 4758 2776 4829 iter'paran's,
2802 4777 2865 4818 ex
2894 4758 3126 4817 verbena
3155 4775 3274 4830 quas
3317 4758 3522 4816 Veneri

1917 4831 2090 4886 dicata
2115 4839 2217 4903 est,
2260 4839 2314 4885 et
2355 4828 2576 4886 ﬂoribus
2617 4834 2901 4903 herbisque
2921 4849 2951 4888 a
2979 4848 3038 4887 se
3068 4828 3221 4888 lectis
3254 4830 3522 4886 corollam

1920 4912 2102 4956 texere
2129 4901 2333 4965 soleat,
2383 4917 2610 4971 eamque
2651 4901 2833 4958 secum
2873 4902 3120 4958 deferre:
3163 4918 3285 4956 nam
3337 4910 3524 4971 empta

1919 4983 2131 5045 gestare
2158 4981 2301 5045 serta
2327 4971 2458 5027 vitio
2484 4974 2731 5029 dabatur.
2790 4975 2918 5029 Item
2942 4974 3081 5045 quod
3113 4986 3343 5043 sponsus
3369 4970 3522 5045 domi

1922 5044 2066 5098 illam
2106 5043 2376 5116 operiens,
2406 5054 2603 5113 paratu
2637 5061 2830 5116 magno
2848 5043 3065 5115 januam
3088 5044 3522 5116 coronare,mnl-

1926 5125 2084 5182 taque
2109 5114 2269 5186 lauro
2300 5124 2564 5169 exornare
2605 5114 2807 5182 soleat,
2851 5114 3301 5186 quemadmodum
3328 5124 3526 5171 auctor

1925 5192 2009 5241 est
2038 5184 2337 5239 Alexander
2358 5186 2425 5239 ab
2452 5186 2607 5240 Alex.
2633 5186 2766 5241 Ρη.

1999 5254 2061 5325 (j)
2096 5255 2441 5327 Numquid“
2483 5258 2760 5327 agnostica:
2788 5273 2985 5312 caussa:
3014 5257 3431 5327 disputabuntur.
3462 5256 3526 5312 Id

1931 5336 2012 5400 est
2063 5340 2280 5400 agones.
2336 5325 2605 5400 Numquid
2649 5331 2809 5400 etiam
2862 5344 3062 5400 agones
3097 5325 3168 5382 'in
3207 5337 3527 5400 controver-

1916 5397 2049 5470 siam
2079 5396 2338 5470 venient,
2364 5398 2568 5470 inquit,
2618 5406 2677 5452 ut
2703 5399 2769 5454 de
2793 5401 2857 5454 iis
2884 5396 3047 5455 etiam
3088 5407 3391 5470 quwratur,
3435 5397 3524 5455 vi-

1925 5465 2068 5521 tandi
2095 5468 2201 5522 sint
2227 5465 2541 5533 christiano,
2568 5472 2775 5527 necne?
2802 5470 2923 5528 th.

1997 5535 2078 5617 (lt)
2123 5538 2187 5591 Et
2235 5539 2458 5623 misellus
2487 5539 2843 5623 Archemorus.
2875 5540 3251 5623 _Arcbetnorus
3292 5539 3527 5623 Eycnrgi

1929 5607 2071 5663 filius
2099 5626 2125 5662 a
2154 5619 2404 5678 serpente
2431 5611 2590 5666 hastis
2614 5612 2791 5669 adhuc
2815 5613 2988 5668 infans
3016 5610 3195 5680 periit,
3220 5625 3286 5665 ex
3312 5607 3529 5677 incuria
3577 5616 3591 5628 '

1924 5680 2146 5755 nutricis
2166 5695 2277 5735 sua:
2302 5681 2641 5755 Hypsipyles,
2670 5699 2790 5755 quae
2816 5684 2964 5740 illum
2996 5683 3050 5755 in
3072 5681 3525 5755 graminibnsre-

220 5754 436 5813 Critiatn
465 5774 480 5810 :
515 5751 637 5817 ὁστι
664 5751 811 5815 iason
834 5751 1029 5819 ratio...
1053 5766 1112 5821 ὡς
1141 5768 1225 5814 τισι(
1252 5768 1302 5813 in
1329 5760 1375 5810 ἰν
1397 5757 1502 5815 ταῖς
1535 5760 1797 5823 inceptum

1923 5752 2174 5823 liquerat,
2206 5751 2487 5811 ostensum
2515 5751 2717 5815 Grecis
2748 5753 3112 5814 laborantibus
3134 5752 3223 5809 siti
3255 5751 3524 5823 Langiam

3417 267 3528 330 96

3812 316 3823 393 ἱ
