3902 6312
210 300 279 362 91
1516 296 1723 357 LIBER
1765 286 1853 357 DE
1892 296 2191 359 CORONA.
2206 299 2222 315 ⁷
3448 298 3518 361 98

214 417 379 476 sellus
394 414 796 483 Archemorus,
814 422 870 471 et
895 410 1153 470 Antinous
1175 410 1356 470 infelix
1384 412 1463 487 (α)
1490 416 1542 469 in
1567 413 1837 474 Christia-.
1852 419 1906 479 Α
1933 417 2039 471 imo
2052 416 2160 486 jam
2175 415 2402 472 dixerim
2424 415 2662 485 Christo,
2685 414 2948 490 siquidem
2977 425 3136 489 caput
3155 416 3254 475 viri
3271 417 3524 475 Christus

217 525 288 566 no
313 517 676 575 coronentur,
708 516 768 563 ut
790 508 902 579 ipse
918 507 1274 577 spectaculum
1307 507 1416 574 liat,
1448 507 1586 577 quod
1615 517 1821 577 specta-

229 616 289 656 re
316 599 482 657 debet
516 597 625 670 (I).
660 597 969 663 Universas,
997 605 1054 652 ut
1080 598 1331 663 arbitror,
1356 612 1573 652 caussas
1597 613 1819 653 enume-

218 693 477 748 ravimus.
537 691 653 748 Nec
709 692 815 747 ulla
861 692 1135 747 nobiscum
1180 699 1264 746 est
1307 706 1539 746 :omnes
1588 692 1777 745 alie-nte
1804 733 1820 756 ,

220 783 478 855 profante,
508 784 733 846 illicitae.
765 784 928 838 semel
952 783 1060 861 jam
1102 783 1153 837 in
1182 784 1501 837 sacramenti
1546 783 1824 838 testatione

221 876 460 947 ejeratte.
493 874 623 930 Haec
647 874 793 931 enim
811 882 964 930 erant
989 888 1195 944 pompa:
1211 873 1410 928 diaboli
1432 883 1486 928 et
1512 874 1821 943 angelorum

224 964 343 1038 ejus
375 965 573 1034 ofﬁcia,
608 966 792 1022 saeculi
816 965 1066 1032 honores,
1122 965 1520 1025 solemnitates.
1556 965 1829 1035 populari-

134 1068 153 1083 ⁴
225 1067 382 1125 tates,
418 1054 552 1111 falsa
585 1064 733 1119 vota,
765 1055 998 1110 humana
1021 1055 1265 1120 servitia,
1298 1054 1483 1110 laudes
1506 1070 1678 1123 vanae,
1710 1057 1826 1125 glo-

224 1148 321 1206 ria:
355 1160 543 1219 turpes
575 1163 591 1203 :
624 1147 764 1203 etin
816 1146 1065 1205 omnibus
1125 1146 1238 1204 istis
1284 1145 1600 1212 idololatria,
1634 1148 1684 1199 in
1715 1146 1833 1202 solo

234 1255 448 1312 quoque
474 1255 643 1296 sensu
687 1254 1006 1296 coronarum
1035 1239 1228 1308 quibus
1250 1238 1429 1293 omnia
1459 1238 1556 1293 ista
1585 1238 1830 1293 redimita

223 1341 372 1387 sunt.
408 1330 732 1388 Pr.cl'abitur
760 1331 972 1401 quidem
993 1328 1245 1385 Claudius
1271 1330 1434 1385 etiam
1458 1329 1655 1386 coelum
1686 1330 1833 1385 side-

226 1426 378 1482 ribus
399 1424 541 1497 apud
572 1424 795 1493 Homeri
824 1425 1063 1481 carmina
1097 1433 1612 1488 coronatum;eerte
1638 1438 1670 1477 a
1701 1423 1833 1491 Deo,

227 1529 377 1578 certe
403 1519 609 1577 homini
638 1560 655 1587 ,
708 1520 865 1611 igitur
895 1528 952 1575 et
976 1519 1136 1573 homo
1163 1517 1278 1587 ipse
1303 1533 1331 1570 a
1363 1516 1474 1573 Deo
1493 1515 1837 1572 coronandus

224 1623 330 1671 est.
377 1613 649 1670 Caeterum
679 1630 710 1668 a
740 1612 942 1668 saeculo
969 1619 1294 1667 coronantur
1333 1620 1387 1665 et
1418 1609 1692 1680 lupanaria
1729 1609 1832 1681 (ὁ),

1925 519 2004 588 e_st
2023 508 2065 598 (I
2088 507 2319 599 tam,
2337 508 2414 582 5),
2433 511 2775 567 tamliberum
2801 520 3025 582 quamet
3045 510 3290 593 Christus
3321 530 3331 566 :
3355 527 3423 567 ne
3437 528 3528 567 vc-

1925 588 2390 672 lamenlo‘quidem
2408 603 2716 667 obnoxium,
2749 603 2941 658 nedum
2960 588 3339 675 obligamento.
3361 605 3527 659 Porro

1928 706 1982 750 et
2004 696 2143 767 quod
2161 697 2449 752 obnoxium
2483 710 2564 752 est
2595 701 2915 765 velamento,
2945 708 3107 769 caput
3133 699 3393 763 fceminte,
3428 698 3531 755 hoc

1930 789 2044 859 ipso
2050 790 2159 858 jam
2172 799 2622 861 occupatummon
2637 802 2788 846 vacat
2800 794 2958 846 etiam
2973 792 3350 864 obligamento;
3373 790 3535 846 habet

1933 879 2249 937 humilitatis
2266 896 2376 936 sua:
2395 889 2677 938 sarcinam.
2702 884 2759 937 Si
2787 885 2932 939 nudo
2948 886 3122 953 capite
3134 886 3300 940 videri
3319 899 3424 940 non
3442 884 3532 940 de-

1934 973 2025 1028 bet
2046 976 2512 1045 propterangelos,
2539 975 2707 1030 multo
2726 976 2893 1047 magis
2908 986 3195 1031 coronatos
3210 975 3281 1049 (e)
3304 976 3536 1031 fortasse

1936 1072 2062 1118 tunc
2110 1064 2228 1119 illos
2268 1076 2552 1120 coronatos
2578 1065 3017 1121 scandalizaverit
3048 1066 3089 1137 (I
3110 1066 3254 1134 Con,
3281 1066 3387 1134 XI,
3421 1064 3533 1140 10).

1937 1153 2076 1221 Quid
2112 1157 2256 1210 enim
2290 1169 2371 1210 est
2406 1157 2635 1226 incapite
2662 1158 2893 1214 fteminte
2922 1174 3141 1225 corona,
3169 1174 3328 1230 quam
3354 1158 3540 1215 formtc

1943 1247 2084 1313 lena,
2103 1263 2262 1317 quam
2290 1262 2495 1303 summa
2520 1248 2749 1303 lascivae
2779 1258 2926 1316 nota,
2954 1258 3190 1305 extrema
3217 1251 3429 1320 negatio
3450 1265 3541 1302 ve-

1943 1338 2230 1403 recundiae,
2252 1338 2503 1394 conﬂatio
2524 1339 2822 1401 illecebrae?
2841 1324 3127 1410 Propterea
3148 1356 3245 1397 nec
3262 1340 3541 1398 ornabitur

1943 1445 2223 1500 Operosms
2242 1432 2431 1487 mulier
2445 1432 2765 1502 ex‘Apostoli
2790 1444 3095 1503 prospectu,
3121 1442 3173 1488 nt
3196 1448 3292 1488 nec
3310 1433 3540 1489 crinium
3598 1440 3603 1443 ‘

1949 1522 2177 1576 artificio
2198 1534 2504 1578 coronetur.
2524 1523 2622 1592 Qui
2639 1533 2812 1580 tamen
2828 1532 2882 1578 et
2898 1525 2991 1579 viri
3004 1534 3161 1594 caput
3180 1536 3284 1591 est,
3302 1534 3355 1579 et
3371 1523 3544 1581 flenti-

1943 1628 2028 1667 na:
2059 1613 2221 1667 facies
2248 1612 2292 1685 (I
2328 1612 2488 1681 Tim.,
2519 1614 2582 1679 Il,
2602 1616 2681 1685 5),
2706 1616 2791 1669 vir
2820 1615 3071 1671 Ecclesia:
3096 1616 3340 1672 Christus
3364 1616 3541 1683 Iesus,

225 1714 286 1763 et
320 1705 527 1762 latrinae
551 1746 568 1774 ,
598 1715 654 1760 et
680 1704 939 1777 pistrina,
969 1713 1024 1758 et
1048 1717 1265 1769 carcer,
1306 1711 1362 1758 et
1404 1700 1586 1767 ludus,
1618 1713 1673 1757 et
1722 1702 1834 1772 ipsa
1867 1735 1916 1795 Β
1942 1704 2103 1774 quale
2123 1719 2221 1759 oro
2239 1715 2310 1769 te,
2343 1716 2543 1761 sertum
2572 1723 2667 1777 pro
2698 1716 2922 1778 utroque
2945 1723 3082 1761 sexu
3112 1708 3271 1763 subiit
3294 1708 3541 1779 (Matt/1.,

230 1797 631 1870 amphitheatra
662 1838 677 1863 ,
711 1805 766 1851 et
815 1796 926 1866 ipsa
974 1794 1247 1864 spoliario,
1304 1794 1541 1864 ipsaeque
1596 1793 1838 1849 libitinm.

227 1889 398 1960 Quam
415 1903 578 1946 sacer
596 1898 838 1956 sanctus,
858 1902 1124 1959 quamque
1136 1886 1393 1942 honestus
1424 1884 1495 1957 (c)
1524 1899 1588 1940 ac
1612 1884 1848 1940 mundus

223 1983 297 2038 sit
318 1980 533 2038 habitus
548 1980 677 2045 iste,
704 1979 816 2034 noli
841 1978 910 2033 de
924 1994 1028 2034 uno
1054 1978 1260 2047 poetico
1287 1977 1447 2042 coelo,
1472 1976 1566 2031 sed
1593 1976 1660 2031 de
1685 1975 1848 2031 totius

224 2073 409 2131 mundi
420 2071 770 2130 commerciis
790 2070 1149 2127 aestimarem
1161 2070 1303 2125 enim
1317 2069 1651 2126 Christianus
1666 2069 1850 2140 necja-

224 2181 385 2224 uuam
397 2181 553 2223 suam
568 2164 774 2221 laureis
788 2163 1133 2239 infamabit,si
1148 2163 1289 2217 norit
1303 2170 1529 2233 quantos
1540 2160 1672 2217 deos
1687 2161 1848 2217 etiam

128 2276 133 2279 ·
168 2331 193 2347 '
225 2259 375 2316 ostiis
396 2257 655 2315 diabolus
670 2256 960 2321 aﬂinxerit,
978 2256 1172 2311 Ianum
1190 2256 1412 2327 ajauua,
1436 2255 1796 2310 Limentinum
1818 2269 1848 2310 a

1951 1794 2165 1861 XXVII,
2189 1795 2310 1867 29)?
2340 1798 2418 1851 Ex
2444 1798 2613 1866 spinis
2633 1798 2826 1868 Opinor
2846 1810 2899 1853 et
2926 1799 3138 1855 tribulis
3166 1840 3180 1862 ,
3227 1801 3280 1854 in
3320 1801 3544 1869 figuram

1951 1887 2271 1943 delictorum
2319 1903 2439 1958 qua:
2475 1888 2630 1944 nobis
2662 1889 2880 1958 protulit
2908 1899 3051 1944 terra
3096 1890 3295 1957 carnis,
3328 1890 3549 1946 abstulit

1951 1990 2131 2035 autem
2158 1982 2328 2036 virtus
2348 1981 2523 2036 crucis
2549 2020 2564 2046 ,
2620 1997 2835 2037 onmem
2864 1983 3107 2038 aculeum
3150 1984 3338 2061 mortis
3363 1984 3415 2037 in
3446 1982 3552 2039 Do-

1953 2073 2134 2131 minibi
2156 2075 2346 2143 capitis
2374 2075 2655 2131 tolerantia
2695 2075 2999 2131 obtundens
3047 2074 3178 2149 (Iaa.
3204 2118 3219 2142 ,
3276 2075 3411 2143 LIII,
3442 2076 3548 2145 5).

1954 2162 2110 2222 Certe
2129 2174 2325 2235 praeter
2352 2164 2575 2237 ﬁguram
2602 2208 2616 2233 ,
2658 2167 2980 2222 contumelia
3030 2168 3080 2221 in
3138 2175 3381 2237 promptu
3431 2176 3546 2234 est,
3571 2220 3589 2228 ,

1956 2246 2305 2327 ctturpiltido
2326 2266 2380 2312 et
2433 2256 2879 2324 dedccoratio,et
2920 2257 3003 2311 his
3045 2257 3275 2327 implexa
3321 2258 3548 2325 saevitia,

168 2331 193 2347 ’
223 2350 414 2418 limine,
433 2346 822 2421 Forculum(d)
848 2356 902 2402 et
916 2346 1142 2403 Cardam
1161 2364 1186 2400 a
1207 2347 1404 2419 foribus
1424 2356 1475 2402 et
1489 2345 1781 2401 cardinibus
1797 2354 1852 2401 et
1902 2336 1915 2346 ”

232 2446 369 2518 apud
388 2444 619 2502 Graecos
629 2441 902 2514 Thyrenm
920 2441 1220 2511 Apollinem
1233 2440 1543 2497 et'Antelios
1555 2439 1865 2495 daemonas:

846 2531 1081 2588 CAPUT
1110 2532 1250 2587 XIV.

293 2627 477 2685 Tanto
496 2626 661 2683 abest
678 2631 739 2680 ut
764 2622 927 2696 capiti
955 2637 1054 2680 suo
1080 2638 1274 2679 munus
1304 2622 1851 2691 inferatidololatriac,

1956 2365 2077 2419 quae
2101 2358 2227 2403 tunc
2278 2349 2488 2405 Domini
2523 2359 2761 2420 tempora
2801 2356 2855 2405 et
2881 2348 3552 2404 fmdaveruntetlancina-

1957 2449 2177 2507 verunt;
2206 2440 2283 2495 uti
2316 2450 2370 2495 tu
2399 2456 2539 2497 nunc
2558 2440 2757 2507 laurea,
2800 2449 2855 2496 et
2893 2441 3129 2513 myrtho,
3161 2450 3216 2495 et
3254 2441 3390 2506 olea,
3416 2449 3472 2496 et
3494 2440 3557 2495 il-

1967 2623 2195 2679 tenariis
2213 2638 2427 2694 quoque
2475 2623 2615 2679 rosis
2658 2622 2727 2681 de
2778 2622 2936 2681 horto
2987 2622 3142 2679 Mida:
3187 2624 3361 2693 lectis,
3393 2631 3447 2680 et
3474 2622 3555 2697 (g)

1467 2737 1847 2796 LECTIONES
1886 2737 2347 2836 VARIANTES.‘

290 2860 367 2927 (ι)
391 2857 633 2925 Spectari
658 2867 761 2906 non
778 2854 961 2907 debeat
984 2850 1134 2907 Rhea.

1609 2955 2171 3015 COMMENTARIUS.

233 3081 465 3140 fontem.
487 3081 551 3137 In
569 3080 695 3151 ejus
718 3078 867 3149 pueri
893 3078 1211 3151 memoriam
1227 3092 1437 3151 annuus
1465 3090 1602 3151 agon
1630 3076 1839 3131 institn-
1869 3080 1913 3143 (ζ
1948 3095 2038 3136 res
2062 3087 2164 3141 est,
2193 3077 2296 3151 hoc
2316 3084 2417 3144 est,
2443 3076 2630 3132 oculos
2649 3075 2830 3151 colore
2843 3084 2898 3151 et
2924 3088 3080 3132 nares
3095 3074 3263 3131 odore
3288 3074 3543 3151 delectat,

235 3164 334 3210 tus
351 3162 441 3209 est
469 3170 483 3206 :
507 3163 565 3207 et
584 3147 729 3222 quia
744 3150 901 3219 periit
928 3148 1106 3205 adhuc
1133 3149 1329 3212 infans,
1355 3147 1623 3203 misellmn
1652 3158 1838 3213 vocat,
1956 3151 2125 3222 magis
2154 3150 2269 3222 usui
2320 3162 2507 3222 esse,“
2531 3163 2688 3222 quam
2708 3148 2809 3222 ‘de
2841 3147 3039 3222 laurea
3061 3189 3076 3213 ,
3134 3155 3308 3222 myrto
3327 3188 3343 3214 ,
3399 3150 3518 3203 olea
3541 3190 3556 3214 ,

238 3216 667 3281 nonmisernm.
698 3216 878 3276 Rhea.
959 3289 963 3290 ν
1213 3289 1218 3290 ί
1296 3266 1303 3272 .
1456 3286 1481 3290 Α
1669 3287 1679 3290 _
1740 3288 1748 3290 ξ
1957 3216 2261 3290 θυιήιιτινίε
2312 3219 2415 3274 alia
2457 3216 2649 3274 illustri
2702 3216 2911 3285 fronde,
2942 3234 3062 3288 quae
3122 3217 3307 3273 oculos
3356 3227 3559 3274 tantum

168 3324 177 3329 -
324 3292 403 3420 3a)
433 3293 688 3348 Antinous
715 3293 919 3361 infelix.
949 3289 1102 3344 Hunc
1144 3289 1414 3345 Adrianus
1443 3286 1624 3344 Caesar
1668 3287 1853 3343 habuit
1956 3286 2146 3364 pascit.
2182 3291 2302 3347 Βία.

172 3404 187 3413 .
239 3367 304 3420 in
359 3364 553 3420 eliciis.
583 3374 641 3418 et
667 3372 778 3417 tam
807 3372 993 3417 tenere
1012 3360 1199 3415 dilexit
1218 3401 1233 3420 ,
1273 3370 1330 3415 ut
1371 3361 1438 3416 ab
1468 3360 1557 3414 illo
1582 3358 1850 3414 civitatem
2030 3364 2107 3420 lu)
2139 3360 2206 3415 Et
2259 3378 2302 3415 ut

239 3367 304 3422 in
324 3357 553 3428 deliciis,
582 3374 641 3434 et
667 3357 784 3434 tatn'
807 3372 993 3434 tenere
1012 3360 1233 3434 dilexit,
1273 3370 1330 3415 ut
1371 3361 1438 3416 ab
1467 3360 1557 3434 illo
1582 3358 1850 3434 civitatem
1956 3357 1975 3364 ’
2030 3364 2107 3434 (g)
2139 3360 2206 3415 Et
2259 3361 2487 3434 utrisque
2511 3359 2671 3434 liliis.
2714 3358 2863 3414 Albis
2891 3368 2944 3413 et
2972 3358 3287 3434 purpureis:
3332 3357 3409 3414 De
3436 3360 3560 3434 qui-

243 3434 477 3517 1(Egypti
524 3422 959 3517 clo‘gttominarit‘,
982 3431 1079 3517 ubi
1106 3440 1160 3486 et
1197 3422 1425 3517 agonem
1466 3431 1546 3517 illi
1566 3432 1852 3517 quot-annis
1957 3422 2215 3517 buswsuut
2242 3422 2672 3517 apudI'Os-idium
2699 3445 2886 3485 versus
2916 3422 3154 3500 praeclari
3178 3470 3194 3493 ,
3239 3422 3556 3497 llIetam.'X,

242 3501 505 3563 instituit.
536 3501 711 3574 Quam
755 3502 950 3574 remin
982 3501 1188 3557 litteras
1216 3502 1436 3574 pulchre
1472 3501 1653 3556 retulit
1682 3501 1853 3570 llege-
1959 3505 2046 3560 ubi
2077 3504 2145 3560 de
2167 3501 2495 3574 Hyacinthe:

154 3626 170 3636 .
244 3572 758 3649 sippustreferente
788 3574 849 3629 Β.
875 3572 1219 3649 Hieronymo.
1248 3572 1419 3649 linea.

358 3648 416 3716 b)
449 3644 773 3702 Corommtur
819 3654 864 3699 et
915 3642 1205 3716 lupanaria.
1266 3644 1499 3716 AVidetur
1552 3642 1855 3716 intelligere

247 3713 493 3788 coronas
542 3717 750 3788 quibus
775 3716 915 3771 lares
956 3713 1156 3785 publici
1196 3714 1281 3788 vel
1312 3713 1504 3788 privati
1551 3714 1606 3767 in
1634 3714 1856 3788 singulis

247 3787 513 3915 domill’ms
539 3783 933 3844 coronabantur
948 3783 1151 3857 {atque
1187 3783 1327 3841 adeo
1348 3785 1469 3840 etin
1492 3783 1855 3854 lupanaribus,

250 3870 371 3915 etc.
445 3874 539 3913 λιι.

250 3870 371 3918 etc.
403 3870 539 3915 PAI.

290 3928 421 4057 0(Sc)
447 3930 613 3995 Quam
641 3943 785 3983 sacer
807 3936 1042 3994 sanctus,
1090 3943 1342 3997 quamque
1388 3926 1645 3981 honestus.
1679 3924 1859 3980 Placet

372 4000 470 4055 icis
499 3998 836 4055 Divionensis
850 3998 1108 4057 scriptura
1136 4016 1150 4052 :
1187 3998 1355 4057 Quam
1374 4013 1517 4052 sacer
1532 4004 1854 4057 sanctusque,

251 3998 470 4070 codicis
499 3998 836 4055 Divionensis
850 3998 1108 4070 scriptura
1136 4016 1150 4052 :
1187 3998 1355 4063 Quam
1374 4013 1517 4052 sacer
1532 4004 1854 4066 sanctusque,

253 4087 427 4145 quam
450 4069 704 4134 honestus,
725 4080 830 4126 etc.
848 4069 970 4124 Rto.

346 4136 1305 4230 ωὶέξςξιαυιλριὲὶεΕρῐεξιξζιέιτι,ε
1319 4139 1437 4230 tte.-

345 4208 504 4267 CAP.
530 4208 670 4265 XIV.
702 4210 828 4281 -—(e)
854 4209 1019 4264 Multo
1038 4210 1200 4279 ntagis
1219 4220 1481 4275 coronatos
1507 4210 1727 4281 fortasse,
1749 4220 1867 4262 tunc

259 4285 402 4347 illo:
431 4290 695 4336 coronatos
721 4280 1158 4336 scandalizaverit.
1190 4281 1393 4337 Alludit
1443 4281 1510 4335 ad
1552 4280 1867 4349 rigintiqna-

262 4364 405 4411 tuor
426 4350 547 4407 illos
574 4353 813 4407 seniores
855 4352 1070 4407 coronis
1116 4352 1293 4406 aureis
1334 4360 1639 4413 coronatos,
1673 4352 1864 4419 Apoc.,

262 4423 367 4490 IV,
391 4424 448 4479 4.
476 4420 534 4495 Si
558 4422 702 4495 nudo
721 4423 897 4495 capite
920 4421 1116 4478 mulier
1136 4421 1462 4495 scandalizat
1476 4420 1716 4495 angelos,
1741 4422 1871 4495 muf-

262 4506 333 4553 ιο
356 4493 527 4566 magis
555 4492 1010 4566 capite_coronato
1051 4492 1491 4549 scandalizavcrit
1535 4492 1657 4547 illos
1693 4492 1870 4545 senio-
1896 4493 1949 4552 D

264 4580 369 4624 res
393 4563 701 4623 coronatos.
735 4563 856 4621 Βία.

349 4633 418 4705 (I')
453 4633 517 4689 Et
559 4634 707 4706 quod
734 4636 897 4706 magis
927 4634 1040 4706 usui
1068 4643 1141 4689 est
1171 4634 1469 4706 centenarii;
1516 4648 1715 4706 quoque
1734 4634 1869 4706 rosis

270 4703 521 4762 de'lt’orto
549 4703 711 4761 Mida:
740 4703 898 4761 lectis.
943 4705 1119 4760 Prima
1166 4704 1333 4761 editio
1358 4703 1619 4773 Rhenani
1643 4703 1870 4773 scriptu-

269 4791 397 4835 ram
435 4775 637 4832 codicis
685 4775 1022 4832 Divionensis
1069 4775 1475 4843 repraesentavit
1515 4792 1528 4827 :
1582 4772 1868 4828 Centaurus

268 4862 483 4921 quoque
499 4848 633 4927 roris
651 4858 701 4927 e_t
714 4847 933 4927 hortorni
958 4845 1201 4927 delectis;
1228 4860 1387 4927 quam
1410 4859 1529 4900 esse
1553 4843 1865 4927 mendosam

272 4914 446 4976 irenio
486 4916 730 4989 ambigit.
777 4916 957 4972 Codex
1000 4914 1269 4989 Agobardi
1324 4914 1425 4971 hac
1467 4925 1632 4989 parte
1679 4928 1868 4970 erosus

274 4997 490 5046 tantum
539 4986 806 5051 servavit,
857 4996 902 5041 el
929 4989 1062 5057 quod
1109 4987 1269 5057 magis
1519 4986 1688 5057 uariat
1713 5000 1864 5055 quoq.

274 5059 413 5115 rosis
439 5058 667 5115 doliorlo
698 5059 861 5113 lectis.
889 5055 988 5114 cui
1018 5055 1233 5127 quidem
1277 5057 1556 5127 seriptttrte
1587 5055 1744 5127 fidem
1772 5070 1868 5127 po-

274 5076 413 5115 rosa
439 5076 667 5115 denario
698 5076 861 5113 186118.
889 5076 988 5114 bl"
1018 5076 1233 5127 qutuem
1277 5076 1381 5112 SCI'I
1424 5076 1556 5112 llll'ie
1587 5076 1744 5111 lluelll
1772 5076 1867 5127 p0-

272 5131 388 5187 tius
408 5129 654 5187 adhiberi
707 5143 804 5200 par
831 5137 946 5195 est,
977 5144 1098 5185 cum
1130 5129 1199 5183 sit
1244 5076 1673 5200 meniﬁraparum
1698 5126 1867 5200 longe

270 5198 834 5259 Dirionensibus'illis
856 5200 1230 5257 vetustiorum.
1264 5198 1445 5269 Itaque
1467 5198 1711 5253 Rhenani
1737 5211 1868 5269 eort-

262 5272 538 5345 jeeturam
556 5269 843 5342 sequimur
861 5311 901 5345 ,A_
918 5269 1315 5345 legendumque
1342 5266 1668 5345 arbitramur
1695 5283 1708 5319 :
1734 5266 1865 5345 (ξεητ

267 5338 485 5429 ῖιηαίίσ
530 5338 1405 5429 199W;-teﬁtsfs,”9r€93ll_‘ds.
1422 5340 1564 5429 es!!!
1593 5338 1869 5429 esset?!“

265 5409 697 5477 vetorcmillam
732 5411 1053 5483 scripturam
1087 5411 1307 5483 propius
1348 5411 1571 5468 accedit.
1605 5409 1873 5483 Centena-

252 5488 371 5549 riu
394 5498 586 5547 autem
616 5495 779 5540 rosas
804 5480 937 5536 dixit
960 5479 1342 5548 Tertulliauus,
1372 5500 1403 5539 a
1444 5489 1661 5538 centum
1694 5479 1834 5535 foliis
1856 5524 1872 5549 ,

246 5556 735 5634 quemadmodum
764 5552 819 5607 in
848 5553 1216 5634 Apologelicg,
1232 5568 1292 5624 ,p.
1306 5624 1318 5634 _
1329 5554 1413 5634 7;
1422 5551 1741 5634 cepiteitarias
1756 5566 1877 5634 cte-

234 5621 346 5695 ιίδσ
383 5646 423 5691 Ι
467 5621 719 5689 animi!
748 5621 1046 5695 sestertiis,
1071 5634 1126 5680 et
1144 5621 1256 5695 lib.
1288 5624 1354 5681 de
1376 5625 1563 5695 Pallio,
1598 5638 1714 5693 pag.
1750 5621 1873 5686 158,

610 5691 879 5769 ponderis
904 5691 1099 5769 lances.
1125 5694 1652 5769 (ἐοηνιιιιιὶεηιίβείω(3
1669 5691 1875 5769 iam“?!

732 5777 799 5824 σε
832 5766 961 5825 ι·οώ
985 5810 1005 5838 ,
1053 5781 1177 5842 quae
1215 5768 1504 5842 spectaculi
1542 5772 1598 5823 et
1625 5764 1876 5839 spiraculi

2328 3592 2574 3655 Tyrioque
2593 3590 2986 3655 nitentior_ostro

2085 3655 2202 3720 Flos
2222 3648 2396 3715 oritur',
2422 3648 2719 3720 formamque
2740 3653 2870 3720 capit
2890 3663 3034 3714 quam
3050 3648 3174 3720 lilia,
3200 3651 3363 3720 sinon

2084 3712 2526 3780 Purpureuscolor
2558 3712 2653 3775 his,
2680 3712 2952 3774 argenteus
2985 3719 3119 3763 esset
3135 3715 3183 3762 in
3210 3712 3325 3762 illis.

1961 3803 2146 3873 Itaque
2172 3802 2277 3856 lilia
2309 3814 2569 3871 purpurea
2606 3806 2782 3873 poetae
2810 3796 2931 3850 nata
2958 3795 3026 3850 dc
3054 3795 3563 3873 cruorc_llyacin_tlti

1962 3867 2267 3927 fabulantur
2289 3867 2588 3939 {praeterea
2611 3883 2739 3922 vero
2771 3868 2944 3939 luctus
2988 3876 3043 3921 et
3086 3867 3426 3939 querelarum
3482 3869 3564 3922 in~

1964 3943 2160 4012 scripta
2183 3937 2401 4013 syllabis
2425 3939 2511 4006 AI,
2536 3940 2621 4013 Al.
2646 3937 2798 4013 Quod
2820 3937 3186 4013 antemuvulgo
3217 3938 3467 4013 traditur,
3495 3954 3562 4013 ca

1967 4008 2386 4083 lilia'signilicztri
2419 4012 2697 4083 notissimo
2728 4008 2816 4062 illo
2844 4008 3048 4083 Virgilii
3081 4022 3235 4083 versu
3257 4048 3273 4074 ,
3332 4008 3425 4083 Dic
3449 4010 3566 4083 qui:

1969 4085 2060 4139 bus
2086 4078 2327 4147 itt'terris,
2358 4093 2455 4137 etc.
2485 4082 2585 4135 hoc
2607 4081 2794 4151 falsum
2829 4078 2972 4151 esse,
3001 4078 3048 4134 si
3071 4078 3331 4151 tantulum
3358 4078 3568 4151 digredi

1970 4155 2148 4217 liceat,
2181 4153 2686 4208 demonstrabimus.
2710 4150 2902 4218 Quidni
2947 4160 3124 4205 autem
3157 4150 3315 4204 liceat
3344 4164 3571 4206 corona-

1969 4226 2052 4279 rio
2104 4224 2417 4280 Tertulliani
2458 4222 2712 4293 opuscttlo
2758 4220 3050 4293 lemniscos
3101 4220 3381 4293 intexere?
3428 4222 3572 4293 sane

1971 4296 2122 4350 rideo
2148 4291 2523 4365 grammaticos
2568 4292 2831 4365 ltmrentcs
2859 4292 3001 4365 cruci
3028 4331 3044 4355 ,
3094 4291 3413 4365 quantipsis
3440 4292 3569 4365 olim

1972 4367 2067 4421 abs
2092 4361 2400 4434 se'positam
2431 4362 2869 4434 fuisseVirgilius
2911 4361 3411 4434 AsconiokPediauo
3434 4364 3572 4434 inter

1971 4431 2259 4505 iocandum
2288 4434 2538 4503 prodidit.
2571 4433 2636 4487 Et
2664 4434 2785 4502 quis
2814 4447 2915 4505 non
2937 4431 3110 4486 rideat
3133 4431 3382 4505 servium
3414 4433 3572 4505 istud

1975 4502 2040 4562 ex
2065 4502 2300 4562 Asconio
2338 4506 2633 4559 tradentem
2656 4545 2670 4567 ,
2703 4502 3043 4569 semetipsum
3072 4504 3226 4572 nugis
3268 4503 3579 4572 exquisitis-

1976 4579 2127 4632 simis
2148 4592 2425 4647 perperam
2452 4573 2731 4630 crnciare?
2762 4573 2897 4647 Sunt
2924 4583 3101 4647 antem
3126 4572 3391 4647 pastoritii
3423 4574 3575 4647 lusus

1975 4644 2169 4718 Ecloga
2199 4646 2289 4711 III,
2326 4646 2416 4701 tibi
2455 4647 2805 4718 Damwtasct
2828 4644 3093 4718 Menalcas
3125 4644 3265 4718 inter
3304 4659 3423 4699 sese
3448 4646 3576 4713 quid

1974 4713 2213 4775 carm'iue
2243 4728 2467 4788 uterque
2499 4718 2672 4788 valeat
2698 4713 2934 4788 vicissim
2959 4714 3326 4788 experiuntur,
3355 4730 3417 4788 ac
3455 4726 3576 4788 tan-

1974 4792 2095 4845 dem
2124 4785 2572 4853 certandolessi,
2627 4787 2774 4841 litem
2823 4785 3143 4839 Palaemonis
3188 4785 3412 4841 arbitrio
3440 4785 3609 4841 diri...

1973 4861 2222 4916 mendam
2250 4860 2432 4930 jocosa
2475 4855 3209 4914 altercatione.concludunt.
3260 4856 3464 4923 Quaerit
3510 4871 3579 4913 ex

1972 4932 2209 4988 Menalca
2246 4933 2514 4987 Damoetas
2540 4946 2553 4981 :

2095 5023 2191 5086 Dic
2211 5024 2389 5086 quibus
2418 5023 2468 5071 in
2493 5019 2659 5086 terris,
2669 5026 2730 5086 et
2745 5019 2846 5068 eris
2860 5018 2974 5068 mihi
2997 5030 3201 5086 magnus
3222 5016 3412 5086 Apollo,

2095 5078 2410 5149 Tres-pateat
2428 5084 2540 5134 cmli
2557 5078 2764 5145 spatium
2789 5093 2885 5130 non
2907 5078 3116 5144 amplius
3138 5078 3311 5130 ulnas“?

1974 5170 2272 5226 Dam'tetam
2291 5168 2559 5229 Menalcas
2584 5163 2851 5220 consimili
2878 5165 3176 5233 quiestione
3202 5163 3489 5230 repercutit
3517 5179 3531 5216 :

2097 5261 2187 5331 Qic
2209 5261 2386 5322 quibus
2405 5260 2455 5307 in
2474 5258 2621 5307 terris
2642 5256 2859 5364 inscripti
2899 5255 3095 5304 nomina
3120 5264 3298 5314 regum

2097 5322 2366 5364 Nascantur
2386 5321 2568 5364 ﬂores:
2595 5328 2649 5364 et
2666 5316 2786 5364 thl
2807 5317 2885 5364 Ida
2908 5316 3040 5364 solus
3060 5315 3262 5364 habeto.

2094 5315 2366 5375 Nascantur
2386 5321 2568 5381 ﬂores;
2595 5328 2649 5370 et
2666 5315 2885 5381 Phyllida
2908 5316 3040 5367 solus
3060 5315 3262 5364 habeto.

1980 5405 2277 5475 Quzesicrat
2331 5404 2600 5460 Damoetas
2647 5402 2861 5475 ubinam
2914 5407 3176 5453 terrarum
3226 5394 3423 5475 cmlum
3469 5405 3575 5452 tres

1981 5468 2185 5532 tantum
2215 5476 2366 5529 ulnas
2406 5482 2644 5544 pateret,
2704 5470 2845 5544 quod
2886 5481 3033 5544 certe
3070 5481 3333 5544 nusquam
3380 5468 3572 5544 datur,

1981 5563 2154 5619 neque
2184 5537 2488 5619 per__mundi
2518 5537 2759 5598 naturth
2801 5539 3136 5619 ﬁeripotest,
3167 5537 3435 5619 utalicubi
3467 5548 3576 5590 ter-

1980 5608 2159 5674 rar'um
2184 5608 2310 5671 cmli
2360 5629 2521 5683 supra
2564 5625 2734 5683 terras
2775 5608 3069 5683 amplitudo
3117 5608 3287 5683 trium_
3329 5608 3573 5660 ulnarum

1981 5690 2158 5760 spatio
2181 5676 2537 5760 contineatur.
2579 5682 2760 5760 Itaque
2781 5678 3045 5760 Menalcas
3073 5676 3402 5760 propositam
3425 5691 3573 5760 qum-

1981 5743 2210 5819 slionem
2241 5772 2346 5816 non
2371 5755 2548 5823 solvit,
2581 5743 2996 5825 sed'quazstione
3046 5743 3152 5805 alia
3176 5743 3409 5805 refellit.
3442 5743 3569 5820 Dic,

1959 2533 2115 2588 lustri
2167 2533 2339 2603 aliqua
2370 2533 2577 2599 fronde,
2619 2543 2673 2588 et
2701 2532 2841 2603 quod
2864 2533 3032 2604 magis
3053 2532 3170 2588 usui
3196 2541 3281 2588 est
3310 2531 3403 2604 (ι’),
3431 2547 3558 2589 cen-
3578 2572 3626 2601 ,,
3696 2528 3701 2533 ’
