3902 6312
395 281 499 344 105
1297 324 1304 328 -

910 399 1135 460 CAPUT
1185 399 1470 459 PRIMUM.

471 579 996 653 Quaesisﬁprexime,
1015 579 1144 635 Fabi
1169 580 1332 636 frater
1361 577 1460 652 (η),
1485 576 1789 649 fugiendum
1817 590 1988 632 necne

399 674 470 728 sit
497 673 550 728 in
581 674 971 743 persecutione,
1010 671 1151 743 quod
1180 673 1358 728 nescio
1388 670 1513 741 quid
1551 671 1983 724 annuntiaretur.

397 763 596 820 Ibidem
638 779 738 834 ego
777 765 1056 820 oblocutus
1095 762 1290 832 aliquid
1336 776 1432 832 pro
1460 761 1578 817 loco
1615 775 1678 816 ac
1722 771 1985 829 tempore,

393 867 444 912 et
470 857 821 928 quarumdam
846 871 1194 928 personarum
1229 855 1651 925 importunitate,
1696 853 1978 908 semitrac-

390 957 553 1004 tatam
584 951 858 1005 materiam
886 947 1075 1004 abstuli
1106 961 1339 1013 mecum,
1369 946 1574 1016 plenius
1601 959 1718 1000 eam
1746 943 1812 999 de
1841 943 1982 1015 stylo

389 1054 534 1095 nunc
559 1040 978 1104 renuntiaturus,
1009 1048 1192 1110 utpote
1213 1053 1372 1108 quam
1396 1037 1524 1091 mihi
1557 1034 1634 1109 (l)
1662 1046 1717 1090 et
1744 1044 1827 1090 tua
1853 1049 1980 1090 con-

389 1132 606 1186 sultatio
636 1130 1056 1196 commendarat,
1085 1130 1390 1185 etcouditio
1420 1139 1716 1199 temporum
1747 1129 1844 1182 suo
1869 1127 1978 1198 jam

388 1223 604 1278 nomine
635 1223 958 1293 injunxerat.
985 1222 1196 1288 Quanto
1222 1221 1366 1277 enim
1395 1220 1782 1291 frequentiores
1805 1219 1979 1273 immi-

387 1323 517 1369 nent
543 1314 968 1385 persecutiones,
1003 1321 1149 1367 tauto
1170 1313 1494 1367 examinatio
1519 1310 1847 1382 procuranda
1877 1323 1980 1378 est,

386 1406 654 1477 quomodo
675 1422 766 1462 eas
787 1407 1037 1475 excipere
1063 1405 1193 1460 fides
1214 1403 1424 1458 debeat.
1447 1403 1780 1458 Procuranda
1805 1413 1980 1458 autem

385 1499 708 1554 examinatio
751 1513 916 1569 penes
947 1513 1060 1564 vos,
1091 1497 1180 1566 qui
1230 1495 1331 1569 (ἓ),
1365 1499 1408 1550 si
1451 1495 1605 1561 forte,
1652 1495 1979 1551 Para'cletum

385 1608 492 1647 non
541 1592 852 1663 recipiendo
882 1591 1229 1646 deductorent
1277 1590 1452 1644 omnis
1484 1589 1746 1653 veritatis,
1791 1589 1981 1644 merito

385 1683 564 1738 adhuc
589 1683 752 1738 etiam
796 1682 916 1736 aliis
961 1681 1348 1752 quiestionibus
1378 1681 1594 1735 obnoxii
1633 1683 1779 1736 estis.
1813 1680 1977 1752 Igitur

1814 274 2276 338 TERTULLIANI
2301 340 2312 347 ﬁ

2021 402 2072 461 Α
2104 400 2219 466 tati,
2252 414 2437 458 revera
2468 415 2575 457 non
2613 399 2871 458 adversus
2908 415 3124 460 carnem
3153 411 3207 459 et
3235 401 3559 474 sanguinem,
3584 402 3672 458 sed

3573 283 3674 342 £04

2092 491 2352 547 adversus
2401 493 2660 563 spiritalia
2709 492 2957 566 (Ep/tes,
3011 495 3100 560 Vl,
3148 485 3258 566 ’12)
3313 493 3570 562 ηρηιιὶιίςιο.
3599 491 3672 547 lta

2090 600 2352 657 agnosces
2392 587 2457 640 ad
2500 587 2747 642 eumdem
2775 588 3151 658 agonothetam
3201 589 3470 658 pertinere
3515 597 3673 642 certa-

2092 679 2252 734 minis
2299 679 2601 745 arbitrium,
2655 681 2742 750 qui
2796 679 2983 733 invitat
3028 680 3093 734 ad
3146 680 3442 750 praemium.
3492 679 3671 733 Totum

2089 771 2231 841 quod
2262 772 2434 841 agitur
2465 771 2514 826 in
2547 771 2944 842 persecutione,
2976 772 3144 842 gloria
3179 770 3269 825 Dei
3313 780 3396 826 est
3419 769 3670 840 probantis

2089 872 2145 918 et
2171 865 2526 934 reprobantis,
2544 866 2876 935 imponentis
2891 875 2946 920 et
2972 865 3313 934 deponentis.
3330 863 3480 931 Quod
3509 874 3666 918 autem

2087 956 2153 1010 ad
2195 947 2419 1028 gloriam
2475 957 2570 1012 Dei
2613 956 2861 1026 pertinet,
2913 960 3096 1026 utique
3141 973 3207 1012 ex
3234 956 3508 1010 voluntate
3545 955 3671 1009 illius

2085 1051 2319 1105 eveniet.
2351 1049 2456 1106 Sed
2495 1050 2710 1121 quando
2742 1050 2882 1104 Deus
2912 1051 3082 1121 magis
3124 1049 3383 1112 creditur,
3427 1048 3521 1103 nisi
3559 1063 3667 1103 cum

2087 1141 2256 1212 magis
2303 1143 2549 1206 timetur,
2601 1141 2702 1196 nisi
2749 1141 2829 1222 (9)
2884 1142 2934 1196 itt
2981 1151 3226 1212 tempore
3265 1137 3668 1210 persecutionis?

2085 1232 2236 1288 Tunc
2265 1232 2500 1289 Ecclesia
2531 1233 2583 1287 in
2611 1234 2837 1287 attonito
2875 1241 2990 1297 est;
3040 1242 3168 1288 tunc
3195 1243 3251 1287 et
3282 1232 3413 1288 ﬁdes
3440 1234 3491 1286 in
3519 1247 3664 1301 expe-
3690 1253 3728 1279 ρκ

2090 1324 2294 1379 ditione
2367 1323 2651 1379 sollicitior
2699 1333 2754 1378 ct
2811 1324 3200 1394 disciplinatior
3254 1325 3305 1379 itt
3372 1325 3579 1394 jejuniis
3622 1332 3672 1380 et

2089 1416 2432 1484 stationibus,
2478 1425 2531 1471 et
2560 1416 2913 1484 orationibus,
2960 1428 3013 1472 et
3059 1416 3379 1483 humilitate,
3438 1417 3488 1471 in
3514 1416 3667 1470 alter-

2085 1523 2205 1566 utra
2249 1511 2522 1581 diligentia
2550 1519 2602 1565 et
2641 1509 2929 1565 dilectione
2958 1508 3056 1582 (c),
3083 1511 3133 1564 in
3179 1511 3462 1564 sanctitate
3499 1519 3550 1564 et
3587 1525 3669 1564 sn-

2084 1604 2329 1659 brietate.
2363 1601 2478 1657 Non
2523 1604 2664 1659 enim
2695 1611 2914 1657 vacatur
2945 1603 3046 1656 nisi
3079 1602 3256 1657 timori
3284 1612 3337 1656 et
3364 1603 3497 1673 spei.
3530 1601 3669 1656 Adeo

2083 1705 2137 1751 et
2165 1712 2230 1752 ex
2271 1695 2374 1749 hoc
2413 1695 2528 1764 ipso
2569 1695 2870 1750 ostenditur
2913 1695 3068 1750 nobis
3122 1709 3226 1750 non
3270 1710 3430 1764 posse
3469 1693 3671 1749 diabolo

385 1775 767 1831 consultationi
816 1784 920 1830 tua:
961 1775 1204 1830 ordinem
1257 1791 1469 1845 quoque
1516 1775 1806 1842 induimus,
1859 1775 1977 1830 ani—
2009 1761 2055 1820 Β
2085 1786 2330 1858 deputari
2373 1761 2512 1854 eain,
2558 1801 2678 1857 qua;
2715 1787 2968 1842 meliores
3007 1785 3174 1842 efﬁcit
3216 1761 3309 1841 Déi
3352 1801 3551 1842 servos,

385 1869 782 1934 madvertentes
843 1876 968 1923 ante
1020 1868 1368 1923 determinari
1416 1877 1669 1938 oportere
1721 1868 1788 1924 de
1837 1877 1978 1923 statu

385 1960 554 2030 ipsius
581 1960 984 2031 persecutionis,
1019 1968 1195 2020 utrum
1225 1975 1254 2012 a
1285 1961 1394 2015 Deo
1425 1959 1676 2014 obveniat
1703 1959 1809 2029 (5),
1850 1974 1917 2014 an
1945 1975 1977 2015 ει

385 2053 633 2120 diabolo,
666 2067 772 2122 quo
814 2052 1022 2108 facilius
1059 2052 1126 2107 de
1156 2051 1305 2107 obitu
1350 2051 1466 2122 ejus
1493 2063 1744 2107 constare
1786 2052 1974 2122 possit.

381 2145 565 2202 Omnis
611 2150 750 2202 enim
792 2147 868 2201 rei
911 2145 1192 2216 inspectio,
1225 2155 1446 2202 auctore
1469 2146 1715 2216 cognito,
1741 2145 1969 2215 planior.

383 2240 528 2296 Satis
572 2250 653 2295 est
690 2239 902 2310 quidem
943 2239 1293 2308 praescribere
1321 2239 1400 2308 (4)
1431 2237 1562 2292 nihil
1594 2237 1706 2292 ﬁeri
1734 2237 1849 2291 sine
1881 2237 1972 2292 Dei

379 2332 672 2386 voluntate.
702 2329 816 2386 Sed
860 2346 966 2384 non
1008 2333 1184 2384 Statim
1228 2329 1328 2384 hac
1354 2330 1613 2384 sententia
1643 2329 1853 2384 czeteris
1883 2344 1970 2384 re-

386 2421 799 2492 tractatibus(5)
828 2421 1003 2476 locum
1030 2422 1298 2487 dabimus,
1325 2435 1391 2475 ne
1421 2436 1447 2473 a
1469 2420 1718 2490 pra-senti
1747 2417 1970 2476 articulo

307 2586 310 2592 ι
379 2530 688 2582 avocemur,
711 2515 754 2569 si
769 2515 888 2586 quis
904 2513 1273 2584 responderit:
1298 2513 1440 2584 Ergo
1468 2522 1522 2568 et
1547 2514 1746 2568 malum
1774 2527 1804 2568 a
1835 2514 1966 2582 Deo,

376 2618 432 2664 et
461 2609 712 2664 delictum
755 2625 784 2663 a
825 2610 964 2674 Deo;
995 2608 1125 2663 nihil
1149 2607 1260 2677 jam
1289 2607 1340 2662 in
1371 2607 1604 2673 diabolo,
1634 2606 1766 2662 nihil
1807 2607 1966 2662 etiam

374 2701 431 2755 in
468 2701 622 2756 nobis
654 2701 800 2771 ipsis.
833 2701 906 2756 De
937 2700 1310 2771 persecutione
1337 2714 1478 2755 nunc
1507 2700 1784 2770 qumritur.
1813 2698 1969 2755 Circa

375 2791 515 2848 hanc
551 2794 761 2849 interim
800 2792 1024 2849 dixerim
1067 2793 1200 2847 nihil
1239 2791 1356 2847 ﬁeri
1396 2792 1515 2848 sine
1545 2791 1640 2848 Dei
1670 2791 1965 2858 voluntate,

373 2885 668 2956 respiciens
698 2899 814 2940 eam
848 2885 900 2939 in
931 2883 1118 2954 primis
1143 2883 1358 2954 dignam
1389 2883 1498 2938 Deo
1534 2898 1675 2948 esse,
1704 2893 1778 2951 et,
1809 2894 1868 2939 ut
1895 2884 1964 2938 ita

371 2975 623 3044 dixerim,
672 2977 1052 3042 necessariam,
1103 2974 1169 3030 ad
1211 2973 1579 3045 probationem
1609 2976 1814 3032 scilicet
1850 2990 1965 3031 ser-

370 3081 556 3124 verum
580 3066 699 3136 ejus
736 3067 851 3121 sive
883 3067 1340 3140 reprobationem.
1366 3065 1496 3133 Quis
1521 3075 1602 3122 est
1621 3068 1762 3121 enim
1791 3068 1964 3123 exitus

366 3159 778 3228 persecutionis,
807 3157 928 3227 quis
954 3157 1176 3212 ell‘ectus
1202 3157 1363 3226 alius,
1392 3157 1494 3211 nisi
1525 3158 1771 3228 probatio
1799 3170 1854 3214 et
1879 3175 1963 3215 re-

369 3247 614 3319 probatio
641 3247 786 3313 ﬁdei,
815 3265 917 3318 qua
950 3263 1078 3303 suos
1112 3247 1294 3318 utique
1325 3246 1579 3302 Dominus
1606 3249 1963 3304 examinavit?

367 3339 482 3396 Hoc
509 3357 668 3398 omne
700 3340 778 3414 (6)
805 3341 1061 3412 judicium
1089 3351 1172 3396 est
1199 3341 1500 3410 persecutio
1537 3356 1631 3409 per
1657 3353 1814 3411 quam
1843 3343 1962 3410 quis

367 3441 458 3487 aut
488 3435 741 3503 probatus
780 3442 874 3488 aut
912 3433 1229 3504 reprobatus
1264 3432 1552 3503 judicatur.
1598 3433 1767 3489 Porro
1815 3434 1960 3504 judi-

363 3523 506 3578 cium
551 3524 649 3579 soli
684 3525 794 3580 Deo
833 3524 1107 3594 competit.
1145 3523 1270 3578 Haec
1315 3524 1431 3592 pala
1474 3524 1560 3578 illa
1611 3522 1710 3595 (b),
1756 3541 1875 3595 quze
1905 3537 1959 3581 et

364 3630 507 3670 nunc
552 3614 881 3669 Dominicam
929 3630 1108 3669 aream
1142 3623 1351 3684 purgat,
1394 3614 1688 3670 Ecclesiam
1735 3616 1957 3683 scilicet,

363 3703 642 3760 confusum
695 3719 944 3760 acervum
992 3705 1232 3760 fidelium
1275 3706 1594 3770 eventilans,
1634 3704 1958 3764 frumentum

361 3804 659 3869 martyrum
700 3797 778 3869 (7)
830 3805 883 3852 et
927 3797 1109 3867 paleas
1150 3805 1480 3869 negatorum.
1518 3798 1640 3854 Haec
1680 3801 1821 3855 enim
1854 3801 1955 3876 (8),

361 3889 520 3945 scalae
562 3905 692 3961 quas
729 3876 960 3945 somniat
1004 3889 1191 3957 Jacob,
1237 3890 1354 3945 aliis
1398 3905 1679 3946 ascensum
1709 3892 1759 3947 in
1798 3909 1956 3966 supe-

359 3981 524 4045 riora,
567 3981 685 4035 aliis
727 3981 1044 4038 descensum
1089 3980 1153 4036 ad
1203 3982 1454 4036 inferiora
1499 3984 1950 4041 demonstrantes.

359 4070 450 4126 Sic
485 4080 538 4126 et
578 4085 802 4141 agonem
849 4071 1070 4142 intelligi
1110 4071 1255 4140 capit
1284 4074 1729 4141 persecutionem.
1760 4076 1804 4129 Α
1849 4091 1954 4146 quo

358 4169 632 4216 certamen
662 4162 907 4228 edicitur,
954 4163 1055 4217 nisi
1083 4179 1112 4218 a
1139 4178 1245 4234 quo
1271 4177 1470 4218 corona
1497 4174 1550 4220 et
1576 4167 1792 4235 praemia
1822 4185 1948 4240 pro.

358 4255 664 4324 ponuntur?
690 4254 846 4324 Legis
871 4254 1102 4310 edictum
1129 4255 1314 4326 agonis
1343 4255 1493 4311 istius
1521 4257 1571 4310 in
1604 4257 1949 4332 Apocalypsi,

358 4348 551 4420 quibus
579 4348 811 4418 prmmiis
831 4347 896 4402 ad
923 4348 1197 4403 victoriam
1231 4348 1438 4415 invitet,
1468 4348 1551 4404 vel
1576 4352 1807 4407 maxime
1833 4355 1952 4411 illos

2722 1919 2948 1978 CAPUT
2998 1920 3062 1976 ll.

2153 2054 2209 2110 Si
2252 2055 2393 2126 quod
2427 2055 2540 2130 (10)
2585 2055 2841 2126 iniquitas
2872 2071 2902 2111 a
2935 2055 3046 2111 Deo
3072 2070 3177 2111 non
3206 2064 3310 2124 est,
3351 2057 3446 2113 sed
3493 2071 3521 2113 a
3562 2057 3662 2113 dia-

2080 2146 2222 2211 bolo,
2261 2148 2562 2216 persecutio
2603 2156 2785 2204 autem
2830 2161 2894 2203 ex
2937 2149 3216 2219 iniquitate
3251 2150 3499 2205 consisﬁt
3527 2150 3662 2222 (quid

2079 2239 2222 2294 enim
2254 2237 2489 2309 iniquius
2532 2254 2692 2309 quam
2723 2238 2836 2292 veri
2885 2238 2976 2293 Dei
3008 2241 3291 2301 antistites.
3343 2243 3518 2297 omnis
3557 2240 3664 2312 (ll)

2077 2338 2373 2384 sectatores
2396 2330 2659 2396 veritatis,
2678 2331 3180 2386 nocentissimorum
3211 2348 3361 2387 more
3389 2333 3667 2404 tractam),

2076 2419 2199 2476 ideo
2245 2421 2456 2477 videtur
2506 2423 2809 2492 persecutio
2863 2438 2891 2476 a
2942 2422 3160 2479 diabolo
3205 2425 3444 2491 evenire,
3486 2441 3517 2480 a
3569 2441 3668 2496 quo

2075 2512 2328 2583 iniquitas
2378 2515 2572 2586 agitur,
2625 2531 2690 2569 ex
2741 2530 2843 2585 qua
2893 2525 3103 2571 constat
3157 2517 3496 2586 persecutio:
3537 2519 3671 2574 scire

2075 2602 2352 2672 debemus,
2385 2616 2649 2676 quatenus
2681 2620 2780 2660 nec
2820 2608 3122 2675 persecutio
3143 2618 3227 2663 est
3253 2609 3370 2664 sine
3397 2609 3672 2680 iniquitate

2074 2696 2293 2764 diaboli,
2338 2713 2438 2755 nec
2484 2699 2730 2770 probatio
2775 2698 2896 2754 ﬁdei
2945 2701 3063 2756 sine
3108 2702 3503 2771 persecutione,
3554 2719 3672 2774 pro-
3708 2763 3742 2782 ν

2074 2801 2195 2862 pter
2220 2791 2588 2864 probationem
2624 2791 2746 2846 fidei
2789 2794 3147 2848 necessariam
3180 2794 3536 2864 iniquitatem,
3567 2811 3669 2852 non

2071 2883 2427 2954 patrocinium
2453 2891 2709 2954 praestare
2735 2883 3113 2954 perseeutioni,
3146 2885 3241 2941 sed
3270 2887 3624 2943 ministerium
3655 2905 3670 2954 ;

2069 2977 2374 3047 praecedere
2412 2979 2556 3032 enim
2601 2976 2696 3031 Dei
2736 2977 3064 3032 voluntatem
3117 2979 3258 3034 circa
3307 2978 3432 3035 ﬁdei
3477 2981 3672 3050 proba-

2071 3070 2294 3136 tionem,
2347 3084 2465 3140 qua:
2500 3077 2584 3124 est
2631 3070 2766 3124 ratio
2814 3070 3238 3140 persecutionis,
3290 3073 3442 3140 sequi
3493 3083 3672 3129 autem

2069 3159 2267 3215 diaboli
2317 3160 2650 3228 iniquitatem
2699 3159 2766 3214 ad
2812 3165 3227 3216 instrumentum
3259 3165 3670 3232 persecutionis,

2067 3275 2187 3330 qua:
2215 3260 2350 3315 ratio
2363 3267 2447 3315 est
2463 3258 2811 3330 probationis.
2830 3258 2961 3312 Nam
2975 3260 3192 3324 etalias,
3211 3259 3264 3313 in
3280 3270 3539 3330 quantum
3554 3263 3670 3330 jus-

2067 3354 2194 3407 titia:
2221 3353 2473 3422 iniquitas
2495 3352 2685 3407 aemula
2699 3359 2800 3414 est,
2820 3354 2872 3406 in
2897 3359 3100 3406 tantum
3117 3355 3339 3408 materia
3359 3355 3531 3414 estad
3567 3365 3673 3410 tes-

2065 3443 2283 3498 timonia
2309 3443 2445 3514 ejus,
2473 3445 2626 3513 cujus
2651 3452 2736 3499 est
2757 3444 2985 3509 aemula;
3013 3453 3072 3499 ut
3117 3445 3194 3500 sic
3226 3446 3431 3514 justitia
3473 3448 3523 3501 in
3565 3448 3671 3503 ini-

2064 3535 2264 3606 quitate
2280 3535 2610 3604 perficiatur,
2628 3535 2897 3606 quomodo
2919 3537 3085 3591 virtus
3110 3539 3159 3590 in
3177 3537 3486 3593 infirmitate
3509 3541 3673 3608 perﬁ-

2066 3627 2207 3682 citur
2229 3627 2293 3698 (ll
2317 3627 2458 3694 Con,
2483 3625 2597 3694 XII,
2627 3627 2702 3696 9).
2730 3625 2869 3680 Nam
2890 3628 3097 3692 inﬁrma
3122 3629 3299 3682 mundi
3322 3629 3481 3683 electa
3501 3640 3619 3685 sunt
3638 3650 3673 3687 a

2065 3717 2196 3784 Deo,
2226 3727 2279 3772 ut
2299 3717 2680 3787 confundantur
2705 3719 2897 3788 fortia;
2920 3729 2968 3772 et
2994 3719 3151 3772 stulta
3185 3720 3325 3790 ejus,
3354 3730 3408 3772 ut
3445 3722 3670 3791 confun—

2062 3811 2248 3866 dantur
2262 3811 2510 3881 sapientia
2532 3811 2575 3882 (I
2605 3809 2748 3876 Con,
2774 3809 2812 3874 Ι,
2835 3811 2950 3879 27).
2982 3810 3056 3865 [ta
3077 3818 3132 3865 et
3159 3810 3408 3881 iniquitas
3433 3812 3667 3868 adhibe-

2064 3915 2148 3960 tur
2177 3915 2236 3959 ttt
2271 3904 2474 3974 justitia
2509 3903 2783 3974 probetur,
2815 3902 3148 3960 confundens
3175 3903 3532 3974 iniquitatem.
3563 3907 3668 3977 lgi-

2063 4005 2148 4051 tur
2173 3995 2314 4066 quod
2365 3995 2716 4050 ministerium
2773 4010 2878 4049 non
2931 4003 3013 4050 est
3058 3994 3283 4060 arbitrii,
3317 3994 3412 4050 sed
3462 3998 3668 4055 servitii

2059 4085 2359 4157 (arbitrium
2415 4088 2557 4141 enim
2611 4085 2842 4150 Domini,
2895 4085 3213 4156 persecutio,
3269 4095 3490 4154 propter
3542 4087 3668 4145 ﬁdei

2060 4179 2450 4251 probationem;
2481 4177 2963 4250 ministerium(l2)
2982 4187 3158 4233 autem
3193 4178 3447 4248 iniquitas
3472 4179 3668 4236 diabo-

2059 4271 2114 4335 li,
2147 4279 2364 4341 propter
2405 4270 2794 4341 persecutionis
2820 4267 3285 4340 instructionem);
3314 4271 3386 4325 ita
3421 4285 3540 4326 eam
3568 4287 3668 4343 per

2057 4362 2348 4427 diabolum,
2375 4361 2422 4417 si
2462 4361 2622 4428 forte,
2652 4376 2762 4416 non
2788 4376 2819 4416 a
2849 4360 3064 4416 diabolo
3117 4363 3332 4418 evenire
3368 4362 3668 4424 credimus.

355 4443 448 4515 qui
492 4445 707 4516 proprie
744 4445 969 4501 vicerint
1007 4446 1060 4500 in
1098 4445 1493 4516 persecutione,
1529 4446 1793 4503 vincendo
1839 4449 1948 4506 luc-
1973 4445 2028 4504 D
2052 4453 2194 4510 Nihil
2228 4453 2439 4509 Satanae
2469 4453 2524 4508 in
2548 4466 2735 4508 servos
2759 4453 2852 4509 Dei
2879 4453 2988 4508 vivi
3015 4453 3217 4520 licebit,
3251 4454 3352 4509 nisi
3396 4456 3663 4525 permise-

1569 4558 1948 4622 LECTIONES
1990 4566 2400 4624 VARIANTES.

353 4667 490 4782 Iug)
526 4670 678 4730 Quam
703 4672 749 4720 ei
775 4669 926 4722 Seml.
947 4670 1143 4723 Obertlt.
1160 4683 1304 4734 quam
1325 4670 1440 4720 mihi
1464 4676 1516 4722 et
1531 4670 1684 4724 Rhea.
1701 4689 1714 4735 ;
1733 4689 1876 4738 quam
1897 4686 1949 4728 et

417 4795 488 4856 (2)
515 4794 608 4853 Qui
632 4793 764 4844 deest
790 4795 935 4844 Sami.
967 4793 1164 4846 Oberth.

441 4858 492 4917 3)
517 4857 732 4905 Obvenit
763 4856 912 4905 Frmt.

441 4859 492 4917 3)
517 4859 732 4905 ()bvenit
763 4859 912 4905 Frmt.

348 4925 353 4930 '
417 4859 489 4982 (4)
516 4918 834 4982 Ιζεινδοιδίὺοω
858 4917 1006 4967 Seml.
1034 4915 1228 4982 Obcrth.
1258 4977 1268 4982 _
1363 4978 1372 4982 _
1467 4979 1497 4982 _
1805 4939 1813 4945 -

348 4925 353 4930 '
417 4922 467 4982 (i
516 4922 834 4967 l’erscribere
858 4922 1006 4967 Seml.
1034 4922 1228 4969 Oberm.
1805 4939 1813 4945 -

348 4922 491 5093 ῃ(ξέ
532 4979 923 5029 Retractaiumus
981 4980 1131 5030 Semt.
1211 4977 1408 5032 Oberth.
1467 4979 1942 5049 Retractaverimus,

413 5105 485 5169 (6)
520 5102 716 5154 Domini
740 5102 891 5153 Seml.
914 5102 1105 5155 Obertlt.
1137 5105 1276 5167 Leop.
1302 5103 1492 5156 Nomen
1517 5104 1669 5157 Rhea.

2117 4681 2190 4754 ςτυ
2217 4679 2466 4754 naturam
2491 4681 2641 4754 enen.-

2115 4739 2190 4864 (δὲ
2216 4742 2476 4814 etiam
2502 4739 2654 4793 Seml.
2681 4740 2879 4817 Oberth:
2908 4742 3051 4806 Leop.
3111 4805 3120 4814 ι
3272 4802 3284 4812 .
3312 4788 3324 4801 ,

2115 4804 2909 4926 (ἶὶοῗᾶῇᾞιῑ-Μρὲῗυουιιοωε
2927 4803 3152 4856 Ecclesm
3179 4803 3333 4855 Latin.

2146 4867 2219 4926 I0)
2246 4866 2484 4924 Quoniam
2513 4866 2666 4918 Latin.

2113 4927 2216 5052 $1;
2241 4928 2426 4978 Omnes
2449 4929 2656 4980 Semler.
2683 4927 2879 5000 obertlt.
2901 4929 3044 4992 LeOp.
3097 4991 3106 5001 .
3401 4986 3411 4998 ο

2140 4990 2194 5038 12
2250 4992 2411 5041 Verba
2431 5029 2434 5032 .
2454 4994 2779 5052 ministerium
2800 5017 2863 5026 —
2887 4993 3258 5052 instructionem
3280 5001 3411 5042 nesci

2540 4995 2779 5054 tisterium
2800 5017 2863 5026 —
2887 4995 3258 5054 instructionem
3280 4995 3439 5042 nescio
3459 5002 3557 5054 qua
3594 4995 3661 5047 de

2048 5050 2220 5101 caussa
2241 5052 2398 5104 omisit
2424 5055 2574 5105 Semt.
2600 5051 2800 5117 eiusque
2815 5064 3001 5114 sequax
3027 5050 3225 5104 Oberth.

1694 5190 2247 5255 COMMENTARIUS.

419 5304 575 5377 CAP.
607 5305 803 5377 l.——(a)
820 5301 953 5377 Fabi
974 5303 1151 5377 frater.
1183 5302 1469 5377 Communi
1509 5302 1936 5377 Christianorum

348 5375 566 5431 nomine
581 5374 794 5432 fratrem
818 5375 903 5430 hic
917 5385 1089 5430 vocat.
1109 5374 1236 5440 Quis
1251 5386 1426 5429 autem
1451 5375 1934 5501 luerit,li‘nc§rtum.

1676 5460 1707 5499 ε
1773 5463 1827 5501 n.

1676 5460 1707 5499 Ε
1731 5460 1827 5501 ΡΒ.

427 5516 504 5592 (b)
535 5517 663 5592 l_la2c
700 5518 820 5589 pata
875 5516 984 5572 illa;
1013 5517 1179 5592 Recte
1219 5515 1510 5592 Rhenanus
1561 5515 1944 5592 interpretatur

345 5585 519 5660 potant
556 5585 967 5660 instrumentum
1005 5587 1261 5660 rusticum
1291 5585 1781 5660 :,_alludit_enimad
1808 5587 1937 5643 illud

349 5655 530 5713 Matth.
586 5658 678 5725 IIl,
725 5659 874 5728 juxta
916 5659 1144 5715 similem
1192 5659 1250 5712 Β.
1284 5655 1558 5728 Cypriani
1595 5658 1935 5722 versionem;

344 5731 468 5802 quia
493 5730 672 5788 veniet
711 5726 959 5790 dominus
997 5730 1172 5786 ferens
1215 5726 1471 5800 palantia
1512 5742 1672 5783 manu
1718 5731 1932 5796 sua,'et

2046 5311 2323 5368 mundabit
2365 5327 2544 5367 aream
2577 5327 2748 5369 suam.
2785 5312 2921 5369 Plut.

2119 5382 2293 5454 (c)ln
2332 5385 2580 5437 alterutra
2619 5383 2884 5454 diligentia
2927 5391 2979 5454 et
3019 5383 3306 5439 dilectione.
3339 5383 3434 5441 His
3473 5387 3653 5445 verbis

2046 5452 2344 5530 signiﬁcat:
2387 5452 2739 5530 quaecumque
2771 5464 2910 5530 sunt
2939 5453 3650 5530 eltristiatta:_pietatis_erga

2047 5522 2315 5594 Deumiet
2356 5522 2663 5594 proximum
2726 5526 2923 5593 ofﬁcia,
2988 5526 3173 5594 quales
3244 5522 3476 5580 ﬁdelium
3511 5522 3653 5585 intér

2044 5606 2124 5664 se,
2157 5593 2497 5664 idiligen’tium
2528 5607 2582 5650 et
2616 5595 2932 5651 dilectorum
2964 5593 3208 5659 allectus,
3233 5596 3394 5651 etiam
3446 5600 3650 5661 ethnici

2045 5662 2351 5733 laudabant,
2385 5677 2442 5722 et
2470 5666 2820 5735 mirabantur,
2855 5667 2910 5723 in
2937 5665 3216 5741 Apologet.
3242 5664 3389 5724 lttG.‘
3433 5665 3436 5668 “
