3902 6312
281 286 404 343 105

1414 279 1503 338 DE
1543 280 1726 340 FUGA
1764 278 1832 338 IN
1870 279 2412 342 PERSECUTIONE.

3449 286 3555 345 106

278 400 364 454 rit
395 398 645 464 Dominus,
675 403 846 453 utaut
873 396 1036 467 ipsum
1064 394 1302 451 destruat
1344 409 1439 465 per
1464 395 1622 451 ﬁdem
1652 396 1929 457 elccto-A
1956 394 2183 452 traditur
2232 398 2279 453 ei
2324 406 2576 470 peccator
2625 398 2775 470 quasi
2828 398 3065 458 carniﬁci
3119 400 3172 457 in
3221 414 3456 472 poenam,
3499 413 3558 459 ut

276 509 407 548 rum
435 494 481 548 in
510 493 787 548 tentatioue
812 491 1078 546 victricem
1111 491 1188 561 (l)
1216 489 1326 559 :(a)
1344 497 1435 545 aut
1464 489 1708 546 homines
1734 490 1852 559 ejus

274 585 448 641 fuisse
476 586 716 651 traducat,
743 586 832 657 qui
853 583 1135 641 defecerint
1162 583 1227 638 ad
1258 583 1431 639 illum.
1464 584 1639 640 Habes
1663 598 1851 640 exem-

274 679 429 749 plum
455 679 562 746 Job,
588 680 665 735 cui
689 678 928 734 diabolus
959 679 1154 733 nullam
1205 678 1375 749 potuit
1404 678 1645 735 incutere
1683 688 1852 734 tcnta'

272 772 495 836 tionem,
521 772 611 827 nisi
638 788 665 827 a
689 772 797 827 Deo
824 772 1113 841 accepisset
1144 780 1487 842 potestatem,
1518 787 1615 828 nec
1641 773 1693 827 in
1720 771 1854 827 sub-

266 864 517 919 stantiam
541 863 743 934 quidem
765 863 914 933 ejus,
942 863 1044 920 nisi
1072 864 1365 931 Dominus,
1401 863 1563 929 Ecce.
1597 864 1851 930 dixisset,

263 972 363 1011 om
374 956 448 1009 nia
471 972 572 1026 qua:
595 965 706 1009 sunt
726 956 792 1022 ei,
816 957 869 1010 in
900 973 1052 1011 manu
1075 965 1163 1010 tua
1197 956 1264 1011 do
1283 998 1298 1019 ,
1327 960 1380 1011 in
1403 957 1574 1027 ipsum
1602 966 1772 1012 autem
1793 972 1856 1012 ne

265 1046 542 1103 extenderat
568 1064 768 1102 manum
796 1048 939 1114 (Job,
970 1048 1010 1115 l,
1043 1049 1151 1122 12).
1176 1049 1413 1121 Denique
1443 1064 1540 1105 nec
1586 1049 1852 1115 extendit,

267 1140 382 1195 nisi
406 1150 719 1211 posteaquam
775 1150 827 1196 et
875 1141 975 1195 hoc
1025 1141 1315 1213 postulanti
1367 1142 1653 1211 Dominus,
1684 1141 1852 1209 Ecce,

268 1232 503 1298 dixisset,
531 1233 670 1287 trado
720 1233 811 1287 tibi
862 1234 1028 1299 illum,
1074 1237 1272 1288 tantum
1311 1235 1537 1289 animant
1590 1236 1729 1307 ejus.
1766 1250 1857 1288 cu-

266 1328 404 1383 stodi
435 1327 585 1397 (Job,
614 1327 655 1383 ll
679 1370 692 1394 ,
722 1327 820 1399 6).
851 1330 941 1384 Sic
994 1338 1050 1383 et
1101 1329 1153 1384 in
1201 1329 1488 1403 Apostolps
1553 1329 1855 1386 facultatem

265 1419 559 1475 tentationis
637 1420 966 1490 postulavit,
1024 1436 1128 1475 non
1206 1420 1411 1477 habens
1462 1436 1581 1478 eam
1633 1422 1733 1477 nisi
1789 1438 1856 1478 ex

267 1513 535 1584 permissu.
588 1511 860 1583 Siquidem
921 1513 1179 1569 Dominus
1226 1514 1277 1568 in
1331 1513 1619 1585 Evangelio
1658 1514 1722 1568 ad
1769 1515 1858 1570 l’e-

266 1614 400 1661 trum
427 1623 439 1658 :
468 1604 597 1660 Ecce
623 1646 638 1669 ,
673 1606 880 1676 inquit,
914 1607 991 1678 (b)
1020 1606 1291 1677 postulavit
1322 1606 1548 1663 Satanas
1577 1607 1652 1660 uti
1679 1622 1857 1661 cerne-

262 1708 339 1751 ret
360 1713 441 1751 ros
463 1698 592 1752 velut
637 1702 951 1768 frumentum
975 1712 994 1752 :
1016 1713 1187 1751 verum
1231 1713 1324 1769 ego
1349 1700 1528 1768 rogavi
1564 1712 1658 1768 pro
1701 1707 1768 1761 te,
1796 1714 1859 1752 ne

263 1787 482 1885 dejicere!
506 1789 634 1858 ﬁdes
660 1798 747 1885 tua
769 1788 788 1860 (
813 1787 943 1854 Luc,
972 1787 1134 1853 XXII,
1156 1789 1233 1885 .51
1265 1789 1283 1858 )
1318 1805 1331 1842 :
1355 1787 1408 1843 id
1431 1795 1534 1885 est,
1558 1803 1628 1843 ne
1651 1797 1857 1845 tantum
1886 1792 1935 1853 B
1966 1830 1995 1885 ι)

264 1878 464 1932 diabolo
523 1878 942 1947 permitteretur,
1000 1889 1056 1934 ut
1102 1878 1233 1935 ﬁdes
1283 1878 1692 1951 periclitaretur.
1736 1879 1854 1948 Quo

264 1973 566 2039 ostenditur,
603 1983 890 2044 utrumque
914 1973 1052 2045 apud
1087 1974 1252 2029 Deum
1283 1988 1425 2039 esse,
1458 1982 1513 2029 et
1540 1974 1852 2030 concussio.

264 2079 381 2120 nem
403 2064 542 2130 ﬁdei,
571 2076 625 2120 et
654 2066 1058 2135 protectionem,
1093 2080 1214 2120 cum
1244 2074 1528 2135 utrumque
1557 2065 1625 2119 ab
1665 2080 1733 2122 eo
1757 2081 1854 2138 pe-

264 2158 405 2221 titur,
436 2159 717 2214 concussio
741 2176 771 2211 a
801 2157 1037 2224 diabolo,
1072 2158 1333 2228 protectio
1352 2173 1383 2212 a
1409 2156 1566 2213 Filio.
1591 2158 1656 2214 Et
1673 2159 1857 2229 utique

262 2266 379 2308 cum
411 2251 569 2306 Filius
605 2253 697 2308 Dei
727 2254 1114 2324 protectionem
1145 2251 1265 2307 lidei
1299 2251 1461 2308 habet
1487 2253 1540 2308 in
1572 2268 1670 2309 sua
1706 2262 1855 2323 pote-

261 2357 397 2403 state
422 2362 572 2417 quam
600 2361 629 2401 ο
658 2346 819 2402 Patre
846 2346 1100 2416 postulat,
1133 2362 1166 2399 a
1192 2361 1292 2415 quo
1314 2360 1514 2399 onmem
1537 2346 1723 2416 accipit
1766 2362 1858 2415 po-

258 2449 484 2495 testatem
510 2440 559 2494 in
577 2440 718 2495 cazlis
748 2439 869 2493 etin
896 2439 1042 2492 terris
1067 2436 1279 2509 (Matth.
1302 2436 1542 2501 XXVIII,
1567 2436 1679 2508 18),
1700 2437 1859 2508 quale

258 2542 347 2589 est
391 2540 448 2586 ut
496 2531 905 2586 concussionem
947 2529 1067 2585 ﬁdei
1098 2529 1345 2585 diabolus
1375 2529 1427 2584 in
1459 2544 1619 2585 manu
1646 2544 1740 2585 sua
1765 2528 1857 2584 ha-

253 2609 514 2691 beatur)
539 2622 644 2678 Sed
691 2622 744 2676 in
775 2622 1007 2693 legitima
1052 2622 1304 2678 Oratione
1349 2637 1474 2680 cum
1515 2622 1744 2677 dicimus
1789 2621 1856 2677 ad

253 2715 467 2772 Patrem
484 2732 503 2769 :
524 2714 607 2771 Ne
628 2731 721 2770 nos
760 2715 975 2769 inducas
995 2715 1046 2769 in
1065 2712 1622 2784 tentationemUllattlt.
1657 2713 1741 2777 VI.
1765 2712 1857 2785 15)

252 2809 398 2881 (qua:
422 2819 512 2865 aut
536 2808 711 2879 major
741 2809 966 2865 tenuitio
999 2824 1156 2879 quam
1189 2808 1491 2880 persecutio
1508 2808 1582 2879 ?);
1605 2808 1675 2864 ab
1702 2823 1769 2864 eo
1795 2808 1859 2863 il-

248 2898 362 2955 lam
384 2902 695 2971 proﬁtemur
722 2900 990 2966 accidere,
1019 2916 1050 2954 a
1079 2914 1185 2963 quo
1219 2899 1427 2954 veniam
1454 2899 1573 2967 ejus
1600 2898 1858 2968 depreca-

248 3008 406 3049 mur:
432 2994 532 3049 hoc
552 3003 635 3049 est
663 2994 808 3049 enim
833 2993 975 3064 quod
997 2993 1271 3064 sequitur:
1301 2990 1408 3047 Sed
1434 3007 1553 3047 erue
1580 3007 1670 3045 nos
1694 3008 1727 3045 a
1746 3007 1857 3046 rna-

247 3087 393 3161 ligno
418 3086 626 3159 (ibid);
661 3087 715 3143 id
743 3098 858 3155 est,
891 3102 959 3145 ne
985 3103 1082 3142 nos
1111 3087 1384 3143 induxeris
1410 3086 1853 3154 intentationem,

245 3181 615 3252 permittendo
643 3195 743 3236 nos
773 3180 1018 3251 maligno.
1054 3180 1203 3238 Tunc
1229 3181 1372 3236 enim
1399 3182 1638 3235 eruimur
1657 3178 1855 3234 diaboli
1882 3182 1928 3244 C

242 3276 500 3333 manibus
523 3317 538 3342 ,
570 3290 695 3331 cum
726 3275 802 3329 illi
832 3289 939 3330 non
976 3274 1235 3330 tradimur
1266 3275 1321 3330 in
1353 3276 1722 3332 tentationem.
1748 3274 1857 3331 Nec

240 3368 304 3426 in
335 3382 624 3438 porcorum
652 3383 870 3438 gregem
908 3367 1104 3424 diaboli
1134 3367 1271 3438 legio
1298 3366 1483 3422 habuit
1514 3377 1853 3438 potestatem,

242 3460 352 3518 nisi
380 3475 502 3517 eam
531 3459 601 3516 de
630 3459 745 3515 Deo
766 3459 1125 3530 impetrasset.
1150 3466 1357 3514 tantum
1384 3459 1539 3515 abest
1562 3458 1698 3514 utin
1727 3473 1857 3515 oves

240 3552 348 3610 Dei
377 3552 594 3610 habeat.
623 3551 851 3607 Possum
901 3551 1103 3618 dicere,
1142 3565 1425 3622 porcorum
1456 3565 1668 3623 quoque
1712 3560 1857 3606 setas

241 3656 380 3702 tunc
407 3652 722 3700 numeratae
748 3644 890 3715 apud
940 3643 1106 3699 Deum
1157 3643 1354 3709 fuisse;
1399 3642 1594 3699 nedum
1632 3642 1856 3714 capillos

239 3748 583 3797 sanctorum.
618 3737 827 3795 Habere
879 3738 1088 3793 videtur
1134 3737 1382 3793 diabolus
1438 3737 1708 3809 propriam
1741 3735 1854 3807 jam

239 3841 597 3907 potestatem,
623 3832 670 3887 si
715 3830 856 3887 forte
901 3832 954 3887 in
978 3846 1073 3888 eos
1102 3832 1190 3902 qui
1229 3832 1296 3887 ad
1330 3831 1498 3888 Deum
1551 3847 1659 3886 non
1690 3830 1856 3902 perti-

237 3935 402 3993 nent,
425 3925 597 3982 semel
625 3925 678 3980 in
710 3924 902 3979 stillam
920 3925 1093 3980 situla:
1118 3923 1219 3997 (Is.
1251 3924 1365 3991 XL,
1390 3924 1504 3997 l5),
1523 3934 1577 3980 et
1596 3925 1649 3980 in
1677 3924 1855 3995 pulue-

238 4034 362 4075 rem
406 4033 542 4073 arere
565 4015 673 4090 (ά),
731 4027 784 4073 et
836 4017 891 4070 in
919 4017 1132 4071 salivam
1163 4016 1466 4073 nationibus
1524 4015 1796 4087 deputatis
1823 4030 1854 4070 a

237 4109 389 4177 Deo,
417 4125 484 4166 ac
532 4126 630 4181 per
657 4108 759 4165 hoc
788 4108 1001 4169 diabolo
1048 4110 1309 4179 expositis
1355 4109 1408 4163 in
1457 4123 1680 4164 vacuam
1722 4121 1859 4178 quo-

238 4202 544 4261 dantmodo
597 4204 1011 4272 possessionem.
1062 4202 1331 4258 Caeterum
1357 4243 1372 4268 ,
1425 4202 1478 4257 in
1527 4202 1855 4259 domesticos

246 4295 349 4353 Dei
376 4294 511 4352 nihil
540 4294 615 4349 illi
641 4294 767 4350 licet
802 4309 869 4350 ex
920 4296 1130 4365 propria
1160 4302 1457 4365 potestate;
1487 4294 1610 4365 quia
1640 4293 1854 4366 quando

245 4385 435 4454 liceat,
462 4386 516 4443 id
542 4396 646 4453 est,
672 4401 739 4442 ex
767 4387 957 4457 quibus
983 4387 1209 4452 Caussis,
1225 4387 1470 4458 exempla
1495 4387 1549 4442 in
1562 4387 1854 4458 Scripturis

244 4482 458 4554 “nua
489 4481 877 4537 demonstrant.
898 4483 1005 4537 Aut
1027 4481 1170 4537 enim
1203 4496 1270 4536 ex
1307 4494 1495 4537 caussa
1524 4480 1855 4552 probationis

246 4573 570 4634 conceditur
589 4575 637 4631 ei
661 4574 751 4645 jus
782 4575 1090 4631 tentationis
1118 4583 1407 4645 provocato
1440 4574 1525 4630 vel
1556 4589 1854 4645 provocan-
1879 4577 1936 4638 D

249 4668 315 4736 ti,
340 4676 401 4723 ut
444 4666 501 4723 in
546 4665 911 4737 superioribus
946 4685 960 4721 :
1005 4674 1099 4722 aut
1126 4681 1193 4721 ex
1236 4680 1424 4722 caussa
1462 4666 1852 4737 reprobationis

1954 487 2083 543 Saul
2113 505 2126 541 :
2158 487 2228 543 Et
2248 489 2505 554 abscessit,
2538 490 2730 562 inquit,
2753 492 2963 563 spiritus
2990 492 3196 548 Domini
3232 510 3262 548 α
3291 494 3471 559 Saule,
3509 507 3556 551 et

1954 581 2265 636 concutiebat
2318 599 2431 637 eum
2473 583 2683 647 spiritus
2731 601 2946 657 nequam
2980 602 3010 638 a
3045 582 3287 650 Domino,
3313 596 3359 640 et
3387 585 3558 654 stt/fo-

1955 670 2101 726 cabat
2132 671 2203 741 (ll
2226 670 2356 745 Reg.
2383 671 2620 744 XVI,EZ).
2639 675 2743 729 Attt
2770 690 2837 730 ex
2867 690 3051 730 cans.~a
3077 676 3420 733 cohibitionis
3450 678 3553 751 (2),

1957 775 2015 819 ut
2037 764 2326 836 Apostolus
2372 767 2536 822 refert
2584 766 2674 836 (ll
2718 765 2837 822 Cor.
2889 768 2993 835 l7,
3042 766 3098 840 7)
3128 770 3198 841 (e)
3228 769 3411 826 datum
3457 772 3555 828 sibi

1955 855 2143 911 sudem
2189 857 2436 928 angelum
2493 856 2704 915 Satanae
2758 869 2816 914 ut
2851 858 3215 932 colapbizctur
3247 879 3260 916 :
3295 878 3393 919 nec
3421 862 3557 920 hanc

1956 953 2190 1023 Speciem
2236 954 2469 1024 permitti
2490 953 2706 1009 diabolo
2731 954 2783 1009 in
2814 964 3030 1012 sanctos
3054 955 3413 1014 humiliandos
3462 975 3558 1028 per

1956 1045 2134 1101 carius
2180 1047 2538 1124 vexationem,
2573 1046 2672 1103 nisi
2701 1047 2858 1103 simul
2881 1056 2940 1104 ut
2970 1057 3026 1105 et.
3063 1049 3233 1105 virtus
3262 1050 3559 1108 tolerantize

1958 1139 2162 1196 scilicet
2191 1139 2243 1195 in
2297 1139 2607 1196 inﬁrmitate
2658 1140 2841 1211 perﬁci
2897 1142 3103 1212 possit;
3153 1158 3276 1199 nam
3335 1155 3391 1200 et
3447 1145 3561 1216 ipse

1957 1232 2249 1302 Apostolus
2279 1232 2573 1305 Phigellum
2617 1241 2672 1289 et
2699 1232 3090 1306 Hermogenem
3139 1235 3355 1292 tradidit
3408 1237 3562 1294 Sata-

1959 1341 2062 1391 ntn,
2093 1327 2167 1380 uti
2192 1327 2537 1393 emendentur,
2566 1344 2629 1382 ne
2650 1326 2996 1397 blasphement
3020 1328 3087 1401 (Il
3116 1328 3251 1387 Tim.
3272 1330 3310 1396 Ι,
3333 1332 3448 1402 l5).
3468 1332 3556 1389 Vi-

1959 1414 2055 1471 des
2075 1416 2185 1486 jam
2224 1425 2282 1473 et
2325 1404 2355 1471 a
2402 1417 2575 1474 servis
2625 1418 2717 1474 Dei
2764 1417 2973 1475 facilius
3009 1419 3280 1476 diabolum
3314 1422 3562 1493 accipere

1962 1516 2461 1578 potestatem,tanto
2473 1508 2626 1565 abest
2642 1518 2700 1566 ut
2715 1525 2832 1566 eam
2849 1525 2912 1566 ex
2930 1511 3253 1583 pmprietate
3266 1514 3559 1585 possideat.

2593 1624 2819 1682 CAPUT
2848 1624 2937 1681 III.

2032 1738 2165 1794 Cum
2193 1756 2322 1811 ergo
2351 1748 2406 1796 et
2430 1739 2546 1796 haec
2570 1741 2815 1812 exempla
2839 1741 3028 1814 'magis
3074 1742 3127 1798 in
3173 1746 3563 1815 persecutioni-

2001 1846 2063 1886 us
2088 1832 2356 1895 eveniant,
2390 1831 2654 1902 siquidem
2681 1832 2852 1904 magis
2881 1843 3008 1891 tunc
3030 1835 3320 1905 probamur
3359 1839 3442 1895 vel
3474 1855 3565 1896 reo

1959 1923 2269 1995 probamur,
2301 1935 2355 1981 et
2397 1926 2568 1996 magis
2618 1934 2743 1983 tunc
2790 1926 3134 1984 humiliantur
3182 1931 3265 1987 vel
3309 1934 3565 1991 emenda-

1958 2030 2102 2082 mur,
2129 2016 2197 2072 ab
2216 2031 2283 2072 eo
2313 2017 2651 2087 permittatur
2679 2017 2763 2075 vel
2793 2020 3086 2090 imperetur
3107 2037 3329 2080 necesse
3358 2037 3441 2081 est
3471 2042 3562 2081 ca-

1961 2106 2158 2165 tholice
2188 2109 2302 2166 ﬁeri
2333 2108 2468 2177 haec,
2498 2125 2529 2165 a
2558 2125 2665 2179 quo
2695 2119 2750 2166 et
2789 2127 2859 2166 ex
2908 2121 3077 2183 parte,
3124 2114 3333 2173 scilicet
3365 2120 3434 2172 ab
3474 2119 3567 2173 illo

1959 2201 2049 2270 qui
2078 2199 2206 2255 dicit
2236 2222 2248 2254 :
2280 2200 2393 2273 Ego
2434 2218 2545 2256 sttttt
2597 2203 2685 2273 qui
2732 2204 2867 2274 facio
2917 2220 3110 2273 pacem,
3144 2215 3191 2261 et
3237 2209 3565 2263 conclamata

1965 2292 2065 2368 (Is.
2098 2292 2262 2360 XLV,
2287 2293 2367 2365 7),
2393 2295 2443 2350 id
2466 2304 2549 2351 est
2571 2295 2788 2352 bellmn.
2823 2296 2938 2353 Hoc
2964 2308 3047 2353 est
3075 2299 3216 2355 enim
3236 2306 3561 2359 contrarium

1963 2389 2100 2461 paci.
2130 2387 2337 2444 Nostra:
2380 2398 2560 2445 autem
2592 2390 2706 2460 paci
2738 2387 2863 2461 quid
2899 2389 2976 2463 (ὃ)
3010 2401 3096 2447 est
3147 2393 3368 2461 bellum,
3402 2411 3563 2466 quam

1964 2479 2381 2552 persecutio?Si
2410 2482 2798 2552 persecutionis
2842 2483 2925 2538 vel
2966 2484 3201 2539 tuaxime
3248 2486 3423 2542 exitus
3474 2498 3569 2543 aut

1962 2575 2123 2631 vitam
2151 2573 2381 2631 afferunt
2433 2584 2524 2630 aut
2561 2584 2810 2642 mortem,
2839 2585 2932 2631 aut
2963 2576 3168 2647 plagam
3199 2588 3290 2634 aut
3325 2581 3564 2638 sanatio-

1962 2684 2109 2735 nem,
2166 2667 2330 2724 habes
2385 2677 2660 2724 auctorem
2716 2668 2957 2739 ejusdem
2988 2669 3139 2742 :Ego
3176 2676 3477 2744 percutiam.
3519 2687 3567 2732 et

1960 2761 2176 2827 sonabo;
2196 2777 2287 2831 ego
2304 2760 2585 2831 vivi/icabo,
2605 2766 2653 2815 et
2666 2762 2982 2831 ntorti/icubo
3003 2762 3179 2836 (Deut.
3204 2767 3422 2834 XXXII,
3447 2770 3563 2843 59).

1967 2854 2148 2924 Uram,
2181 2854 2383 2926 inquit,
2412 2856 2707 2921 illos,sicut
2734 2857 2900 2911 uritur
2924 2870 3190 2930 argentum
3219 2861 3299 2933 (.l)
3324 2878 3338 2926 ;
3364 2872 3411 2917 et
3440 2882 3566 2935 pro-

1961 2946 2107 3010 babo.
2139 2945 2343 3016 inpuid,
2368 2947 2503 3012 illos,
2527 2947 2656 3001 sicut
2686 2949 2931 3017 probatur
2955 2967 3135 3005 aurum
3186 2951 3208 3025 (
3231 2951 3393 3008 Zaclt.
3425 2955 3567 3020 XIII.

1962 3038 2041 3110 9).
2083 3037 2216 3093 Cum
2261 3038 2403 3092 enim
2444 3039 2718 3095 exurimur
2762 3043 3153 3112 persecutionis
3190 3044 3405 3113 ardore,
3441 3055 3568 3105 tunc

1962 3130 2253 3201 probamur
2294 3129 2363 3185 de
2413 3129 2533 3185 ﬁdei
2588 3139 2795 3187 tenore.
2843 3131 2971 3189 Hac
3018 3142 3175 3190 erunt
3215 3135 3362 3207 ignea
3381 3138 3568 3209 jucula

1965 3221 2127 3295 (Eph.
2155 3220 2242 3294 III)
2270 3221 2489 3289 diaboli,
2546 3238 2641 3294 per
2684 3239 2803 3295 qua:
2843 3224 2968 3281 ﬁdei
3016 3227 3156 3281 ustio
3200 3236 3256 3283 et
3303 3229 3556 3287 COilnﬂlIO

1961 3315 2401 3382 administratur;
2427 3331 2491 3372 cx
2534 3315 2627 3371 Dei
2661 3324 2840 3372 tamen
2865 3317 3161 3375 voluntate.
3196 3319 3271 3376 De
3312 3322 3415 3375 isto
3443 3324 3566 3393 quis

1960 3406 2206 3463 dubitare
2236 3406 2405 3478 possit
2428 3407 2635 3478 ignoro,
2662 3408 2762 3463 nisi
2807 3408 2961 3479 plane
2989 3408 3175 3464 frivola
3203 3420 3257 3466 et
3284 3412 3470 3484 frigida
3499 3414 3566 3468 ﬁ-

1959 3499 2077 3567 des,
2108 3498 2520 3570 deprehendens
2548 3515 2641 3556 eos
2666 3500 2755 3572 qui
2788 3501 2972 3557 timide
3001 3503 3328 3560 conveniunt
3353 3504 3405 3560 in
3454 3505 3562 3563 Ec-

1959 3589 2198 3645 clesiam.
2227 3589 2414 3645 Dicitis
2442 3590 2585 3646 enim
2621 3590 2728 3663 (ὅ),
2760 3590 3024 3659 Quoniam
3065 3592 3336 3651 incondite
3358 3609 3560 3653 conve-

1960 3682 2157 3748 nimus,
2189 3679 2272 3756 (6)
2297 3681 2456 3737 simul
2481 3684 2829 3739 convenimus
2850 3726 2865 3747 ,
2898 3693 2953 3739 et
2992 3684 3294 3755 complures
3334 3701 3565 3743 concur-

1958 3775 2127 3829 rimus
2172 3775 2224 3828 in
2280 3774 2615 3841 Ecclesium,
2675 3775 2967 3846 qnterimur
3020 3792 3050 3831 a
3108 3777 3455 3844 nationibus,
3508 3790 3566 3836 et

1960 3868 2210 3924 timemus
2267 3882 2335 3923 ne
2387 3867 2669 3923 turbentur
2709 3869 2974 3924 nationes.
3023 3870 3217 3925 Annon
3277 3870 3356 3943 (7)
3413 3872 3562 3928 scitis

1957 3959 2100 4032 quod
2133 3960 2273 4017 Deus
2323 3960 2563 4014 omnimn
2608 3959 2678 4015 sit
2724 3960 3021 4015 Dominus?
3051 3960 3121 4016 Et
3153 3961 3197 4016 si
3237 3963 3365 4018 velit
3396 3963 3559 4033 Deus,

1959 4061 2086 4108 tunc
2130 4051 2556 4123 persecutionem
2586 4050 2840 4120 patieris;
2870 4051 2915 4106 si
2967 4066 3095 4108 vero
3138 4052 3392 4120 noluerit,
3424 4054 3560 4111 sile-

1960 4144 2091 4200 bunt
2143 4143 2408 4200 nationes.
2456 4143 2659 4200 Credas
2732 4146 2947 4217 utique;
3002 4144 3048 4200 si
3099 4156 3277 4203 tamen
3332 4165 3385 4204 tn
3434 4165 3560 4205 eum

1960 4238 2347 4303 Denmcrcdis,
2383 4238 2500 4295 sine
2525 4239 2678 4310 cujus
2720 4239 2998 4295 voluntate
3038 4254 3138 4295 nec
3182 4256 3367 4311 passer
3400 4243 3558 4303 unius

1957 4336 2092 4387 assis
2120 4331 2262 4388 cadit
2282 4331 2333 4385 in
2360 4342 2552 4387 terram
2580 4329 2793 4404 (Matth.
2814 4329 2882 4400 Χ,
2901 4331 3020 4403 29).
3043 4330 3153 4388 Nos
3170 4342 3373 4403 autem,
3406 4343 3557 4406 puto,

1960 4426 2139 4484 multis
2161 4425 2470 4498 passeribus
2489 4426 2830 4482 antistanms.

2583 4539 2809 4597 CAPUT
2841 4540 2932 4599 IV.

2031 4655 2195 4729 Igitur
2214 4652 2261 4710 si
2285 4660 2495 4710 constat
2538 4668 2571 4711 a
2602 4669 2722 4727 quo
2748 4656 3052 4727 persecutio
3089 4656 3331 4726 eveniat,
3366 4673 3558 4732 possu-

1483 4797 1866 4860 LECTIONES
1904 4789 2323 4859 VARIANTES.

314 4924 395 4997 (Α)
424 4917 1300 4997 Iu.teatat_i_onemnvict.rieem.femi.
1321 4917 1519 4972 Obertlt.

419 4984 800 5042 cottabitationis
823 4981 972 5036 Seml.
997 4981 1197 5036 Oberth.

421 5048 563 5112 Quod
584 5050 733 5101 Pam.
758 5044 911 5098 Seml.
937 5045 1132 5099 Obertlt.

336 5114 389 5177 ιι
414 5114 694 5177 Argentum
708 5123 815 5163 aur.
839 5118 1046 5176 hauet].

2016 4913 2085 4977 (51
2112 4910 2279 4977 inquit
2294 4906 2439 4977 ,αάάει
2456 4904 2635 4977 3599.“-

2025 4967 2089 5038 ἰϐ)
2116 4967 2324 5038 Et'add,
2350 4968 2496 5025 seml.
2517 4967 2725 5025 Dberth.

2021 5034 2096 5104 (7)
2116 5036 2228 5089 Non
2263 5034 2417 5091 Rhea.

1632 5209 2189 5270 COMMENTARIUS.

324 5340 410 5417 ει)
433 5340 554 5417 ΔίαΔ
578 5336 947 5417 homines_ejus
980 5332 1138 5417 fuisse
1158 5331 1428 5417 traducat.
1451 5327 1737 5417 Cstengat,
1764 5326 1858 5417 de-

240 5398 521 5481 ωῗίσαι
538 5410 788 5481 homines
808 5398 1216 5481 fuisse'diaboli,
1244 5403 1334 5474 qui
1372 5400 1590 5459 deserto
1621 5400 1730 5457 Deo
1759 5398 1856 5456 de-

496 5482 567 5541 ad
587 5479 882 5551 diabolum.
913 5475 1035 5534 Βία.

436 5541 735 5615 Postulavit
757 5548 1005 5613 Satanas,
1037 5547 1110 5601 uti
1128 5554 1351 5602 cerneret
1368 5559 1475 5599 vos.
1488 5541 1740 5615 Cernere
1762 5557 1859 5614 pro

711 5637 812 5701 κίοι
841 5608 1015 5701 mea
1053 5617 1462 5701 εςεες.
1486 5614 1672 5701 χχιιι.

608 5692 779 5771 Plinio
789 5685 1144 5771 its—ttatttm‘est
1165 5687 1462 5771 lib‘.-X7YllI,
1482 5701 1601 5771 cap.
1617 5685 1705 5771 ll.
1720 5686 1858 5742 Pan.

651 5740 1521 5851 legitimamorat—ité‘t—re;Orationem
1530 5740 1855 5841 fiegitimam

232 5768 237 5775 ’
284 5768 315 5781 ”
358 5768 531 5851 jSed
568 5768 629 5823 in
665 5768 889 5847 legitima
927 5768 1541 5845 oratione._Urationenr
1565 5768 1855 5841 legitimam

230 5768 391 5919 ὦ,
412 5853 594 5921 quam
620 5835 793 5901 nobis,
817 5832 1038 5890 dictavit
1065 5833 1312 5892 Christus
1337 5830 1575 5889 caelestis
1604 5843 1739 5913 luris
1766 5843 1859 5901 pe-

531 5928 980 5996 Tnnruuum
1037 5924 1119 5988 ll.

1964 5326 2117 5383 ritus.
2154 5325 2247 5384 Sic
2285 5339 2485 5395 precem
2509 5322 2788 5395 legitimam
2820 5320 2957 5379 dixit
2988 5320 3310 5393 Augustinus
3330 5360 3347 5387 ,
3379 5319 3557 5379 Serm.

1966 5394 2573 5472 125,_de_'l‘_cmp._‘RtG-’
2692 5465 2704 5472 _
2781 5465 2814 5472 __
2953 5464 2965 5472 ,
3149 5464 3162 5472 ,
3262 5463 3296 5472 ,
3472 5461 3502 5472 Α.

2038 5469 2119 5542 (d)
2155 5466 2219 5521 Et
2254 5468 2309 5542 in
2334 5463 2547 5542 salivam
2598 5465 2888 5520 nationibus
2929 5464 3207 5534 deputatis.
3262 5463 3563 5535 Despectim

1964 5538 2344 5609 conspuendis.
2380 5539 2497 5593 ltro.

2039 5601 2339 5684 (e)_Dat_um
2366 5609 2463 5684 sibi
2487 5607 2681 5684 sudem.
2705 5605 2890 5661 Palum
2907 5609 3168 5684 Latiam:
3197 5619 3253 5684 ea
3278 5607 3447 5684 «sed.
3472 5601 3566 5657 Sic

1966 5674 2060 5739 lib:
2097 5674 2138 5736 ν
2196 5680 2316 5733 adv.
2368 5678 2532 5733 Marc.
2562 5675 2850 5731 Creatorem
2896 5676 3022 5730 dicit
3068 5674 3307 5745 angelum
3353 5674 3567 5745 Summe

1966 5751 2349 5826 colapltizando
2376 5747 2606 5826 apostolo
2640 5747 3091 5826 suo‘applicaisse.
3120 5741 3236 5802 ιξιο.
3265 5773 3336 5785 -—
3375 5741 3568 5801 Datum

1958 5825 2055 5885 tibi
2078 5816 2273 5882 ἓιιάεηι.
2319 5816 2623 5887 Stimuluut,
2650 5819 2883 5872 σκόλοπα.
2912 5816 2988 5870 LE
3023 5817 3119 5873 PR.

2768 5906 3085 5987 (Quatre.)
