3902 6312
375 299 478 355 “.7

375 504 583 559 minare
617 517 682 560 ex
718 502 818 556 hoc
850 501 966 571 ipso
996 509 1334 572 prattractatu
1358 541 1374 567 ,
1406 495 1714 570 fugiendum
1755 495 1808 550 in
1849 509 1970 565 per-

375 598 650 654 secutione
675 611 783 651 non
802 609 942 651 esse.
974 593 1030 650 Si
1055 594 1200 650 enim
1232 593 1530 665 persecutio
1568 605 1596 645 a
1626 589 1741 645 Deo
1764 588 1967 653 evenit,

376 691 523 747 nullo
560 690 720 745 modo
762 686 1072 760 fugiendum
1111 687 1213 743 erit
1240 684 1380 755 quod
1408 700 1437 739 a
1467 685 1576 740 Deo
1603 683 1799 737 evenit.
1824 680 1973 738 Sicut

376 783 574 853 duplex
594 781 732 837 ratio
755 779 995 837 defendit
1028 777 1130 852 (1),
1161 778 1287 850 quia
1318 790 1495 847 neque
1534 774 1725 831 debeat
1762 773 1968 829 devita-

373 877 440 941 ri,
466 890 640 947 neque
669 873 824 930 evadi
850 873 1021 944 possit
1057 870 1197 943 quod
1226 886 1258 925 a
1302 870 1411 926 Deo
1440 868 1640 925 evenit.
1671 866 1788 923 Non
1810 864 1973 922 debet

373 968 622 1033 devitari,
642 968 764 1038 quia
794 967 1009 1020 bonum.
1061 963 1291 1019 NeceSse
1334 972 1418 1018 est
1454 961 1596 1016 enim
1627 959 1825 1015 bonum
1850 971 1973 1015 esse

373 1074 537 1116 omne
567 1058 709 1130 quod
739 1058 850 1113 Deo
882 1059 1055 1111 visum
1107 1063 1209 1111 est.
1241 1054 1310 1110 Et
1345 1052 1601 1123 numquid
1640 1051 1763 1120 ideo
1788 1051 1841 1106 iu
1868 1048 1974 1106 Ge-

370 1153 489 1208 ιιθεί
537 1152 616 1208 sic
665 1152 899 1222 positum
923 1157 1052 1205 est:
1086 1146 1153 1202 Et
1181 1148 1304 1202 vidit
1330 1145 1472 1201 Deus
1498 1145 1622 1217 quia
1669 1144 1855 1199 bonum
1900 1151 1974 1198 est

375 1243 530 1319 (Gen.
566 1243 603 1309 Ι,
663 1240 860 1316 ραεε.);
894 1256 1000 1296 non
1058 1237 1201 1312 quod
1260 1239 1533 1310 ignoraret
1584 1236 1783 1295 bonum
1829 1249 1969 1302 esse.

371 1342 474 1397 nisi
530 1339 787 1407 vidisset;
821 1338 915 1394 sed
945 1344 1004 1393 ut
1047 1335 1149 1391 hoc
1189 1350 1325 1390 sono
1380 1330 1724 1403 portenderet
1774 1330 1972 1386 bonum

369 1451 508 1502 esse,
544 1433 687 1505 quod
742 1434 854 1489 Deo
882 1433 1055 1488 visum
1082 1429 1201 1487 est?
1242 1427 1404 1484 Multa
1434 1425 1651 1492 quidem
1683 1433 1828 1491 sunt,
1854 1438 1976 1495 quae

369 1542 398 1582 a
428 1529 538 1585 Deo
559 1525 829 1591 eveniant,
855 1532 909 1580 et
939 1522 1166 1593 alicujus
1216 1520 1357 1575 malo
1401 1520 1672 1575 eveniant.
1724 1515 1840 1571 Imo
1875 1514 1974 1572 bo-

368 1636 496 1676 num
519 1630 601 1676 est
632 1619 774 1683 ideo,
806 1617 931 1688 quia
976 1631 1007 1670 a
1039 1615 1149 1671 Deo
1193 1612 1392 1679 evenit,
1424 1622 1479 1666 ut
1504 1610 1751 1666 divinum
1788 1616 1843 1664 et
1888 1622 1976 1663 ra-

367 1698 584 1787 ﬁonale.
613 1710 751 1787 Quid
785 1710 931 1766 enim
971 1707 1210 1767 divinum
1258 1720 1365 1760 non
1416 1703 1699 1770 rationale,
1734 1717 1840 1757 non
1871 1700 1975 1756 bo-

1793 267 2259 347 TERTULLlANl

374 426 500 469 mus
523 412 633 482 jam
664 410 741 486 (α)
770 408 1218 467 consultationem
1247 416 1390 464 tuam
1422 406 1696 471 inducere,
1721 413 1776 460 et
1796 403 1970 460 deter-
1994 403 2047 463 Α
2206 406 2211 409 ’

3563 287 3694 346 108

2715 401 2942 462 CAPUT
2968 403 3035 462 V.

2146 494 2285 561 Sed,
2314 494 2467 563 Quod
2498 511 2678 555 meum
2704 507 2805 564 est,
2839 497 3041 569 inquit,
3073 496 3238 569 fugio,
3270 512 3336 555 ne
3372 513 3585 571 peream
3633 502 3688 556 si

2076 605 2370 662 negavero;
2402 592 2544 648 illius
2568 580 2653 649 erit
2675 637 2691 662 ,
2722 597 2764 650 si
2794 593 3044 660 voluerit,
3075 594 3237 649 etiam
3267 592 3546 665 fugientem
3582 608 3689 650 me

2075 682 2333 741 reducere
2358 685 2410 741 in
2442 684 2701 742 medium.
2728 685 2841 743 Hoc
2866 687 2995 742 mihi
3037 686 3185 757 prius
3211 687 3511 760 responde:
3538 687 3690 743 Cet.

2076 785 2163 832 tus
2180 793 2241 833 es
2273 787 2324 833 te
2350 786 2666 849 negaturum
2711 779 2755 835 si
2800 793 2906 835 non
2953 777 3175 851 fugeris,
3203 794 3275 835 an
3314 779 3590 836 incertus?
3619 768 3685 836 Si

2074 870 2217 927 enim
2268 881 2465 939 certus,
2495 873 2606 944 jam
2652 875 2894 945 negasti;
2921 874 3043 946 quia
3094 873 3470 946 praesumendo
3511 870 3589 947 (9)
3625 878 3686 929 te

2075 971 2414 1034 negaturum,
2458 964 2510 1021 id
2549 963 2977 1036 despopondisti,
3017 965 3087 1022 de
3115 980 3223 1037 quo
3251 962 3681 1043 prmsumpsisri‘;

2076 1064 2131 1111 et
2158 1070 2293 1112 vane
2315 1057 2427 1128 jam
2457 1057 2597 1130 fugis
2624 1074 2692 1115 ne
2718 1074 2907 1129 neges,
2941 1060 3029 1131 qui
3061 1059 3107 1116 si
3139 1067 3428 1131 negaturus
3456 1076 3532 1130 es,
3559 1063 3683 1133 jam

2076 1148 2304 1218 negasti.
2337 1149 2395 1205 Si
2425 1164 2556 1206 vero
2598 1150 2837 1214 incertus
2866 1168 2947 1216 es.
2977 1167 3074 1209 cur
3116 1168 3223 1210 non
3263 1169 3329 1209 ex
3377 1156 3686 1228 aequalitate

2077 1240 2268 1298 incerti
2302 1251 2477 1298 metus
2496 1243 2639 1300 inter
2667 1252 2957 1315 utrumque
2985 1258 3279 1317 eventum,
3307 1248 3468 1305 etiam
3511 1249 3685 1306 conﬁ-

2077 1334 2178 1389 teri
2206 1342 2259 1390 te
2284 1349 2445 1406 posse
2493 1338 2811 1407 praesumis,
2840 1345 2896 1393 et
2940 1338 3142 1393 salvum
3189 1340 3360 1408 magis
3405 1340 3519 1396 fieri
3542 1356 3683 1412 quo-

2077 1427 2257 1482 minus
2303 1426 2510 1500 fugias,
2538 1430 2680 1485 sicut
2706 1427 2824 1502 (ιο)
2866 1438 3182 1501 negaturum
3211 1440 3261 1487 te
3291 1433 3588 1501 praesumis,
3620 1441 3685 1490 ut

2078 1519 2429 1591 fugias?.lam
2468 1536 2612 1577 nunc
2640 1533 2730 1578 aut
2763 1522 2817 1578 in
2851 1522 3006 1578 nobis
3036 1534 3121 1580 est
3149 1533 3457 1595 utrumque,
3485 1534 3576 1582 aut
3597 1536 3683 1582 to-

2081 1621 2191 1667 tum
2224 1613 2275 1667 in
2305 1613 2434 1670 Deo.
2472 1614 2528 1671 Si
2556 1615 2609 1669 in
2640 1614 2794 1671 nobis
2827 1624 2914 1673 est
2952 1615 3194 1672 conﬁteri
3227 1625 3320 1672 aut
3345 1632 3561 1690 negare,
3586 1634 3685 1677 cur

2082 1722 2188 1762 non
2217 1707 2268 1762 id
2298 1709 2677 1778 praesumimus
2702 1708 2847 1782 quod
2875 1720 2958 1765 est
2994 1710 3186 1767 melius
3206 1754 3219 1777 ,
3254 1710 3307 1768 id
3334 1722 3434 1779 est,
3469 1713 3683 1771 confes-

371 1797 537 1875 uuln?
563 1791 702 1872 Quid
741 1802 944 1859 bonum
989 1816 1098 1856 non
1150 1798 1433 1855 divinum?
1461 1796 1519 1852 Si
1565 1803 1739 1851 autem
1789 1791 1969 1850 SenSUi
2000 1792 2049 1857 B
2077 1814 2232 1856 suros
2271 1800 2408 1855 nos?
2434 1799 2558 1870 nisi,
2594 1801 2640 1857 si
2667 1802 2749 1858 vis
2791 1803 3069 1869 confiteri,
3098 1805 3208 1874 pati
3250 1821 3356 1860 non
3401 1807 3501 1861 vis.
3531 1804 3685 1864 Nolle

370 1901 633 1969 cujusque
658 1896 895 1963 videtur,
927 1910 1031 1950 non
1064 1908 1255 1951 sensus
1288 1890 1521 1947 hominis
1559 1889 1870 1961 prtrjudicat
1894 1886 1975 1962 (2)

368 1988 554 2052 statui,
602 1986 697 2044 sed
745 1996 913 2043 status
963 1986 1166 2045 sensui.
1213 1984 1395 2041 Status
1441 1984 1587 2039 enim
1637 1979 1976 2051 uniuscujus-

368 2079 558 2157 que(3)
583 2090 789 2135 certum
821 2076 944 2149 quid
978 2087 1061 2133 cst
1082 2117 1097 2142 ,
1136 2085 1191 2132 et
1217 2074 1311 2133 dat
1350 2073 1428 2148 (4)
1470 2074 1650 2147 sensui
1681 2074 1875 2144 legem,
1904 2071 1976 2126 ita

368 2156 630 2252 sentiendi
662 2182 883 2240 statum,
924 2171 1077 2228 sicuti
1108 2179 1212 2226 est.
1260 2170 1315 2226 Si
1347 2178 1525 2225 autem
1573 2175 1714 2223 statu
1758 2165 1974 2238 quidem

367 2246 566 2322 bonum
588 2264 733 2337 quod
752 2281 783 2320 a
807 2265 916 2320 Deo
936 2264 1079 2319 venit
1101 2262 1255 2333 (nihil
1275 2261 1417 2316 enim
1439 2275 1466 2313 a
1495 2260 1607 2315 Deo
1623 2273 1729 2314 non
1750 2256 1971 2323 bonum,

366 2363 491 2432 quia
520 2361 779 2426 divinum,
812 2359 936 2431 quia
960 2355 1271 2425 rationale),
1305 2354 1485 2411 sensui
1506 2368 1635 2408 vero
1666 2351 1861 2409 malum
1888 2348 1972 2404 vi-

272 2458 285 2463 ”
370 2438 548 2517 detur,
583 2438 688 2506 erit
725 2458 897 2503 status
941 2432 997 2502 in
1025 2455 1139 2502 tuto
1166 2444 1273 2518 (5),
1320 2458 1514 2501 sensus
1540 2443 1589 2499 iu
1644 2441 1791 2496 vitio.
1821 2439 1973 2495 Statu

296 2536 314 2544 ’
371 2546 579 2619 Optima
617 2559 705 2619 res
756 2522 1046 2613 pudicitia,
1078 2549 1133 2595 et
1180 2537 1399 2600 veritas,
1447 2545 1503 2591 et
1538 2534 1764 2607 justitia,
1793 2547 1912 2604 qua:
1942 2546 1972 2587 a

370 2618 659 2696 multorum
686 2650 852 2692 sensu
876 2630 1180 2705 displicent.
1212 2624 1461 2702 Nunquid
1492 2628 1611 2684 ideo
1642 2635 1810 2682 status
1849 2640 1973 2681 seu-

366 2720 877 2789 suiaddiciturilta
920 2736 976 2783 et
1018 2708 1320 2796 persecutio
1361 2734 1504 2777 statu
1535 2721 1673 2777 bona
1702 2729 1805 2786 est,
1849 2720 1972 2790 quia

365 2822 547 2899 divina
591 2833 645 2879 et
693 2820 971 2877 rationalis
1016 2816 1564 2899 dispositioasensui
1605 2829 1792 2869 eorum
1843 2827 1973 2870 vero

364 2898 593 2997 quorum
623 2916 764 2974 malo
793 2914 967 2981 venit,
996 2913 1263 2981 displicet.
1292 2908 1455 2967 Vides
1486 2909 1646 2965 etiam
1696 2905 1826 2962 illud
1856 2922 1971 2962 ma-

364 3011 474 3067 lum
502 3012 764 3065 rationem
791 3007 869 3083 (6)
901 3006 1041 3079 apud
1092 3006 1258 3061 Deum
1311 3002 1530 3069 habere,
1586 3017 1707 3057 cum
1749 3002 1868 3073 quis
1918 2999 1972 3056 in

367 3104 743 3176 persecutione
797 3102 1055 3183 evertitur
1108 3098 1178 3155 de
1211 3099 1416 3162 salute,
1445 3098 1584 3152 sicut
1623 3104 1678 3152 et
1717 3095 1844 3151 illttd
1873 3095 1971 3151 bo-

2084 1902 2263 1949 antem
2292 1892 2560 1958 conﬁteri,
2596 1909 2790 1965 negare
2847 1905 2949 1951 est.
2999 1894 3055 1951 Si
3101 1911 3230 1951 vero
3278 1896 3331 1952 in
3373 1898 3486 1954 Deo
3517 1907 3684 1956 totum

2082 1994 2194 2062 est,
2216 1999 2314 2039 cur
2341 1998 2446 2040 non
2481 1993 2649 2040 totum
2683 1985 3038 2056 relinquimus
3079 1986 3307 2042 arbitrio
3337 1989 3491 2058 ejus?
3516 2006 3683 2063 agno-

2080 2083 2293 2137 scentes
2321 2076 2575 2132 virtutem
2596 2085 2651 2133 et
2677 2086 3021 2147 potestatem,
3051 2079 3195 2151 quod
3223 2079 3390 2150 possit
3419 2096 3521 2137 nos
3547 2083 3687 2139 sicut

2081 2167 2342 2240 fugientes
2372 2168 2632 2226 reducere
2656 2168 2772 2244 (11)
2798 2171 2848 2226 in
2872 2173 3144 2238 medium;
3168 2174 3240 2228 ita
3263 2185 3315 2229 ct
3343 2190 3450 2231 non
3482 2158 3699 2246 fugien—I

2081 2268 2182 2327 tes,
2238 2260 2346 2315 imo
2384 2269 2440 2317 et
2479 2261 2530 2316 lu
2586 2261 2770 2319 medio
2815 2263 3014 2336 populo
3057 2277 3444 2323 conversantes
3492 2270 3686 2325 obum-

2080 2352 2256 2410 brare.
2311 2354 2484 2423 Quale
2512 2365 2629 2423 est,
2672 2364 2731 2412 ut
2777 2357 2844 2412 ad
2893 2356 3204 2427 fugiendum
3256 2359 3368 2415 Deo
3420 2360 3686 2420 honorem

2078 2444 2293 2513 reddas,
2319 2450 2409 2518 qui
2447 2449 2617 2520 possit
2658 2458 2710 2504 te
2751 2450 2912 2505 etiam
2959 2449 3247 2521 fugientem
3288 2453 3587 2523 producere
3629 2456 3686 2514 in

2077 2537 2336 2603 medium,
2363 2539 2430 2595 ad
2475 2541 2888 2597 contestaudum
2918 2541 3032 2617 (1‘2)
3057 2553 3236 2600 autem
3286 2546 3580 2605 inhonores
3624 2547 3689 2606 ιι.

2078 2627 2209 2694 lum,
2262 2629 2555 2700 desperans
2635 2634 2929 2702 potentiam
2998 2638 3345 2706 protectimtis
3426 2639 3497 2695 ab
3550 2641 3686 2698 illo?

2076 2720 2254 2788 Quare
2278 2720 2393 2797 (15)
2418 2740 2523 2780 non
2546 2726 2734 2797 magis,
2758 2742 2825 2782 ex
2846 2726 2946 2783 hac
2971 2739 3119 2799 parte
3131 2732 3449 2788 constantia:
3476 2743 3529 2790 et
3546 2733 3689 2791 fidu-

2076 2816 2176 2869 ciae
2216 2816 2267 2870 in
2315 2817 2501 2881 Deum,
2548 2818 2729 2874 dicis:
2763 2818 2895 2890 Ego,
2929 2821 3072 2891 quod
3120 2838 3299 2878 meum
3342 2834 3427 2881 cst
3454 2869 3471 2894 ,
3519 2827 3683 2898 facio,

2077 2908 2451 2964 nondiscedo:
2485 2910 2626 2966 Deus
2657 2912 2701 2965 si
2731 2913 2981 2980 voluerit,
3014 2915 3129 2985 ipse
3156 2932 3242 2973 me
3265 2928 3549 2991 proteget:
3579 2921 3688 2980 hoc

2079 3000 2254 3069 petitis
2280 3010 2520 3056 nostrum
2557 3013 2662 3069 est,
2689 3012 2835 3059 stare
2860 3004 2963 3060 sub
2993 3007 3083 3062 Dei
3118 3009 3364 3076 arbitrio,
3391 3028 3551 3083 quam
3591 3012 3686 3070 fu-

2074 3104 2202 3160 gere
2248 3091 2348 3147 sub
2398 3094 2626 3149 nostro?
2656 3092 2729 3166 (c)
2755 3094 2985 3151 Rutilius
3031 3101 3404 3159 sanctissimus
3453 3114 3685 3179 martyr,

365 3211 493 3252 num
537 3195 747 3250 ratione
789 3194 1124 3262 contingere,
1147 3206 1268 3247 cum
1320 3190 1439 3261 quis
1486 3205 1552 3245 ex
1598 3188 1971 3259 persecutione
1996 3189 2043 3254 ς,
2075 3199 2196 3239 cum
2236 3184 2430 3240 t0tiens
2456 3184 2679 3256 fugisset
2700 3190 3124 3258 persecutionem
3147 3192 3214 3248 de
3243 3193 3363 3250 loco
3401 3196 3455 3251 iu
3482 3199 3682 3271 locum,

366 3286 581 3359 proﬁcit
618 3289 670 3342 in
700 3286 902 3342 salute?
932 3283 1043 3341 Nisi
1070 3284 1115 3338 si
1146 3280 1525 3338 irrationaliter
1563 3279 1682 3352 quis
1716 3287 1809 3335 aut
1835 3278 1970 3350 perit

364 3381 505 3452 apud
563 3381 883 3445 Dominum,
932 3387 1025 3433 aut
1069 3376 1250 3433 salvus
1325 3384 1410 3432 est
1457 3395 1471 3432 :
1525 3375 1571 3430 is
1615 3390 1723 3430 non
1773 3373 1970 3445 poterit

363 3474 795 3546 persecutionem
824 3470 1024 3526 malum
1049 3470 1263 3538 dicere,
1294 3483 1413 3541 quas
1446 3468 1609 3524 etiam
1646 3468 1698 3546 in
1730 3466 1855 3522 mali
1890 3465 1968 3538 (7)

366 3544 517 3635 parte
539 3565 739 3622 bonum
760 3573 842 3619 est
867 3563 971 3637 (8),
993 3562 1118 3619 dum
1145 3562 1355 3618 ratione
1379 3544 1803 3639 administratur.
1828 3558 1902 3614 Ita
1923 3559 1971 3614 si

362 3661 564 3714 bonum
597 3655 902 3727 persecutio
942 3668 1158 3726 quoquo
1188 3653 1369 3716 modo,
1400 3652 1525 3724 quia
1551 3652 1619 3709 de
1654 3661 1797 3709 statu
1835 3667 1967 3707 con-

364 3761 492 3815 stat,
526 3749 718 3808 merito
747 3748 1058 3820 deﬁnimus,
1094 3746 1237 3823 quod
1265 3746 1464 3802 bonum
1514 3753 1617 3810 est,
1666 3746 1823 3800 vitari
1861 3761 1967 3802 non

365 3850 619 3914 oportere
647 3860 660 3897 :
686 3840 809 3913 quia
841 3839 1094 3913 delictum
1125 3838 1215 3905 sit,
1246 3836 1387 3909 quod
1417 3837 1614 3892 bonum
1644 3846 1728 3892 est
1749 3851 1967 3893 recusa-

363 3949 458 4013 re;
489 3949 555 3990 eo
572 3933 842 4005 amplius,
866 3931 1011 4007 quod
1057 3930 1168 3986 Deo
1210 3929 1383 3986 visum
1411 3937 1497 3986 est
1527 3946 1541 3983 :
1567 3928 1679 4001 jam
1711 3943 1840 3987 vero
1868 3944 1969 3986 nec

364 4015 529 4099 posse
560 4026 735 4091 Vitari,
791 4025 971 4096 quia_a
1018 4023 1130 4080 Deo
1157 4022 1352 4090 evenit,
1378 4022 1535 4094 cujus
1563 4023 1814 4098 voluntas
1858 4037 1966 4081 non

370 4121 573 4192 poterit
595 4119 772 4176 evadi.
803 4116 890 4191 (ὁ).
922 4116 1083 4190 Igitur
1132 4116 1225 4189 qui
1272 4125 1460 4188 putant
1504 4116 1808 4188 fugiendum
1829 4159 1843 4183 ,
1875 4126 1969 4174 aut

365 4212 567 4269 malum
595 4211 920 4289 exprobrant
947 4210 1168 4275 Deo,-_si
1200 4210 1627 4278 persecutionem
1664 4211 1740 4265 uti
1765 4211 1967 4268 malum

361 4304 595 4379 fugiant;
624 4305 823 4361 bonum
850 4302 1011 4377 enim
1035 4316 1195 4360 nemo
1224 4301 1464 4369 devitat;
1500 4311 1594 4358 aut
1619 4301 1870 4362 fortiores
1908 4321 1970 4363 se

360 4399 475 4455 Deo
498 4400 827 4459 existimant,
854 4398 943 4467 qui
974 4405 1161 4469 putant
1180 4412 1239 4452 se
1265 4395 1505 4454 evadere
1531 4411 1710 4469 posse,
1734 4399 1781 4454 si
1828 4399 1967 4456 Deus

362 4492 473 4551 tale
498 4491 698 4564 aliquid
730 4491 965 4551 voluerit
987 4491 1229 4549 evenire.

2071 3279 2231 3333 etiam
2255 3279 2546 3349 periculum
2572 3280 2654 3353 (ut
2677 3281 2920 3354 putabat)
2945 3286 3178 3340 nummis
3198 3287 3536 3356 redemisset,
3561 3301 3686 3363 post

2074 3380 2238 3427 totam
2280 3372 2619 3427 securitatem
2658 3388 2818 3443 quam
2845 3375 2946 3430 sibi
2991 3389 3375 3448 prospexerat,
3410 3397 3477 3438 ex
3508 3383 3686 3455 inopi-

2073 3473 2198 3519 nato
2220 3462 2608 3535 apprehensus,
2637 3475 2692 3521 et
2711 3467 2927 3537 praesidi
2956 3469 3186 3537 oblatus,
3212 3475 3494 3530 tormentis
3518 3475 3686 3534 dissi-

2073 3565 2247 3626 patus,
2275 3557 2441 3613 credo
2492 3573 2589 3628 pro
2626 3557 2766 3631 fugae
2807 3562 3188 3633 castigatione,
3230 3563 3427 3622 dehinc
3470 3568 3683 3640 ignibus

2072 3647 2248 3713 datus,
2274 3649 2601 3719 passionem,
2627 3665 2789 3723 quam
2818 3651 3034 3721 vitarat,
3049 3656 3567 3734 misericordiam“
3586 3661 3682 3719 Dei

2072 3741 2271 3795 retulit.
2323 3739 2459 3809 Quid
2508 3741 2654 3798 aliud
2707 3743 2875 3821 voluit
2932 3745 3189 3803 Dominus
3236 3754 3392 3806 nobis
3447 3752 3681 3811 demon-

2071 3843 2245 3891 strare
2293 3834 2398 3890 hoc
2438 3835 2782 3905 documento,
2825 3853 2985 3909 quam
3017 3840 3323 3913 fugiendum
3367 3860 3479 3902 non
3526 3862 3679 3918 esse,

2071 3928 2195 4000 quia
2225 3928 2357 3985 nihil
2379 3930 2499 4001 fuga
2521 3930 2691 4001 prosit
2711 3931 2757 3988 si
2786 3930 2928 3987 Deus
2956 3933 3128 3990 nolit?

2697 4021 2929 4080 CAPUT
2957 4023 3043 4080 VI.

2144 4113 2276 4177 lmo,
2323 4112 2516 4183 inquit,
2549 4113 2670 4183 quia
2727 4125 3053 4187 praeceptum
3107 4116 3439 4189 adimplevit,
3467 4096 3677 4197 fugiens

2069 4206 2139 4264 de
2163 4208 2378 4263 civitate
2407 4208 2461 4263 in
2487 4208 2779 4265 civitatem.
2816 4209 2907 4266 Sic
2934 4211 3075 4267 enim
3114 4212 3284 4268 voluit
3308 4214 3549 4286 quidam,
3580 4215 3676 4275 sed

2070 4308 2126 4357 et
2163 4299 2279 4371 ipse
2321 4300 2587 4371 fugitivus,
2621 4303 3004 4372 argumentari,
3026 4313 3081 4359 et
3107 4305 3195 4376 qui
3234 4307 3459 4375 proinde
3489 4292 3677 4367 nolunt

2069 4394 2370 4465 intelligere
2416 4408 2634 4450 sensum
2681 4395 2893 4452 Domini
2931 4397 3072 4453 illius
3116 4401 3587 4473 pronuntiationis,
3615 4414 3675 4462 ut

2070 4502 2188 4544 eam
2216 4486 2332 4562 (t5)
2351 4486 2419 4544 ad
2444 4488 2808 4548 velamentum
2838 4490 3133 4552 timiditatis
3160 4510 3273 4552 sum
3294 4506 3532 4569 utantur,
3550 4514 3673 4558 cum

1651 4600 2033 4664 LECTIONES
2072 4600 2488 4661 VARIANTES.

2214 4780 2237 5158 ξ

459 4722 505 4782 1)
532 4684 1337 4795 DependitSemLObertlt.
1985 4724 2040 4786 1)
2134 4716 2198 4782 (9)
2224 4706 2575 4772 Prtesumendo
2617 4719 2799 4788 Rigalt.

459 4785 503 4832 2)
528 4784 868 4832 Pretudtcavu.
909 4791 1061 4832 Fran.
2128 4780 2237 4832 (10)
2262 4782 2315 4832 Si
2338 4796 2445 4832 cum
2466 4782 2621 4832 Rhea.

450 4785 504 4907 ις
528 4782 868 4846 ijudicavit
909 4791 1061 4832 Fran.

451 4847 484 4897 5
530 4844 889 4907 ῐ.Ιιιιιι;(ιιιίι‹ι(ιιιθΔ

2684 4847 2837 4898 Seml.

450 4901 504 5028 4)
528 4907 627 4957 Sed
650 4901 734 4957 dat
756 4901 906 4957 Seml.
925 4903 1122 4976 Oeerth.
2129 4901 2236 5028 $12)
2260 4907 2332 4956 Ad
2353 4908 2671 4959 constandum
2693 4910 2848 4962 Rhea.

450 4970 483 5020 ὅ
543 4970 600 5020 In
625 4975 726 5019 toto
746 4967 901 5020 Rhen.
928 4971 1042 5028 Rtg.
1067 4970 1237 5028 Venet.
2158 4970 2211 5020 15
2260 4969 2450 5028 Quanto
2472 4972 2622 5021 Riten.

449 5027 502 5087 ϐ)
522 5031 778 5082 Rationale
801 5028 955 5082 Seml.
982 5027 1181 5081 Oberth.
2015 5046 2026 5058 ·
2130 5027 2236 5087 IN)
2261 5027 2616 5087 ﬂisericordia,
2652 5032 2806 5084 Rhea.

450 5090 1100 5158 :7)Etjamginma_lisPam.
1207 5149 1263 5158 __
1381 5153 1404 5158 ᾼ
1489 5151 1501 5158 _
1593 5154 1602 5158 Α
1697 5154 1710 5158 _
2127 5090 2688 5158 (l5)i£aCod.Wauw.
2818 5126 2821 5131 ι

451 5149 505 5220 8)
528 5157 585 5209 In
601 5149 746 5208 initiis
768 5167 853 5220 par
872 5155 1053 5207 bonum
1077 5158 1158 5206 est
1201 5149 1518 5207 Rthanf.
1542 5154 1743 5211 Obertlt.

1713 5263 2277 5325 COMMENTARIUS.

626 5378 794 5466 IV.-—
820 5375 896 5466 (τι)
918 5366 1514 5466 gensultatiouemtuam
1539 5379 1798 5466 inducere,
1845 5390 1950 5466 etc.
2134 5382 2215 5465 (hj
2248 5381 2547 5466 [gum-ﬂag
2588 5393 2780 5466 ρυεφμ-
2813 5386 3129 5466 [κθίεηᾴηη
3163 5390 3218 5446 ιη
3245 5395 3450 5466 Δεοᾱίεθ
3486 5395 3655 5453 υίνῖο,

428 5400 586 5464 har.
626 5400 794 5466 u.-—
820 5400 896 5461 ψ)
918 5400 1350 5462 υσιιδιιιιαιιωιετζι
1373 5400 1514 5435 tuam
1541 5400 1798 5448 mansere,
1845 5400 1950 5438 etc.
2134 5400 2215 5455 (D)
2248 5400 2271 5436 ι
2296 5400 2417 5459 ’των
2460 5400 2547 5453 qui
2588 5400 2769 5454 putant
2813 5400 3129 5460 fugiendum.
3163 5400 3218 5446 In
3263 5400 3450 5450 codice
3486 5400 3655 5453 Divioa

358 5452 654 5536 Inducitur,
700 5463 871 5534 tnqutt
918 5450 1122 5536 _Rheu.,
1157 5464 1372 5536 proprie
1410 5451 1569 5536 quod
1590 5451 1822 5533 deletur,
1868 5453 1955 5536 hic
2061 5456 2237 5536 neusi,
2272 5400 2445 5536 lgohad
2473 5457 2646 5526 igitur.
2670 5454 2979 5530 Ibidemque
3005 5462 3056 5515 in
3090 5463 3365 5536 margine,
3391 5465 3472 5522 Eo
3498 5469 3586 5535 ad,
3607 5470 3660 5525 id

358 5524 810 5580 consultationem
843 5521 1115 5588 inducere,
1144 5530 1225 5576 est
1256 5521 1443 5578 tollere
1479 5522 1697 5581 dubium
1736 5525 1954 5578 consul-

362 5596 577 5651 talionis
611 5612 623 5649 :
657 5594 877 5664 exponit
917 5603 1098 5649 autem
1127 5591 1396 5661 seipsum,
1420 5608 1544 5649 cum
1564 5592 1745 5655 addit.
1775 5604 1822 5649 et
1860 5595 1954 5649 de-

360 5667 651 5793 terminari?
678 5666 743 5790 an
773 5666 1123 5738 sequentibus
1149 5673 1231 5722 est
1280 5666 1491 5737 egregia
1535 5664 1780 5737 ejusdem
1806 5680 1956 5723 reco-

360 5752 447 5795 unt
477 5753 546 5793 to.
641 5754 688 5795 A.
721 5776 734 5793 .

358 5752 546 5808 guttto.
600 5752 734 5795 nu.

2058 5535 2152 5589 est,
2170 5528 2319 5581 adeo.
2350 5526 2469 5583 Βια.

2132 5597 2284 5680 ΟᾼΡΣ
2309 5597 2380 5680 ἢν..
2396 5628 2470 5649 -τ-
2497 5597 2571 5669 (c)
2596 5597 2823 5680 {iutilius
2841 5603 3193 5680 sanctissimus
3221 5617 3437 5680 martyr.
3467 5608 3656 5669 Passus

2057 5677 2159 5757 est!
2174 5666 2577 5757 inefﬁcacem
2602 5670 2819 5757 Silvano
2841 5675 3174 5757 etuti-xime,
3205 5687 3274 5757 u_t_
3293 5666 3381 5733 ex.
3396 5666 3657 5755 martyre;

2055 5736 2197 5811 logio
2238 5748 2407 5813 patet,
2449 5741 2501 5798 in
2531 5756 2639 5813 quo
2666 5742 2836 5812 male,
2872 5742 3098 5803 Rutilus.
3129 5736 3207 5803 Ls
3236 5748 3335 5805 Ριι.
