3902 6312
195 276 292 366 iog
1282 294 1371 350 ne
1409 290 1593 350 ruet
1634 288 1701 345 IN
1740 267 2286 348 Pansacurtone.
3351 246 3457 346 ilo

194 429 245 477 et
261 430 489 490 personas
506 430 628 471 suas
656 398 902 468 habuerit
928 416 979 465 et
1005 392 1243 480 tempora
1272 413 1327 463 et
1354 418 1601 487 caussas:
1621 402 1750 458 Cum
1775 403 1832 465 Α
1854 403 2141 491 discipulis
2160 418 2483 477 magnopere
2526 402 2932 475 deprecantibus
2951 445 2965 469 ,
2996 417 3066 459 ne
3106 418 3164 458 se
3201 402 3451 458 IIieroso—

195 502 423 580 ceperim,
452 502 913 585 inquittpersequi
948 517 1051 565 vos,
1081 501 1239 573 fugite
1264 498 1328 554 de
1348 490 1549 581 civitate
1585 497 1639 550 in
1672 497 1748 551 ci-
1857 496 1999 571 lyma
2045 496 2430 585 CDtltIltiilCt‘ell,
2462 492 2716 567 passurus
2764 496 2869 553 illic
2896 512 3016 567 quae
3059 496 3273 569 Agabus
3318 510 3450 567 pro-

195 574 371 658 nitatem
395 574 595 670 (llatlh.
647 578 723 663 Χ,
773 592 885 665 25).
914 592 1101 673 Hoc‘in
1129 592 1387 663 personas
1429 574 1507 661 (I)
1541 588 1752 660 praprie
1859 589 2192 669 phetaverat,
2229 574 2579 673 sollicitudini
2610 605 2796 646 eorum
2830 605 2934 644 nou
2972 588 3326 656 subscripsit;
3356 585 3453 643 sed

196 692 550 767 Apostolorum,
572 699 628 745 et
658 689 729 744 in-
750 697 1001 767 tempora,
1031 670 1157 740 etin
1183 699 1399 740 caussas
1418 698 1601 763 eorum
1633 696 1737 751 per-

1917 683 2191 742 contt‘ario
2221 704 2233 738 :
2269 670 2426 753 Quid,
2458 685 2649 763 inquit,
2686 684 2857 756 facitis
2888 684 3229 754 lttcrymantes
3254 690 3301 735 et
3327 697 3451 734 ton-

193 762 342 845 tinere
366 769 716 847 defendimus,
761 762 938 852 sicul(
969 777 1334 847 prmcedentes
1366 774 1443 848 (2)
1490 762 1587 848 et)
1621 772 1753 829 sub-
1861 777 2122 833 turbantes
2172 793 2260 831 cor
2321 772 2487 832 meum
2518 777 2544 830 ?
2575 762 2687 846 Ego
2741 772 2875 831 enim
2904 791 3005 829 non
3045 774 3196 827 modo
3252 774 3456 850 vincula

192 887 444 952 sequentes
467 889 654 932 sensus
686 856 1001 951 probabunt,
1026 858 1117 943 qui
1148 867 1361 924 nonnisi
1392 869 1443 923 in
1470 866 1756 937 Apostolos
1860 869 1971 947 pati
2011 868 2310 947 Optaverim,
2358 868 2450 951 sed
2478 868 2631 922 etiam
2676 869 2807 921 mori
2839 865 3211 939 Hierosolymis
3239 882 3331 937 pro
3359 880 3455 919 no-

193 977 501 1041 competunt:
528 965 595 1020 In
629 956 769 1020 viam
806 952 1073 1019 nationum
1102 978 1164 1016 ne
1191 960 1373 1027 ieritis,
1401 968 1449 1014 et
1492 959 1545 1013 in
1575 953 1755 1011 civita-
1862 962 1996 1043 mine
2024 959 2233 1040 Domini
2276 960 2373 1013 mei
2397 959 2524 1043 ,lesu
2554 958 2743 1015 Christi
2775 998 2788 1015 .
2834 962 3007 1035 Atque
3038 957 3109 1013 ita
3141 973 3326 1014 omnes
3351 956 3462 1012 nie-

196 1038 725 1117 temSamaritanorunt
772 1072 835 1110 ne
872 1051 1202 1119 introieritis;
1231 1049 1320 1107 sed
1362 1050 1430 1105 ite
1479 1049 1648 1130 potius
1689 1046 1758 1102 ad
1862 1038 2034 1109 runt:
2088 1038 2211 1107 Fiat
2259 1038 2495 1108 voluntas
2533 1046 2740 1106 Domini
2786 1044 2923 1123 (Act.
2980 1050 3123 1110 XXI.
3172 1044 3284 1121 I7).
3333 1048 3465 1119 Qua)

196 1169 295 1208 ores
332 1149 533 1222 perditas
574 1149 758 1202 domus
805 1144 1017 1201 lsraelis
1056 1143 1268 1217 (Matth.
1295 1140 1367 1209 X,
1403 1132 1459 1208 Β,
1597 1138 1737 1194 Nobis

1920 1155 1981 1199 ’at
2027 1144 2274 1200 voluntas
2309 1143 2772 1214 Domini?.utique
2802 1160 2909 1197 non
2941 1142 3173 1213 fugiendi
3203 1142 3311 1214 jam
3340 1158 3461 1212 per-

195 1220 351 1298 autetn
370 1249 418 1297 et
438 1241 514 1295 via
544 1224 822 1294 nationum
852 1238 1021 1308 patet,
1041 1236 1094 1292 in
1123 1251 1226 1307 qua
1249 1220 1525 1290 etinventi
1549 1247 1757 1299 sumus,
1864 1227 2222 1317 secutioncm.
2257 1237 2528 1292 Caeterum
2548 1277 2565 1304 ,
2598 1244 2845 1315 poterant
2872 1245 2925 1291 ct
2970 1236 3202 1306 priorem
3254 1236 3463 1317 Domini

194 1326 1755 1403 etusqueiulinemincedimus;etnullacivitasexceptaest,
1866 1314 2194 1386 voluntatem
2226 1329 2579 1401 proposuisse
2618 1314 2718 1400 qua
2754 1328 2938 1401 fugere
2978 1328 3344 1394 mandaverat,
3375 1314 3465 1397 qui

195 1443 280 1501 qua
298 1441 381 1498 per
398 1433 559 1481 totum
580 1420 767 1480 orbem
788 1416 1178 1494 Dl‘adicamusi
1212 1418 1307 1475 sed
1339 1432 1439 1474 nec
1458 1433 1585 1472 cura
1609 1416 1762 1472 nobis
1869 1422 2017 1477 illmn
2060 1418 2495 1494 persecutionem
2523 1419 2721 1476 vitasse
2765 1421 3083 1475 maluerant.
3130 1419 3315 1491 Igitur,
3345 1434 3466 1474 cum

196 1518 631 1589 Israelisinjuncta
668 1525 753 1573 cst
784 1524 933 1572 extra
962 1512 1226 1581 ordinem,
1252 1512 1352 1568 nisi
1383 1527 1486 1582 qua
1512 1519 1565 1566 et
1591 1509 1736 1566 omni

1930 1517 2031 1571 iam
2097 1504 2198 1571 sub
2225 1514 2498 1587 Apostolis
2544 1514 2674 1586 ipsis
2722 1516 3016 1585 temporale
3045 1514 3137 1569 fuit
3163 1515 3297 1586 fuga:
3326 1531 3467 1585 pra:-

198 1610 286 1666 bus
312 1609 540 1681 gentibus
565 1607 860 1680 praedicare
887 1605 1164 1691 debemus.
1208 1604 1428 1660 EliamSi
1446 1605 1761 1691 Epprehell-
1871 1621 2108 1683 ceptum,
2136 1611 2277 1666 sicut
2303 1619 2359 1666 et
2384 1610 2710 1680 reliquorum
2744 1608 3207 1679 przcscriptorum,
3238 1624 3344 1664 non
3374 1625 3470 1680 po-

197 1701 393 1767 damur,
421 1699 609 1757 nonin
651 1698 876 1755 concilia
926 1690 1111 1773 eorum
1169 1690 1547 1777 perducemur,
1583 1708 1683 1749 nec
1712 1693 1763 1747 in
1874 1711 1980 1761 ιεει
2008 1705 2144 1777 apud
2185 1718 2285 1759 nos
2319 1718 2666 1774 perseverare
2697 1702 2838 1772 quod
2880 1702 3020 1773 apud
3051 1701 3304 1757 doctores
3342 1718 3470 1757 nos-

196 1796 450 1867 synagogis
492 1793 706 1849 illorum
752 1788 1178 1862 ﬂagellnbimur.
1231 1789 1326 1844 sed
1356 1776 1618 1856 Romanis
1649 1782 1752 1842 ιὶῑίο
1787 1786 1840 1864 Β
1870 1806 1981 1852 tros
2005 1776 2477 1871 concessavit,etsi
2502 1812 2607 1849 non
2630 1795 2845 1867 proprie
2869 1794 2934 1846 ad
2962 1793 3086 1848 illos
3105 1793 3475 1850 fuissetemis-

118 1910 151 1915 --
197 1901 288 1957 que
309 1884 644 1956 potestatibus
661 1891 716 1938 et
736 1880 1090 1938 tribunalibus
1110 1880 1444 1952 objiciemur.
1461 1874 1551 1935 Sic
1567 1876 1646 1951 (5)

1941 1906 1989 1944 m
2021 1906 2035 1942 :
2063 1888 2225 1944 aut'si
2251 1902 2597 1958 perseverare
2637 1885 2765 1941 illud
2808 1884 3066 1941 Dominus
3111 1884 3300 1950 voluit,
3338 1885 3477 1959 deli:

203 1990 279 2035 tur
303 1963 866 2050 ἆᾟδὲἷῖιῖἱοθρῑυιη
913 1958 1296 2046 Apostolorum
1335 1972 1575 2028 conditio
1616 1970 1744 2026 desit

1939 1991 2101 2057 terunt
2128 1979 2206 2054 (9)
2237 1978 2478 2051 Apostoli
2520 1981 2610 2050 qui
2642 1992 2749 2034 non
2789 1993 2958 2048 usque
2996 1978 3051 2034 in
3104 1979 3264 2033 linem
3297 1958 3480 2048 lugere

206 2067 429 2136 derabat,
473 2069 730 2141 quoniam
762 2066 937 2135 primo
967 2064 1365 2135 praedicandum
1411 2070 1526 2119 erat
1557 2061 1626 2117 ad
1655 2075 1770 2116 oves
1877 2080 2221 2132 curaverunt,

221 2163 423 2235 perditas
462 2163 644 2235 domus
683 2159 918 2216 Israelis.
952 2156 1025 2215 Ut
1072 2174 1202 2241 ergo
1246 2147 1595 2228 perﬁceretur
1637 2147 1774 2227 pm-
2451 2156 2681 2223 CAPUT
2738 2164 2858 2241 IV".

211 2257 410 2327 dicatio,
429 2256 561 2328 apud
586 2271 722 2327 quos
748 2252 827 2328 (ιι)
846 2252 1051 2324 priores
1071 2252 1248 2324 perlici
1273 2251 1576 2339 oportebat,
1597 2251 1670 2304 uti
1695 2265 1752 2321 pa

1959 2259 2247 2317 Videamus
2272 2274 2413 2335 nunc
2461 2274 2528 2314 an
2556 2268 2612 2315 et
2649 2269 2846 2314 cattera
2873 2257 3087 2314 Domini
3135 2258 3310 2314 edicta
3352 2275 3485 2315 con-

220 2365 328 2405 ucm
364 2357 479 2406 ante
503 2344 597 2406 lilii
642 2342 805 2419 quam
834 2352 998 2403 canes
1031 2344 1335 2427 sumerent,
1366 2346 1486 2401 ideo
1508 2345 1615 2401 illis
1639 2344 1761 2415 fuge

1952 2364 2079 2410 nant
2100 2366 2359 2427 perpetuo
2389 2352 2527 2425 fugze
2560 2362 2852 2425 praecepto.
2884 2353 3065 2410 Primo
3101 2355 3315 2423 quidem
3337 2397 3354 2420 ,
3386 2356 3430 2410 si
3457 2371 3488 2411 a

215 2460 266 2501 re
285 2452 399 2500 tunc
411 2442 469 2500 ad
485 2454 694 2514 tempus
712 2434 984 2525 praecipit:
1004 2455 1108 2496 non
1126 2430 1345 2511 propter
1361 2438 1681 2494 eludendum
1699 2436 1780 2539 (5)
1889 2428 2003 2502 Deo
2030 2448 2331 2517 persecutio
2356 2453 2460 2511 est,
2484 2444 2643 2515 quale
2671 2455 2752 2500 est
2781 2452 2840 2517 ut
2866 2428 3007 2501 idem
3037 2444 3346 2517 fugiendam
3368 2462 3487 2502 eam

220 2536 487 2609 periculum
518 2538 741 2608 proprio
773 2533 851 2607 (6)
885 2532 1102 2590 nomine
1140 2533 1528 2604 persecutionis
1564 2530 1786 2602 (atquin
1892 2538 2128 2601 mandet,
2161 2538 2251 2609 qui
2274 2545 2328 2592 et
2354 2536 2553 2592 infert?
2594 2550 2753 2608 quam
2781 2535 2825 2613 si
2871 2536 3024 2591 evadi
3071 2536 3252 2605 vellet,
3299 2538 3491 2593 melius

225 2624 601 2697 persecutiones
649 2641 745 2683 eos
774 2638 1028 2696 passuros
1070 2622 1428 2695 praedicabat,
1476 2632 1530 2678 et
1557 2621 1763 2677 toleran

1946 2647 1998 2684 ut
2027 2629 2362 2696 immitteret,
2392 2644 2462 2684 ne
2494 2634 2774 2682 voluntate
2820 2627 3162 2697 praevaricari
3192 2629 3487 2687 videretur.

223 2716 307 2773 das
326 2716 566 2789 docebit“)
591 2735 607 2784 ἶ
638 2712 735 2774 sed
765 2715 991 2788 Ρνθβῑθί
1014 2715 1309 2787 Ρνοῖθεῑιιηι
1341 2712 1785 2782 θυηυηιίθῑίοηῖεὲ
1896 2722 2001 2780 Aut
2030 2725 2135 2794 pati
2156 2723 2300 2779 enim
2342 2723 2439 2778 nos
2470 2720 2635 2776 voluit
2681 2720 3132 2790 persecutionem,
3164 2729 3254 2775 aut
3283 2721 3489 2792 fugere.

215 2825 296 2876 ηθι
317 2812 484 2867 suum
503 2807 1411 2884 (7)ονιινεεεῖδιΕνθηεειίίίιυοίιυε
1424 2798 1792 2883 ἀίεδθηῖίυθιίδ
1897 2817 1954 2873 Si
1985 2818 2184 2890 fugere,
2234 2814 2504 2888 (ptatuodo
2546 2814 2655 2887 pati
2677 2814 2701 2869 ?
2726 2815 2770 2867 si
2797 2816 2926 2884 pati,
2967 2815 3237 2886 quomodo
3267 2813 3498 2886 [μευωῖ

227 2906 573 2973 perimeretur.
626 2903 816 2976 Neque
856 2904 999 2958 enim
1043 2901 1194 2974 quasi
1251 2902 1408 2957 tat-ite
1454 2900 1506 2957 in
1562 2897 1791 2972 aliquam
1897 2908 2016 2979 Jam
2049 2925 2177 2963 vero
2227 2916 2423 2979 quanta
2463 2905 2798 2975 itnequalitas
2836 2906 3221 2962 sententiarqu
3256 2906 3500 2976 jubentis

213 2994 455 3051 civitatem
488 2995 951 3065 transfugiendum
987 3004 1101 3051 erat
1121 3036 1135 3055 ,
1165 2992 1260 3050 Sed
1286 2994 1439 3066 quasi
1473 2994 1671 3073 ubique
1698 3009 1791 3069 an-
1899 2976 2103 3075 lugere,
2135 3011 2191 3058 et
2222 2976 2498 3056 invitantis
2519 2999 2585 3054 ad
2616 3000 2947 3075 passimuem,
2980 3000 3309 3055 contrariam
3336 3000 3499 3073 fugae?

218 3086 539 3154 uuntiaturis,
569 3095 624 3142 et
637 3102 701 3143 ex
728 3086 831 3142 hoc
861 3086 1057 3154 ubique
1081 3085 1488 3157 persecutiones
1515 3085 1794 3153 subituris,
1848 3156 1855 3161 .
1907 3096 2010 3163 Qui
2035 3097 2295 3165 confessus
2326 3091 2479 3165 fuerit
2506 3092 2562 3146 in
2584 3107 2682 3156 me,
2710 3098 2755 3144 et
2786 3107 2877 3162 ego
2921 3084 3198 3160 conﬁtebor
3225 3091 3278 3144 in
3300 3091 3390 3145 illo
3416 3107 3504 3146 co-

212 3174 364 3233 donec
417 3179 691 3250 replerent
732 3176 979 3233 dUClriﬂa
1021 3192 1118 3233 sua
1152 3174 1255 3249 (8)·
1287 3176 1526 3249 Denique
1558 3174 1787 3251 (ΜαιιῙιο
1816 3195 1865 3262 C
1900 3203 2011 3242 ram
2043 3186 2201 3242 Patre
2240 3201 2351 3240 meo
2393 3180 2617 3257 (Matth.
2649 3181 2717 3250 Χ,
2749 3179 2866 3254 5|).
2900 3181 3181 3249 Quomodo
3219 3182 3502 3238 confitebi-

212 3267 273 3337 Χ,
298 3268 382 3344 53)
414 3288 429 3326 :
463 3269 588 3326 Non
619 3267 1057 3334 consummabilis,
1088 3269 1279 3339 inquit,
1305 3269 1530 3323 ciuitates
1558 3266 1789 3324 lsraelis.
1903 3289 1991 3334 ιυι·
2017 3277 2249 3348 fugiens?
2275 3274 2547 3347 quomodo
2573 3273 2740 3345 fugiet
2768 3273 3075 3328 conliteus?
3108 3272 3207 3339 Qui
3256 3291 3334 3328 me
3381 3291 3506 3330 con-

215 3362 348 3422 Adco
397 3365 534 3422 intra
571 3365 836 3441 terminos
886 3360 1086 3418 Iudaea:
1136 3372 1464 3434 princeptum
1501 3361 1640 3435 fuga:
1665 3354 1797 3419 con;
1902 3373 2048 3443 [usus
2069 3368 2240 3441 fuerit,
2273 3376 2320 3422 et
2345 3382 2436 3438 ego
2457 3364 2747 3439 confundor
2775 3379 3075 3419 eumcoram
3104 3367 3278 3418 Patre.
3306 3363 3499 3435 (Marc.

211 3456 474 3516 tinebatur.
523 3457 694 3515 Nobis
738 3469 921 3515 autem
947 3457 1092 3514 nulla
1115 3455 1314 3513 Judaea:
1340 3452 1624 3533 pnefinitio
1648 3472 1796 3514 com-
1901 3460 2036 3527 VIII,
2054 3458 2287 3526 58;Luc.
2305 3454 2582 3528 XIX,2t‘r).
2613 3455 2669 3512 Si
2694 3454 2873 3511 devito
2894 3453 3508 3525 passionetu,confundo

215 3550 333 3619 petit
365 3550 805 3624 praedicationis,
854 3550 910 3605 in
954 3564 1169 3605 onmem
1213 3548 1323 3620 jam
1362 3563 1580 3605 carnem
1623 3547 1756 3606 el'fus

1967 3555 2318 3615 niessionem.
2376 3550 2574 3607 Felices
2601 3552 2686 3621 qui
2719 3550 3116 3620 persecutionem
3153 3546 3292 3618 passi
3318 3550 3506 3620 fuerint

213 3640 395 3712 Spiritu
438 3642 667 3700 Sancto.
734 3639 924 3712 Itaque
989 3639 1220 3708 Paulus,
1272 3646 1328 3697 et
1386 3638 1627 3713 Apostoli
1669 3639 1750 3713 ips

1966 3666 2087 3705 ussa
2113 3648 2334 3704 nominis
2361 3645 2461 3701 mei
2498 3643 2718 3716 (Matth.
2747 3642 2809 3707 V,
2837 3641 2949 3714 Il).
2990 3640 3236 3698 Infelices
3258 3657 3389 3713 ergo
3415 3642 3507 3712 qui

214 3749 456 3793 memores
496 3734 759 3809 praecepti
785 3732 1073 3802 dominici,
1101 3741 1473 3790 contestantur
1502 3733 1632 3790 illud
1654 3732 1797 3805 apud
1900 3739 2154 3814 fugiendo
2181 3753 2249 3796 ex
2281 3742 2556 3810 praecepto
2587 3750 2693 3792 non
2718 3743 2877 3790 erunt
2901 3732 3065 3804 passi.
3112 3729 3215 3799 Qui
3243 3734 3500 3788 summa.

220 3824 405 3909 Israel,
437 3844 613 3907 quem.
628 3827 740 3911 jam
779 3824 1027 3905 doctrina
1082 3841 1175 3883 sua
1216 3826 1606 3898 impleverant:
1643 3828 1798 3885 Vobis
1901 3835 1967 3890 rit
1993 3833 2047 3889 in
2076 3833 2252 3903 ﬁnem,
2280 3833 2375 3887 iste
2401 3828 2679 3886 satuabitur
2707 3825 2921 3896 (Matth.
2944 3822 3014 3885 Χ,
3037 3821 3155 3895 22).
3178 3824 3316 3892 Quid
3347 3840 3506 3895 ergo,

215 3921 417 3993 oportuit
440 3920 705 4001 imprimis
746 3936 1030 3997 sermonem
1054 3918 1151 3975 Dei
1199 3921 1358 3979 tradi.
1410 3921 1518 3978 Sed
1557 3922 1800 3994 quoniam
1905 3943 1993 3984 me
2016 3925 2211 3997 iubens
2236 3925 2443 3993 fugere,
2475 3921 2557 3975 vis
2584 3920 2635 3975 in
2667 3919 2830 3974 finem
2872 3914 3183 3971 sustinere?
3210 3915 3379 3969 Tanta
3409 3915 3500 3971 di-

217 4000 459 4083 repalistis
487 4000 644 4080 eum,
679 4029 771 4068 nec
809 4014 991 4089 dignos
1029 4009 1116 4069 vos
1156 4025 1346 4071 aeterna
1382 4016 1486 4070 vita
1533 4015 1799 4077 eairtima-
1903 4018 2134 4075 versitas
2155 4013 2541 4071 sententiarum
2561 4010 2728 4066 sinon
2752 4005 3214 4079 congruitdivinze
3230 4005 3503 4078 gravitati,

214 4106 314 4173 stis,
337 4123 447 4164 ecce
463 4107 814 4166 convertimus
845 4092 937 4164 nos
960 4108 1031 4163 ad
1066 4110 1298 4177 nationes
1343 4108 1485 4181 (Act.
1513 4109 1651 4178 XIII,
1678 4108 1799 4184 46).
1905 4119 2127 4183 apparet
2152 4124 2217 4165 ex
2250 4107 2332 4162 his
2375 4118 2588 4176 quoque
2614 4114 2944 4175 prmceptum
3012 4099 3152 4172 fugae
3176 4115 3329 4156 suam
3369 4107 3501 4157 tunc

213 4198 374 4281 Atque
398 4200 608 4281 exinde
634 4199 882 4257 conversi
913 4208 965 4275 et
993 4199 1117 4271 ipsi,
1154 4200 1292 4281 sicut
1318 4209 1691 4259 antecessores
1721 4203 1802 4259 in-
1909 4204 2163 4261 habuisse
2185 4201 2453 4258 rationem
2480 4213 2641 4269 quam
2684 4197 3044 4254 ostendimus.
3077 4194 3186 4251 Sed
3215 4195 3504 4250 infirmita-

213 4272 512 4371 stituerant,
544 4272 615 4349 in
660 4288 803 4371 viam
830 4272 1108 4361 nationum
1135 4272 1415 4365 abierunt,
1447 4302 1502 4348 et
1539 4294 1592 4350 in
1619 4294 1804 4351 civita-
1913 4305 2050 4361 tem,
2078 4292 2272 4364 inquit,
2304 4287 2659 4362 quorumdam
2688 4288 3026 4360 prospiciens
3072 4286 3355 4350 Dominus,
3403 4300 3502 4355 pro

213 4391 289 4439 tes
328 4366 797 4459 Samaritanorum
841 4383 1197 4461 introierunt;
1242 4386 1375 4441 utin
1416 4394 1573 4440 tatam
1613 4386 1806 4443 scilicet
1911 4403 2007 4445 sua
2040 4384 2370 4461 humanitate
2399 4381 2750 4438 nihilominus
2776 4391 2831 4436 et
2875 4388 3088 4452 portum
3119 4380 3253 4451 fuge
3282 4379 3507 4435 demonc

216 4480 385 4549 terram
410 4462 780 4555 eaaretAsonas
804 4491 1011 4545 eorum,
1059 4486 1107 4532 et
1134 4477 1191 4532 in
1219 4478 1460 4533 terminos
1503 4479 1639 4535 orbis
1663 4494 1808 4555 uoces
1866 4554 1869 4555 γ
1913 4459 2143 4539 εινεινῑῑᾟ
2173 4495 2280 4535 non
2320 4476 2462 4532 enim
2493 4475 2720 4531 idoneus
2752 4483 2871 4530 erat
2896 4475 3056 4531 etiam
3102 4476 3220 4529 sine
3248 4474 3367 4543 fuga
3396 4481 3508 4528 tam

219 4580 373 4621 eorum
410 4564 541 4647 (Ps.
575 4550 787 4637 XVIII,
821 4565 912 4640 1).
937 4567 994 4647 Si
1023 4583 1152 4640 ergo
1181 4570 1677 4644 cessavitexceptio
1705 4552 1808 4629 vite
1917 4573 2053 4646 turpi
2088 4579 2145 4629 et
2172 4569 2410 4643 indigno,
2445 4575 2500 4624 et
2528 4565 2712 4622 servili
2747 4565 2995 4637 prtesidio
3022 4566 3199 4623 salvos
3229 4565 3407 4621 facere
3451 4567 3509 4622 in

222 4657 515 4742 nationum,
569 4672 628 4719 et
657 4660 913 4716 introitus
954 4660 1007 4716 in
1034 4661 1279 4719 civitates
1320 4662 1806 4735 Samaritanorum,
1917 4668 2311 4740 persecutione,
2345 4678 2479 4735 quos
2506 4661 2667 4718 sciret
2688 4660 2952 4716 inlirmos.
2985 4660 3179 4730 Atquin
3209 4676 3318 4715 non
3344 4660 3507 4727 fovet,

221 4762 307 4823 cur
330 4768 431 4831 non
460 4752 771 4831 cessaverit
807 4751 1023 4831 etvfuga:
1056 4765 1382 4827 praeceptum
1422 4757 1623 4827 pariter
1648 4758 1810 4815 emis-
1916 4760 2011 4817 sed
2043 4766 2255 4816 recusat
2282 4769 2499 4827 semper
2521 4754 2797 4817 infirmos;
2823 4752 3052 4824 primum
3073 4751 3273 4808 docens
3297 4770 3401 4808 non
3429 4751 3513 4809 fu-

223 4854 329 4931 1sum
347 4830 643 4931 Denique
691 4860 760 4900 ex
796 4861 903 4917 quo
952 4855 1191 4923 saturata
1236 4848 1435 4907 Israele
1465 4853 1708 4922 Apostoli
1756 4853 1809 4909 in
1914 4854 2137 4927 gieudos
2165 4867 2285 4909 esse
2315 4860 2711 4923 persecutores,
2740 4844 2837 4902 Sed
2868 4847 3045 4918 potius
3079 4861 3184 4903 non
3218 4847 3510 4903 timendos.

495 4922 872 5005 imusicrunl,
906 4922 1003 4994 nec
1032 4938 1280 5011 fugerunt
1309 4940 1378 4998 de
1416 4940 1632 5000 civitate
1662 4944 1714 4999 in
1744 4944 1813 5000 ci-
1918 4922 2097 5005 lVolite
2137 4947 2312 5001 timere
2354 4959 2439 5000 eos
2467 4944 2556 5012 qui
2583 4957 2770 5013 corpus
2797 4941 3027 4997 occidere
3075 4950 3305 5013 possunt,
3331 4941 3516 4995 animat

224 5018 459 5109 Vitaleu't,
502 5046 607 5088 nec
656 5030 773 5104 pati
819 5031 1218 5090 dubitaverunt.
1270 5035 1469 5107 Atquin
1509 5045 1565 5093 et
1593 5037 1811 5103 Paulus,
1918 5024 2087 5097 autem
2113 5039 2242 5095 nihil
2271 5036 2436 5092 valent
2460 5038 2644 5108 facere.
2675 5031 2784 5090 Sed
2806 5033 2972 5087 timete
2998 5048 3112 5086 eum
3152 5031 3238 5102 qui
3260 5040 3307 5085 et
3331 5046 3518 5098 corpus

227 5118 309 5203 qui
332 5135 389 5181 se
410 5138 508 5203 per
534 5139 761 5203 murum
802 5136 1144 5199 concesserat
1181 5127 1425 5199 expediri
1457 5128 1525 5185 de
1557 5144 1812 5200 persecu-
1920 5144 1968 5190 et
1996 5133 2221 5188 animam
2249 5132 2457 5201 perdere
2478 5134 2639 5201 potest
2660 5128 2714 5180 in
2740 5124 3020 5198 gehennam
3050 5122 3266 5194 (Matth.
3297 5121 3364 5184 Χ,
3396 5120 3514 5190 28).

232 5200 397 5283 tione,
444 5200 549 5287 qua
591 5200 664 5273 ad
707 5200 811 5271 hoc
848 5225 1058 5290 tempus
1091 5221 1520 5292 eratpraecepti;
1549 5222 1689 5279 idem
1709 5223 1773 5295 jat

1978 5236 2098 5298 tque
2127 5200 2324 5281 exinde
2350 5200 2701 5293 qumtimldis
2733 5216 2994 5287 praeﬂuit?
3028 5214 3128 5280 Qui
3158 5212 3323 5285 pluris
3345 5212 3519 5283 fecerit

233 5300 283 5361 in
324 5303 562 5366 clausula
609 5307 809 5379 ofﬁcii,
855 5318 910 5367 et
938 5311 992 5367 in
1029 5313 1498 5371 consummatione
1539 5319 1815 5389 praecepti,
1923 5320 2150 5374 animam
2183 5314 2330 5371 suam
2358 5329 2512 5386 quam
2559 5328 2658 5382 me,
2686 5328 2790 5367 non
2831 5319 2902 5366 est
2926 5325 3005 5364 me
3042 5308 3257 5376 dignus;
3288 5315 3383 5362 et:
3421 5303 3521 5373 Qui

1440 5429 1855 5494 .‘LECTIONES
1890 5404 2309 5492 vannum.

456 1963 637 1971 ...ι-νῇ*

314 5530 780 5610 112mm-
808 5537 975 5610 etwa;
1095 5603 1108 5610 _
1239 5604 1329 5610 -_-
1527 5608 1534 5610 _
1683 5602 1718 5610 .,
1992 5520 2567 5610 (meammeam

391 5599 708 5680 ἐμὲ.εὲπώ
728 5599 917 5655 θεοίνια
934 5603 1124 5658 Ραηιει·
1145 5604 1347 5663 addidit
1368 5608 1645 5678 recepitque
1661 5602 1773 5680 περι
1994 5599 2069 5680 (Ξ)
2093 5606 2286 5680 ἓωψφ
2305 5600 2653 5680 Ψιεῐῌ

386 5659 441 5773 ῗὶ
460 5662 620 5721 lien.
1150 5659 1154 5660 7
1403 5659 1410 5660 7
1432 5659 1438 5660 7
1564 5659 1636 5678 '77'
1661 5659 1772 5680 ηδ’
2098 5666 2377 5731 Doctrinam
2402 5677 2538 5715 suam
2561 5662 2703 5731 130m-

432 5720 532 5773 md
549 5738 645 5773 nos
669 5733 836 5773 Venet.
2101 5727 2490 5773 Det-elicuerunt
2512 5723 2703 5773 auttlmtt

352 5717 836 5851 zémntéosrenet.
954 5800 961 5803 4
1092 5794 1097 5801 ι

596 5801 701 5840 um.
730 5784 880 5844 Rhea.
900 5792 1043 5848 Sciat.
1067 5800 1154 5851 etc.

2101 5727 2490 5791 D‘ereliquerunt
2512 5721 2711 5792 quidam.
2729 5717 2871 5773 male.
