3902 6312
421 198 521 256 III

1841 197 2305 297 'I‘ERTULLIANI

3603 213 3711 273 lli

421 330 525 369 non
551 314 683 369 tollit
710 330 909 371 crucem
948 322 1165 370 suamet
1194 314 1421 385 sequitur
1459 329 1558 381 me,
1590 329 1690 367 non
1718 322 1877 383 potest
1903 329 2011 369 esse
2036 314 2091 373 Α
2118 314 2261 370 velut
2283 313 2423 371 ﬁlios
2451 314 2603 383 lucis,
2635 330 2738 371 non
2766 316 2918 387 jubet
2954 319 3076 392 luga
3102 319 3357 379 abscondi
3389 333 3447 379 ut
3468 323 3598 382 ﬁlios
3624 337 3695 382 te.

421 421 564 461 meus
588 405 872 477 discipulus
900 405 1051 476 (Luc.
1078 403 1224 470 XIV,
1243 401 1364 476 26).
1407 403 1706 469 Postremo,
1729 404 1783 459 in
1808 405 2016 476 Apoca-

416 498 558 571 lypsi
591 514 695 554 non
723 498 900 565 fugam
932 498 1135 554 timidis
1159 497 1335 564 offert,
1376 497 1471 554 sed
1502 498 1641 553 inter
1673 507 1900 554 cmteros
1933 512 2014 553 re-

420 589 619 659 probus
657 589 969 660 particulam
998 591 1050 646 in
1083 600 1273 662 stagno
1303 588 1579 660 sulphuris
1608 599 1663 647 et
1684 590 1842 662 ignis,
1872 588 2014 660 quod

419 691 506 740 est
540 698 684 740 mors
710 683 948 741 secunda
980 677 1135 757 (Cap.
1166 683 1308 751 XXI,
1341 683 1423 756 8).

983 775 1209 833 CAPUT
1251 774 1379 831 VIII.

488 868 793 941 (a)Refugit
821 876 876 925 et
903 869 1018 940 ipse
1043 868 1150 923 vim
1175 867 1577 934 interdum,sed
1599 867 1784 924 eadem
1806 867 2013 924 ratione

414 977 519 1032 qua
539 961 809 1033 Apostolis
838 961 1022 1032 fugere
1045 970 1379 1033 praeceperat
1401 977 1418 1027 ;
1451 960 1627 1018 donec
1648 961 1853 1018 scilicet
1879 961 2011 1018 doc-

414 1052 608 1107 trinam
650 1067 801 1107 suam
847 1051 1119 1122 impleret;
1174 1068 1277 1122 qua
1323 1063 1713 1118 consummata,
1755 1068 1862 1109 non
1889 1052 2013 1110 dico

411 1142 576 1210 stetit,
609 1141 703 1198 sed
728 1157 828 1199 nec
854 1143 1109 1198 auxilium
1140 1158 1169 1197 a
1192 1143 1352 1202 Patre
1376 1144 1689 1213 angelorum
1735 1144 2009 1200 exercitu-

413 1248 503 1289 um
532 1233 877 1302 desideravit,
909 1234 1174 1306 increpito
1200 1234 1360 1292 etiam
1387 1235 1528 1290 Petri
1557 1235 1760 1307 gladio,
1803 1236 2013 1307 profes-

407 1341 500 1383 sus
541 1328 758 1400 quidem
805 1337 861 1384 ct
898 1328 1013 1399 ipse
1047 1338 1132 1384 est
1173 1329 1408 1384 animum
1469 1329 1681 1385 anxiam
1731 1345 1900 1402 usque
1941 1331 2010 1388 ad

407 1430 635 1476 mortem
660 1430 717 1476 et
741 1436 962 1477 carnem
992 1420 1260 1476 inﬁrmam
1296 1437 1312 1487 ;
1341 1430 1399 1477 ut
1429 1421 1522 1477 tibi
1544 1422 1875 1492 ostenderet,
1906 1422 2011 1494 pri-

404 1528 517 1580 mo,
548 1511 599 1566 iu
630 1527 691 1568 sc
720 1522 1001 1584 utramque
1023 1514 1378 1568 substantiam
1405 1513 1696 1570 humanam
1728 1514 1914 1585 fuisse,
1939 1532 2006 1572 ex

403 1604 733 1674 proprietate
754 1604 1040 1660 anxietatis
1067 1606 1281 1672 animae,
1317 1615 1373 1662 et
1395 1607 1776 1664 imbecillitatis
1795 1616 1997 1672 carnis;

2123 406 2433 464 nebrarum.
2461 408 2617 464 Stare
2639 409 2946 469 immobiles
2964 414 3224 484 prmcipit,
3254 415 3439 488 utique
3469 434 3566 474 nec
3585 419 3698 492 fuga

2121 497 2370 564 mobiles,
2434 508 2489 555 et
2530 501 2820 565 accinctos,
2874 503 2928 558 in
2978 503 3158 577 fugam
3197 522 3265 563 au
3317 508 3372 564 in
3425 525 3696 570 occursum

2122 591 2437 662 Evangelii?
2479 596 2640 649 Arma
2670 611 2882 667 quoque
2929 596 3284 668 demonstrat,
3316 618 3435 672 qua:
3461 602 3694 675 fugituris

2122 698 2228 739 non
2267 695 2451 741 essent
2499 689 2823 755 necessaria,
2874 690 3013 747 inter
3056 707 3178 761 quae
3219 701 3276 748 et
3316 693 3581 768 clypeum,
3603 714 3696 766 qua

2122 777 2325 845 possitis
2354 778 2453 832 tcta
2492 778 2685 834 diaboli
2709 782 3011 852 extinguere
3043 782 3222 856 (Eph.
3249 785 3337 855 VI,
3372 786 3439 845 l6
3461 786 3508 860 ),
3551 790 3703 846 resis-

2123 879 2294 925 tentes
2335 870 2457 926 sine
2495 870 2681 939 dubio,
2712 882 2767 928 et
2793 874 3126 946 excipientes
3167 892 3383 934 omnem
3415 872 3522 935 vim
3542 879 3697 939 illius.

2120 961 2351 1017 Proinde
2398 972 2453 1019 et
2507 962 2742 1021 Joannes
2784 981 2892 1036 .pro
2952 966 3207 1026 fratribus
3248 985 3463 1043 quoque
3507 976 3700 1030 annuas

2118 1056 2393 1126 ponendas
2421 1056 2579 1114 docet
2606 1058 2625 1131 (
2648 1059 2668 1115 ι
2688 1059 2845 1116 Joan.
2871 1060 2961 1130 Ill,
2990 1062 3059 1119 ιϐ
3083 1060 3105 1136 )
3127 1104 3143 1130 ,
3185 1064 3381 1121 nedum
3406 1081 3502 1137 pro
3528 1067 3698 1123 Domi-

2118 1164 2210 1205 no.
2244 1149 2357 1206 Hoc
2380 1166 2411 1205 a
2439 1148 2765 1222 fugientibus
2795 1169 2900 1208 non
2931 1164 3112 1225 potest
3140 1154 3445 1228 adimpleri.
3475 1159 3702 1232 Denique

2118 1257 2328 1298 memor
2371 1243 2723 1316 Apocalypsis
2761 1260 2893 1313 suae,
2938 1246 2992 1302 in
3014 1262 3117 1319 qua
3158 1249 3466 1306 timidorum
3509 1254 3698 1310 exitum

2116 1333 2375 1400 audierat,
2403 1334 2473 1390 de
2498 1350 2660 1392 sensu
2682 1335 2933 1394 admonet
2971 1348 3027 1394 ct
3053 1340 3167 1409 ipse
3195 1340 3442 1398 timorem
3465 1342 3698 1413 rejicicu-

2114 1428 2264 1485 dum.
2311 1428 2503 1494 Timor,
2541 1431 2733 1502 inquit,
2776 1449 2878 1488 non
2920 1443 2994 1489 est
3029 1436 3081 1490 in
3130 1436 3419 1494 dilectione.
3469 1439 3699 1499 Sedeuint

2115 1526 2339 1594 perfecta
2365 1522 2568 1607 dilectio
2594 1528 2733 1595 [oras
2759 1526 2911 1580 mittit
2941 1528 3202 1597 timorem;
3233 1531 3358 1601 quia
3399 1531 3556 1589 timor
3579 1551 3702 1607 sup-

2115 1598 2526 1683 pliciamentum'
2545 1612 2727 1681 habet,
2757 1617 2940 1687 utique
2968 1618 3145 1690 ignem
3175 1598 3371 1693 stagni.
3395 1623 3494 1692 Qui
3531 1598 3700 1685 autem

325 1740 355 1762 κ.
400 1713 470 1753 ne
494 1698 655 1753 aliam
689 1696 786 1770 (ut
814 1699 1027 1770 quidam
1057 1715 1202 1754 nunc
1245 1699 1570 1757 induxerunt
1607 1701 1746 1774 )aut
1770 1717 1990 1760 carnem
2029 1715 2077 1775 Β
2107 1708 2280 1774 timet,
2322 1722 2428 1764 non
2467 1717 2551 1764 est
2580 1709 2850 1779 perlectus
2875 1751 2891 1777 ,
2944 1711 2996 1767 in
3031 1713 3319 1772 dilectione
3342 1717 3435 1773 Dei
3483 1718 3697 1778 scilicet.

400 1799 495 1847 aut
518 1791 753 1848 animam
782 1791 984 1848 Christi
1016 1792 1485 1864 interpretareris;
1543 1796 1761 1866 dehinc,
1793 1805 1849 1852 ut
1899 1798 2001 1854 de-

396 1882 712 1937 monstratis
737 1882 1139 1940 conditiouibus
1165 1900 1371 1952 earum,
1398 1886 1564 1944 scires
1598 1887 1719 1944 illas
1745 1887 1877 1944 nihil
1900 1905 1996 1945 va-

402 1974 513 2029 lere
546 1989 639 2044 per
672 1976 989 2046 semetipsas
1030 1977 1149 2033 sine
1177 1978 1393 2048 spiritu.
1467 1979 1535 2034 Et
1561 1978 1684 2036 ideo
1709 1981 1996 2052 praeponit,

399 2063 628 2134 Spiritus
668 2076 932 2137 promptus
965 2065 1191 2141 (Matth.
1221 2067 1417 2136 XXVI,
1448 2067 1543 2141 41)
1568 2111 1582 2135 .
1617 2080 1674 2127 ut
1713 2081 1999 2143 utramque

397 2155 760 2213 conditionem
788 2157 1106 2215 substantia:
1134 2160 1416 2233 utriusque
1442 2163 1760 2234 respiciens,
1796 2165 1998 2222 intelli-

393 2260 490 2316 gas
517 2248 571 2303 in
604 2257 654 2304 te
680 2263 802 2305 esse
831 2250 991 2305 etiam
1022 2244 1387 2308 fortitudinem
1418 2253 1662 2324 spiritus,
1720 2258 1996 2327 quomodo

393 2349 452 2396 et
479 2341 844 2397 inﬁrmitatem
873 2343 1091 2410 carnis;
1123 2359 1186 2400 ac
1209 2344 1323 2416 jam
1364 2345 1489 2402 hinc
1528 2349 1666 2403 scias
1690 2349 1820 2419 quid
1852 2350 1997 2407 unde

392 2433 578 2502 facias,
610 2443 665 2491 et
692 2434 820 2506 quid
849 2436 936 2492 cui
978 2437 1260 2508 subjicias;
1292 2438 1559 2495 inﬁrmum
1612 2442 1817 2515 scilicet
1847 2443 1990 2499 forti:

390 2542 482 2593 ne,
513 2536 569 2582 ut
595 2543 736 2583 nunc
759 2527 911 2597 facis,
961 2529 1029 2586 de
1057 2533 1234 2588 carnis
1270 2532 1487 2603 quidem
1519 2534 1832 2593 infirmitate
1864 2553 1994 2594 cau-

392 2620 548 2686 seris,
570 2618 638 2675 de
664 2621 884 2691 Spiritus
911 2630 1094 2679 autem
1122 2623 1375 2682 ﬁrmitate
1398 2626 1727 2683 dissimules.
1757 2628 1993 2687 Postula-

391 2713 470 2769 vit
512 2725 568 2769 et
596 2714 710 2786 ipse
756 2730 788 2771 a
833 2716 1117 2774 Patre:Si
1158 2719 1272 2788 ﬁeri
1298 2730 1480 2791 posset,
1530 2723 1767 2778 transiret
1795 2723 1859 2777 ab
1900 2724 1992 2779 illo

388 2794 838 2878 calix‘passionis.
887 2808 1108 2865 Postula
1150 2819 1204 2866 et
1232 2818 1309 2875 tu,
1333 2810 1429 2867 sed
1466 2810 1614 2868 stans
1642 2823 1699 2869 ut
1739 2813 1864 2880 ille,
1894 2816 1990 2871 sed

385 2899 660 2969 postulans
685 2908 911 2968 tantum,
939 2901 1034 2957 sed
1072 2902 1400 2975 snbjungcns
1426 2915 1479 2960 et
1516 2904 1723 2977 reliqua
1752 2924 1765 2961 :
1804 2905 1990 2963 Verum

385 3008 489 3048 non
519 2992 656 3064 quod
671 3010 762 3065 ego
802 2992 938 3062 uolo,
984 2994 1074 3050 sed
1111 2995 1248 3067 quod
1295 3008 1349 3052 tu
1384 2994 1597 3069 (Matth.
1630 2997 1836 3069 XXVI,
1864 3000 1984 3073 29).

2106 1799 2294 1867 Porro,
2327 1800 2447 1871 quis
2489 1800 2655 1871 fugiet
2706 1804 3160 1872 persecutionem,
3212 1806 3315 1863 nisi
3346 1809 3434 1880 qui
3469 1809 3700 1867 timebit?

2104 1889 2236 1959 Quis
2265 1888 2493 1955 timebit,
2527 1891 2627 1946 nisi
2668 1891 2758 1963 qui
2800 1908 2904 1949 non
2929 1896 3174 1951 amavit?
3217 1895 3476 1968 Spiritum
3506 1916 3630 1958 vero
3656 1902 3698 1958 si

2103 1983 2375 2053 consulas,
2418 1983 2546 2055 quid
2596 1986 2769 2057 magis
2810 2001 3060 2045 sermone
3104 1990 3197 2047 illo
3222 1992 3450 2062 Spiritus
3478 1994 3697 2067 probat!

2100 2074 2342 2146 Namque
2371 2090 2561 2142 omnes
2588 2092 2725 2147 pene
2753 2078 2823 2135 ad
2860 2077 3178 2153 martyrium
3220 2084 3559 2154 exhortatur,
3585 2104 3689 2146 non

2100 2167 2400 2239 adfugam,
2453 2177 2511 2223 ut
2559 2181 2613 2226 et
2638 2170 2779 2226 illius
2819 2176 3348 2234 eammemoremur:
3379 2179 3689 2250 Publicaris,

2098 2257 2291 2327 inquit,
2342 2259 2542 2315 bonum
2585 2261 2677 2318 tibi
2704 2271 2806 2318 est.
2851 2264 2955 2332 Qui
2986 2266 3131 2323 enim
3172 2283 3282 2324 non
3322 2270 3622 2341 publicatur
3645 2275 3693 2332 in

2100 2351 2427 2422 hominibus,
2475 2353 2774 2425 publicatur
2818 2357 2869 2412 in
2921 2358 3170 2415 Domino.
3211 2360 3292 2418 No
3330 2363 3692 2439 confundaris,

2092 2445 2298 2515 justitia
2324 2455 2374 2502 te
2395 2447 2644 2517 producit
2671 2448 2722 2502 iu
2745 2449 3003 2507 medium.
3028 2453 3165 2522 Quid
3186 2455 3559 2527 confunderis,
3585 2460 3695 2517 lau-

2097 2537 2219 2593 dem
2246 2542 2472 2596 serens?
2511 2541 2756 2599 Potestas
2785 2543 2863 2612 ﬁt,
2907 2559 3031 2615 cum
3059 2550 3395 2620 conspiceris
3434 2553 3504 2611 ab
3530 2553 3693 2611 homi-

2097 2630 2272 2685 nibus.
2297 2631 2387 2687 Sic
2407 2642 2461 2688 et
2482 2632 2643 2689 alibi:
2672 2633 2845 2692 Nolite
2872 2637 2924 2690 in
2955 2637 3187 2708 lectulis,
3213 2656 3312 2698 nec
3340 2642 3394 2699 in
3415 2644 3692 2704 aborsibus

2094 2734 2148 2776 et
2178 2720 2414 2779 febribus
2455 2725 2709 2782 mollibus
2747 2741 2935 2798 Optare
2976 2732 3147 2801 exire,
3175 2734 3272 2790 sed
3300 2735 3355 2792 in
3383 2739 3687 2812 martyriis;

2096 2819 2153 2867 ut
2181 2812 2514 2883 glariﬁcetur
2543 2816 2633 2888 qui
2666 2828 2752 2873 est
2782 2834 2969 2889 passus
3001 2836 3099 2894 pro
3124 2824 3299 2881 vobis.

2694 2909 2927 2968 CAPUT
2958 2912 3029 2969 X.

2160 2995 2266 3053 Sed
2296 2999 2510 3056 omissis
2536 3001 2750 3073 quidam
2775 3003 2974 3062 divinis
3014 3008 3501 3083 exhortationibus,
3538 3016 3682 3073 illum

384 3085 621 3158 Fugiens
640 3096 818 3143 autem
840 3088 1109 3159 quomodo
1130 3088 1231 3145 hoc
1261 3091 1571 3161 postulabis,
1596 3092 1709 3163 ipse
1731 3094 1824 3150 tibi
1850 3112 1984 3166 prtc-
2011 3110 2058 3175 ρ
2091 3090 2260 3160 magis
2311 3090 2556 3148 Graecum
2603 3096 2927 3152 versiculum
2971 3102 3251 3160 szecularis
3281 3108 3569 3165 sententia:
3598 3109 3691 3166 sibi

384 3188 535 3235 stans
582 3180 768 3237 calicis
812 3181 1244 3251 translationem,
1269 3198 1370 3240 nec
1398 3184 1542 3256 quod
1573 3185 1731 3243 Pater
1768 3187 1879 3244 vult
1902 3187 1985 3245 fa-

382 3273 554 3342 ciens,
582 3273 679 3333 sed
703 3274 846 3348 quod
872 3275 964 3332 tu?

965 3439 970 3449 .
1027 3389 1256 3449 CAPUT
1283 3392 1377 3449 IX.

455 3482 648 3539 Omnia
669 3483 910 3555 Apostoli
938 3484 1237 3542 secundum
1260 3487 1428 3543 Deum
1449 3489 1636 3559 utique
1660 3488 1980 3558 docuerunt,

382 3575 564 3633 omnia
594 3562 962 3648 evangelizare
988 3576 1068 3652 (l)
1104 3579 1407 3637 voluerunt.
1462 3580 1565 3638 Ubi
1598 3583 1717 3641 illos
1741 3586 1983 3642 ostendis

381 3677 711 3739 praeceptum
739 3667 975 3739 fugiendi
1004 3668 1073 3724 de
1100 3670 1317 3728 civitate
1354 3673 1406 3727 in
1452 3673 1723 3731 civitatem
1769 3687 1980 3734 restau-

376 3762 564 3817 rasse?
593 3762 718 3832 quia
741 3775 840 3817 nec
866 3761 1167 3831 potuissent
1194 3763 1299 3819 tale
1338 3764 1466 3834 quid
1509 3767 1840 3825 constituere
1871 3779 1980 3828 tam

381 3856 711 3911 contrarium
751 3855 1014 3927 exemplis
1040 3857 1173 3926 suis,
1199 3866 1257 3913 ut
1283 3859 1459 3930 fugam
1504 3861 1858 3932 mandarent;
1887 3866 1980 3936 qui

381 3962 504 4004 cum
530 3948 762 4005 maxime
792 3947 862 4005 de
900 3949 1128 4006 vinculis
1160 3951 1244 4007 vel
1276 3951 1487 4023 insulis,
1533 3954 1728 4026 quibus
1753 3957 1824 4014 ob
1845 3972 1979 4027 con.-

378 4041 693 4112 fessionem,
725 4059 833 4099 non
859 4044 929 4100 ob
950 4044 1128 4117 fugam
1160 4047 1414 4113 nominis,
1451 4050 1885 4121 continebantur,
1911 4054 1980 4110 ad

386 4134 655 4191 Ecclesias
679 4135 1007 4192 scribebant.
1037 4136 1282 4196 lnﬁrmos
1302 4140 1569 4197 sustinere
1590 4141 1743 4212 jubet
1760 4143 1976 4214 Paulus;

389 4230 575 4300 utique
606 4231 749 4285 enim
776 4244 884 4287 non
913 4228 1179 4302 fugientes
1234 4231 1255 4304 (
1280 4233 1550 4303 quomodo
1578 4236 1722 4292 enim
1748 4237 1981 4296 sustine-

380 4323 578 4381 bantur
603 4323 897 4381 absentes?
925 4322 970 4397 ).
1000 4326 1081 4379 An
1132 4325 1383 4395 patientia
1441 4326 1574 4383 dicit
1608 4330 1975 4403 sustinendos,

375 4415 544 4474 sicubi
574 4431 670 4488 per
716 4415 1082 4472 inﬁrmitatem
1124 4416 1245 4472 ﬁdei
1267 4432 1379 4473 suae
1422 4417 1778 4478 offenderint?
1806 4423 1894 4480 Sic
1923 4433 1980 4481 et

375 4508 747 4578 pusillanimes
797 4508 1088 4577 consolari,
1135 4516 1452 4567 nontamen
1504 4514 1558 4567 in
1588 4510 1768 4584 fugam
1811 4514 1969 4570 mitti.
1999 4507 2055 4568 D

379 4599 486 4656 Sed
514 4615 634 4656 cum
657 4600 913 4658 admonet
939 4618 953 4655 :
982 4599 1066 4657 Ne
1092 4601 1260 4656 locum
1279 4602 1420 4659 malo
1447 4602 1624 4661 demus
1645 4604 1859 4680 (Ep/tes.
1883 4608 1973 4681 IV,

290 4742 297 4749 .
369 4690 483 4762 27)
511 4733 524 4757 ,
557 4707 663 4747 non
687 4690 823 4763 fugae
842 4693 1079 4765 suggerit
1100 4694 1411 4763 consilium,
1438 4696 1535 4751 sed
1566 4699 1854 4756 iracundiae
1874 4701 1969 4757 do-

369 4790 459 4839 cet
500 4791 1003 4854 temperamentum.
1041 4783 1179 4841 Etsi
1219 4785 1570 4842 redimendum
1610 4798 1809 4861 tempus
1845 4791 1975 4851 dicit

373 4876 394 4949 (
422 4876 611 4949 Ephes.
641 4875 704 4944 V,
736 4876 844 4950 16)
871 4919 886 4945 ,
916 4879 1038 4950 quia
1062 4877 1170 4933 dies
1196 4895 1412 4950 nequam
1449 4892 1602 4948 sunt;
1632 4900 1738 4939 non
1765 4901 1865 4956 per
1890 4890 1969 4943 fu-

367 4987 512 5043 gam,
563 4970 659 5027 sed
706 4987 800 5043 per
827 4972 1144 5043 sapientiam
1189 4977 1634 5043 conversationis,
1663 4976 1738 5052 (ὁ)
1771 4980 1967 5045 lucrari

2093 3180 2383 3239 adhibent:
2419 3184 2519 3251 Qui
2548 3187 2807 3258 fugiebat,
2850 3206 3026 3248 rursus
3060 3196 3375 3264 prteliabitur
3407 3198 3514 3271 (c);
3553 3211 3611 3257 ut
3640 3208 3739 3259 et"
3754 3215 3775 3223 ‘

2090 3289 2279 3331 rursus
2294 3274 2517 3333 forsitan
2541 3277 2701 3351 fugiat
2714 3320 2727 3335 .
2746 3281 2811 3336 Et
2824 3284 3037 3354 quando
3052 3286 3251 3356 vincet,
3278 3290 3392 3361 qui,
3411 3306 3534 3348 cum
3551 3293 3690 3365 fuge-

2089 3364 2177 3432 rit,
2208 3366 2382 3423 victus
2401 3368 2525 3426 est?
2550 3369 2757 3428 Bonum
2776 3375 3007 3433 militem
3025 3378 3239 3437 Christo
3260 3381 3576 3455 imperatori
3597 3364 3689 3444 suo

2087 3468 2325 3528 praestat,
2376 3461 2466 3533 qui
2501 3472 2607 3519 tam
2654 3465 2812 3536 plene
2859 3467 2929 3525 ab
2976 3472 3236 3541 Apustolu
3277 3487 3540 3547 armatus,
3572 3479 3689 3536 tuba

2086 3554 2477 3622 persecutionis
2510 3556 2710 3625 audita,
2733 3558 2875 3615 diem
2900 3560 3102 3619 deserit
3128 3568 3557 3637 persecutionis?
3586 3571 3688 3628 Re-

2085 3645 2363 3716 spondebo
2390 3659 2445 3704 et
2469 3664 2570 3721 ego
2597 3649 2664 3707 de
2689 3654 2891 3710 saeculo
2922 3655 3125 3728 aliquid
3152 3676 3167 3714 :

2333 3736 2502 3805 Usque
2526 3742 2717 3793 adeone
2740 3746 2862 3796 mori
2887 3748 3125 3799 miserum
3152 3751 3266 3801 est?

2862 3806 3029 3876 (Virg.
3056 3813 3168 3862 diu.
3195 3811 3315 3876 XII,
3337 3815 3481 3882 646.)

2085 3879 2340 3941 Moriatur
2364 3901 2578 3960 quoquo
2605 3891 2787 3957 modo,
2838 3903 2932 3950 aut
2962 3895 3154 3966 victus,
3186 3910 3279 3955 aut
3303 3879 3502 3958 victor.
3554 3903 3685 3962 Nam

2083 3978 2184 4033 etsi
2234 3982 2479 4053 negando
2518 3985 2811 4055 ceciderit,
2839 4004 2971 4055 cum
3009 3994 3293 4052 tormentis
3336 4004 3516 4055 tamen
3549 4015 3681 4072 pra:-

2085 4073 2264 4131 liatus.
2309 4075 2447 4132 Malo
2473 4078 3523 4167 migrarmﬁum‘quamerubescendum.
3557 4091 3682 4147 Pul-

2083 4164 2269 4222 chrior
2299 4176 2382 4224 est
2403 4171 2558 4227 miles
2588 4172 2640 4228 in
2673 4175 2857 4245 pmlio
2878 4164 3129 4245 amissus,
3332 4166 3545 4254 inﬁga
3575 4183 3679 4238 sal-

2082 4271 2202 4313 vus.
2226 4258 2408 4317 Times
2438 4264 2739 4334 hominem,
2769 4266 3082 4336 christiana,
3115 4285 3275 4342 quem
3303 4274 3484 4330 timeri
3523 4289 3682 4347 opor-

2085 4357 2162 4406 tet
2208 4352 2277 4408 ab
2320 4355 2563 4427 angelis,
2605 4357 2869 4430 siquidem
2919 4363 3143 4434 angelos
3195 4363 3528 4437 iudicaturus
3580 4383 3678 4436 es;

2294 4145 2525 4156 Ἥ

2084 4458 2241 4514 quem
2275 4447 2451 4504 timeri
2482 4461 2692 4521 oportet
2722 4468 2753 4508 a
2774 4453 3086 4524 daemoniis,
3113 4457 3382 4529 siquidem
3412 4470 3467 4517 et
3494 4460 3548 4518 in
3574 4462 3678 4518 dre-

2081 4551 2270 4593 monas
2294 4540 2545 4610 accepisti
2570 4553 2919 4616 potestatem;
2946 4564 3105 4620 quem
3146 4551 3326 4609 timeri
3352 4565 3569 4625 oportet
3610 4555 3677 4612 ab

2081 4627 2333 4686 universo
2360 4632 2559 4690 mundo
2577 4676 2593 4702 ,
2626 4638 2889 4708 siquidem
2913 4651 2966 4696 et
2987 4641 3040 4696 in
3069 4650 3120 4698 te
3136 4643 3367 4699 mundus
3379 4643 3672 4715 judicatur.

2078 4717 2348 4779 Christum
2399 4724 2616 4784 indutus
2643 4744 2724 4798 es,
2764 4731 3028 4802 siquidem
3069 4734 3124 4789 in
3167 4733 3437 4792 Christum
3482 4738 3673 4794 tinctus

2077 4826 2157 4868 es.
2186 4814 2286 4883 Qui
2315 4816 2453 4890 fugis
2479 4818 2774 4890 diabolum,
2819 4824 3141 4896 depreciasti
3172 4828 3466 4897 Christum,
3495 4831 3584 4902 qui
3620 4830 3672 4887 in

2079 4911 2130 4960 te
2182 4917 2286 4963 est.
2335 4908 2634 4982 Fugitivum
2687 4929 2809 4970 cum
2852 4915 3067 4973 diabolo
3110 4927 3163 4975 te
3204 4919 3510 4976 reddidisti.
3563 4920 3667 4979 Sed

2083 4994 2367 5056 Dominum
2418 5001 2651 5074 fugiens,
2702 5007 3000 5077 exprobras
3047 5009 3298 5067 omnibus
3322 5010 3562 5084 fugitivis
3587 5008 3671 5069 sui

367 5078 469 5121 nos
495 5064 607 5119 vult
631 5073 1013 5122 commeatum.
1047 5065 1335 5133 Caeterum.
1367 5068 1458 5140 qui
1485 5069 1963 5180 lucer'chnnas'jubet
2068 5092 2360 5148 vanitatem
2382 5064 2614 5153 consilii.
2637 5064 2892 5171 'Fugerat
2913 5110 2969 5158 et
2993 5102 3209 5175 quidam
3241 5064 3515 5164 animosus
3547 5119 3673 5180 pro-

1619 5160 1997 5228 LECTIONES
2034 5174 2447 5241 VARIAN'I‘ES.

362 5299 381 5315 κ
434 5249 505 5315 (l)
535 5249 789 5315 Evangelii
813 5248 1133 5301 revolverunt
1148 5250 1241 5303 Ed.
1264 5253 1309 5303 1.
1337 5252 1491 5305 Ithcn.
1516 5254 1655 5319 prob.
1680 5258 1803 5310 Jun.

1715 5342 2162 5413 COMMENTARI
2173 5358 2276 5421 US.

433 5428 910 5504 CAP.VIll.——(a)
943 5428 1149 5504 Refugit
1176 5431 1354 5504 etipse
1373 5432 1472 5487 vim
1496 5434 1767 5493 interdum.
1804 5438 1974 5499 Variis

361 5501 658 5580 rationibus
670 5511 723 5556 et
742 5501 1197 5580 esentplis,_etia_m
1212 5501 1412 5560 Christi
1428 5505 1634 5562 Domini
1651 5509 1792 5579 fuga,
1806 5526 1967 5580 quam

363 5572 881 5648 elegailteqexpliea‘t
897 5572 1251 5648 ,_fugiendum.
1271 5590 1378 5631 non
1395 5591 1515 5632 esse
1540 5572 1750 5648 probat.
1771 5572 1846 5636 Le
1863 5581 1963 5638 Pu.

427 5641 584 5697 CAP.
615 5640 782 5698 IX.-3--
797 5640 1111 5717 (b)7Lu£rari
1145 5663 1236 5702 nos
1267 5648 1372 5703 vult
1399 5640 1767 5705 commeatum?
1800 5652 1964 5710 Com-

362 5724 600 5771 meatum
630 5717 814 5775 saeculi
838 5716 991 5788 dicit,
1014 5732 1217 5776 moram
1249 5721 1301 5775 in
1331 5720 1531 5777 smculo
1563 5731 1821 5779 nostram.
1851 5722 1959 5783 Lu-

2082 5455 2219 5543 crari
2241 5465 2418 5540 autem
2447 5473 2544 5543 nos
2571 5462 2682 5516 vult
2708 5474 3089 5543 commeatum,
3114 5468 3216 5524 hoc
3238 5477 3321 5525 est
3339 5513 3354 5537 ,
3388 5485 3486 5543 pro
3517 5472 3659 5528 lucro

2074 5523 2230 5612 nobis
2276 5528 2415 5612 pani.
2443 5530 2607 5597 diem,
2634 5549 3022 5612 quemcumque
3062 5523 3657 5612 innocent—e't'rs‘iv'eIut

2070 5595 2166 5661 ait,
2192 5595 2418 5668 sapienti
2452 5595 2893 5676 conversatione,
2928 5595 3292 5681 transigimus.
3325 5595 3483 5671 vitta..—

2142 5685 2215 5760 (ο)
2239 5701 2368 5765 Ανὴε
2386 5693 2411 5744 δ
2440 5699 2612 5766 φεύὶων
2642 5700 2723 5753 καὶ
2751 5706 2894 5756 πᾶλιν
2920 5716 3230 5772 μαχήσεαι-ειη
