3902 6312
64 5900 77 5935 ι.

277 395 370 456 115
1343 386 1431 442 DE
1472 383 1653 442 FUG.‘\
1694 382 1759 439 IN
1800 379 2341 441 PERSECUTIONE.

3414 386 3520 443 1M

276 512 438 586 phetes
458 508 752 573 Dominum,
783 505 1054 575 trajecerat
1081 502 1147 559 ab
1170 500 1341 573 Joppe
1369 502 1617 566 Tarsum,
1660 500 1813 570 quasi
1842 499 1890 558 A
1920 498 2207 571 dispersum
2253 515 2455 572 gregem
2483 496 2699 571 'faciant
2744 500 2799 555 ia
2848 499 3081 572 praedam
3135 514 3243 557 esse
3289 500 3523 557 omnibus

275 621 299 665 a
325 606 419 662 Deo
444 601 835 663 transfretaret;
872 597 962 654 sed
983 597 1130 653 illum
1169 611 1275 652 non
1304 595 1424 651 dico
1448 595 1502 650 in
1530 594 1663 650 mari
1687 593 1813 649 etin

274 709 411 763 terra,
459 710 635 750 verum
680 694 732 749 in
756 700 904 748 utero
937 690 1097 747 etiam
1129 688 1315 746 bestize
1344 688 1576 753 invenio,
1630 688 1682 741 in
1709 700 1815 754 quo

273 805 354 848 nec
374 786 499 843 mori
527 801 618 857 per
638 783 867 840 triduum
890 782 1078 853 potuit,
1106 794 1207 836 nec
1221 778 1308 835 vel
1326 778 1405 834 sic
1424 778 1593 834 Deum
1624 776 1818 833 evade-

272 895 339 939 re.
360 879 552 948 Quanto
576 874 763 931 melius
794 872 885 928 Dei
913 872 1138 929 servus?
1175 871 1263 941 qui
1287 870 1402 925 sive
1443 869 1691 925 inimicus
1722 867 1816 923 Dei

270 971 499 1036 imminet,
526 982 628 1022 nou
652 965 785 1036 fugit
811 979 965 1030 eum;
995 962 1089 1018 sed
1132 961 1310 1032 potius
1331 961 1653 1026 contemnit,
1677 974 1814 1015 con-

270 1063 413 1120 ﬁdens
438 1061 633 1117 scilicet
656 1057 724 1114 de
754 1057 914 1112 tutela
945 1055 1195 1121 Domini;
1226 1055 1339 1111 sive
1363 1054 1529 1110 Deum
1557 1052 1811 1109 reformi-

268 1155 359 1221 dat,
382 1161 566 1227 quanto
590 1150 759 1221 magis
780 1149 880 1205 sub
904 1148 1075 1203 oculis
1095 1148 1212 1216 ejus
1237 1146 1426 1212 astitit,
1457 1146 1643 1203 dicens
1668 1166 1682 1202 :
1711 1146 1817 1201 Do—

267 1248 415 1304 minus
449 1252 546 1311 est,
600 1252 793 1313 potens
833 1250 916 1297 est
946 1261 959 1297 :
989 1241 1168 1296 omnia
1217 1239 1361 1295 illius
1404 1247 1531 1295 sunt
1559 1257 1572 1293 :
1598 1239 1684 1295 ubi
1728 1239 1817 1294 ubi

265 1339 413 1404 fuero,
436 1339 485 1393 in
505 1352 663 1393 manu
690 1335 807 1405 ejus
849 1348 1000 1400 sum;
1035 1333 1193 1388 faciat
1223 1332 1367 1403 quod
1396 1333 1528 1398 vult,
1552 1348 1661 1389 non
1709 1332 1821 1387 dis-

261 1431 401 1496 cedo;
426 1440 477 1485 et
500 1429 541 1484 si
572 1428 746 1499 perire
774 1442 861 1483 me
885 1427 1048 1492 volet,
1079 1427 1196 1497 ipse
1221 1441 1307 1482 me
1338 1425 1548 1498 perdat,
1577 1424 1704 1481 dum
1733 1440 1820 1481 me

261 1540 344 1598 ego
361 1538 504 1580 servo
523 1522 616 1578 illi.
643 1522 784 1577 Malo
804 1520 1058 1578 invidiam
1089 1521 1140 1576 ei
1167 1519 1345 1578 facere
1375 1536 1468 1591 per
1489 1521 1818 1577 voluntatem

259 1616 403 1687 ipsius
428 1612 713 1686 pereundo,
758 1629 918 1686 quam
944 1612 1129 1676 bilem,
1175 1628 1275 1685 per
1304 1627 1480 1670 meam
1519 1612 1816 1670 cvadeudo.

581 1699 607 1728 ⁸
844 1703 1073 1762 CAPUT
1103 1701 1195 1759 X1.

316 1798 415 1855 lloc
458 1797 654 1854 sentire
690 1804 747 1855 et
787 1796 965 1853 facere
1013 1811 1230 1853 omnem
1278 1809 1495 1853 servum
1523 1796 1619 1853 Dei
1657 1812 1819 1869 opor-

250 1904 345 1963 tet,
390 1894 541 1951 etiam
585 1893 810 1949 minoris
845 1891 986 1960 loci,
1037 1899 1093 1947 ut
1134 1890 1211 1966 (a)
1248 1891 1468 1961 majoris
1513 1890 1628 1948 ﬁeri
1678 1908 1776 1963 pos

1921 589 2090 645 bestiis
2119 591 2251 662 agri,
2275 590 2398 645 dum
2435 606 2540 645 non
2582 602 2655 646 est
2700 600 2877 661 pastor
2897 591 3024 648 illis.
3052 591 3206 660 Quod
3248 606 3523 663 nunquam

1923 683 2092 753 magis
2159 683 2246 748 ﬁt,
2299 698 2460 753 quam
2499 698 2622 739 eum
2671 684 2727 739 in
2778 684 3154 756 persecutione
3215 685 3527 742 destituitur

1922 773 2167 831 Ecclesia
2197 789 2226 830 a
2254 773 2435 831 Clero.
2472 776 2528 831 Si
2575 785 2630 830 et
2671 776 2930 848 Spiritum
2961 777 3082 849 quis
3106 776 3530 849 agnoverit,iau~

1921 866 2033 922 diet
2087 876 2142 922 et
2205 866 2464 938 fugitivos
2525 867 2894 924 denotautem.
2944 869 3146 938 Porro,
3192 871 3238 926 si
3292 885 3388 927 eos
3435 872 3527 942 qui

1920 961 2067 1032 gregi
2097 972 2354 1032 prtesunt,
2385 960 2592 1032 fugere,
2622 976 2744 1017 cum
2788 962 2897 1033 lupi
2946 964 3177 1030 irruunt,
3205 979 3305 1020 nec
3347 965 3527 1030 decet,

1922 1059 2032 1112 imo
2063 1057 2162 1112 nec
2186 1055 2311 1112 licet
2340 1055 2471 1128 (qui
2492 1055 2635 1113 enim
2668 1055 2829 1113 talem
2857 1065 3136 1133 pastorem.
3162 1058 3365 1114 malum
3405 1072 3531 1129 pro-

1925 1151 2206 1217 nuntiavit,
2225 1150 2411 1222 utique
2435 1148 2731 1216 damnavit,
2753 1165 2916 1208 omne
2940 1160 3121 1208 autem
3141 1150 3285 1223 quod
3305 1151 3530 1207 damna.

1925 1254 2029 1306 tur,
2062 1244 2307 1299 illicitum
2337 1243 2533 1299 factum
2565 1253 2649 1300 est
2678 1243 2797 1300 sine
2822 1241 3037 1316 dubio),
3066 1243 3189 1301 ideo
3214 1244 3532 1315 praepositos

1923 1336 2183 1394 Ecclesiae
2205 1338 2258 1392 in
2298 1337 2677 1408 persecutione
2702 1336 2892 1409 fugere
2914 1352 3020 1393 non
3049 1337 3341 1408 oportebit.
3360 1337 3533 1394 Caete-

1923 1446 2067 1499 rum,
2099 1430 2143 1485 si
2165 1444 2298 1502 grex
2332 1430 2519 1502 fugere
2538 1430 2782 1497 deberet,
2814 1445 2920 1487 non
2949 1429 3170 1487 deberet
3213 1431 3534 1501 praepositus

1923 1526 2103 1597 gregis
2135 1534 2301 1592 stare,
2328 1525 2445 1580 sine
2471 1540 2659 1581 caussa
2688 1532 2924 1581 staturus
2951 1524 3031 1598 (6)
3057 1524 3123 1582 ad
3153 1523 3373 1581 tutelam
3412 1539 3541 1595 gre-

1925 1616 2028 1689 gis,
2072 1632 2231 1688 quam
2264 1631 2397 1689 grex
2445 1631 2552 1673 non
2598 1615 2961 1685 desideraret,
3011 1633 3077 1674 ex
3131 1616 3349 1675 licentia
3399 1616 3536 1689 fugae

1925 1711 2158 1769 scilicet.

2532 1845 2763 1904 CAPUT
2808 1845 2925 1903 XII.

246 1990 328 2057 sit,
355 1990 397 2046 si
427 2003 577 2061 quem
629 1987 852 2059 gradum
880 1982 949 2042 es
978 1985 1368 2057 persecutionis
1410 1985 1688 2041 tolerantia
1730 2001 1817 2042 as-
1846 1969 1894 2029 Β
1992 1982 2145 2053 Quod
2180 1982 2468 2055 pertineat,
2514 1982 2702 2049 frater,
2731 1982 2799 2039 ad
2838 1991 2990 2039 tuum
3019 1982 3295 2054 problems
3316 2024 3332 2050 ,
3363 1980 3531 2037 habes

243 2084 481 2141 conderit.
513 2082 585 2157 (ὁ)
616 2081 723 2139 Sed
763 2096 887 2137 cum
926 2081 1026 2151 ipsi
1067 2089 1336 2148 auctores,
1364 2080 1417 2136 id
1461 2089 1577 2147 est,
1608 2079 1680 2153 (ε)
1721 2080 1820 2151 ipsi

172 2170 478 2243 "diaconi,
535 2174 841 2247 presbyteri
886 2181 941 2227 et
978 2172 1214 2244 episcopi
1257 2172 1503 2245 fugiunt,
1551 2173 1822 2245 quomodo

236 2267 395 2324 laicus
465 2267 761 2337 intelligere
856 2265 1095 2337 poterit,
1161 2279 1266 2336 qua
1333 2265 1548 2321 ratione
1619 2264 1821 2321 dictum

233 2358 435 2431 (Matth.
476 2358 545 2425 Χ,
580 2357 702 2431 23),
757 2356 947 2430 Fugite
987 2357 1052 2412 de
1075 2357 1279 2411 civitate
1311 2357 1366 2411 in
1398 2358 1693 2413 ciuitatem?
1722 2358 1825 2413 Ita-

227 2466 333 2524 que
369 2451 442 2525 (d)
485 2467 605 2508 cum
636 2451 807 2507 duces
826 2449 1060 2521 fugiunt,
1088 2449 1210 2520 quis
1234 2449 1303 2505 de
1333 2450 1580 2521 gregario
1600 2464 1826 2506 numero

226 2544 502 2601 sustinebit
527 2544 591 2600 ad
621 2541 848 2616 gradum
876 2543 928 2597 in
955 2541 1071 2597 acie
1100 2541 1369 2613 ﬁgendum
1396 2541 1687 2598 suadentes
1708 2540 1826 2615 (l)?

228 2635 386 2693 Certe
402 2637 608 2706 quidem
637 2636 815 2691 bonus
843 2643 1026 2705 pastor
1041 2636 1279 2690 animam
1304 2649 1407 2709 pro
1423 2634 1709 2706 pecoribus
1734 2650 1830 2705 po-

235 2730 354 2797 nit;
382 2738 436 2787 ut
460 2729 694 2803 Moyses,
726 2744 834 2785 non
865 2728 1093 2784 Domino
1121 2728 1297 2784 adhuc
1319 2726 1537 2783 Christo
1564 2727 1825 2792 revelato,

226 2825 389 2881 etiam
426 2826 477 2881 in
499 2840 557 2880 se
581 2823 835 2892 ﬁgurato,
868 2824 940 2878 ait
963 2821 1160 2895 (Exod.
1188 2820 1412 2889 XXXII,
1438 2819 1533 2895 '52)
1564 2810 1581 2876 τ’
1608 2821 1671 2877 Si
1715 2836 1831 2892 per-

227 2918 312 2973 dis
355 2919 481 2974 hunc
506 2918 776 2989 populum,
809 2915 1001 2986 inquit,
1027 2924 1074 2970 et
1110 2930 1192 2969 me
1245 2917 1437 2984 pariter
1461 2931 1579 2970 cum
1623 2931 1681 2971 eo
1727 2915 1834 2969 dis-

227 3011 404 3082 perde.
450 3008 736 3075 Crterum,
764 3007 983 3064 Christo
1027 3007 1385 3064 conﬁrmante
1444 3007 1641 3079 ﬁguras
1684 3022 1831 3072 suas,

221 3101 393 3157 malas
429 3111 598 3172 pastor
625 3111 725 3169 est,
775 3100 866 3171 qui
908 3100 1016 3155 viso
1057 3100 1180 3171 lupo
1208 3101 1360 3173 fugit,
1383 3110 1431 3155 et
1479 3116 1663 3171 pecora
1701 3101 1835 3155 diri-

221 3193 414 3266 pienda
435 3194 733 3265 derelinquit
757 3192 937 3269 (Joan.
966 3192 1039 3261 X,
1071 3193 1163 3265 {2)
1198 3211 1211 3249 ε
1246 3194 1560 3265 projicietur
1595 3193 1664 3250 de
1711 3195 1835 3250 villa

222 3294 410 3358 pastor
445 3286 786 3358 huiusmodi:
821 3284 891 3358 (e)
923 3284 1307 3341 detincbuutur
1332 3286 1408 3341 illi
1455 3286 1725 3344 missionis
1755 3286 1832 3360 (9.)

1923 2080 2205 2135 sententia:
2250 2087 2451 2134 nostra:
2512 2078 2921 2149 responsionem
2974 2086 3029 2133 et
3071 2076 3526 2133 exhortationem.

1924 2173 2117 2242 Porro,
2138 2173 2228 2244 qui
2254 2173 2449 2244 quaerit
2465 2215 2481 2240 ,
2501 2186 2568 2226 an
2588 2173 2892 2243 persecutio
2916 2171 3162 2243 fugienda
3185 2173 3274 2240 sit,
3303 2185 3537 2241 sequen-

1925 2274 2033 2322 tem
2060 2280 2276 2336 quoque
2306 2265 2659 2336 quaastioncm
2679 2265 2793 2336 jam
2824 2265 3116 2335 prospiciat
3142 2278 3367 2321 necesse
3403 2274 3483 2320 est
3504 2305 3521 2331 ,

1926 2374 2018 2426 an,
2060 2360 2107 2414 si
2148 2358 2394 2430 fugienda
2437 2373 2544 2415 non
2575 2367 2680 2423 est,
2713 2358 3022 2415 redimenda
3070 2368 3217 2415 certe
3245 2358 3333 2413 sit.
3365 2357 3525 2415 Ultro

1927 2454 2088 2526 igitur
2117 2463 2174 2511 et
2200 2454 2268 2510 de
2304 2454 2406 2510 hoc
2440 2454 2535 2510 tibi
2563 2467 2867 2524 suggeram,
2895 2451 3162 2508 definiens
3191 2453 3524 2521 persecutio-

1931 2561 2074 2608 nem,
2100 2559 2257 2617 quam
2281 2554 2491 2601 constat
2532 2559 2637 2601 non
2659 2560 2783 2600 esse
2814 2544 3140 2617 fugiendam,
3180 2544 3407 2617 proinde
3433 2560 3535 2602 nec

1930 2639 2319 2695 redimendam.
2360 2638 2594 2694 Pretium
2640 2637 2882 2694 interest.
2934 2637 3224 2705 Caeterum,
3256 2637 3538 2709 sieutfuga

1931 2732 2232 2802 redemptio
2260 2732 2490 2802 gratuita
2506 2741 2622 2798 est,
2651 2732 2723 2789 ita
2753 2732 3056 2803 redemptio
3084 2734 3382 2788 nummaria
3410 2732 3532 2803 fuga

1931 2833 2035 2880 est.
2056 2823 2217 2880 Certe
2235 2832 2291 2880 et
2311 2823 2468 2893 hujus
2498 2822 2795 2878 timiditatis
2828 2822 2907 2895 (7)
2937 2823 3218 2879 consilium
3246 2833 3347 2879 est.
3381 2823 3537 2893 Quod

1934 2917 2112 2981 times,
2151 2916 2411 2981 redimis;
2436 2931 2563 2986 ergo
2603 2916 2760 2987 fugis.
2789 2915 2870 2989 (f)
2918 2916 3152 2973 Pedibus
3181 2919 3398 2983 stetisti,
3446 2933 3543 2973 cu-

1935 3009 2151 3065 curristi
2207 3009 2463 3064 nummis.
2518 3007 2855 3078 Hoc'ipsum
2909 3008 3051 3078 quod
3099 3009 3296 3065 stetisti
3344 3025 3409 3064 ex
3452 3026 3543 3065 re-

1936 3101 2267 3174 demptione,
2297 3100 2497 3173 fugisti.
2533 3099 2601 3156 Ut
2630 3109 2808 3157 autem
2826 3100 3059 3157 redimas
3082 3101 3359 3159 hominem
3390 3112 3540 3159 tuum

1938 3195 2379 3266 nummis,'quem
2406 3194 2665 3264 sanguine
2691 3209 2790 3250 suo
2813 3193 3043 3250 redemit
3070 3193 3338 3263 Christus,
3375 3210 3539 3265 quam

1941 3287 2216 3358 indignum
2251 3286 2361 3343 Deo
2386 3294 2440 3341 et
2466 3286 2823 3356 dispositione
2849 3286 2988 3357 eius,
3016 3286 3107 3358 qui
3131 3287 3270 3342 Filio
3314 3303 3407 3342 suo
3437 3304 3540 3343 non

223 3393 343 3435 sum
369 3378 638 3436 mercedes
667 3377 748 3451 (3)
780 3378 835 3433 in
864 3379 1357 3449 compensationem
1388 3378 1499 3451 (4);
1533 3381 1642 3434 imo
1668 3390 1721 3437 et
1755 3380 1825 3435 de
1851 3367 1897 3430 C
1931 3382 2153 3451 pepercit
2204 3396 2297 3449 pro
2333 3388 2400 3447 te,
2432 3388 2493 3434 ut
2515 3377 2667 3434 ﬁeret
2693 3378 3035 3436 maledictum
3062 3395 3160 3452 pro
3184 3380 3338 3436 nobis
3356 3396 3377 3445 ;
3417 3381 3545 3452 quia

222 3473 409 3545 priore
444 3473 652 3546 peculio
697 3471 817 3542 ejus
852 3472 1096 3543 exigetur
1121 3471 1428 3528 detrimenti
1458 3473 1712 3529 dominici
1741 3490 1830 3531 re-

230 3568 452 3624 stitutio.
480 3569 695 3625 Etenim
724 3566 811 3639 qui
837 3565 1005 3631 habet,
1031 3567 1237 3622 dabitur
1256 3568 1338 3633 ei;
1365 3568 1428 3622 ab
1473 3585 1530 3623 eo
1555 3577 1723 3623 autem
1745 3569 1833 3639 qui

234 3676 338 3715 non
399 3661 573 3728 habet,
636 3662 793 3716 etiam
849 3660 986 3731 quod
1053 3661 1254 3716 videtur
1323 3661 1508 3717 habere
1575 3666 1835 3734 auferetur

238 3750 447 3825 (natm.
477 3751 760 3824 11111.12).
789 3751 880 3808 Sic
904 3751 1193 3809 Zacharias
1226 3752 1384 3827 (xm,
1423 3752 1479 3826 7)
1534 3754 1835 3809 commina-

236 3853 326 3902 tur
351 3865 365 3901 :
399 3845 626 3918 Exsurge
648 3846 914 3916 romphwa
939 3846 993 3900 in
1012 3856 1261 3918 pastores,
1291 3856 1337 3902 et
1364 3847 1562 3903 evellite
1585 3863 1719 3912 oves,
1746 3864 1837 3903 suo

239 3937 504 4009 perducam
546 3953 757 3992 manuni
799 3953 962 3991 meam
1009 3938 1065 3991 in
1090 3947 1337 4017 pastores.
1370 3937 1428 3992 ιη
1458 3953 1594 4009 quos
1615 3947 1668 3995 et
1696 3939 1834 3996 Eze-
1878 4001 1880 4004 ,

243 4029 380 4086 ehiel
410 4028 624 4102 (Ezech.
654 4028 898 4096 XXXIV,
922 4028 979 4103 ἓ)
1016 4038 1071 4085 ct
1093 4029 1391 4087 Hieremias
1434 4030 1622 4087 iisdem
1676 4031 1837 4087 minis

248 4131 505 4195 perorant,
539 4122 683 4194 quod
711 4137 816 4177 non
841 4130 1040 4176 tantum
1065 4122 1128 4177 de
1164 4121 1428 4192 pecoribus
1453 4121 1679 4193 improbe
1723 4138 1836 4178 ves-

254 4221 441 4285 matur,
482 4223 744 4287 pascentes
788 4214 958 4286 potius
1010 4214 1326 4286 semetipsos,
1367 4231 1544 4270 uerum
1588 4215 1725 4287 quod
1755 4214 1833 4288 (5)

1933 3473 2233 3529 maledictus
2257 3473 2345 3543 qui
2392 3472 2691 3543 pependerit
2718 3472 2773 3526 in
2803 3473 2978 3545 ligno;
3015 3472 3105 3545 qui
3145 3483 3391 3545 tanquam
3437 3475 3546 3530 ouis

1933 3566 2003 3622 ad
2029 3566 2286 3620 uictimam
2312 3565 2495 3619 ductus
2517 3573 2613 3632 est,
2638 3572 2685 3619 et
2708 3573 2955 3636 tanquam
2983 3581 3150 3637 agnus
3186 3574 3305 3620 ante
3332 3565 3545 3621 tonden-

1939 3669 2061 3726 tem,
2086 3660 2157 3714 sic
2180 3676 2283 3714 non
2310 3659 2511 3729 aperuit
2533 3676 2590 3714 os
2609 3676 2626 3723 ;
2647 3658 2738 3715 sed
2755 3658 2923 3731 posuit
2947 3659 3158 3714 dorsum
3182 3675 3334 3715 suum
3364 3659 3417 3714 in
3444 3660 3550 3730 ﬂa-

1938 3753 2094 3825 gella,
2134 3750 2374 3807 maxillas
2411 3760 2581 3823 autem
2608 3751 2663 3806 in
2693 3752 2912 3822 palmas,
2935 3759 2984 3805 et
3010 3749 3198 3821 faciem
3237 3767 3339 3805 non
3365 3751 3549 3805 avertit

1940 3861 1973 3901 α
1993 3844 2386 3917 sputaminibus,
2409 3853 2456 3898 et
2478 3844 2609 3898 inter
2635 3843 2838 3914 iniquos
2854 3842 3131 3911 deputatus
3157 3850 3231 3897 est
3250 3841 3354 3916 (Is.
3379 3840 3546 3910 Llll),

1940 3948 1987 3995 et
2017 3939 2234 3993 traditus
2262 3946 2335 3993 est
2360 3938 2413 3992 in
2435 3946 2669 4003 mortem,
2702 3945 2914 3992 mortem
2953 3945 3122 3991 autem
3146 3937 3308 3992 crucis
3332 3953 3353 3992 :
3376 3945 3549 3993 totum

1941 4030 2064 4096 hoc,
2094 4039 2152 4083 ut
2179 4043 2277 4084 nos
2302 4043 2332 4083 a
2354 4028 2585 4100 peccatis
2610 4027 2943 4083 lucraretur!
2981 4025 3057 4100 (g)
3076 4025 3170 4083 Sol
3199 4028 3367 4083 cessit
3399 4026 3546 4084 diem

1941 4122 2229 4194 emptionis
2255 4133 2477 4178 nostrte.
2510 4120 2664 4191 Apud
2716 4119 2916 4177 inferos
2954 4119 3315 4192 emancipatio
3361 4129 3549 4179 nostra

1942 4224 2045 4283 est,
2090 4224 2146 4271 et
2181 4214 2457 4285 stipulatio
2502 4221 2689 4271 nostra
2741 4213 2796 4269 in
2852 4211 3027 4271 coriis.
3089 4211 3381 4270 Sublevatte
3434 4221 3554 4270 sunt

1490 4326 1878 4386 LECTlONES
1915 4327 2334 4385 VARIANTES.

407 4483 667 4537 Hessianis
710 4483 863 4535 Latin.

404 4546 498 4598 Vel
514 4545 663 4600 tum.
692 4548 795 4599 Lat.

338 4418 381 4485 ᾖ)
391 4421 612 4485 Suadere
628 4418 781 4475 Rhea.
803 4419 1016 4485 Semlet'.
1040 4421 1285 4485 ﬁgendam
1306 4421 1521 4474 suadere
1543 4423 1689 4473 Pam.

338 4422 356 4472 l
391 4421 612 4474 Suadere
628 4418 781 4475 Rhea.
803 4419 1016 4494 Sentiet.
1040 4421 1161 4485 ﬁgen

407 4483 667 4537 Hessianis
710 4485 863 4535 Latm.

404 4546 498 4598 Vel
514 4545 663 4600 irtser.
692 4548 795 4599 Lat.

334 4609 365 4661 4
404 4607 516 4660 Suae
533 4611 586 4662 in
605 4610 1000 4673 compensatione
1016 4611 1161 4660 Pam.

2031 4485 2063 4534 ϐ

2035 4549 2063 4597 7

2109 4484 2315 4535 Debere
2337 4485 2624 4547 praepositos
2640 4496 2693 4546 ε.
2717 4496 2760 4533 ε.
2783 4496 2827 4535 s.
2849 4496 2894 4534 c.
2914 4489 3127 4536 staturos
3150 4483 3303 4536 Rhea.

2121 4546 2373 4598 Timiditas
2395 4546 2506 4597 cad.
2543 4547 2732 4599 Wouw.

2028 4424 2058 4474 5
2103 4422 2165 4473 Et
2192 4421 2344 4473 Seml.
2379 4419 2531 4473 Rhea.

2006 4421 2087 4612 ἓΒέ
2109 4484 2315 4560 Debere
2337 4496 2529 4547 praepes

2035 4549 2063 4597 7
2121 4547 2373 4598 Ttmtdttas
2395 4546 2506 4597 cod.

1867 4539 1924 4600 D

1604 4693 2163 4778 COMMENTARIUS.

318 4808 601 4883 CAP._XI.
629 4839 702 4852 ——-
728 4808 805 4883 (a)
834 4808 902 4866 Ut
919 4810 1129 4883 majoris
1150 4808 1246 4864 loci
1266 4808 1378 4883 ﬁeri
1399 4811 1572 4883 possit.
1607 4809 1698 4866 Sic
1718 4810 1856 4883 libro

242 4883 319 4944 de
338 4881 638 4954 Baptismo,
668 4880 887 4954 majores
911 4880 1040 4954 dicit
1065 4895 1181 4946 eos,
1212 4882 1301 4952 qui
1329 4880 1381 4936 iu
1411 4881 1654 4937 ordinem
1679 4882 1856 4938 eccle-

549 4951 914 5008 sunt-adlecti.
950 4951 1071 5008 Rue.
1233 4951 1238 4952 “
1640 5006 1645 5009 η

320 5022 406 5101 (ιι)
440 5023 549 5101 S_ed
571 5039 683 5079 cunt
717 5024 831 5101 ipsi-
847 5033 1100 5078 auctores.
1141 5024 1403 5079 Auctores
1426 5022 1556 5084 dicit
1589 5024 1849 5101 Ecclesiae

488 5103 574 5151 tos
619 5096 1001 5166 etmagistros,
1055 5110 1193 5164 quos
1231 5109 1414 5166 penes
1463 5104 1547 5150 est
1588 5095 1848 5152 Ecclesia:

488 5109 574 5151 tos
619 5109 1001 5166 etmagtstros,
1055 5110 1193 5164 quos
1251 5109 1414 5165 penes
1463 5109 1547 5150 εει
1588 5109 1842 5152 lscctesue

246 5109 516 5237 mm
543 5166 856 5222 auctoritas.
894 5165 960 5221 Et
987 5170 1038 5219 in
1066 5165 1271 5222 Glossis
1302 5165 1600 5234 Philoxeni,
1633 5166 1842 5234 Auctor,

252 5247 484 5316 ἀρχηὸς,
517 5242 763 5302 αὖθιντης,
795 5246 849 5293 ει
876 5237 931 5292 in
956 5237 1398 5316 ﬁgrimensorutn
1427 5237 1577 5316 libris
1590 5247 1849 5316 _auc_tores

251 5306 505 5381 uiolare
530 5318 802 5381 ponuntur
822 5320 922 5380 pro
939 5306 1251 5381 doctoribus
1275 5317 1332 5381 et
1365 5309 1655 5381 magistris.
1681 5308 1801 5365 th.

324 5379 557 5515 mpii
576 5380 802 5445 diaconi,
827 5379 1108 5451 presbyteri
1131 5388 1179 5434 et
1219 5380 1444 5449 episcopi
1465 5379 1698 5451 fugiunt.
1744 5380 1856 5436 Hoc

526 5450 818 5515 exprobrat
862 5451 955 5506 lib.
984 5452 1053 5505 de
1093 5449 1343 5505 Corona:
1385 5449 1522 5505 Novi
1551 5462 1595 5505 et
1628 5460 1856 5515 pastores

246 5449 502 5517 ddecus
526 5449 839 5523 exprobrat
862 5451 955 5523 lib.
984 5449 1053 5505 de
1093 5449 1302 5523 Corona
1330 5469 1343 5504 :
1385 5449 1522 5523 N‘oui
1543 5449 1595 5505 et
1628 5460 1858 5521 pastores

252 5522 548 5597 Ws}?!
569 5520 694 5597 pace
717 5522 987 5597 leones,_in
1008 5521 1187 5597 prtulio
1206 5537 1397 5579 cervos.
1425 5520 1545 5578 Rte.

318 5592 581 5673 (diem
614 5594 772 5650 duces
820 5592 1041 5673 fugiunt.
1074 5594 1192 5673 lloc_
1207 5604 1289 5649 est
1339 5604 1591 5673 auctores,
1619 5600 1680 5673 ut
1704 5593 1864 5673 modo

256 5662 433 5734 ὐίἱὶἱ.
454 5674 515 5740 ει
538 5675 808 5740 pastores,
821 5662 932 5740 qui
948 5666 998 5719 iu
1024 5665 1467 5740 pa_ce_leones,_in
1511 5662 1704 5740 praelia
1720 5666 1867 5720 cervi

258 5752 393 5817 αρε
657 5748 717 5817 ut
742 5733 1044 5817 exprobrat
1061 5737 1131 5793 de
1157 5735 1282 5817 Cor.
1315 5735 1429 5817 mil.
1457 5733 1518 5791 c.’
1554 5733 1610 5817 Ι.Δ
1626 5734 1870 5817 Ad‘quos

2032 4812 2107 4884 (e)
2138 4812 2503 4868 Detinebuntur
2528 4812 2606 4867 illi
2642 4811 2899 4884 missionis
2923 4828 3032 4868 suae
3057 4815 3312 4871 mercedes
3334 4816 3390 4872 in
3416 4833 3561 4873 com-

1958 4883 2321 4960 pensationem.
2361 4884 2577 4960 Pecoris
2595 4883 2804 4960 scilicet
2824 4899 2854 4938 a
2884 4884 3009 4960 lupo
3034 4885 3228 4960 direpti
3266 4901 3365 4960 per
3394 4891 3569 4960 negli-

1955 4954 2187 5031 gentiam
2202 4963 2292 5011 aut
2304 4954 2580 5031 perﬁdiam
2597 4958 2846 5026 pastoris,
2861 4954 3015 5031 cujus
3029 4954 3567 5031 ﬁgdci’vigi‘lantiteque

1954 5024 2315 5084 Commissum
2330 5024 2504 5082 fuerat
2526 5024 2675 5097 pacta
2704 5024 3103 5087 commissionis
3132 5024 3403 5085 mercede.
3439 5024 3564 5088 R'tc.

2022 5098 2178 5155 CAP.
2212 5097 2330 5154 XII.
2355 5128 2426 5137 —
2450 5097 2518 5168 (f)
2531 5096 2767 5152 Pedibus
2793 5100 2995 5163 stetisti,
3023 5101 3288 5154 cucurristi
3322 5103 3568 5159 nummis.

1951 5169 2079 5226 Haec
2105 5181 2322 5240 propter
2338 5168 2678 5241 Libellaticos
2702 5170 2790 5241 qui
2812 5169 3339 5241 judicibuslibellum
3370 5171 3571 5229 olfere—

1955 5242 2113 5314 bant,
2143 5256 2253 5314 quo
2281 5256 2340 5297 se
2365 5240 2686 5314 christianos
2724 5240 2848 5297 esse
2888 5240 3305 5314 proﬁtebantur,
3325 5242 3572 5314 adeoque

1958 5312 2060 5368 sibi
2077 5311 2181 5369 non
2210 5313 2374 5368 licere
2392 5311 2736 5383 profanorum
2761 5312 2932 5367 sacris
2951 5312 3333 5383 contaminari;
3353 5311 3571 5383 prunam

1961 5398 2095 5439 vero
2147 5393 2426 5439 numerata
2469 5384 2698 5453 pecunia
2735 5383 3087 5438 redimebant.
3120 5382 3191 5437 lis
3237 5382 3415 5440 autem
3457 5401 3570 5441 non

1965 5454 2132 5510 multo
2160 5454 2339 5509 mitior
2360 5453 2457 5508 fuit
2482 5454 2718 5510 Ecclesia
2743 5468 2902 5523 quam
2926 5453 3112 5523 lapsis,
3128 5454 3242 5511 sive
3266 5459 3569 5513 επιτεθυκοσι

1967 5529 2193 5586 εἰδωλοῖς.
2226 5523 2304 5579 Ls
2352 5525 2446 5579 Pu.

2042 5596 2118 5667 (g)
2153 5594 2431 5667 Salicessit
2468 5595 2600 5650 diem
2643 5593 2913 5667 emptionis
2957 5603 3163 5651 nostrae.
3196 5595 3350 5667 Apud
3378 5596 3574 5667 inferos

1971 5663 2307 5745 emancipatio
2338 5675 2532 5727 nostra,
2563 5674 2611 5720 et
2638 5664 2902 5745 stipulatio
2930 5675 3103 5720 nostra
3127 5663 3364 5745 iuciglis.
3388 5663 3574 5745 salem

1972 5738 2101 5793 dicit
2125 5744 2542 5805 repraesentasse
2580 5736 2867 5802 emptionis
2912 5747 3109 5791 nostrae
3145 5736 3310 5801 dieni,
3343 5750 3451 5803 quo
3476 5736 3571 5793 die

266 5806 481 5873 “eo
504 5804 640 5869 illud
666 5804 1078 5878 Aristophanis:
1101 5813 1242 5864 Οἴκοι
1260 5819 1346 5876 μὲν
1366 5814 1562 5873 λέοντες,
1588 5812 1635 5862 ἓν
1824 5810 1831 5857 ἕ

1973 5804 2519 5880 (Ζιινίειιιεμῡοιῃίηιιε
2553 5805 2789 5880 surrexit
2831 5821 2862 5860 a
2905 5807 3152 5880 mortuis.
3193 5804 3568 5880 Itaquc__t_:essit

258 5880 729 5959 ,ηόὶὸπαιςκυοπιὶ
742 5880 949 5955 quidem
970 5882 1159 5949 leones,
1188 5880 1242 5933 in
1263 5897 1435 5955 pugna
1458 5880 1651 5952 uulpes.
1673 5879 1749 5937 ιιι
1776 5879 1871 5937 Pn.

64 5976 307 6167 la...

1976 5880 2093 5937 dies
2157 5877 2297 5935 Solis
2359 5875 2411 5930 iu
2465 5874 2607 5931 diem
2658 5875 3040 5961 redemptionis
3094 5885 3308 5943 nostr-.c.
3365 5875 3567 5930 Christi
