3902 6312
349 280 454 343 H7

1428 291 1518 349 DE
1557 291 1744 349 FUGA
1782 290 1848 347 IN
1886 290 2427 351 PERSECUTIONE.

3470 306 3571 363 ΗΒ

351 402 474 460 riam
500 410 693 481 Domini,
718 413 763 471 si
788 411 980 470 tributo
1003 409 1269 467 licentiam
1299 417 1463 466 sectae
1488 422 1871 479 eompensare—
1896 405 1952 467 Α
1975 423 2116 462 scum
2136 417 2182 463 et
2203 409 2462 466 inimicum
2491 410 2597 486 (5).
2619 410 2727 471 Sed
2747 412 3040 472 inimicitiae
3058 414 3195 473 alios
3223 414 3422 474 habent
3449 420 3574 474 litu-

349 500 660 576 mus?ltaque
676 506 761 575 qui
788 519 907 559 eam
938 502 1150 573 praemio
1177 501 1465 572 paciscitur
1483 544 1499 569 ,
1528 500 1868 570 dispositioni

348 580 523 678 tliviute
558 599 874 654 adversatur.
923 594 1049 652 Cum
1099 594 1260 667 igitur
1309 592 1441 650 nihil
1486 594 1641 649 nobis
1689 592 1870 650 Caesar

344 672 559 742 indixorit
577 689 620 746 in
642 690 778 746 hunc
803 688 1014 746 modum
1041 686 1404 757 stipendiaria:
1433 696 1615 751 sectze,
1647 685 1742 743 sed
1771 699 1869 742 nec

279 765 479 845 ,intiici
522 796 728 853 unquam
761 783 865 837 tale
906 779 1028 851 quid
1075 779 1263 849 possit,
1290 777 1367 852 (a)
1401 777 1733 835 Antichristo
1756 777 1868 847 jam

330 870 550 940 instante,
587 886 633 932 et
674 877 722 929 in
766 875 1095 945 sanguinem,
1151 888 1258 928 non
1289 872 1341 927 in
1389 872 1647 941 pecunias
1688 869 1869 926 hiante

327 970 725 1033 Christianorum,
770 966 1036 1037 quomodo
1066 965 1195 1021 mihi
1241 979 1540 1036 proponere
1584 971 1760 1035 potest
1790 962 1869 1035 (1)

324 1062 610 1135 Scripturam
635 1077 791 1120 esse:
826 1060 1040 1117 Reddite
1065 1043 1180 1132 quat
1226 1068 1345 1114 sunt
1384 1058 1600 1114 Ca’saris
1637 1056 1871 1115 (ἔωσανὶῖ

322 1154 452 1213 Miles
487 1170 583 1221 me,
612 1156 691 1210 vel
733 1152 962 1219 delator,
1018 1154 1099 1207 vel
1154 1151 1401 1207 inimicus
1447 1150 1705 1215 concutit,
1735 1147 1870 1203 nihil

316 1248 493 1306 Ctesari
511 1248 738 1319 exigens,
759 1248 869 1302 imo
889 1256 1073 1302 contra
1102 1244 1324 1310 faciens,
1352 1259 1472 1299 cum
1492 1242 1866 1306 christianum,

309 1342 495 1414 legibus
541 1340 779 1396 immanis
824 1354 996 1406 reum,
1048 1337 1297 1395 mercede
1323 1334 1565 1393 dimittit.
1607 1335 1757 1390 Alius
1787 1340 1872 1389 est

304 1435 551 1498 denarius,
576 1450 731 1506 quem
758 1432 956 1489 Caesari
995 1433 1187 1498 debeo,
1221 1432 1314 1503 qui
1355 1432 1420 1486 ad
1463 1446 1585 1485 eum
1613 1430 1867 1500 pertinet,

238 1580 243 1593 ,
302 1527 478 1600 dequo
500 1538 614 1583 tunc
638 1526 920 1599 agebatur,
951 1526 1298 1592 tributarius;
1328 1539 1359 1581 a
1388 1523 1683 1581 tributariis
1725 1523 1870 1579 scili-

296 1632 392 1686 cet,
420 1638 519 1677 non
545 1636 575 1677 a
603 1621 789 1677 liberis
813 1619 1046 1676 debitus.
1076 1620 1183 1676 Aut
1208 1618 1482 1691 quomodo
1506 1618 1726 1675 reddam
1749 1634 1869 1688 qua:

293 1724 409 1772 sunt
433 1713 518 1769 Dei
547 1712 690 1768 Deo?
714 1711 914 1783 Utique
945 1712 1168 1782 proinde
1188 1711 1264 1783 (lt)
1291 1712 1577 1781 imaginem
1607 1720 1661 1766 ct
1685 1727 1870 1768 mone-

1972 500 2074 556 ios.
2096 502 2212 557 Non
2231 513 2408 561 tamen
2428 505 2561 563 dixit
2582 507 2915 575 traditorem,
2933 520 3026 565 aut
3043 523 3463 582 persecutorem,
3478 524 3574 569 aut

1970 608 2377 670 caucussorem.
2406 596 2537 653 Nam
2567 598 2690 656 huic
2708 609 2910 671 quanto
2932 602 3100 673 magis
3126 603 3392 660 carbones
3418 620 3591 660 acer-7

1973 687 2109 741 Vabn
2141 703 2303 757 super
2326 699 2505 759 caput,
2538 691 2581 746 si
2610 707 2714 748 non
2751 706 2837 747 me
2867 692 3181 748 redemero?
3213 694 3463 761 Proinde,
3492 697 3575 752 itt-

1972 778 2105 849 quit.
2121 778 2207 851 qui
2223 780 2310 834 tibi
2327 784 2551 836 tunicam
2562 784 2841 849 sustulerit,
2852 784 2926 839 vel
2938 785 3087 838 etiam
3102 787 3314 855 pallium
3328 788 3567 854 concede,

1973 869 2041 925 ad
2068 885 2189 925 eum
2233 872 2485 941 pertinet,
2513 872 2604 943 qui
2630 889 2768 941 rem,
2814 889 2921 929 non
2952 875 3039 944 qui
3070 874 3227 931 ﬁdem
3268 893 3440 932 meam
3467 879 3575 932 eri-

1976 979 2102 1033 pere
2147 965 2440 1034 quaesierit.
2472 949 2772 1020 tlonredam
2829 976 2884 1021 et
2940 966 3157 1037 pallium
3204 983 3306 1023 non
3349 968 3573 1024 minanti

1976 1056 2342 1112 traditionem.
2374 1057 2429 1112 Si
2456 1058 2690 1113 minatus
2718 1059 2874 1114 luerit
2893 1100 2908 1123 ,
2936 1058 3098 1115 etiam
3123 1058 3358 1117 tunicam
3384 1077 3574 1133 repos-

1973 1163 2114 1210 cam.
2153 1148 2404 1204 Omnium
2439 1150 2547 1220 jatu
2580 1166 2723 1207 nunc.
2751 1151 3142 1208 dominicarum
3172 1155 3568 1222 pronuntiatio-

1976 1257 2101 1296 ntuu
2128 1240 2209 1315 (ti)
2232 1244 2311 1296 sui
2336 1240 2415 1314 (7)
2443 1252 2569 1297 sunt
2590 1253 2640 1298 ct
2662 1257 2867 1299 eaussu:
2890 1253 2941 1299 et
2971 1244 3172 1315 regulae
3203 1246 3438 1311 termini,
3462 1260 3571 1301 non

1975 1334 2028 1390 in
2058 1334 2346 1400 inﬁnitum,
2374 1350 2471 1388 nec
2500 1334 2566 1390 ad
2607 1336 2784 1390 omnia
2818 1344 3083 1405 spectant.
3113 1338 3289 1408 Atque
3320 1339 3454 1393 adeo
3480 1340 3573 1409 qui

1976 1430 2120 1485 omni
2152 1428 2350 1498 petenti
2372 1428 2488 1483 dari
2507 1428 2657 1500 jubet
2684 1471 2698 1494 ,
2742 1430 2852 1499 ipse
2885 1430 3097 1501 signum
3126 1433 3434 1503 petentibus
3462 1447 3568 1488 non

1974 1523 2086 1579 dat.
2117 1523 2365 1594 Alioquin
2391 1526 2435 1578 si
2477 1523 2729 1581 omnibus
2769 1526 2964 1596 passim
3001 1528 3305 1596 petentibus
3333 1527 3569 1583 dandum

1974 1604 2154 1690 putas,
2199 1626 2253 1671 tu
2300 1615 2431 1671 mihi
2458 1616 2677 1681 videris,
2714 1634 2818 1671 non
2853 1617 2974 1672 dico
3004 1618 3180 1672 vinum
3203 1600 3570 1686 Tebricltanti,

1975 1710 2070 1766 sed
2097 1711 2260 1766 etiam
2288 1726 2576 1776 venenum,
2606 1720 2702 1766 aut
2728 1711 2961 1782 gladium
2987 1720 3218 1769 mortem
3239 1712 3555 1769 desiderant.

295 1817 390 1863 tam
412 1808 587 1877 ipsius,
621 1806 933 1875 inscriptam
967 1806 1184 1861 nomine
1216 1806 1354 1877 ejus,
1385 1805 1436 1861 id
1460 1814 1565 1874 est,
1598 1804 1866 1860 hominem
1899 1809 1947 1869 B
1975 1802 2219 1860 daturus.
2275 1802 2458 1859 Facite
2510 1815 2681 1859 autem
2730 1806 2868 1860 vobis
2918 1807 3110 1861 amicos
3167 1807 3230 1861 de
3280 1824 3574 1863 mammona

296 1901 645 1959 christianum.
688 1900 829 1969 Quid
865 1909 1044 1956 autem
1076 1901 1188 1957 Deo
1213 1901 1405 1966 debeo,
1430 1900 1569 1955 sicut
1592 1900 1870 1954 denarium

292 1992 497 2059 Caesari,
527 1992 622 2047 nisi
652 1992 995 2062 sanguinem,
1043 2006 1202 2063 quem
1254 2005 1353 2061 pro
1397 2006 1484 2046 me
1518 1989 1687 2046 Filius
1737 1988 1873 2045 fudit

294 2086 479 2157 ipsius?
497 2084 644 2155 Quod
674 2086 720 2141 si
763 2086 876 2142 Deo
905 2085 1121 2155 quidem
1149 2084 1447 2152 hominem,
1476 2092 1531 2139 et
1556 2083 1870 2154 sanguinem

293 2193 460 2234 meum
489 2179 687 2243 debeo;
717 2194 861 2234 nunc
894 2177 973 2251 (2)
1012 2192 1143 2232 vero
1173 2178 1229 2232 in
1268 2191 1335 2232 eo
1364 2192 1480 2231 sum
1515 2184 1782 2245 tempore,
1815 2183 1873 2230 ιιι

293 2272 427 2347 quod
476 2272 579 2327 Deo
630 2272 806 2327 debeo
845 2271 1191 2341 expostuler;
1242 2271 1429 2342 utique
1474 2268 1718 2326 fraudem
1764 2270 1873 2326 Deo

294 2350 443 2428 facio,
467 2362 515 2418 id
542 2379 725 2435 agens,
750 2380 821 2419 ne
863 2361 1008 2436 quod
1042 2363 1214 2420 debeo
1251 2362 1655 2432 solvam._Benc
1679 2362 1904 2420 obser--

296 2455 409 2509 vari
435 2467 769 2527 praei-ptum,
802 2456 1004 2512 Caesari
1040 2456 1274 2511 reddens
1311 2470 1430 2527 qua:
1470 2463 1597 2511 sunt
1622 2454 1870 2522 Caesaris,

298 2546 403 2604 Deo
426 2563 546 2605 vero
572 2565 688 2621 quae
713 2560 841 2605 sunt
871 2549 967 2606 Dei
994 2548 1303 2620 abnegans?

864 2624 1097 2697 CAPUT
1135 2638 1276 2696 Xlll.

366 2730 465 2789 Sed
488 2742 540 2789 et
565 2735 703 2790 omni
731 2736 920 2804 petenti
963 2750 1051 2790 me
1080 2734 1212 2789 dabo
1247 2732 1484 2808 (Matth.,
1538 2734 1611 2804 V,‘
1647 2734 1767 2808 42).
1816 2734 1874 2792 1η

297 2837 475 2880 caussa
511 2827 888 2899 eieemosynae,
940 2842 1044 2882 non
1088 2826 1143 2882 in
1206 2842 1571 2884 concussum.
1646 2826 1875 2898 Petenti,

296 2915 477 2988 inquit.
507 2918 688 2986 Porro,
723 2919 815 2992 qui
841 2920 1079 2975 concutit
1110 2917 1211 2994 (3),
1244 2936 1350 2994 non
1382 2922 1533 2992 petit.
1576 2919 1679 2990 Qui
1721 2936 1874 2978 com:

296 3006 530 3073 minatur,
569 3010 612 3065 si
644 2989 755 3067 non
792 3012 1096 3082 acceperit,
1121 2989 1529 3083 inionOpostiulat,
1562 2989 1656 3070 scd
1701 3025 1877 3070 extor-

295 3109 433 3171 quet.
481 3102 592 3160 Non
623 3105 1024 3177 eleemosynam
1045 3114 1341 3176 exspectat,
1363 3108 1454 3179 qui
1482 3124 1587 3163 non
1616 3109 1876 3165 miseran-

1977 1893 2299 1966 (L’uc.XVl),
2334 1896 3026 1969 quomodoiutelligendum
3044 1897 3135 1966 sit,
3155 1900 3409 1971 parabola
3434 1917 3573 1972 pra:-

1977 1991 2139 2047 missa
2181 1990 2396 2056 doceat,
2429 1991 2496 2046 ad
2532 1992 2785 2062 populum
2825 1991 3099 2063 jndaicum
3124 1993 3578 2064 dicta,quicom-

1975 2081 2196 2139 missam
2227 2082 2327 2139 sibi
2358 2084 2621 2140 rationem
2646 2085 2858 2142 Domini
2883 2102 3005 2141 cmn
3036 2088 3175 2142 male
3200 2088 3574 2145 administras-

1976 2187 2080 2244 set,
2135 2175 2355 2234 deberet
2398 2174 2469 2233 de
2529 2193 2853 2235 mammona”:
2904 2179 3231 2245 hominibus,
3289 2181 3430 2250 quod
3475 2195 3575 2235 uos

1977 2285 2210 2336 eramus,
2240 2271 2443 2326 amicos
2471 2271 2572 2326 sibi
2606 2270 2781 2342 potius
2823 2275 3156 2343 prospicere,
3189 2289 3349 2344 quam
3395 2274 3573 2328 inimi-

1976 2380 2105 2432 cos;
2134 2375 2187 2422 et
2215 2365 2463 2422 revelare
2510 2381 2609 2421 nos
2651 2382 2680 2421 a
2726 2364 2925 2421 debitis
2970 2375 3336 2437 peccatormu,
3369 2360 3570 2437 quibus

1979 2456 2091 2513 Deo
2129 2458 2524 2524 detinebamur,
2554 2458 2598 2513 si
2628 2458 2785 2515 nobis
2813 2457 2882 2513 de
2912 2458 3181 2514 dominica
3211 2459 3422 2525 ratione
3444 2473 3576 2513 cou-

1978 2549 2211 2618 ferrcnt;
2244 2560 2301 2606 ut
2325 2566 2447 2606 cum
2472 2550 2726 2620 coepisset
2751 2551 2818 2606 ab
2845 2548 3004 2620 hujus
3024 2550 3260 2607 deiicere
3290 2553 3481 2623 gratia,
3505 2550 3574 2607 ad
3599 2570 3614 2586 ο

1978 2651 2214 2697 nostram
2244 2641 2401 2698 [idem
2437 2640 2793 2711 refugientes,
2828 2642 3198 2714 reciperentur
3232 2634 3571 2699 ln'tab'erna-

1977 2736 2097 2792 cula
2127 2746 2346 2792 aeterna.
2372 2735 2627 2804 Quamvis
2651 2751 2792 2792 nunc
2817 2750 2946 2808 puta
2973 2720 3133 2792 aliam
3153 2726 3571 2807 interpretatio-

1978 2843 2102 2883 nem
2133 2828 2404 2900 parabolae
2450 2836 2507 2885 et
2552 2830 2837 2884 sententiae
2869 2829 3023 2883 istius
3044 2870 3057 2893 ,
3091 2827 3220 2884 dum
3260 2828 3400 2883 scias
3426 2827 3574 2884 veri-

1979 2918 2155 2974 simile
2181 2935 2288 2975 non
2318 2935 2441 2976 esse
2484 2928 2540 2974 ut
2583 2933 2943 2976 concussores
2974 2920 3146 2976 nostri
3189 2921 3242 2975 in
3284 2921 3574 2976 amicitiam

1980 3014 2182 3071 redacti
2208 3030 2303 3084 per
2323 3028 2711 3077 mammouam,
2740 3012 3007 3084 recipiant
3039 3023 3163 3069 tunc
3185 3005 3369 3069 nos‘in
3396 3013 3577 3068 taber-

1980 3106 2169 3161 nacula
2198 3117 2422 3161 aeterna.
2458 3104 2562 3162 Sed
2599 3104 2726 3176 quid
2754 3121 2861 3161 non
2892 3105 3150 3161 timiditas
3180 3104 3567 3176 persuadebit?

294 3192 409 3259 dtis.
430 3196 517 3253 sed
538 3197 804 3254 timendus
825 3199 992 3254 venit.
1014 3198 1161 3255 Dabo
1182 3199 1341 3269 igitur
1356 3200 1741 3259 misericordiae
1765 3202 1868 3277 (4),
1898 3201 1943 3265 C
1976 3200 2128 3270 quasi
2150 3208 2205 3255 et
2227 3197 2414 3270 fugere
2437 3197 2712 3271 Scriptura
2742 3198 3040 3269 permittat,
3068 3204 3121 3253 et
3145 3196 3412 3254 redimere
3440 3211 3575 3268 prat-

296 3287 696 3346 ttoutimiditatis
719 3305 856 3347 mea:
887 3292 1141 3358 nomine;
1170 3291 1256 3347 ubi
1286 3294 1375 3365 qui
1428 3294 1655 3365 accepit,
1704 3295 1871 3351 Deum

296 3374 531 3451 honorat,
593 3391 648 3437 et
694 3381 1126 3440 benedictionem
1171 3385 1299 3439 mihi
1357 3385 1566 3454 reddit;
1618 3402 1726 3443 non
1782 3386 1873 3444 ubi

295 3471 509 3542 anpiius
531 3487 589 3529 se
612 3473 954 3531 benefactum
983 3476 1298 3547 praestitisse
1317 3476 1506 3542 credit,
1539 3486 1593 3534 et
1634 3476 1706 3552 (ο)
1735 3494 1873 3548 prie-

294 3558 409 3657 dam
427 3578 570 3622 suam
595 3566 865 3637 aspiciens
886 3567 1016 3624 dicit
1058 3586 1070 3622 :
1109 3586 1127 3621 ι
1167 3566 1240 3625 De
1279 3580 1430 3626 reatu
1457 3579 1561 3626 est.
1601 3589 1621 3624 ι
1656 3569 1737 3644 (ά)
1770 3570 1875 3625 Pa-

1977 3290 2160 3365 cipiat.
2193 3292 2387 3347 Parum
2416 3291 2649 3364 denique
2685 3299 2787 3357 est,
2810 3289 2854 3347 si
2882 3300 3020 3347 unus
3041 3300 3136 3346 aut
3160 3288 3297 3347 alius
3326 3282 3398 3346 ita
3429 3290 3576 3346 erui-

1980 3397 2086 3444 tur.
2120 3385 2194 3459 (e)
2222 3384 2520 3441 Massaliter
2556 3394 2680 3440 tota:
2715 3384 2959 3440 ecclesia:
2999 3383 3257 3439 tributum
3300 3382 3403 3437 sibi
3434 3383 3573 3437 irro-

1978 3485 2259 3551 gaverunt.
2316 3476 2512 3534 Nescio
2560 3475 2852 3534 dolendum
2897 3489 2965 3532 an
3013 3471 3440 3532 erubescendum
3478 3477 3571 3542 sit,

1978 3585 2098 3629 cum
2149 3571 2204 3627 in
2249 3570 2560 3627 matricibus
2616 3568 2686 3642 (ι’)
2726 3567 3199 3650 beneficiat-ioruni
3236 3577 3293 3624 et
3338 3567 3580 3625 curioso-

1498 3683 1876 3744 LECTIONES
1909 3684 2326 3742 VARIANTES.

448 3791 595 3846 Potes
615 3796 736 3847 Jun.

451 3855 562 3908 Cum
586 3854 786 3909 Obertlt.
811 3855 954 3910 seml.
980 3855 1132 3912 Rhea.

453 3918 627 3970 lncutit
650 3917 848 3973 Obertlt.
875 3920 1019 3971 seml.
1035 3926 1179 3974 Pam.
1204 3921 1360 3977 Rhea.

451 3980 832 4034 Misericordiam
877 3984 1030 4035 Rhea.

350 3791 404 4044 ἓ

401 3789 424 4046 Ξ

2038 3801 2090 3860 (5
2145 3800 2219 3852 ita
2242 3798 2343 3865 περ.
2362 3800 2427 3850 de
2446 3806 2589 3850 reatu
2610 3800 2791 3851 irascar
2814 3800 2896 3852 eti
2935 3802 3150 3853 imieum.
3171 3800 3357 3852 Pamel.

2038 3802 2112 3926 (ϐξ
2134 3863 2195 3913 ν.
2221 3863 2689 3926 ρμιοηιξιιιίειιίοῃιιιιιΔ
2703 3815 3106 3926 Rigalt.
3128 3876 3149 3924 ;
3183 3864 3319 3916 abest

2036 3863 2109 3933 (6)
2134 3863 2195 3913 ν.
2221 3863 3149 3935 ρῷηιψῑίθιίοῃιιᾳῃὴιεᾳηᾷίῌίρᾳζιά
3183 3864 3319 3916 abest
3362 3877 3395 3916 a
3429 3865 3574 3916 Pam.

1976 3923 2130 3981 nam.
2153 3923 2411 3990 cogitando
2430 3923 2647 3989 suppleri
2668 3923 2795 3989 iubet
2813 3923 3233 3977 :‘ttenténtiarum.

2041 3988 2117 4053 (7)
2150 3988 2266 4040 sine
2286 3990 2433 4039 Pam.
2901 4012 2923 4031 ι.
2950 4008 2957 4019 ~

1629 4090 2193 4152 COMMENTARIUS.

298 4204 313 4232 '
364 4206 889 4292 (a).§uticliristojam
915 4209 1155 4292 instante.
1184 4205 1333 4263 Haud
1374 4206 1528 4292 aliter
1550 4206 1716 4291 ludas
1735 4222 1869 4292 opus
1969 4216 2110 4292 runt.
2161 4206 2316 4292 _Serie
2364 4204 3099 4292 capitumvjtt‘nccimassam
3122 4204 3574 4292 βοοκ-νεωμ-

296 4278 439 4336 suum
460 4281 511 4334 in
539 4278 901 4336 hebdomadas
931 4279 1166 4335 Danieils
1187 4293 1356 4348 usque
1385 4278 1450 4332 ad
1473 4279 1740 4333 decimum
1766 4280 1866 4333 Se-

292 4352 398 4409 veri
444 4366 639 4406 annum
707 4351 1041 4421 producens,
1099 4352 1417 4421 adventum
1445 4349 1761 4421 Antichristi
1801 4363 1871 4404 eo

292 4433 522 4493 tenipore
543 4420 855 4493 praedixisse
897 4423 1123 4478 videtur.
1155 4420 1383 4493 Refert:
1399 4420 1461 4477 Β.
1523 4420 1878 4493 Hieronymus

287 4473 529 4564 item.
544 4473 864 4564 235.3111}
909 4473 1306 4564 Νῆέρἱιζξιῖὶιζ
1337 4473 1428 4553 νζ
1446 4505 1498 4564 c.
1527 4473 1639 4547 lati.
1659 4473 1745 4564 Qui
1760 4473 1877 4564 quo
1902 4473 1955 4535 ἶ)

292 4562 479 4641 (inquit
523 4565 655 4641 ibid.
690 4562 789 4641 'B._
816 4562 1084 4641 Hieron),
1111 4565 1317 4641 erroris
1355 4563 1624 4641 arguitur;
1651 4562 1743 4617 sed
1762 4562 1877 4641 hoc

429 4636 667 4706 scripsit,
703 4637 825 4706 quia
855 4634 1163 4707 magnitudo
1206 4634 1593 4705 persecutionis
1643 4640 1880 4704 praesen-

295 4718 395 4766 tem
417 4707 599 4763 mundi
628 4708 932 4763 minabatur
957 4723 1228 4762 occasum.
1253 4707 1387 4761 Pan.

358 4777 747 4855 (bllmagiuem
799 4790 847 4855 et
887 4789 1139 4855 monetam
1171 4779 1373 4855 ipsius,
1397 4777 1451 4855 id
1491 4787 1586 4845 est,
1627 4776 1881 4855 hominem

291 4841 632 4907 christianum.
672 4848 907 4915 lguatius
930 4852 1088 4920 epist.
1121 4848 1187 4903 ad
1212 4841 1582 4918 Maguveslauos
1612 4866 1624 4902 :
1658 4841 1698 4904 ὁ
1722 4851 1881 4903 οιοσεο

288 4928 651 4995 σὴ-ινθρυεοςι
670 4924 895 4995 ripis/say
914 4928 1005 4995 61rd
1028 4932 1111 4995 τᾳῦ
1134 4923 1241 4976 θεοῦ
1270 4926 1527 4995 χοςριιιχθζνΣ
1562 4920 1681 4995 RIG.

336 4989 505 5050 ιοΔί.
535 4992 676 5050 XIII.
719 4989 788 5036 ἔ-
808 4989 888 5066 ic)
924 4991 1162 5066 Prafdam
1197 4989 1344 5066 suam
1366 4992 1616 5059 aspiciens
1640 4989 1777 5053 dicit,
1809 4989 1890 5066 De

292 5076 423 5123 "alit
449 5075 546 5121 est.
578 5063 885 5122 Concussnr
928 5064 1134 5119 scilicet
1168 5063 1433 5132 aspiciens
1477 5072 1744 5132 nuutuios,
1769 5064 1889 5131 qui-

296 5136 389 5208 bus
405 5139 642 5208 acceptis
658 5136 1012 5208 christianum
1042 5137 1147 5208 iam
1175 5130 1625 5208 ccutpreiiensum
1650 5130 1881 5208 dimisit;

294 5206 396 5267 Ioc
418 5205 656 5265 detento
682 5219 790 5273 est,
819 5207 1007 5276 inquit.
1044 5206 1168 5261 Hice
1215 5219 1440 5270 merces,
1470 5205 1658 5274 inquit,
1685 5205 1889 5258 dimissi

295 5293 436 5336 a-me
485 5280 756 5339 scelerati.
813 5275 924 5333 lloc
983 5277 1209 5348 pretium
1253 5293 1386 5332 mcie
1441 5275 1892 5346 praevaricationis

294 5350 645 5429 νοωεηιεοέ
1780 5419 1790 5429 ,

300 5498 305 5499 γ
355 5420 435 5499 (tl)
476 5420 702 5499 Pastum
762 5431 811 5475 et
865 5421 1158 5499 inimicum:
1204 5419 1376 5477 Verba
1428 5426 1553 5474 sunt
1594 5418 1885 5499 .Clll-‘iSllalli

296 5491 549 5555 luctaturi
641 5507 816 5564 super
900 5493 1293 5564 relic-inpunite
1339 5491 1764 5564 persecutionis,
1799 5498 1886 5564 _et

296 5564 500 5626 οΗιιηή
548 5560 815 5625 nummos
860 5562 1036 5628 militi,
1091 5563 1173 5617 vel
1211 5562 1464 5627 delatori,
1518 5564 1604 5615 vel
1662 5560 1880 5617 inimico

282 5632 619 5699 bocutieati.
657 5638 792 5693 llaec
834 5644 1011 5689 autem
1053 5644 1205 5688 antea
1249 5643 1404 5691 erant
1446 5632 1875 5704 corruptissima.

288 5704 623 5773 munitius
653 5725 727 5766 ex
757 5705 853 5762 lib.
892 5704 1093 5762 Ursini.
1128 5705 1243 5763 illo.

340 5780 416 5864 (ο)
440 5782 762 5845 Hammer
787 5787 910 5834 tam
936 5776 1162 5834 ecclesiis
1196 5778 1438 5834 tributum
1475 5775 1571 5832 sibi
1614 5775 1875 5847 irrogave-

1971 4278 2099 4333 iium
2131 4278 2563 4333 christianorum.
2587 4279 2678 4333 Sic
2703 4278 2947 4347 Optatus,
3002 4277 3095 4333 lib.
3122 4277 3192 4345 ll,
3226 4277 3342 4332 sub
3373 4277 3570 4337 linem:

1974 4348 2045 4403 Et
2062 4363 2228 4404 tamen
2256 4350 2349 4404 has
2372 4349 2539 4419 plebes
2568 4347 2801 4419 coegistis
2830 4350 3033 4418 flectere
3060 4359 3107 4402 et
3123 4349 3384 4404 -inclinare
3414 4351 3579 4405 centi-

1985 4438 2086 4491 ces,
2116 4432 2163 4477 et
2189 4421 2316 4475 serie
2334 4420 2561 4490 capitum
2583 4422 2758 4490 iuncta
2782 4435 3001 4474 massam
3020 4420 3364 4545 patniteutiup‘t
3389 4423 3578 4490 facere.

2898 4504 2907 4517 '
2968 4510 2979 4519 η
3104 4513 3111 4521 τ
3362 4506 3433 4545 lG.

2898 4504 2907 4517 '
2968 4510 2979 4519 ‘
3104 4513 3111 4521 '
3314 4504 3433 4547 HlG.

2057 4563 2122 4637 (Γ)
2155 4562 2611 4637 Beneﬁciariornm
2655 4571 2719 4637 et‘
2736 4562 3071 4637 curiosorum.
3097 4561 3447 4637 _Beneliciarii
3492 4563 3581 4637 di-_-

1982 4631 2241 4690 celianttir
2295 4631 2492 4705 milites
2540 4633 2812 4690 beneﬂcio
2880 4631 3143 4705 Principis
3190 4635 3451 4703 assumpti
3509 4634 3579 4689 ad

1985 4704 2159 4761 cilicia
2190 4722 2285 4761 seu
2316 4700 2610 4761 ministeria
2638 4715 2804 4777 certa.
2824 4705 3033 4777 illaque
3060 4700 3391 4777 apparebant
3417 4705 3577 4762 Prin-

1984 4778 2110 4847 cipi,
2141 4778 2405 4832 mandatis
2426 4776 2799 4846 exsiaquendis.
2821 4776 2897 4833 Ex
2920 4776 3107 4832 eorum
3137 4776 3316 4833 Sciiola
3339 4793 3435 4834 seu
3456 4793 3581 4832 cor-

1989 4862 2120 4919 pore
2169 4859 2325 4904 eraut
2371 4848 2593 4913 curiosi,
2632 4862 2826 4920 cut-sus
2871 4848 3065 4919 publici
3103 4864 3247 4905 curm
3287 4849 3582 4920 prmpositi,

1993 4920 2081 4991 qui
2112 4930 2165 4975 et
2191 4921 2485 4975 stationarii
2516 4919 2833 4974 dicebautur
2856 4963 2869 4979 .
2905 4936 2999 4988 per
3023 4919 3579 4991 stationes’dispositi.

1991 4989 2059 5064 lis
2083 5003 2261 5064 autem
2280 4992 2422 5046 inter
2441 5002 2632 5064 cetera
2654 4991 2753 5064 hoc
2774 4993 3011 5064 tinniat-is
3040 4992 3262 5063 injungit
3284 4989 3578 5064 lett-prima,

1994 5063 2054 5116 C.
2084 5063 2150 5117 tle
2177 5062 2447 5125 Curiosis,
2476 5071 2529 5116 ut
2559 5062 2781 5115 crimina
2816 5063 3068 5131 iudicibus
3098 5062 3584 5116 mmtiamiuduettti-

1994 5134 2184 5205 nerint.
2217 5135 2356 5205 Ergo
2385 5148 2600 5205 reorum
2628 5134 2844 5205 nomina
2888 5135 3251 5200 νοιξιιὶινὺποη,
3276 5149 3337 5205 ac
3368 5134 3581 5205 tleicrco

1994 5204 2142 5267 bant,
2175 5199 2320 5274 ipsos
2343 5219 2464 5259 reos
2486 5203 2752 5257 sistebant
2779 5204 3128 5259 tribunalibus
3152 5218 3205 5257 et
3225 5199 3444 5274 judicio.
3480 5203 3583 5256 Ve-

1994 5283 2078 5329 tus
2109 5273 2329 5330 historia
2371 5276 2635 5345 passionis
2653 5275 2931 5331 Fructuosi
2963 5276 3195 5345 episcopi
3226 5290 3239 5324 :
3277 5273 3578 5345 Dii-exerunt

1994 5293 2078 5329 tus
2109 5293 2329 5330 utstorm
2371 5293 2931 5345 passroutsrrucmosr
2963 5293 2992 5329 c
3017 5293 3195 5344 nscopt
3226 5293 3239 5324 :
3277 5293 3578 5326 Utt't'xet‘ttm

1994 5346 2309 5415 bene/iciorii
2333 5348 2383 5400 iu
2410 5348 2616 5400 domum
2642 5348 2750 5417 ejus
2772 5363 2785 5407 ,'
2816 5357 2868 5402 ct
2896 5293 3052 5412 paulo
3083 5354 3211 5417 post
3234 5363 3246 5399 :
3273 5344 3366 5398 Cui
3398 5345 3581 5396 milites

1992 5419 2224 5472 dixerunt
2246 5434 2266 5470 τ
2305 5416 2463 5479 γρηὶ,
2506 5416 2699 5471 Piwses
2724 5429 2771 5470 te
2796 5419 3027 5478 accersit,
3058 5425 3160 5469 rte.
3195 5416 3582 5482 St'rapturauo—

1989 5504 2182 5560 nymus
2205 5491 2325 5543 vita:
2346 5489 2716 5560 Chrysostmni
2737 5488 2876 5556 apud
2922 5487 3144 5560 Sujdam
3172 5505 3182 5537 :
3216 5492 3457 5554 ελκόμονη
3490 5492 3580 5560 ex;

1986 5556 2076 5616 τὸν
2104 5558 2374 5631 Κουρίισων
2395 5556 2477 5623 si;
2505 5561 2706 5631 πόλεωςς
2737 5571 2783 5610 ct
2819 5557 2956 5627 apud
2992 5556 3187 5610 Euseb.
3216 5557 3580 5609 iii>i0t'€Ct‘lt:-

1982 5631 2134 5691 siast.
2164 5630 2254 5686 lli).
2289 5631 2374 5694 lx,
2423 5647 2473 5685 (Ξ.
2511 5630 2544 5685 9
2578 5636 2981 5700 εᾼβῖνεφικιαρὶων
3016 5631 3182 5700 Δὕϐρεις·
3229 5634 3330 5700 κριὲ⁸
3360 5632 3576 5700 asta/sai;

1983 5701 2285 5771 ltujusmodi
2330 5711 2507 5756 autem
2553 5696 2970 5774 officia'tandeni
3014 5698 3063 5750 iu
3113 5696 3577 5774 praevaricationes

1978 5785 2033 5830 et
2054 5770 2268 5845 rapinas
2298 5783 2352 5829 et
2396 5770 2780 5827 concussione:
2825 5771 3240 5841 degeneravere,
3272 5770 3570 5820 conniven-
