3902 6312
0 2196 269 2266 δκλλωειὶ.
284 2210 405 2262 \ltkn
421 2242 431 2254 ι

203 283 306 341 119

1630 278 2089 346 TEBTULLIANI

3409 282 3531 342 1Ξο
3564 322 3581 341 .

201 416 345 468 rum,
377 398 454 473 (a)
488 399 626 457 inter
649 397 1003 466 tabernarios,
1033 397 1300 466 etlaaios,
1323 405 1378 454 et
1406 396 1481 470 (b)
1512 395 1658 454 fures
1690 397 1803 452 bal-
1834 405 1882 463 Α
1911 395 2169 451 adversus
2191 409 2333 452 eam.
2361 394 2477 451 Non
2502 404 2653 466 potes
2676 395 2980 452 discurrere
3007 408 3105 468 per
3130 395 3415 467 singulos:
3443 400 3531 455 sit

203 511 447 563 nearum,
480 495 801 560 ctaleones,
855 501 912 549 et
958 493 1202 560 lenones,
1251 489 1538 547 Christiani
1588 506 1801 562 quoque

204 589 495 662 vectigales
546 588 911 643 continentur.
987 587 1135 641 lianc
1188 585 1516 656 episcopatui
1574 585 1801 639 formam

206 680 447 752 Apostoli
495 678 863 750 providentius
902 678 1258 734 condiderunt
1285 676 1358 750 (c)
1400 688 1459 733 ut
1497 692 1664 748 regno
1705 692 1804 734 suo

202 773 375 829 securi
404 772 507 827 frui
532 770 861 843 possentsub
885 771 1104 827 obtentu
1121 768 1439 841 procurandi
1458 768 1559 844 (1).
1581 767 1807 825 Scilicet

204 865 347 920 enim
374 864 453 938 (ά)
485 863 644 920 talem
668 878 853 934 pacem
877 862 1123 919 Christus
1143 861 1211 917 ad
1229 861 1442 917 Patrem
1467 859 1801 933 regrediens,

211 955 488 1011 mandavit
513 970 544 1010 a
575 953 833 1011 militibus
852 969 956 1025 per
981 951 1314 1008 saturnalitia
1341 950 1728 1009 redimendam.

796 1043 1028 1101 CAPUT
1068 1043 1213 1099 XIV.

281 1138 353 1213 (ε)
398 1138 504 1196 Sed
535 1137 804 1210 quomodo
851 1137 1210 1209 colligemus,
1263 1137 1439 1209 inquis
1468 1180 1484 1205 ,
1534 1138 1805 1210 quomodo

207 1231 472 1289 dominica
520 1230 779 1287 solemnia
827 1229 1478 1308 celebrabimus?Utique
1534 1230 1806 1302 quomodo

207 1335 262 1381 et
311 1323 586 1397 Apostoli;
642 1322 766 1389 fide,
801 1338 906 1379 non
958 1323 1182 1395 pecunia
1222 1323 1351 1390 tuli;
1409 1338 1529 1395 qua:
1574 1322 1708 1379 ﬁdes
1759 1324 1803 1379 si

207 1427 444 1473 montem
523 1415 818 1472 transferre
883 1425 1101 1486 potest,
1180 1415 1351 1472 multo
1423 1416 1592 1487 magis
1668 1415 1806 1472 mili-

207 1519 338 1565 tem.
368 1509 498 1565 Esto
525 1509 812 1581 sapientia,
854 1525 960 1565 non
1007 1512 1227 1580 praemio
1268 1518 1476 1567 cautus.
1524 1510 1592 1585 (ί)
1625 1509 1807 1582 Neque

210 1602 357 1657 enim
389 1587 659 1659 statim‘et
688 1618 715 1656 a
755 1602 956 1674 populo
984 1602 1095 1658 eris
1130 1612 1295 1669 tutus,
1325 1605 1370 1658 si
1407 1603 1581 1660 oflicia
1611 1603 1808 1659 milita-

208 1695 286 1750 ria
344 1694 659 1751 redemeris.
714 1694 831 1751 Una
881 1710 1011 1768 ergo
1039 1695 1133 1753 tibi
1160 1705 1214 1751 et
1241 1695 1367 1761 (ide,
1408 1704 1464 1752 et
1506 1697 1803 1767 sapientia,

1909 486 2002 542 tibi
2044 497 2098 542 et
2140 488 2191 543 in
2234 488 2403 543 tribus
2432 487 2694 544 Ecclesia.
2729 487 2808 560 (Ιι)
2840 486 3031 543 Melius
3059 497 3142 544 est
3167 491 3362 546 turbas
3394 501 3532 548 tuas

1907 578 2217 649 aliquando
2241 593 2348 635 non
2403 578 2606 646 videas,
2640 594 2797 649 quam
2831 561 3069 635 addicas.
3095 580 3262 637 Serva
3295 583 3531 639 Christo

1907 672 2170 744 virginem
2196 687 2469 744 sponsam.
2501 671 2675 728 Nemo
2705 682 2968 741 quaestum
2989 676 3056 729 de
3080 689 3141 728 ea
3166 673 3343 732 faciat.
3375 676 3519 733 Haec

1909 763 2025 832 tibi,
2067 764 2252 831 frater,
2286 764 2421 820 dura
2452 762 2674 820 forsitan
2726 773 2782 820 et
2827 765 3186 821 intolerabilia
3236 756 3525 825 videntur.

1907 858 2014 915 Sed
2043 859 2213 915 recita
2247 858 2419 914 Deum
2442 857 2646 915 dixisse
2678 877 2691 913 :
2729 858 2829 926 Qui
2868 860 3039 930 capit,
3067 861 3239 932 capiat
3278 861 3521 933 (Matth.

1909 951 2102 1018 XXIX,
2135 951 2248 1023 I2);
2274 951 2327 1008 id
2353 962 2455 1019 est,
2480 952 2571 1023 qui
2601 968 2707 1007 non
2724 954 2886 1023 capit,
2912 952 3173 1010 discedat.
3195 955 3313 1010 Non
3333 967 3534 1027 petest

1907 1045 2002 1117 qui
2041 1045 2150 1117 pati
2190 1045 2363 1112 timet,
2393 1045 2511 1116 ejus
2538 1059 2659 1101 esse
2681 1046 2771 1118 qui
2802 1061 2991 1116 passus
3020 1056 3126 1102 est.
3157 1049 3227 1103 At
3266 1050 3357 1120 qui
3401 1050 3529 1120 pati

1910 1153 2016 1193 non
2047 1138 2238 1204 timet,
2264 1138 2365 1193 iste
2396 1136 2671 1208 perfectus
2720 1139 2825 1194 erit
2864 1139 2916 1194 in
2960 1139 3282 1210 dilectione,
3327 1143 3532 1213 utique

1910 1229 2025 1286 Dei.
2053 1226 2291 1302 Perfecta
2317 1229 2452 1284 enim
2473 1228 2678 1305 dilectio
2709 1234 2851 1301 foras
2871 1229 3027 1285 mittit
3056 1231 3294 1287 timorem
3322 1232 3525 1305 (Joan.

1907 1320 2000 1391 IV,
2033 1321 2146 1395 18).
2176 1321 2538 1378 Etideomulti
2558 1323 3300 1395 vocati,paucielectiUIatth.
3336 1326 3523 1396 XXII,

1912 1415 2024 1485 14).
2052 1414 2176 1470 Non
2202 1416 2450 1488 quaeritur
2487 1415 2575 1487 qui
2618 1416 2778 1471 latam
2831 1417 2965 1470 viam
2995 1419 3137 1488 sequi
3165 1429 3377 1488 paratus
3423 1422 3524 1488 sit,

1908 1511 1998 1567 sed
2033 1511 2121 1582 qui
2144 1519 2412 1582 angustam
2436 1508 2649 1582 (Matth.
2685 1508 2925 1577 VI|,'I.’);
2957 1507 3110 1577 Luc.,
3142 1510 3277 1576 XIII,
3307 1511 3424 1582 24).
3450 1513 3532 1570 Et

1911 1603 2035 1659 ideo
2082 1603 2392 1659 Paraeletus
2439 1602 2781 1659 necessarius
2810 1601 3077 1657 deductor
3107 1604 3347 1659 omnium
3372 1606 3532 1661 veri-

1912 1703 2103 1762 talum,
2137 1693 2451 1749 exhortator
2470 1694 2710 1749 omnium
2740 1694 3147 1751 tolerantiarum
3181 1714 3193 1750 :
3231 1712 3395 1768 quem
3427 1701 3533 1769 qui

208 1786 277 1843 ad
307 1786 528 1843 tutelam
548 1800 682 1857 opus
701 1796 786 1842 est
812 1804 824 1841 :
854 1787 1049 1856 quibus
1071 1802 1178 1842 non
1200 1785 1476 1853 adhibitis,
1496 1799 1550 1843 et
1566 1786 1808 1859 redemp-
1838 1802 1886 1863 Β
1914 1798 2268 1860 receperunt,
2296 1803 2471 1859 neque
2499 1786 2684 1859 fugere
2716 1789 3194 1859 persecutionem,
3227 1806 3405 1860 neque
3434 1809 3536 1850 re-

210 1885 410 1936 tionem
443 1889 587 1935 tuam
619 1890 772 1951 potes
804 1879 1066 1951 perdere;
1093 1878 1370 1948 adhibitis,
1403 1879 1543 1935 haud
1567 1880 1810 1954 redemp-

212 1972 411 2028 tionem
435 1970 762 2027 desiderare.
789 1970 1071 2028 Postremo
1093 1970 1138 2026 si
1158 1971 1417 2043 colligere
1445 1973 1682 2031 interdiu
1700 1990 1806 2030 non

208 2062 490 2137 potes,‘(g)
528 2062 697 2121 habes
728 2072 962 2133 noctem,
1004 2064 1125 2120 luce
1167 2062 1371 2121 Christi
1410 2066 1676 2125 luminosa
1720 2066 1801 2141 (Ξ)

270 2302 354 2370 (1)Δ
378 2305 690 2357 A.Ncander
712 2301 841 2370 conj.
880 2316 925 2354 υ.
954 2315 1127 2365 pacem
1161 2302 1243 2356 hic
1288 2302 1534 2357 excidisse
1569 2318 1628 2357 ac
1672 2301 1812 2357 resti-

205 2367 437 2418 tuendam
459 2380 580 2419 esse.

1913 1882 2121 1938 dimere
2152 1890 2436 1946 noverunt,
2470 1880 2729 1937 habentes
2751 1881 2927 1951 ipsum
2956 1882 3049 1952 qui
3079 1897 3176 1951 pro
3208 1882 3365 1938 nobis
3390 1885 3531 1953 erit,

1913 1977 2052 2031 sicut
2075 1975 2353 2031 locuturus
2375 1974 2428 2030 in
2455 1973 2903 2046 interrogatione,
2930 1973 3297 2045 itajuvaturus
3326 1976 3379 2032 in
3406 1992 3540 2051 pas-

1912 2083 2084 2125 810116.

1420 2184 1801 2243 LECTIONES
1840 2183 2256 2243 VARIANTES.

1986 2302 2059 2371 (2)
2100 2303 2236 2354 Luce
2258 2301 2434 2371 (ΖΨ-ἰξιὶ
2460 2300 2687 2371 luminosi
2714 2299 2859 2350 Rhea.
2891 2298 3170 2351 -—Noctem
3199 2298 3310 2351 luce
3333 2298 3538 2355 Christi

1920 2364 2208 2418 luminosatn
2232 2364 2342 2418 cod.
2374 2366 2547 2418 Urs.et
2574 2365 2761 2416 Wouw.

1567 2470 2128 2532 COMMENTARIUS.

207 2585 676 2659 tibusplerumque
693 2584 971 2659 hominum
990 2586 1345 2659 pessimorum
1365 2563 1688 2658 improbitati
1712 2587 1799 2645 be-

209 2658 499 2713 neficiariis
524 2657 862 2723 et'cpriosis.
890 2657 1021 2712 Nam
1042 2666 1100 2729 et
1120 2658 1219 2727 ipsi
1241 2657 1586 2729 pensionibus
1604 2662 1799 2716 annuis
1826 2710 1835 2718 .

206 2738 304 2801 aut
345 2728 634 2784 menstruis
676 2729 947 2801 corrupti,
980 2728 1430 2801 tabernariorum,
1457 2746 1757 2801 ganeonqu
1780 2773 1796 2795 ,

208 2799 407 2865 furum,
443 2800 694 2855 lenonum
723 2799 928 2855 scelera
966 2799 1375 2856 dissimulabant
1407 2818 1421 2866 ;
1458 2799 1527 2857 ita
1567 2812 1626 2856 ut
1653 2803 1799 2857 domi

208 2881 493 2943 servarent
529 2872 837 2943 matricnlas
860 2871 1093 2943 turpium
1136 2871 1438 2942 hujusmodi
1471 2875 1799 2943 pactionum.

207 2940 344 2997 Cum
373 2942 532 3016 igitur
555 2951 610 2997 et
640 2943 691 2997 in
721 2940 1055 3016 Christianos
1082 2940 1327 2998 mandata
1362 2940 1658 3016 principum
1687 2946 1803 3000 sive

209 3012 594 3082 proconsulum
640 3022 733 3068 aut
786 3013 1073 3083 przesidum
1103 3012 1442 3084 tanquam'in
1474 3012 1806 3071 facinorosos

209 3083 411 3139 atrocia
440 3094 889 3159 exsequerentur,
920 3084 1134 3159 tandem
1153 3083 1344 3141 etistis
1368 3085 1813 3159 Christianiquo-

207 3170 313 3226 que
344 3154 598 3226 pecunias
619 3154 787 3224 pactis
815 3156 1163 3223 pensionibus
1188 3172 1476 3213 numerare
1504 3154 1805 3225 cmperunt.

207 3225 325 3281 lloc
350 3227 644 3294 Septimius
675 3226 880 3299 nomini
907 3226 1202 3299 christiano
1229 3238 1384 3299 turpe
1412 3243 1476 3285 ac
1501 3229 1807 3299 pudendum

209 3311 334 3351 esse
360 3300 465 3359 ait,
509 3299 562 3352 in
604 3297 920 3353 matricibus
946 3296 1416 3355 benellciarior'um
1466 3296 1521 3357 et
1564 3301 1808 3356 curioso-

208 3382 356 3435 rum,
378 3368 526 3439 inter
552 3383 827 3439 ganeones
845 3378 901 3424 et
925 3367 1093 3436 fures,
1116 3377 1171 3425 et
1193 3370 1549 3438 tabernarios,
1578 3382 1633 3427 et
1657 3371 1806 3428 leno-

209 3453 330 3506 nes,
361 3437 698 3496 Christianos
725 3455 939 3512 quoque
972 3441 1264 3511 vectigales
1289 3437 1675 3499 cetiseri.'litc.

287 3531 361 3606 (a)
395 3533 541 3588 Inter
576 3533 921 3602 tabernarios,
946 3543 994 3606 et
1023 3533 1208 3590 lanios.
1251 3534 1537 3591 Laniorum
1570 3536 1807 3592 taberna:

212 3604 265 3659 in
296 3604 620 3675 scriptorum
664 3605 1012 3660 monimentis
1035 3607 1419 3675 reperiuntur.-
1445 3608 1512 3663 Et
1539 3607 1711 3663 lanios
1750 3609 1803 3663 in

208 3676 498 3748 matricula
524 3677 957 3748 tuber-uariorum
975 3678 1213 3731 consitos
1238 3691 1398 3748 nemo
1421 3678 1663 3748 ambigit.
1695 3679 1802 3734 Ita-

207 3762 312 3816 que
345 3747 662 3819 mendosum
706 3761 827 3802 esse
873 3745 1141 3819 videatur,
1191 3747 1335 3819 quod
1376 3749 1464 3805 hic
1508 3745 1799 3819 separatim

207 3825 483 3891 inritantur.
527 3817 684 3874 Certe
733 3819 785 3873 in
830 3816 1230 3891 exemplaribus
1279 3819 1515 3890 antiquis
1539 3816 1798 3891 scriptum

205 3889 372 3945 fuisse
387 3891 572 3958 janeos
598 3890 880 3962 etjuneos.
913 3896 1140 3944 testatur
1160 3888 1485 3962 Rhenanus;
1518 3888 1672 3962 quasi
1696 3907 1793 3962 ga-

206 3907 372 3945 nusse
387 3907 572 3958 Janeos
598 3907 652 3945 et
672 3907 880 3958 Juneos.
913 3907 1140 3944 testatur
1160 3907 1485 3958 utienanus;
1558 3907 1672 3946 uasr
1696 3907 1793 3962 ga-

206 3961 587 4031 neosﬁdixerit
638 3959 932 4031 Septimius
985 3974 1083 4030 pro
1122 3961 1475 4031 gaueonibus.
1515 3907 1609 4019 gic
1650 3965 1794 4019 enim

205 4031 301 4086 lib.
335 4030 379 4086 Il
405 4033 469 4085 ad
504 4030 772 4097 Uxorem,
810 4030 1544 4103 tabernaadjunxitganeam
1567 4053 1580 4088 :
1605 4032 1795 4090 Audiat

204 4118 348 4163 sane.
378 4103 569 4172 inquit,
601 4105 777 4156 audiat
812 4103 1006 4172 aliquid
1036 4102 1098 4156 de
1120 4119 1269 4158 scena
1291 4145 1307 4171 ,
1326 4102 1411 4158 ide
1451 4106 1690 4169 taberna,
1731 4105 1797 4161 de

203 4189 386 4246 ganea,
425 4174 567 4246 quod
617 4174 669 4228 in
719 4173 950 4246 vulgatis
977 4173 1303 4246 editiouibus
1328 4173 1674 4246 depravatum
1704 4191 1797 4231 an-

204 4256 291 4317 tea
335 4244 653 4317 legebatur,
707 4244 776 4317 de
822 4260 1035 4317 geenua.
1083 4244 1150 4317 Et
1195 4244 1465 4301 Ammiani
1503 4246 1794 4303 Marcellini

204 4315 301 4369 lib.
326 4313 573 4381 XXVIII,
607 4316 693 4371 ubi
723 4313 938 4386 legitur,
965 4332 1057 4385 per
1078 4314 1255 4387 lanosi
1272 4326 1317 4372 et
1347 4319 1462 4387 [ora
1508 4319 1790 4383 clamitant,

202 4387 485 4456 legendmn
514 4428 528 4454 ,
561 4405 648 4454 per
696 4404 885 4458 ganeas
942 4397 990 4441 et
1034 4390 1168 4458 fora.
1212 4386 1595 4445 Verumtamen
1626 4432 1640 4455 ,
1669 4405 1792 4445 cum

201 4458 347 4513 illius
390 4458 489 4514 arvi
519 4459 854 4515 Christianus
887 4467 1090 4513 tantum
1121 4459 1189 4513 ab
1229 4460 1491 4529 sanguine
1517 4470 1574 4516 et
1600 4476 1796 4517 cruore

200 4530 551 4586 abhorruisse
596 4531 854 4594 sciamus,
909 4538 970 4584 ut
1021 4530 1183 4585 etiam
1238 4531 1437 4586 botulis
1490 4541 1546 4588 et
1581 4533 1794 4588 caeteris

199 4599 506 4671 ltujusmodi
563 4602 756 4657 eduliis
799 4600 1190 4657 studiosissime
1232 4600 1590 4670 abstinerent,
1637 4602 1793 4659 facile

199 4672 335 4727 mihi
369 4672 682 4743 persuaderi
706 4674 900 4744 patiar,
924 4671 1318 4744 Tertullianum
1347 4672 1450 4729 hoc
1466 4672 1589 4730 loco
1620 4674 1793 4730 lanios

196 4744 267 4797 sb
315 4744 553 4813 generali
608 4743 1033 4800 tabernariorum
1085 4743 1447 4813 appellatione
1488 4745 1788 4812 exemisse,

197 4829 306 4883 quo
334 4814 503 4889 magis
530 4816 750 4886 negotii,
775 4815 843 4877 de
871 4829 981 4886 quo
1006 4815 1200 4885 agitur,
1225 4813 1525 4872 fmditatem
1564 4816 1790 4874 cxtolle-
1817 4826 1872 4889 1)

195 4893 300 4940 ret.
340 4885 458 4942 Ruﬁ.

271 4956 351 5028 (b)
386 4956 550 5029 Fures
595 4957 940 5029 balnearum;
969 4956 1125 5029 Apol.
1160 4957 1262 5024 44,
1300 4957 1553 5014 dicuntur
1601 4959 1783 5015 lavan-

195 5027 323 5081 tium
349 5028 636 5101 prtedoues.
660 5028 880 5101 Infamis
913 5027 1215 5085 habebatur
1231 5030 1396 5101 miles
1416 5031 1471 5086 in
1495 5029 1640 5086 furto
1668 5031 1786 5087 bal-

194 5099 383 5154 neario
409 5100 808 5169 deprehensus,
837 5099 874 5155 l.
912 5100 1004 5155 lin.
1039 5102 1099 5155 D.
1129 5101 1196 5156 de
1221 5099 1329 5157 fur.
1353 5112 1504 5158 noct.
1534 5102 1618 5157 vel
1639 5103 1779 5158 baln.

193 5169 391 5256 Contra
429 5171 801 5256 illasinjurias
831 5169 1222 5256 adhibebantur
1257 5174 1397 5256 servi
1440 5174 1530 5256 qui
1552 5172 1785 5256 Caprarii

1903 2593 1986 2645 καὶ
2010 2595 2095 2653 τὰς
2116 2595 2272 2652 κοινὰς
2294 2605 2382 2645 τῶν
2404 2588 2891 2657 ὶματιυφυλσιττόντων
2907 2584 3360 2658 κατασκ-ὗαςιφιὶά
3378 2590 3489 2658 refe
3504 2618 3523 2631 ο

1903 2678 2015 2716 ram
2051 2671 2295 2729 prwterea
2322 2658 2608 2730 palaestras,
2644 2667 3010 2730 etgcotmnwtes
3031 2657 3385 2730 capsariorum
3407 2675 3525 2730 ap-

1907 2727 2142 2803 paratus?
2160 2727 2371 2801 Legnnt
2393 2732 2484 2803 hic
2509 2727 3167 2803 nounul“balneariorum,
3189 2728 3335 2803 quod
3368 2727 3515 2785 idem

1906 2799 2011 2868 est,
2032 2819 2191 2874 quam
2216 2799 2352 2858 visin
2379 2800 2556 2857 Gloss.
2578 2799 2665 2855 fur
2687 2799 3013 2867 baluearius,
3028 2802 3513 2871 βαλανειαχλξπτης.

1909 2874 1987 2931 Ls
2018 2876 2114 2930 l’n.

1987 2945 2062 3019 (ν)
2097 2944 2165 3019 ι
2187 2961 2343 3019 regno
2372 2960 2467 3019 suo
2492 2944 2657 2999 securi
2684 2944 2785 3019 frui
2809 2950 3012 3013 possent
3043 2940 3134 2996 sub
3162 2941 3371 3019 obtentu
3397 2960 3518 3013 pro-

1912 3013 2154 3073 curandi.
2185 3013 2304 3072 .la'm
2332 3017 2675 3086 episcopatus
2702 3015 3007 3086 iniregnum
3026 3013 3298 3083 surgebat,
3328 3014 3373 3067 si
3397 3029 3518 3071 cre-

1910 3086 2089 3145 dimus
2131 3085 2393 3159 Septimio
2416 3128 2430 3147 .
2466 3087 2727 3159 adversus
2754 3085 3052 3159 Ecclesiam
3084 3098 3366 3159 romanam
3389 3086 3513 3142 sive

1910 3154 2235 3216 catholicam
2262 3159 2544 3214 scribenti.
2568 3155 2710 3213 Sane
2738 3156 3079 3211 Ammianum
3133 3154 3512 3211 Marcellinum

1912 3232 2135 3287 minimc
2161 3229 2438 3296 audirem,
2476 3228 2671 3283 talibus
2696 3238 2815 3283 orta
2843 3226 3119 3296 principiis
3141 3226 3280 3280 libro
3308 3225 3511 3283 XXVII

1913 3309 2245 3366 narrantem,
2298 3300 2400 3357 nisi
2454 3299 2676 3369 Sulpicii
2719 3298 2910 3369 Severi
2957 3298 3223 3369 supremis
3253 3296 3513 3355 Historia:

1913 3389 2080 3429 sacrae
2109 3373 2285 3427 verbis
2311 3373 2474 3427 etiam
2505 3368 2768 3425 atrociora
2792 3368 3154 3424 traderentur.
3189 3368 3307 3424 th.

1986 3445 2064 3517 (tl)
2095 3442 2275 3517 Talem
2304 3459 2481 3517 pacem
2509 3440 2743 3517 Christus
2781 3440 3048 3517 mandauit
3073 3456 3112 3517 α.
3132 3439 3377 3494 militibus
3413 3459 3512 3511 per

1911 3509 2239 3570 saturnalitia
2282 3509 2652 3568 redimendam.
2718 3513 2827 3567 Aut
2866 3509 3208 3566 scribendum
3257 3509 3512 3568 Saturna-

1911 3587 2003 3652 lia,
2062 3597 2159 3641 aut
2198 3585 2481 3640 dicendum
2526 3584 2860 3639 saturnalitia
2910 3596 3131 3637 [nunera
3188 3582 3506 3652 significari,

1908 3674 2043 3729 quae
2061 3656 2411 3711 salurnalilia:
2437 3655 2769 3729 celebritatis
2790 3653 3078 3729 occasione
3104 3653 3364 3729 militibus
3381 3656 3506 3729 sive

1906 3723 2081 3785 officia
2112 3728 2205 3783 lib.
2237 3727 2573 3798 proconsulis
2605 3736 2697 3782 aut
2725 3724 2966 3795 praesidis
3007 3723 3299 3798 ChriStiani
3322 3725 3509 3782 mitte-

1905 3799 2035 3854 bant
2061 3840 2076 3864 ,
2110 3809 2169 3854 ut
2196 3796 2292 3855 eos
2322 3798 2584 3854 baberent
2610 3799 2878 3868 tequiores
2924 3806 2981 3851 et
3002 3796 3503 3868 ‘clementiores.._..

1904 3870 2206 3927 Saturnalia
2238 3885 2524 3926 munerum
2563 3878 2619 3925 et
2649 3865 2954 3926 strenarum
2983 3866 3100 3924 dies
3127 3865 3298 3923 fuere.
3347 3866 3508 3926 Unde

1900 3943 2027 4003 illud
2051 3940 2323 4007 Martialis,
2352 3939 2420 3996 IV
2460 3956 2476 3996 :

2117 4027 2391 4078 Saturnalia
2414 4026 2730 4079 fructuosiora

2117 4092 2274 4142 Annis
2295 4103 2395 4141 non
2417 4090 2588 4141 habuit
2602 4090 2779 4139 decem
2802 4086 3050 4139 Sabellus.

1968 4175 2125 4233 CAP.
2158 4173 2454 4248 Xlll.—(e)
2485 4174 2591 4248 Sed
2615 4174 2867 4248 quomodo
2905 4176 3237 4248 colligemus?
3264 4183 3365 4237 Πῶς
3391 4201 3506 4231 συνς

1896 4254 2098 4328 iisne»;
2120 4248 2356 4328 Irinazus,
2379 4243 2574 4328 [ιιι-ιιι,
2596 4243 2715 4328 cap.
2737 4247 2803 4328 ἦε
2825 4243 3197 4328 Coufundimus
3221 4263 3394 4328 omnes
3412 4264 3507 4303 eos

1896 4317 2209 4393 qui'quoquo
2231 4320 2382 4393 modo
2404 4320 2479 4373 uel
2505 4334 2597 4393 per
2623 4319 2703 4372 sui
2729 4317 3035 4393 placentium
3059 4319 3268 4393 malum,
3306 4317 3382 4372 cel
3410 4333 3506 4372 oa-

1898 4389 2271 4462 nautgloriam,
2287 4391 2364 4445 uel
2376 4407 2465 4462 per
2476 4389 2751 4462 cwcitateut
2767 4398 2812 4441 et
2825 4389 3013 4462 malam
3025 4391 3343 4462 samnitium,
3361 4406 3505 4459 prte-

1899 4459 2126 4533 terqu'am
2165 4459 2663 4533 oportet'colligunt.
2695 4460 2922 4533 Optatns
2948 4459 3050 4514 lib.
3074 4460 3121 4515 Il
3151 4459 3329 4533 :_Non
3357 4462 3502 4533 enim

1896 4530 2025 4605 gres:
2057 4543 2143 4587 aut
2171 4534 2393 4605 populus
2436 4530 2737 4605 appellandi
2771 4530 2992 4605 fuerant
3039 4531 3211 4605 pauci,
3242 4532 3331 4605 qui
3360 4532 3503 4605 inter

1897 4602 2250 4675 quadraginta
2270 4614 2317 4675 et
2344 4606 2484 4675 quod
2508 4604 2732 4675 excurrit
2762 4602 3021 4670 basilicas,
3049 4603 3216 4657 locum
3238 4604 3321 4657 ubi
3345 4603 3501 4658 colli-

1897 4674 2194 4747 gerentinon
2216 4674 2486 4729 habebant.
2519 4674 2639 4730 RIG.

1972 4745 2036 4820 (t)
2066 4746 2247 4821 Neque
2266 4747 2401 4821 enim
2420 4747 2592 4821 statim
2624 4756 2677 4821 e_t_
2697 4744 2953 4821 apopqu
2973 4745 3239 4821 inluserit
3261 4787 3275 4811 ,
3309 4744 3353 4799 si
3375 4747 3500 4817 om-

1896 4817 2251 4873 cia'milita'ria
2280 4817 2574 4873 redemeris.
2638 4817 2753 4872 Etsi
2784 4817 3017 4872 nmnmis
3044 4817 3239 4873 oblatis
3262 4832 3501 4873 concus-

1899 4904 2053 4945 sorcs
2082 4890 2203 4946 illos
2228 4930 2243 4952 ,
2274 4886 2643 4945 beneficiarios
2668 4897 2724 4943 et
2748 4888 2994 4943 curiosos
3022 4888 3318 4957 placaveris
3344 4929 3359 4950 ,
3394 4903 3460 4957 pa
3480 4917 3502 4930 -

1889 4974 2119 5031 ceraque
2169 4963 2237 5015 ab
2287 4960 2351 5015 iis
2401 4959 2719 5031 redemeris,
2774 4973 2881 5013 non
2924 4960 3104 5014 statim
3156 4967 3211 5014 ct
3243 4974 3273 5013 a
3306 4961 3495 5029 populi

1891 5030 2120 5088 furentis
2142 5032 2290 5088 rabie
2323 5041 2466 5087 tutus
2493 5032 2621 5086 eris.
2655 5030 2777 5087 th.

1966 5101 2043 5177 (g)
2061 5102 2250 5177 Habes
2266 5112 2475 5177 noctem
2500 5103 2611 5156 luce
2635 5100 2827 5177 Christi
2849 5101 3173 5157 luminosam.
3219 5099 3318 5177 Sic
3344 5101 3493 5157 liber

1892 5172 2092 5232 Ursini.
2125 5174 2280 5244 Quod
2307 5174 2572 5244 sequitur,
2592 5172 2837 5228 adversus
2865 5189 2998 5240 eam,
3035 5187 3194 5244 prave
3217 5172 3490 5230 insertum

193 5240 714 5314 siveimnogbiaxcg
743 5242 1013 5314 dicuntur,
1043 5244 1242 5314 quique
1264 5244 1384 5300 aliis
1405 5240 1565 5300 etiain
1599 5240 1784 5302 usibus

1917 5247 2095 5302 letrahi
2126 5240 2303 5302 velim.
2331 5240 2451 5301 Βία.

193 5312 525 5387 serviebant.
544 5313 759 5387 _Paull.,
790 5312 827 5367 l.
861 5312 948 5380 lIl,
971 5314 1039 5370 de
1060 5312 1339 5387 olisprzel‘.
1369 5318 1473 5387 vig.
1498 5314 1652 5372 Unde
1678 5315 1783 5372 Lu-

1960 5316 2042 5389 (h)
2071 5316 2256 5389 Melius
2276 5327 2349 5371 est
2370 5317 2543 5389 turbas
2564 5325 2677 5389 tuas
2697 5315 2973 5385 aliquando
2995 5330 3097 5389 non
3121 5315 3309 5382 videas,
3329 5331 3491 5385 quam

189 5384 377 5440 cianus
401 5382 611 5456 Hippia,
630 5391 698 5440 Tt
722 5389 781 5438 ἄν
805 5407 880 5443 σοι
919 5389 1000 5444 ἰπὶ
1023 5391 1173 5460 τούτῳ
1188 5382 1778 5460 ’λιγσιμιξπαλαίστραὴ

1920 5382 2116 5443 ridicas.
2148 5386 2350 5459 Nempe
2379 5386 2673 5444 tributaria:
2701 5382 2964 5444 servituti.
2998 5387 3120 5443 llic.

1495 5640 2146 5677 m
