3902 6312
244 260 352 325 127

1668 254 2127 314 TERTULLIANI

3450 261 3556 321 128

248 380 433 440 densas
482 398 706 457 quasque
733 384 816 456 (l)
854 380 1103 453 eﬂ‘odietis
1141 396 1259 438 aras
1301 396 1495 445 eorum,
1526 377 1753 435 evertetis
1790 384 1836 430 et
1863 373 1913 436 A
1941 391 2157 446 quoque
2182 376 2424 434 ordinem
2457 377 2525 434 ab
2553 377 2819 437 idolorum
2849 379 3220 439 exsecratione
3240 383 3553 440 commisit:

248 476 598 533 comminuetis
635 475 874 533 staticula
915 493 1112 543 eorum,
1139 485 1187 532 et
1215 474 1453 532 excidetis
1479 473 1618 528 lucos
1644 487 1841 536 earum,

249 580 299 626 et
355 570 610 640 scalptilia
650 570 877 642 ipsorum
920 569 1127 625 deorum
1165 568 1243 641 (ἓ)
1287 565 1669 623 concremabitis
1711 564 1842 635 igni,

250 675 298 724 et
323 666 623 736 disperdetis
650 681 831 721 nomen
861 680 1034 721 eorum
1072 665 1134 719 de
1158 665 1268 719 loco
1294 662 1407 720 illo.
1439 660 1626 717 Adhuc
1653 658 1847 731 ingerit

250 770 370 814 cum
424 755 737 813 introissent
802 767 996 814 terram
1052 754 1441 827 promissionis,
1482 762 1539 810 et
1588 751 1844 808 extermi-

250 859 472 909 nassent
500 852 744 907 nationes
773 851 889 921 ejus
912 869 925 906 :
948 849 1082 905 Cave
1111 848 1198 904 tibi
1238 865 1302 905 ne
1336 847 1563 918 sequaris
1592 862 1677 901 eas
1704 856 1843 915 post-

250 959 463 1016 eaquam
503 945 847 1000 exterminata:
892 943 1079 1018 fuerint
1107 960 1139 997 a
1167 942 1298 1015 facie
1322 951 1431 1008 tua,
1461 957 1526 997 ne
1559 939 1849 1011 requisieris

252 1039 375 1096 deos
402 1040 642 1108 illarum,
679 1038 850 1095 dicens
873 1055 893 1094 :
927 1036 1354 1108 quemadmodum
1395 1035 1589 1108 faciunt
1618 1036 1849 1088 nationes

253 1133 361 1188 deis
399 1133 523 1199 suis,
567 1130 645 1205 (ὅ)
691 1141 738 1186 et
776 1148 867 1204 ego
911 1132 985 1187 ita
1024 1131 1230 1201 faciam.
1260 1127 1368 1186 Sed
1413 1136 1470 1184 et
1519 1127 1571 1183 id
1614 1125 1697 1200 (Α)
1742 1124 1850 1182 :Si

254 1225 545 1297 prophetes,
578 1224 747 1296 inquit
773 1222 951 1297 (Deut.
994 1221 1166 1297 XIII).
1199 1221 1536 1278 exsurrexerit
1562 1221 1617 1275 in
1648 1231 1716 1285 te,
1760 1228 1850 1274 aut

253 1319 508 1375 sonmium
533 1317 815 1382 somnians,
844 1326 889 1372 et
913 1315 1108 1371 dederit
1133 1315 1221 1371 tibi
1246 1315 1450 1387 signum
1475 1314 1552 1368 vel
1577 1322 1846 1379 ostentum,

255 1422 302 1469 et
335 1413 549 1468 evenerit
600 1410 700 1485 (Β),
745 1421 793 1467 et
834 1411 1057 1466 dixerit:
1088 1426 1294 1476 eanms,
1344 1418 1389 1465 et
1428 1409 1701 1465 serviamus
1743 1406 1851 1462 deis

254 1505 391 1573 aliis,
417 1521 544 1578 quos
568 1522 670 1561 non
700 1504 840 1560 scitis
857 1520 876 1559 :
905 1521 969 1559 ne
1009 1503 1229 1559 audiatis
1257 1518 1539 1559 sermonem
1566 1502 1847 1573 prophette,

254 1607 345 1654 aut
380 1597 704 1653 somniatoris
746 1596 920 1662 illius;
953 1597 1073 1664 quia
1116 1604 1271 1650 tentat
1302 1611 1388 1650 vos
1423 1594 1674 1649 Dominus
1713 1592 1852 1647 Deus

255 1699 433 1757 vester,
461 1706 529 1743 an
574 1689 651 1761 (6)
702 1705 767 1743 ea:
814 1697 920 1743 toto
959 1687 1113 1743 corde
1147 1696 1311 1743 vestro
1342 1728 1358 1754 ,
1387 1697 1431 1742 et
1459 1703 1523 1743 ea:
1547 1696 1655 1742 tota
1677 1685 1852 1741 anima

1950 467 2257 526 Maledictus
2287 472 2437 527 homo
2467 474 2552 544 qui
2579 474 2755 546 fecerit
2784 475 3022 547 sculptile
3044 486 3132 531 aut
3161 479 3336 550 fusile,
3367 495 3557 551 asper—

1948 573 2239 619 namentum
2285 564 2529 633 Domino,
2577 584 2705 639 opus
2756 567 2872 641 (13)
2914 586 3161 625 manuum
3209 577 3453 634 artificis.
3503 593 3554 630 α

1948 654 2266 712 collocaverit
2290 656 2423 712 illud
2447 660 2500 713 in
2525 660 2819 716 abscondito
2861 661 2883 736 (
2910 660 3066 719 Deut.
3094 661 3309 730 XXVII,
3342 666 3461 735 15).
3494 664 3559 722 In

1948 748 2187 806 Levitico
2216 766 2348 807 vero
2384 752 2551 825 (XIX,
2580 752 2678 826 4):
2714 753 2837 810 Non
2870 756 3147 828 sequemini
3185 758 3325 830 (14),
3356 758 3559 830 inquit,

1949 839 2108 907 idola,
2139 851 2187 896 et
2223 842 2345 898 deos
2385 843 2564 913 fusiles
2592 859 2694 900 non
2729 846 2924 917 facietis
2953 848 3111 904 vobis.
3141 846 3254 920 Ego
3303 847 3564 907 Dominus

1955 934 2091 991 Deus
2133 946 2312 992 vester.
2357 937 2426 994 Et
2466 939 2629 995 alibi:
2664 938 2792 995 Filii
2832 940 3001 997 Israel
3038 942 3225 1012 famuli
3252 945 3399 1014 pueri
3422 947 3528 1000 mei
3540 962 3563 1012 ,=

1951 1030 2005 1082 hi
2030 1039 2146 1084 sunt
2171 1046 2298 1101 quos
2316 1030 2469 1085 eduxi
2490 1031 2554 1086 de
2577 1040 2712 1088 terra
2733 1031 2974 1106 diggpti.
2997 1034 3113 1108 Ego
3139 1034 3386 1091 Dominus
3410 1036 3569 1093 Deus

1950 1129 2130 1177 vester.
2165 1120 2288 1177 Non
2312 1121 2505 1191 facietis
2532 1123 2671 1179 vobis
2695 1139 2853 1180 manu
2879 1126 3035 1196 facta,
3065 1143 3155 1183 nec
3179 1128 3412 1197 sculptile
3431 1128 3568 1203 (l5)

1950 1213 2241 1269 staticulum
2266 1217 2497 1271 statuetis
2536 1218 2693 1282 vobis,
2724 1235 2817 1273 nec
2856 1219 3078 1291 lapidem
3121 1237 3329 1292 scopum
3358 1224 3569 1292 ponetis

1951 1305 2007 1361 in
2053 1315 2189 1362 terra
2234 1318 2418 1363 vestra.
2470 1308 2583 1382 Ego
2631 1312 2879 1368 Dominus
2924 1312 3066 1371 Deus
3102 1325 3280 1371 vester.
3332 1317 3401 1373 Et
3439 1317 3570 1376 hac

1952 1399 2166 1472 quidem
2202 1402 2370 1472 prima
2398 1417 2495 1474 per
2522 1403 2742 1478 Moysen
2771 1405 2911 1463 dicta
2945 1405 3064 1481 (l6)
3093 1418 3218 1464 sunt
3245 1423 3277 1464 a
3302 1410 3565 1477 Domino,

1953 1493 2137 1563 utique
2160 1494 2479 1565 pertinentia
2505 1511 2873 1569 quoscumque
2894 1498 3151 1557 Dominus
3173 1499 3313 1556 Deus
3342 1500 3571 1558 lsraelis

1954 1586 2175 1657 perinde
2216 1587 2284 1644 de
2325 1586 2558 1662 Egypto
2596 1591 3105 1662 superstitiosissimi
3138 1593 3344 1662 saeculi,
3387 1604 3446 1650 et
3486 1594 3575 1652 de

1953 1679 2116 1737 domo
2155 1679 2403 1738 humanas
2446 1683 2720 1740 servitutis
2760 1684 3027 1742 eduxerit.
3056 1684 3163 1743 Sed
3200 1694 3257 1742 et
3300 1686 3572 1761 deinceps

256 1792 425 1845 vestra
466 1780 682 1836 timentis
736 1777 815 1855 (7)
859 1796 993 1835 eum.
1045 1779 1173 1835 Post
1215 1778 1493 1835 Dominum
1539 1777 1703 1833 Deum
1741 1793 1854 1833 ves-
1884 1767 1936 1830 B
1962 1790 2122 1831 omne
2166 1790 2229 1831 os
2267 1776 2657 1848 Prophetarum
2706 1777 2950 1849 ejusdem
2994 1778 3089 1836 Dei
3131 1780 3351 1838 vocibus
3376 1793 3571 1851 sonat,

261 1882 395 1930 trum
450 1872 529 1946 (8)
567 1873 797 1941 abibitis,
829 1883 875 1929 et
914 1874 1047 1929 hunc
1075 1874 1331 1943 timebitis,
1359 1882 1407 1929 et
1452 1880 1707 1945 praecepta
1742 1874 1853 1944 ejus

260 1966 570 2032 custodietis,
599 1975 645 2020 et
687 1982 855 2021 vocem
882 1967 993 2039 ejus
1035 1966 1273 2036 audietis,
1323 1975 1371 2022 et
1420 1966 1494 2021 illi
1536 1966 1778 2030 servietis,
1805 1976 1855 2021 et

260 2057 338 2114 illi
366 2058 695 2130 adjiciemini.
748 2057 1031 2130 PrOphetes
1094 2067 1263 2113 autem
1330 2067 1378 2113 et
1444 2058 1722 2113 soinnia'tor
1769 2058 1855 2113 ille

260 2149 505 2203 morietur
527 2165 546 2204 :
581 2149 781 2204 locutus
825 2159 898 2204 est
927 2150 1060 2204 enim
1089 2149 1157 2203 ad
1199 2149 1543 2205 seducendum
1587 2160 1636 2205 te
1678 2166 1709 2203 a
1741 2148 1853 2203 Do-

261 2240 398 2295 mino
422 2238 531 2295 Deo
558 2250 664 2297 tuo.
699 2241 774 2314 (α)
801 2239 907 2297 Sed
938 2251 993 2296 et
1021 2241 1127 2295 alio
1170 2241 1406 2310 capitulo
1447 2240 1526 2314 (9)
1557 2259 1571 2296 :
1602 2241 1661 2297 Si
1685 2251 1857 2297 autem

258 2336 512 2405 rogaverit
540 2343 588 2389 te
622 2337 781 2407 frater
819 2343 941 2388 tuus
987 2351 1050 2390 ea:
1096 2345 1239 2405 patre
1280 2335 1358 2389 vel
1382 2344 1562 2403 matre,
1602 2344 1689 2389 aut
1718 2335 1858 2404 ﬁlius

262 2435 398 2493 tuus,
429 2437 518 2482 out
545 2427 658 2497 ﬁlia
695 2437 802 2490 tua,
835 2438 923 2482 aut
949 2429 1150 2494 mulier,
1184 2444 1298 2499 qua:
1336 2428 1388 2482 in
1431 2430 1623 2500 gremio
1646 2439 1734 2485 tuo
1760 2440 1855 2496 est,

262 2529 351 2576 aut
376 2520 567 2574 amicus
590 2520 675 2588 qui
695 2520 880 2575 animae
896 2528 998 2575 tua:
1017 2537 1137 2592 pars
1153 2529 1246 2587 est,
1273 2521 1407 2576 clam
1429 2520 1602 2577 dicens
1619 2539 1639 2577 :
1660 2539 1855 2589 eamus,

262 2624 310 2670 et
344 2614 617 2668 serviamus
644 2612 751 2667 deis
789 2613 927 2681 aliis,
965 2629 1091 2685 quos
1134 2629 1236 2669 non
1278 2614 1396 2680 scis,
1426 2630 1517 2670 nec
1555 2625 1723 2685 patres
1750 2617 1857 2685 tui,

264 2725 329 2764 ea:
349 2708 454 2762 deis
471 2707 733 2762 nationum
755 2723 868 2779 qua:
885 2708 1073 2763 circum
1094 2717 1141 2761 te
1162 2708 1392 2778 proxime
1413 2719 1551 2777 sunt,
1574 2720 1662 2764 aut
1680 2710 1826 2782 longe
1839 2726 1861 2776 ,'

262 2819 326 2858 ne
355 2801 473 2856 velis
498 2800 572 2855 ire
590 2800 829 2863 camilla,
847 2810 893 2855 et
918 2817 980 2855 ne
993 2801 1216 2856 audieris
1243 2817 1379 2857 eum.
1410 2801 1530 2857 Non
1555 2805 1860 2877 parcet(lO)

262 2895 437 2956 oculus
453 2903 569 2950 tuus
584 2911 735 2968 super
749 2912 882 2962 eum,
897 2893 973 2968 (b)
988 2912 1079 2950 nec
1090 2894 1419 2964 misereberis,
1434 2914 1523 2953 nec
1539 2899 1725 2955 celabis
1742 2901 1761 2970 (
1770 2901 1790 2954 l
1805 2900 1861 2971 1)

262 3004 376 3044 eum
394 3005 413 3044 :
443 2989 750 3043 annuntians
775 2988 1099 3043 annuntiabis
1128 2988 1193 3044 de
1231 3005 1323 3052 eo;
1351 3006 1532 3045 manus
1577 3000 1678 3046 tua:
1714 3003 1862 3048 erunt

261 3081 315 3136 in
346 3097 460 3136 eum
487 3082 538 3135 in
567 3080 743 3153 primis
771 3080 841 3134 ad
884 3081 1234 3149 occidendum,
1276 3092 1322 3137 et
1348 3099 1529 3139 manus
1569 3084 1732 3140 omnis
1766 3101 1863 3156 po-

1957 1868 2203 1925 eamdcm
2230 1868 2400 1941 legem
2421 1886 2574 1926 suam
2602 1871 2915 1929 earumdem
2934 1882 3324 1945 praeceptorum
3356 1874 3574 1932 instau-

1958 1964 2166 2020 ratione
2207 1964 2552 2033 cumulantis,
2584 1980 2686 2022 ncc
2733 1965 2878 2021 aliud
2925 1966 3154 2037 primum
3200 1975 3306 2023 tam
3354 1969 3572 2040 princi-

1960 2053 2153 2125 paliter
2193 2054 2581 2124 denuntiantis,
2637 2071 2796 2127 quam
2848 2056 2917 2112 ab
2968 2057 3116 2113 omni
3154 2056 3358 2114 iactura
3401 2068 3580 2131 atque

1958 2150 2168 2205 cultura
2195 2147 2458 2203 idolorum
2488 2163 2717 2214 cavere;
2742 2157 2801 2204 ut
2823 2163 2921 2221 per
2950 2148 3115 2205 David
3140 2168 3153 2204 :
3178 2148 3275 2206 Dei
3297 2154 3579 2209 nationum

1960 2256 2224 2315 argentum
2267 2254 2316 2300 et
2343 2260 2558 2310 aurum;
2601 2243 2779 2300 oculos
2822 2244 3024 2311 habent,
3060 2260 3154 2299 nec
3197 2244 3314 2318 (l7)
3351 2246 3527 2302 videns
3555 2265 3582 2314 ;

1961 2355 2111 2394 aures
2159 2337 2363 2405 habent,
2409 2354 2500 2393 nec
2546 2337 2800 2402 audiunt;
2838 2354 2987 2393 nares
3043 2338 3249 2404 habent,
3296 2354 3388 2393 nec
3434 2339 3581 2393 odo-

1961 2439 2158 2490 rantur;
2211 2445 2289 2497 os,
2349 2445 2438 2484 nec
2478 2428 2788 2499 loquuntur;
2835 2444 3037 2495 manus,
3080 2444 3172 2484 nec
3218 2437 3582 2497 contrectant;

1963 2521 2144 2596 pedes,
2176 2539 2267 2578 nec
2303 2522 2679 2595 ingrediuntur.
2715 2521 2925 2579 Similes
2963 2531 3110 2577 erunt
3129 2522 3232 2580 illis
3257 2523 3347 2597 qui
3371 2524 3585 2595 faciunt

1963 2633 2024 2671 ea
2044 2614 2183 2687 (18),
2213 2625 2260 2670 et
2274 2616 2360 2688 qui
2380 2615 2546 2681 ﬁdunt
2572 2615 2625 2669 in
2653 2615 2781 2671 illis.

2595 2706 2827 2765 CAPUT
2866 2706 2956 2763 Ill.

2037 2800 2145 2856 Nec
2171 2809 2350 2869 putem
2375 2800 2805 2871 disceptandum,
2837 2815 2903 2856 an
2928 2801 3089 2871 digne
3111 2801 3252 2857 Deus
3278 2801 3581 2872 prohibeat

1967 2907 2169 2955 nomen.
2195 2900 2251 2947 et
2285 2892 2543 2948 honorem
2573 2906 2729 2948 suum
2771 2893 3052 2949 mendacio
3082 2893 3284 2959 addici,
3314 2910 3383 2949 an
3409 2894 3591 2966 digne

1966 2998 2102 3053 quos
2144 2982 2213 3039 ab
2265 2998 2452 3039 errore
2499 2983 2899 3055 superstitionis
2946 2986 3227 3050 avulserit,
3280 3001 3471 3043 rursus
3516 2987 3590 3044 in

1968 3075 2259 3149 Egyptum
2292 3075 2502 3147 regredi
2549 3075 2713 3143 nolit;
2759 3091 2827 3131 an
2874 3076 3036 3148 digne
3072 3091 3105 3131 a
3133 3092 3195 3133 se
3236 3093 3340 3133 non
3373 3077 3593 3148 patitur

238 3165 373 3246 ‘puli
397 3173 512 3247 (12)
541 3175 596 3229 in
620 3175 923 3242 novissimis,
952 3183 998 3229 et
1020 3174 1311 3245 lupidabitis
1338 3177 1506 3244 illum,
1530 3187 1576 3232 et
1600 3178 1858 3243 ntorietur,
1886 3162 1934 3226 Ο
1967 3170 2227 3226 absistere
2250 3185 2386 3241 quos
2413 3169 2513 3225 sibi
2536 3169 2734 3241 allegit.
2750 3167 3064 3244 ltaque(l9)
3081 3186 3180 3227 nec
3205 3169 3331 3227 illud
3349 3186 3596 3243 exspec—

263 3268 502 3340 quoniam
531 3268 756 3334 qutesivt'l
797 3277 1018 3322 avertere
1045 3277 1093 3323 te
1128 3284 1160 3322 a
1189 3266 1411 3325 Domino
1436 3269 1547 3326 Deo
1582 3278 1688 3327 tuo.
1717 3270 1862 3328 sub-
1971 3263 2102 3318 tabit
2125 3262 2241 3335 (ευ)
2273 3261 2548 3317 retractari
2574 3276 2604 3316 a
2633 3259 2889 3326 nobis,an
2910 3261 3186 3319 observari
3205 3262 3435 3319 voluerit
3464 3263 3595 3322 dis-

258 3359 374 3432 jicit
404 3360 563 3416 etiam
593 3358 660 3416 de
698 3360 1024 3427 civitatibus,
1063 3360 1107 3415 si
1138 3375 1293 3430 quam
1323 3376 1389 3417 ex
1412 3359 1497 3418 his
1535 3363 1865 3420 constitisset
1967 3355 2221 3425 ciplinam
2252 3369 2413 3426 quam
2442 3354 2611 3409 voluit
2637 3355 2938 3421 insumere.
2978 3364 3035 3413 et
3075 3371 3144 3412 an
3184 3357 3379 3415 merito
3409 3358 3595 3416 ulcis-

264 3468 424 3509 suasu
466 3452 765 3523 iniquorum
795 3452 1070 3508 hominum
1118 3454 1392 3511 transiisse
1424 3455 1492 3511 ad
1537 3456 1668 3511 deos
1705 3455 1861 3512 alios.
1971 3458 2124 3506 catur
2165 3449 2467 3514 desertam,
2525 3464 2686 3520 quam
2727 3449 2896 3504 voluit
2942 3449 3311 3508 observatam:
3360 3452 3596 3523 quando

268 3557 326 3603 ut
373 3549 798 3603 interﬁcerentur
837 3562 1024 3603 omnes
1055 3547 1348 3605 incolentes
1373 3564 1515 3615 eam,
1551 3559 1604 3604 et
1641 3549 1852 3605 devota-

1974 3540 2172 3597 l‘rnstra
2222 3540 2562 3606 instituisset,
2609 3540 2653 3599 si
2697 3539 2974 3597 observari
3018 3556 3137 3598 eam
3176 3542 3471 3611 noluisset;
3522 3555 3596 3603 et

269 3648 448 3697 menta
481 3640 667 3695 tierent
698 3640 945 3695 universa
989 3639 1127 3708 ejus,
1175 3650 1230 3695 et
1271 3640 1650 3711 colligerentur
1687 3642 1867 3697 omnia
1972 3636 2169 3692 frustra
2219 3635 2499 3692 observari
2529 3635 2835 3703 .voluisset,
2888 3636 2934 3692 si
2976 3636 3250 3695 vindicare
3289 3638 3589 3696 noluisset.

268 3732 438 3803 spolia
459 3732 574 3802 ejus
604 3732 654 3787 in
686 3746 876 3788 omnes
915 3732 1094 3788 exitus
1127 3731 1263 3803 ejus,
1292 3742 1346 3788 et
1371 3732 1477 3804 igni
1504 3743 1873 3790 cremarentur
1975 3730 2232 3802 Sequitur
2279 3730 2421 3785 enim
2465 3740 2523 3785 ut
2552 3727 2652 3785 has
2689 3729 3031 3786 deﬁnitiones
3050 3732 3153 3788 Dei
3182 3731 3440 3789 adversus
3486 3747 3595 3789 su-

268 3836 389 3879 cum
417 3822 664 3878 omnibus
684 3823 825 3879 vasis
852 3823 982 3888 suis,
1015 3832 1068 3878 et
1095 3838 1215 3879 cum
1253 3823 1397 3879 omni
1436 3825 1633 3895 populo
1662 3826 1715 3881 in
1741 3841 1874 3881 con-
1978 3824 2336 3898 per5titiones.
2353 3822 2423 3895 (c)
2440 3831 2544 3878 tam
2568 3823 2770 3879 evictas
2788 3823 3078 3895 (inquam
3101 3826 3263 3882 etiam
3285 3825 3602 3885 vindicans

269 3923 455 3987 Specto
486 3914 693 3970 Domini
736 3915 846 3970 Dei.
883 3913 951 3969 Et
981 3932 1083 3971 non
1111 3916 1204 3970 erit
1250 3915 1559 3985 habitabilis,
1587 3917 1779 3989 inquit,
1820 3920 1874 3975 in
1978 3915 2224 3987 probem,
2251 3914 2501 3984 quoniam
2524 3928 2588 3970 ex
2614 3913 2699 3969 his
2720 3922 2830 3969 tota
2858 3916 3236 3989 martyriorum
3259 3916 3400 3973 ratio
3422 3931 3603 3974 cons-

271 4019 535 4077 a’ternum,
582 4025 683 4064 non
727 3994 1123 4078 rewdiﬁcabitur
1163 4010 1406 4081 amplius,
1452 4027 1545 4068 nec
1593 4012 1874 4068 adhterebit
1979 4008 2131 4063 tahit.
2167 4007 2366 4062 Aberat
2406 4005 2545 4076 apud
2615 4005 2785 4062 Deum
2826 4006 2881 4061 in
2923 4016 3104 4062 monte
3158 4007 3412 4080 Moyses,
3458 4024 3605 4067 cum

269 4100 545 4172 quidquam
586 4100 818 4154 manibus
845 4101 943 4154 tuis
979 4117 1042 4155 ea:
1071 4100 1416 4157 devotameuto
1451 4104 1582 4174 ejus,
1627 4105 1702 4159 uti
1735 4121 1880 4160 aver-
1979 4102 2208 4176 populus
2238 4109 2343 4157 tam
2382 4100 2744 4156 necessariam
2781 4100 3078 4157 absentiam
3118 4100 3234 4173 ejus
3274 4101 3599 4172 impatiens,

273 4199 412 4248 tatur
438 4190 688 4247 Dominus
712 4192 773 4245 ab
802 4190 1151 4264 indignatione
1177 4192 1269 4248 ira:
1294 4209 1421 4250 suis.
1445 4193 1877 4257 Maledictionum
1983 4198 2112 4254 deos
2140 4194 2242 4251 sibi
2270 4192 2568 4266 producere
2597 4193 2810 4265 quaerit,
2827 4208 2962 4267 quos
2986 4195 3163 4268 potius
3176 4192 3297 4268 (εξ)
3321 4195 3439 4268 ipse
3466 4210 3607 4268 per-

1484 4286 1866 4349 LECTIONES
1902 4284 2315 4348 VARIANTES.

363 4414 405 4482 ζ)
430 4410 491 4482 Et
509 4412 601 4462 sub
618 4411 796 4482 arbore
817 4410 972 4482 densa
995 4392 1194 4482 quaqlie
1219 4412 1370 4482 Jun._
1604 4478 1636 4482 _
2040 4407 2144 4482 (ig)
2184 4410 2354 4482 alarius
2376 4409 2542 4474 pepuli
2578 4410 2651 4459 tui
2867 4404 3242 4482 ξῳατρὺετυι.

354 4468 406 4547 ἓ)
440 4475 657 4547 acorum
678 4475 907 4547 ἐρεδτυιη
931 4468 1331 4547 Ρε·ἀης.¹)ιῖ9τυηι
1358 4475 1573 4538 ipsarum
1597 4478 1743 4528 Ριιηι-
2043 4468 2148 4547 (t5)
2186 4468 3071 4547 έερθςηξιιξηέ,οριιδηεεηξιοηιὶιξεῐξὴ-

355 4531 406 4610 3i)
443 4537 507 4610 lit
528 4531 828 4610 add.1tjlt.en.
850 4533 1020 4610 δέπαι..
1043 4533 1241 4610 libertis:
1380 4531 1393 4538 ’
2187 4531 2822 4610 §'equiinipi'ithen.“Seml.
2850 4531 3045 4585 Oberth.

337 4596 408 4675 li.)
444 4600 497 4675 It!
521 4601 673 4675 οηιίέἕο
688 4598 849 4675 like"-
868 4596 1264 4675 ..Se"3’-.0.‘{€’Ii"-
2052 4596 2155 4675 liii)
2189 4596 2790 4675 E99!¥‘.’.‘¥-P‘3€":.Ff_i"3-

446 4662 659 4738 teneri!
863 4660 1015 4738 εειηιξ
1044 4659 1241 4738 Qte!!!-
2047 4652 2155 4738 (t‘ii
2189 4658 2563 4738 uetuisset
2580 4658 2644 4738 at.
2658 4670 2840 4738 senes
2860 4652 3016 4709 εεηιιο
3042 4654 3238 4709 0W"-

357 4717 408 4785 ϐ)
446 4724 511 4775 Ut
533 4727 652 4777 sciat
674 4727 716 4775 si
741 4724 862 4776 add.
884 4727 1029 4775 Pam.
1055 4732 1208 4773 Fran.

361 4788 410 4839 7)
444 4788 637 4839 Ametis
657 4789 783 4837 Jun.

2051 4717 2158 4839 (l7)
2194 4721 2256 4772 Et
2278 4720 2549 4794 tion_S_eml.
2576 4717 2774 4772 Oberllt.

2077 4787 2136 4836 18
2192 4784 2262 4834 Ea
2278 4783 2458 4839 Abncu
2479 4782 2620 4834 seml.
2647 4789 2753 4839 post
2776 4780 2851 4835 Rh

338 4791 386 4852 (7
444 4788 637 4839 Ametis
657 4789 783 4837 Jun.
2077 4788 2136 4836 18
2192 4788 2262 4834 Ea
2278 4788 2458 4847 Abiicit
2479 4788 2620 4834 semt.
2647 4789 2753 4846 post

337 4788 410 4920 (8)
446 4849 708 4920 _I_)_om_iuu_m
729 4849 879 4901 omitt.
902 4847 1054 4901 Rhen.
1081 4846 1231 4901 Seml.
1257 4848 1452 4902 Obcrth.
2181 4846 2280 4920 ita,
2301 4846 2450 4920 Seml.
2466 4843 2699 4920 pberthn
2751 4918 2753 4920 _

339 4907 610 4984 (vi'l‘iwlo
635 4912 741 4984 Risi;
861 4975 891 4984 _
1166 4973 1199 4984 _.
1903 4935 1960 4984 n
2045 4907 2150 4984 (29?
2181 4907 2717 4984 ἒξξρθοιειιίμιηεροάέ
2749 4916 2930 4958 WW-

367 4935 1297 5050 ἵόὶ¹ἓὲἐὲςῗὲὴωι.ξειωιουετιίι-..
1523 5038 1582 5050 _.
1719 5042 1751 5050 _
1835 5043 1847 5050 _

1956 4954 1960 4977 '
2045 4935 2150 4971 (ἆυ)
2182 4935 2579 4973 Ωιδμευιδιηιιιΐ,
2606 4935 2717 4959 wu.

2049 4972 2155 5050 (ἓὲὶ
2188 4971 2383 5050 Edim?
2404 4970 2529 5050 ,‘9‘1:
2542 4980 2727 5050 ἕνέἕέθ·

277 5034 459 5155 “(ut)”
480 5039 583 5091 Nec
604 5038 939 5100 desiderabis,
985 5050 1081 5088 nec
1116 5038 1327 5089 salvabis
1371 5050 1486 5091 eum
1518 5038 1671 5095 Rhen.
1713 5042 1866 5093 Semt.
2058 5034 2159 5102 (22)
2192 5034 2300 5094 0υο
2320 5048 2374 5086 Se
2402 5036 2563 5098 potius
2583 5035 2707 5084 Jun-

354 5119 406 5155 er
469 5139 480 5150 .

354 5112 459 5155 et'th
469 5139 480 5150 .

374 5200 379 5207 ε
1663 5187 2225 5250 COMMENTARIUS.

353 5278 429 5364 _(a_)
457 5278 565 5364 Sed
594 5288 646 5364 _et_
676 5277 1054 5364 aliocapitulo.
1077 5276 1230 5364 Quod
1257 5279 1429 5364 senmcl
1453 5291 1744 5364 annotasse
1773 5282 1885 5364 suf-
1992 5300 2059 5364 eo
2116 5283 2261 5364 quod
2319 5279 2602 5364 iucapita
2647 5279 2810 5364 initio
2848 5277 3117 5364 distincta:
3152 5274 3454 5346 Scriptura:
3492 5292 3614 5336 non

277 5349 442 5429 liciat,
473 5352 552 5406 vel
595 5349 895 5429 hinc_p:_i_tet
922 5349 1084 5429 longe
1108 5350 1266 5429 aliam
1307 5349 1477 5408 fuisse
1504 5352 1883 5429 capitiimdis.
1990 5349 2232 5429 fueri_nt_._
2255 5353 2351 5409 sed
2374 5353 2446 5429 _in
2475 5349 2642 5429 libros
2680 5350 2965 5429 duntaxat.
2985 5350 3137 5429 Pu.
3233 5415 3291 5429 Μ

280 5425 588 5480 tinctionem
613 5420 664 5475 in
698 5419 981 5496 bibliorum
1002 5417 1331 5496 editionibus
1357 5433 1516 5496 astate
1541 5423 1881 5490 Tertulliani,
2070 5424 2148 5496 (b)
2182 5423 2291 5479 Nec
2319 5424 2652 5496 misereberis,
2699 5439 2790 5496 nec
2816 5421 3023 5496 (celabis
3066 5435 3200 5496 eum.
3233 5417 3612 5496 Diverstealif-

278 5505 437 5565 atque
465 5506 628 5567 nunc,
655 5506 776 5546 cum
820 5491 974 5567 istud
1002 5492 1199 5567 eodem
1228 5508 1349 5567 cap.
1380 5494 1539 5550 hodie
1565 5487 1884 5567 reperiatur:
1994 5487 2147 5567 cuius
2164 5497 2445 5564 scripturae
2464 5494 2685 5567 vestigia
2703 5494 2959 5550 exhibent
2978 5490 3328 5554 membranas,
3354 5487 3442 5544 Ne
3467 5489 3618 5547 desi-

279 5562 455 5635 nellue
506 5564 573 5635 id.
608 5578 802 5619 novum
842 5562 1128 5629 videbitur.
1186 5562 1752 5635 qui'coinmenta'rios
1799 5581 1891 5622 ve-
1995 5562 2190 5623 dera...
2217 5562 2356 5622 vobis
2391 5581 2523 5620 eam.
2565 5562 2687 5623 Ric.

281 5625 453 5692 tet-inn
483 5625 801 5718 Pa'trumet
850 5636 1087 5691 maxime
1116 5625 1362 5719 Rlialnini
1403 5633 1583 5719 Mauri
1622 5637 1676 5693 in
1709 5635 1891 5719 scrip-
1998 5638 2409 5719 __C.AP_.lll._-—
2431 5636 2515 5719 (c_)_
2553 5635 2681 5719 Tant
2707 5636 2912 5719 articles,
2939 5631 3614 5719 quamet'iantvgindi‘catas.

279 5720 427 5782 turus
476 5722 611 5782 pene
626 5706 941 5782 universas,
990 5721 1110 5782 qua:
1139 5706 1277 5782 apud
1295 5721 1411 5782 _t_ne
1465 5703 1887 5782 ilSS.__esstant,
1996 5709 2085 5769 Sic
2110 5711 2305 5782 legitur
2323 5712 2377 5766 in
2398 5703 2584 5766 codice
2613 5706 2920 5781 Agobardi;
2949 5703 3003 5764 in
3031 5703 3126 5761 lib.
3148 5703 3353 5782 Ursini.
3382 5703 3609 5763 edictas.

281 5772 590 5852 inspexerit.
623 5778 756 5836 Nata
782 5787 867 5836 est
892 5772 1025 5835 vero
1054 5772 1195 5835 haud
1219 5776 1385 5836 dubie
1411 5780 1557 5836 varia
1588 5772 1888 5851 distinctio,
2160 5772 2190 5782 ”
2663 5772 2692 5781 ⁷
2906 5772 2913 5773 “
3286 5772 3411 5833 Ric.
