3902 6312
64 5452 83 5561 l

64 5740 269 6151 ι

350 279 463 337 I29
1412 283 1777 347 ADVERSUS
1814 286 2191 350 GNOSTICOS
2227 290 2632 353 SCORPIACE.
3530 299 3639 361 £50

333 391 561 449 diderit.
593 393 827 466 Urgetur
850 394 1047 461 Aaron.
1076 403 1131 451 et
1164 395 1316 468 jubet
1355 397 1570 456 inaures
1598 401 1937 460 foeminarnm
1966 406 2014 466 A
2045 421 2185 476 pune
2210 408 2573 474 commissam,
2605 409 2674 466 dc
2718 416 2793 466 tot
2840 410 3108 482 tantisque
3131 411 3468 470 documentis
3489 457 3503 482 ,
3538 431 3641 475 nec

330 500 562 544 suarum
613 488 668 543 in
710 487 886 560 ignem
932 487 1181 545 conferri.
1214 489 1477 548 Amissuri
1507 493 1649 549 enim
1692 504 1844 551 erant
1883 495 1938 551 in

326 576 596 649 judicium
647 581 751 637 sibi
804 596 928 639 vera
986 593 1299 639 ornamenta
1346 585 1576 652 aurium,
1621 586 1715 642 Dei
1753 602 1933 644 voces.

331 670 567 743 Sapiens
581 673 725 744 ignis
738 672 966 746 efﬁgiem
988 673 1134 730 vituli
1151 674 1393 731 defundit
1407 676 1515 733 illis
1531 676 1631 749 (1),
1649 679 1937 750 suggillans

332 763 445 821 illic
471 780 572 822 cor
590 765 876 833 habentes,
917 768 1006 825 ubi
1033 777 1088 825 et
1113 768 1445 838 thesaurum,
1474 772 1615 844 apud
1644 773 1937 846 Egyptum

333 861 542 919 scilicet
585 863 731 920 inter
770 872 963 921 caetera
982 865 1233 921 animalia
1264 866 1416 922 bovis
1457 868 1617 923 etiam
1657 868 1937 939 cujusdam

330 956 815 1022 consecratricem;
846 956 1023 1029 itaque
1054 958 1152 1013 tria
1182 958 1353 1015 millia
1382 958 1657 1015 hominum
1684 974 1712 1013 a
1740 975 1935 1031 paren-

333 1046 473 1104 tibus
492 1046 585 1121 (2)
602 1050 863 1120 proximis
883 1065 1042 1119 caesa,
1064 1051 1187 1124 quia
1210 1061 1314 1108 tam
1337 1054 1636 1123 proximum
1660 1065 1935 1125 parentem

330 1141 499 1199 Deum
548 1141 914 1213 offenderant,
966 1149 1407 1219 transgressionis
1450 1158 1503 1205 et
1549 1148 1837 1219 primordia
1882 1158 1939 1205 et

327 1234 521 1292 merita
549 1235 955 1294 dedicaverunt.
999 1237 1078 1311 (ιι)
1125 1238 1183 1295 In
1224 1240 1486 1296 Arithmis
1512 1237 1697 1314 (Nunt.
1740 1237 1934 1314 XXV),

324 1341 449 1385 cum
491 1327 811 1386 divertisset
861 1329 1020 1388 Israel
1067 1330 1209 1403 apud
1237 1331 1464 1398 Sethim,
1504 1331 1703 1391 abeunt
1752 1331 1935 1387 libidi-

296 1429 511 1478 ‘natum
540 1421 609 1478 ad
642 1424 782 1479 filias
806 1423 982 1491 Moab,
1018 1424 1308 1482 invitantur
1347 1426 1413 1481 ad
1442 1425 1607 1494 idala,
1656 1434 1712 1481 ut
1741 1433 1797 1482 et
1825 1425 1934 1497 spi-

319 1516 429 1572 ritu
455 1514 891 1584 fornicarentur;
928 1516 1095 1574 edunt
1120 1517 1351 1590 denique
1386 1519 1453 1574 de
1477 1518 1692 1590 pollutis
1714 1532 1929 1575 eorum:

316 1609 522 1667 dehinc
539 1620 597 1667 ct
626 1610 856 1667 adorant
885 1611 1017 1668 deos
1045 1612 1238 1683 gentis,
1265 1620 1321 1668 et
1350 1611 1687 1684 Beelphegor
1712 1610 1932 1667 initian-

315 1712 431 1760 tur.
451 1702 537 1761 0b
568 1703 715 1761 hanc
742 1720 956 1776 quoque
979 1704 1359 1772 idololatriam,
1390 1702 1636 1762 nzcechize
1662 1719 1927 1771 sororem,

2043 498 2207 554 ullum
2254 509 2359 555 tam
2401 501 2692 570 superbum
2737 502 2939 559 crimen
2971 505 3111 575 apud
3147 505 3314 561 Deum
3355 505 3637 577 deputari,

2041 606 2199 662 quam
2256 590 2562 662 hujusmodi
2606 596 3105 664 transgressionem,
3157 598 3295 653 ultro
3340 598 3641 672 intelligere

2041 682 2296 740 debemus
2312 684 2609 742 divinarum
2631 697 2686 742 et
2706 688 3169 746 deuuntiatiouum
3190 690 3639 751 etexecutionnm

2042 774 2414 845 intentionem,
2441 781 2552 848 jam
2593 788 2717 834 tunc
2766 781 3034 852 martyriis
3084 783 3500 853 patrocinatam,
3530 800 3639 844 non

2041 866 2202 922 modo
2254 883 2361 923 non
2406 864 2734 935 dubitandis,
2788 886 2976 927 verum
3043 875 3203 929 etiam
3255 875 3636 948 _sustinendis,

2039 957 2230 1027 quibus
2251 957 2455 1015 scilicet
2472 958 2644 1016 locum
2673 960 2871 1017 fecerat
2892 962 3225 1032 prohibendo
3245 964 3603 1024 idololatriam
3624 985 3638 1024 :

2039 1047 2196 1104 aliter
2222 1050 2367 1104 enim
2411 1052 2665 1123 martyris
2695 1067 2801 1107 non
2831 1053 3141 1122 evenirent;
3186 1065 3240 1111 et
3289 1057 3473 1129 utique
3507 1074 3640 1116 auc-

2042 1141 2308 1197 toritatem
2327 1157 2477 1198 suam
2498 1154 2898 1214 praestruxerat,
2922 1147 3107 1203 volens
3125 1164 3184 1203 ea
3208 1149 3429 1207 evenire
3444 1151 3639 1223 quibus

2039 1232 2217 1290 locum
2258 1234 2480 1299 fecerat.
2506 1235 2661 1292 Nunc
2707 1238 2848 1293 enim
2903 1239 2973 1296 de
3022 1240 3114 1297 Dei
3167 1241 3439 1300 voluntate
3492 1261 3643 1303 com-

2039 1326 2348 1397 pungimur,
2376 1339 2430 1384 et
2474 1326 2556 1402 (8)
2590 1329 2880 1401 ingeminat
2945 1334 3188 1404 scorpius
3238 1336 3468 1410 plagam,
3501 1337 3642 1398 lianc

2039 1431 2266 1489 negans,
2316 1418 2454 1475 hanc
2510 1435 2769 1479 accusans
2812 1424 3180 1494 voluntatem,
3231 1439 3285 1485 ut
3338 1440 3431 1487 aut
3471 1430 3639 1490 alium

2040 1509 2206 1566 Deum
2266 1511 2521 1580 insinuet,
2585 1517 2736 1585 cujus
2773 1515 2888 1573 haec
2950 1533 3055 1574 non
3102 1519 3172 1575 sit
3212 1521 3491 1591 voluntas;
3548 1534 3642 1582 aut

2038 1609 2282 1659 nostrum
2304 1605 2654 1663 nihilominus
2670 1607 2932 1678 destruat,
2957 1611 3108 1681 cujus
3131 1613 3250 1669 talis
3277 1616 3346 1670 sit
3367 1616 3635 1686 voluntas;

2039 1703 2133 1749 aut
2177 1697 2399 1753 omnino
2427 1710 2584 1770 neget
2623 1700 2949 1759 voluntatem
3001 1703 3116 1773 Dei,
3159 1705 3203 1761 si
3236 1706 3407 1778 ipsum
3439 1717 3667 1781 negare‘

309 1798 510 1871 viginti
529 1798 635 1854 tria
656 1798 821 1854 millia
842 1798 1152 1856 domesticis
1186 1800 1500 1856 obtruncata
1524 1800 1714 1871 gladiis
1735 1799 1929 1855 divinae
1959 1805 2007 1865 B
2038 1804 2145 1844 ηοη
2186 1791 2400 1860 Ροῑοῐίι·
2450 1792 2559 1849 N08
2593 1782 2773 1850 θυῑῶ]
2803 1795 2872 1852 de
2901 1796 3012 1853 D00
3041 1798 3164 1853 alibi
3192 1800 3530 1872 dimicantes,
3580 1813 3639 1861 et

310 1890 420 1947 ira
453 1890 766 1947 litaverunt.
818 1889 1082 1948 Defuncto
1123 1890 1252 1947 Iesu
1291 1890 1438 1947 Nave
1470 1889 1621 1965 (1nd.
1650 1890 1738 1964 II),
1765 1889 1925 1946 dere-

307 1983 570 2055 linquunt
596 1983 766 2040 Deum
797 1993 1009 2055 patrum
1041 1999 1283 2051 suorum,
1317 1994 1372 2041 ct
1401 1986 1640 2041 serviunt
1666 1984 1743 2057 (ὑ)
1770 1983 1926 2040 idolis

307 2073 523 2132 Baalim
548 2084 607 2133 et
634 2075 894 2143 Astartis;
925 2086 981 2132 et
1006 2076 1174 2133 iratus
1205 2077 1459 2133 Dominus
1489 2075 1720 2146 tradidit}
1744 2090 1840 2133 eos
1872 2075 1923 2131 iu

305 2171 570 2227 manibus
607 2170 1006 2241 diripientium;
1058 2179 1113 2227 et
1159 2170 1547 2242 diripiebantur
1590 2170 1660 2226 ab
1702 2170 1827 2237 illis,
1872 2176 1928 2225 et

306 2260 770 2319 venundabantur
806 2260 1060 2330 inimicis,
1110 2279 1207 2321 nec
1250 2273 1498 2336 poterant
1535 2265 1758 2319 omnino
1794 2263 1924 2319 sub-

306 2358 515 2414 siStet-e
540 2373 573 2412 a
602 2355 742 2413 facie
779 2356 1116 2412 inimicorum
1144 2371 1398 2424 suorum;
1429 2371 1766 2429 quocumque
1796 2371 1923 2427 pro-

305 2459 630 2516 morat",
670 2465 860 2506 manus
889 2459 1008 2506 erat
1045 2464 1207 2522 super
1241 2451 1365 2508 illos
1392 2452 1447 2506 in
1479 2451 1615 2506 mala
1640 2492 1655 2518 ,
1690 2458 1744 2506 et
1771 2464 1923 2506 com-

306 2541 549 2614 pressati
577 2549 709 2598 sunt
732 2541 906 2599 valde.
949 2542 1079 2597 Post
1105 2557 1226 2614 qua:
1251 2543 1331 2613 (ὅ)
1357 2542 1585 2598 instituit
1612 2556 1774 2615 super
1804 2541 1926 2598 illos

305 2635 465 2692 Deus
489 2634 692 2703 Critas,
720 2650 856 2707 quos
899 2651 1131 2693 censores
1157 2635 1526 2707 intelligimus,
1558 2635 1653 2693 sed
1679 2651 1779 2692 nec
1807 2636 1924 2692 istis

304 2727 578 2785 obaudire
601 2738 1051 2798 perseverarunt:
1078 2737 1135 2785 ut
1159 2729 1279 2799 quis
1305 2729 1573 2786 Critarum
1594 2729 1818 2791 obierat,
1848 2727 1923 2784 illi

306 2820 385 2877 ad
418 2820 844 2893 delinquendum
868 2836 1030 2893 supra
1053 2837 1212 2893 quam
1243 2830 1421 2892 patres
1440 2835 1649 2888 eorum,
1679 2820 1925 2877 abeundo

306 2921 445 2986 post
466 2911 602 2970 deos
625 2912 922 2970 alienorum
941 2925 997 2971 et
1024 2914 1307 2971 serviendo
1322 2923 1377 2971 et
1401 2913 1676 2971 adorando
1701 2930 1793 2971 eos
1822 2912 1922 2988 (ι).

308 3007 510 3079 Itaque
524 3007 788 3064 Dominus
807 2991 973 3064 iratus
991 3007 1278 3077 :Quoniam
1298 3008 1535 3080 quidem,
1550 3011 1644 3073 ait,
1661 3008 1737 3078 (c)
1761 3018 1928 3064 trans-

302 3115 500 3176 gressa
522 3111 608 3158 est
631 3101 715 3174 (5)
743 3117 878 3174 gens
912 3103 1010 3159 ista
1038 3112 1249 3174 pactum
1281 3115 1484 3167 meum,
1514 3101 1655 3171 quod
1684 3100 1923 3172 disposui

2032 1880 2102 1937 de
2128 1883 2334 1954 reliquo
2357 1897 2586 1955 corpore
2612 1885 2879 1943 haeretica:
2899 1888 3158 1960 cujusque
3180 1890 3460 1959 doctrinae,
3490 1909 3636 1953 nunc

2031 1974 2083 2029 iu
2128 1990 2285 2030 unam
2339 1977 2572 2049 speciem
2610 1979 3010 2050 congressionis
3060 1990 3234 2038 certas
3277 1985 3636 2055 prmducimus

2029 2066 2220 2137 lineas,
2272 2084 2377 2124 non
2424 2070 2646 2127 alterius
2684 2072 2801 2141 Dei,
2843 2088 3002 2145 quam
3033 2074 3266 2145 lsraelis,
3298 2093 3416 2135 eam
3445 2080 3635 2138 defen-

2027 2159 2216 2216 dcntes
2263 2161 2617 2231 voluntatem,
2644 2179 2766 2235 quze
2791 2166 3063 2238 martyriis
3086 2167 3261 2224 locum
3290 2169 3494 2242 fecerit,
3523 2181 3632 2232 tam

2027 2267 2092 2309 ex
2137 2255 2421 2324 praeceptis
2471 2253 2755 2325 prohibita:
2792 2270 3045 2328 semper,
3097 2274 3256 2330 quam
3305 2277 3373 2317 ex
3415 2263 3634 2334 jndiciis

2031 2345 2231 2416 punita:
2248 2345 2582 2403 idololatriae.
2598 2346 2655 2403 Si
2670 2348 2811 2404 enim
2830 2342 3151 2422 praeceptum
3176 2352 3516 2411 observatum
3548 2355 3568 2430 ζ
3575 2355 3634 2430 9)

2029 2437 2136 2493 vim
2167 2439 2387 2509 patitur,
2419 2438 2521 2495 hoc
2561 2440 2664 2495 erit
2706 2440 3105 2512 quodammodo
3142 2445 3461 2503 observandi
3490 2463 3632 2521 pne-

2028 2543 2267 2603 ceptum,
2314 2541 2373 2587 ut
2419 2531 2472 2588 id
2531 2534 2702 2604 patiar
2755 2548 2849 2604 per
2901 2534 3045 2607 quod
3097 2547 3285 2606 potero
3335 2538 3632 2599 observare

2030 2632 2395 2694 praeceptum:
2428 2622 2536 2679 vim
2583 2624 2790 2681 scilicet
2835 2641 3186 2700 qumcumque
3214 2630 3346 2686 mihi
3387 2633 3637 2693 imminet

2028 2718 2235 2772 caventi
2287 2716 2356 2772 ab
2398 2716 2719 2774 idololatria.
2758 2718 2828 2774 Et
2871 2720 3057 2792 utique
3100 2722 3188 2793 qui
3229 2724 3455 2796 imponit
3493 2743 3634 2798 pra:-

2015 2818 2264 2881 qceptum,
2308 2819 2591 2881 extorquet
2619 2810 2959 2883 obsequium.
3011 2812 3128 2870 Non
3163 2818 3335 2886 potuit
3374 2834 3503 2891 ergo
3533 2836 3635 2876 no—

2030 2901 2197 2957 luisse
2263 2916 2327 2959 ea
2375 2903 2614 2971 evenire,
2667 2919 2763 2975 per
2813 2922 2934 2977 quae
2979 2909 3250 2965 constabit
3287 2912 3631 2984 obsequium.

2031 2995 2403 3052 Pracscribitur
2440 2998 2572 3053 mihi
2616 3014 2685 3054 ne
2712 3014 2870 3070 quem
2900 3001 3064 3057 alium
3100 3003 3267 3060 Deum
3295 3004 3502 3075 dicam;
3536 3023 3630 3078 ne,

2030 3090 2117 3145 vel
2155 3088 2407 3158 dicendo,
2450 3105 2556 3147 non
2600 3091 2777 3147 minus
2821 3093 2998 3165 lingua
3035 3111 3194 3168 quam
3244 3113 3405 3154 manu
3459 3100 3632 3159 Deum

302 3192 560 3265 patribus
586 3201 874 3259 eorum,et
904 3209 1009 3250 non
1036 3193 1417 3267 audierunt(6)
1442 3209 1626 3251 vocem
1656 3210 1851 3263 meam,
1873 3202 1929 3251 et
1953 3199 1998 3263 ρ
2035 3182 2252 3255 fingam;
2276 3199 2344 3238 ne
2364 3197 2522 3255 quem
2544 3183 2706 3241 alium
2723 3186 2966 3256 adorem,
2986 3200 3072 3244 aut
3092 3205 3307 3262 quoqno
3333 3194 3492 3249 modo
3510 3193 3631 3267 (l0)

302 3299 423 3359 ego
444 3299 554 3342 non
584 3284 861 3342 advertam
883 3285 952 3342 ad
974 3285 1323 3343 auferendum
1341 3287 1511 3342 virum
1532 3302 1563 3341 a
1585 3286 1719 3342 facie
1738 3301 1924 3343 eorum

301 3393 383 3437 ex
409 3377 721 3435 nationibus
743 3393 877 3450 quas
896 3378 1148 3450 relinquit
1170 3378 1439 3436 decedens
1466 3378 1618 3436 Iesu.
1650 3380 1825 3451 Atque
1855 3379 1927 3436 ita

301 3486 619 3545 per-omnes
632 3486 770 3544 pene
781 3473 1268 3530 annalescritarum
1285 3473 1605 3545 etdeinceps
1618 3489 1824 3544 regum,
1840 3489 1927 3531 re-

301 3567 546 3624 servatis
559 3567 800 3639 gentium
821 3566 1262 3624 circumcolarum
1288 3567 1513 3634 viribus,
1534 3564 1675 3622 bello
1691 3567 1929 3637 etcapti—

300 3659 487 3716 vitate
521 3669 580 3715 et
612 3658 746 3732 jugo
784 3659 1177 3732 allaphylorum
1205 3661 1341 3717 iram
1380 3659 1712 3730 dispensavit
1734 3659 1921 3729 Israel,

298 3751 803 3823 quotienscumque
848 3751 919 3807 ab
959 3751 1050 3808 illo
1094 3751 1326 3809 maxime
1365 3752 1419 3808 in
1452 3749 1808 3808 idololatrian:
1842 3751 1926 3824 (7)
1962 3778 1976 3788 -

299 3841 785 3902 exorbitaverunt.

917 3934 1145 3994 CAPUT
1190 3936 1281 3994 IV.

380 4026 544 4086 Hane
589 4027 754 4100 igitur
793 4027 875 4100 (ά)
904 4029 950 4085 si
993 4044 1024 4085 a
1062 4029 1356 4102 primordio
1384 4039 1597 4087 constat
1637 4042 1693 4087 et
1740 4029 1927 4103 prolui-

298 4120 491 4179 bitam
533 4119 602 4177 de
630 4129 713 4177 tot
751 4121 1020 4193 tantisque
1059 4125 1369 4197 praeceptis,
1425 4133 1483 4181 ct
1522 4138 1792 4196 nunquam
1822 4122 1927 4179 im-

2028 3291 2279 3344 venerer,
2312 3286 2506 3348 praeter
2534 3277 2747 3335 unicum
2777 3279 2925 3335 illum
2951 3282 3042 3352 qui
3073 3282 3143 3338 ita
3175 3284 3423 3353 mandat;
3468 3302 3666 3358 quem.

2030 3381 2085 3428 et
2125 3371 2321 3443 iubeor
2364 3372 2577 3441 timere,
2621 3389 2689 3431 ne
2737 3373 2809 3429 ab
2866 3390 2933 3432 eo
2981 3376 3230 3445 deserar;
3262 3389 3317 3436 et
3364 3381 3433 3438 de
3483 3384 3633 3442 omni

2031 3462 2335 3520 substantia
2380 3463 2623 3536 diligere,
2666 3474 2724 3521 ut
2763 3480 2863 3535 pro
2904 3482 2969 3523 eo
3011 3470 3233 3525 moriar.
3283 3470 3419 3529 Iluic
3446 3488 3635 3530 sacra-

2037 3566 2224 3614 mento
2264 3557 2501 3614 militans
2538 3558 2605 3613 ab
2635 3557 2880 3615 hostibus
2921 3575 3205 3631 provocor,
3248 3579 3345 3635 par
3376 3581 3496 3623 sum
3524 3566 3634 3626 illis

2030 3648 2076 3705 si
2124 3647 2240 3722 (If)
2289 3663 2480 3705 manus
2538 3648 2759 3718 dedero;
2817 3650 2922 3709 hoc
2990 3651 3333 3712 defendendo
3384 3659 3634 3731 depugno

2033 3741 2085 3796 in
2153 3742 2289 3809 acie,
2339 3742 2614 3811 vulneror,
2673 3743 2950 3811 concidor,
3018 3745 3259 3803 occidor.
3310 3748 3442 3822 Quis
3487 3749 3637 3810 hunc

2032 3834 2188 3891 militi
2262 3848 2361 3891 suo
2425 3835 2626 3891 exitum
2704 3835 2914 3911 voluit,
2987 3837 3091 3894 nisi
3165 3840 3282 3910 qui.
3346 3842 3437 3897 tali
3508 3857 3636 3902 eum

2033 3936 2375 3985 sacramento
2405 3928 2785 3999 consignavit?

2643 4018 2873 4077 CAPUT
2913 4018 2979 4076 V.

2104 4113 2284 4172 llabcs
2334 4112 2492 4185 igitur
2538 4112 2631 4170 Dei
2680 4114 2789 4171 mei
2833 4113 3206 4173 voluntatem:
3239 4131 3522 4177 occursum
3549 4128 3641 4184 est

1537 4236 1918 4295 LECTIONES
1952 4229 2363 4292 VARIANTES.

376 4344 457 4411 (Ι)
485 4346 731 4411 Diffundit
753 4347 863 4402 illos
883 4349 996 4401 cod.
1024 4352 1210 4404 Wouw.

438 4410 460 4476 )
493 4410 562 4462 Et
579 4412 715 4464 deest
744 4420 911 4464 Venet.

373 4411 463 4597 ἓξ
485 4472 1124 4590 animatae-

375 4479 442 4597 f5
496 4479 765 4586 Postguam
789 4479 942 4528 Rhen.
971 4479 1124 4527 Seml.

375 4479 465 4730 ei
1106 4597 1373 4717 nm...

406 4661 443 4715 6
485 4659 831 4715 Obaudterunt
849 4659 1004 4718 Eheu.
1027 4664 1140 4716 Sent
1168 4701 1181 4714 .

406 4659 465 4718 6)
485 4659 831 4715 Obaudierunt
849 4659 1004 4718 Ithen.
1027 4659 1181 4717 Serui.

2121 4341 2172 4395 7i
2200 4341 2472 4395 Idololatria
2524 4341 2668 4394 Seutl.

2116 4402 2167 4470 8)
2192 4407 2255 4457 Et
2270 4405 2438 4470 abjicit
2460 4402 2604 4470 seml.
2621 4412 2725 4469 post
2748 4404 2966 4470 Ithenan.

2119 4468 2170 4524 9)
2196 4468 2516 4520 Obse'rvando
2536 4468 2679 4519 Pam.
2705 4468 2857 4521 Rhen.
2885 4469 3035 4521 Seml.
3060 4469 3256 4524 Oberth.

2122 4529 2200 4613 Ψ)
2227 4529 3485 4613 99329910.?!w't-ff'"!ﬂentem"!-.succede:
3505 4541 3637 4595 λωι-

2124 4591 2202 4659 tt)
2227 4594 2282 4644 Si
2305 4592 2400 4646 illis
2420 4591 2577 4647 Rhea.
2596 4596 2743 4646 Pam.
2763 4595 2905 4647 εεηιι.
2927 4595 3123 4649 Obertlt.
3148 4591 3243 4649 nisi
3261 4598 3356 4651 illis
3378 4591 3537 4656 Latin.

1696 4766 2262 4828 COMMENTARIUS.

397 4881 484 4954 (τι)
514 4879 582 4965 In
616 4878 886 4965 Arithmia.
926 4882 1413 4965 Vocemngrazcanr
1450 4881 1689 4965 retinuit,
1715 4897 1832 4965 pro
1879 4884 1931 4939 in
1955 4882 2011 4944 D
2037 4885 2284 4965 Stasanor
2319 4880 2463 4937 Idem
2492 4880 2631 4952 apud
2660 4880 2964 4965 Cedrenqu
2995 4887 3256 4958 reperies.
3283 4888 3361 4947 Ls
3390 4890 3488 4946 Pn.

306 4952 613 5022 Nuceria,
664 4964 724 5009 ut
767 4955 925 5025 paulo
963 4963 1085 5027 post
1126 4952 1293 5015 cem
1328 4954 1521 5081 habet;3
1550 4969 1663 5081 ﬁt.)
1698 4953 1930 5010 Indices.

1488 5040 1521 5080 Ε
1551 5040 1650 5081 νιι.

396 5094 519 5225 (1)20
535 5093 705 5153 Idalis
730 5096 944 5181 .Baafim
979 5105 1028 5182 et
1062 5097 1300 5154 Astartis.
1328 5097 1531 5153 Baalim
1572 5105 1700 5153 sunt
1728 5097 1817 5181 hic
1858 5097 1933 5153 dii

396 5179 455 5225 nt
521 5182 575 5225 tu
603 5182 701 5225 seu
727 5168 904 5225 idola:
932 5168 1217 5225 aliquando
1244 5169 1373 5225 Baal
1404 5183 1500 5225 nro
1526 5168 1644 5225 loco
1680 5177 1930 5224 sumitur.

310 5168 575 5300 mg]
603 5182 701 5225 seu
727 5168 904 5233 idola;
932 5168 1217 5251 aliquando
1244 5169 1373 5225 Baal
1396 5183 1509 5252 pro.
1526 5168 1644 5251 loco
1680 5169 1930 5251 sumitur.

589 5238 662 5296 de
713 5253 820 5300 qua
868 5241 1096 5300 plurima
1143 5240 1205 5297 fit
1244 5251 1449 5297 mentio
1495 5256 1548 5294 in
1595 5239 1748 5295 libris
1795 5239 1929 5300 Reg.

589 5238 820 5311 demqua
868 5238 1107 5311 plurima
1143 5240 1205 5297 fit
1244 5238 1449 5297 mentio
1480 5239 1748 5311 _in_libris
1795 5239 1929 5311 Reg.

310 5314 433 5373 de:
480 5318 604 5369 erat
664 5308 1036 5367 Sidonibrum.
1088 5310 1144 5367 Id
1201 5321 1425 5368 testatur
1467 5308 1779 5376 Cedrenns,
1839 5308 1929 5368 ubi

304 5392 516 5451 uarat
554 5380 906 5441 Salomonem
951 5384 1284 5440 exstruxisse
1324 5381 1679 5439 Moabitarum
1706 5381 1848 5437 idolo
1876 5391 1933 5439 et

294 5458 559 5527 mm
629 5451 979 5527 Sidoniorum
1049 5454 1264 5527 templa;
1333 5464 1387 5510 et
1442 5451 1682 5509 Achilles
1747 5452 1935 5511 Tatius

302 5523 1008 5594 “AmorumClitoph.
1021 5533 1075 5579 et
1085 5523 1305 5596 Leucip.
1326 5543 1339 5579 :
1359 5527 1562 5596 [Quave]?
1580 5541 1669 5581 τῶν
1692 5536 1931 5595 φοινίκων.

302 5602 553 5669 αὖ»
564 5600 730 5656 “id?
746 5602 1071 5669 Λαέρτηνᾼοὶ
1090 5594 1304 5652 Σιδώνιός
1324 5613 1339 5651 :
1364 5596 1488 5669 Dea:
1510 5594 1817 5669 Pftwni'cum
1842 5614 1932 5653 sa-

276 5666 725 5751 _:
742 5668 981 5751 testarum
1002 5666 1131 5751 ligno
1159 5667 1588 5751 uocantnSidonii.
1608 5667 1935 5751 Abominan-f

640 5737 780 5817 illud
816 5736 1024 5817 idoluut
1044 5722 1647 5817 Yeuerent‘Grtecorum
1676 5722 1838 5795 fuisse
1859 5722 1935 5795 ait

300 5804 527 5907 “In
568 5806 808 5883 Ᾱοτέρτη
853 5818 879 5870 ἦ
908 5808 1024 5880 παρ’
1049 5804 1261 5875 illum”
1302 5806 1536 5884 Ᾰφροδίτη
1575 5819 1799 5883 bimi,"
1834 5819 1932 5875 θεδθ

298 6044 357 6105 t‘

2112 4952 2187 5030 (ο)
2232 4952 2574 5030 Transgressa
2614 4963 2704 5030 est
2734 4972 2859 5027 gens
2928 4959 3027 5012 ista
3060 4952 3293 5030 'pactum
3336 4978 3520 5018 meum.
3578 4962 3638 5022 In

2038 5023 2381 5095 Agebat-diuo
2408 5026 2621 5105 legitur,
2661 5023 2986 5099 Trhnsgressi
3013 5023 3129 5105 sunt
3158 5050 3280 5104 gens
3307 5034 3405 5087 ista
3428 5044 3637 5105 pactum

2038 5112 2226 5161 meum,
2272 5106 2328 5152 et
2368 5098 2524 5166 paulo
2565 5104 2705 5166 post,
2759 5109 2806 5153 et
2832 5098 2952 5155 non
3000 5098 3272 5157 audierunt
3319 5098 3440 5158 υοοῖ
3466 5121 3637 5161 mere:

2037 5183 2145 5239 quo
2180 5166 2340 5223 modo
2368 5167 2627 5239 scriptum
2666 5183 2696 5222 a
2736 5169 3067 5227 Ter-tulliano
3097 5172 3262 5230 fuisse
3290 5189 3397 5230 non
3422 5174 3633 5233 dubito.

2036 5236 2142 5296 Sed
2173 5247 2447 5295 mutavere
2478 5236 2575 5310 qui
2607 5241 3030 5311 magistellorum
3058 5255 3268 5316 sceptra
3297 5245 3632 5372 nli‘etucbaut.

3100 5328 3108 5335 '
3371 5332 3446 5372 ις.

3100 5328 3108 5335 ⁸
3319 5328 3446 5373 ιίιῦ.

2105 5380 2263 5458 C_AP.
2279 5378 2532 5458 lY._—(d)
2555 5380 2620 5437 Si
2644 5398 2677 5437 a
2704 5384 2985 5452 primordio
3013 5395 3210 5440 constat
3230 5397 3278 5441 et
3300 5389 3631 5458 prohibitam.

2040 5452 2270 5509 Vetitam
2307 5451 2474 5508 fuisse
2514 5451 2763 5523 tanquam
2798 5464 3063 5510 summum
3099 5451 3363 5513 scelerum
3402 5459 3630 5515 idololao

2039 5526 2192 5580 triam
2207 5533 2356 5580 certo
2368 5524 2568 5580 certius
2584 5534 2684 5580 est.
2703 5524 2855 5580 Unde
2867 5525 3231 5583 Tertullianus
3251 5529 3303 5583 in
3323 5544 3388 5585 eo
3403 5531 3631 5586 crimine

2036 5604 2228 5669 cuncta
2241 5596 2622 5669 comprehendi
2641 5596 2825 5669 prohat
2839 5596 2932 5650 ιιι).
2947 5596 3015 5651 de
3031 5596 3240 5665 ldolol.,
3255 5616 3412 5669 quem
3431 5600 3512 5652 his
3526 5615 3627 5653 vo—

2035 5668 2185 5724 cibus
2203 5664 2441 5737 orditur;
2457 5664 2753 5737 Princiqu
2778 5669 2967 5737 crimen
2984 5670 3180 5737 generis
3200 5664 3431 5733 ltuittani,
3455 5679 3562 5724 etc.
3577 5671 3628 5727 Α

2035 5737 2190 5810 cujus
2216 5736 2479 5810 sententia
2521 5751 2628 5790 non
2671 5734 2899 5791 discedit
2940 5734 3626 5810 Gregor.Naziauz._0rat.

2035 5804 2201 5868 5311c
2237 5804 2423 5863 Idolol.
2457 5814 2653 5875 {exarat
2678 5822 2770 5867 τῶν
2796 5824 2951 5865 κακῶν
2977 5804 3072 5864 καῖ
3089 5825 3286 5879 πρῶτοι.
3327 5807 3406 5866 LE
3451 5807 3549 5867 ΡΒ.
