3902 6312
469 313 541 374 35
1843 307 2309 368 TERTULLIANI

3636 315 3729 375 I36

431 430 744 489 diversitate
790 430 1060 488 radiorum
1092 430 1117 484 ?
1156 428 1325 487 Porro
1343 470 1360 497 ,
1386 436 1442 485 et
1483 428 1528 485 si
1572 426 1695 485 lidei
1746 437 2024 499 propterea
2052 429 2107 489 Α
2129 425 2256 497 quid
2286 426 2569 499 sequitur?
2588 426 2788 499 Sophia
2810 428 2864 484 in
2887 429 3101 486 exitibus
3126 437 3361 485 cantatur
3380 430 3499 505 (10)
3519 431 3727 505 hymnis,

432 524 761 597 congruebat
802 522 1144 580 sublimitatis
1186 529 1242 577 et
1289 516 1548 577 claritatis
1582 521 1661 592 ll)
1691 519 1865 590 aliqua
1904 534 2021 590 pro.

433 613 593 685 latio,
623 615 729 672 tale
756 614 894 686 quid
940 629 1063 672 esse
1109 620 1420 686 oportuerat
1466 611 1596 668 illud
1637 610 2025 681 emolumenti,

431 706 574 779 quod
614 721 807 779 magno
850 715 1126 763 constaret
1168 704 1252 777 (2)
1303 704 1486 760 labore
1514 743 1531 771 ,
1581 704 1853 771 cruciatu,
1912 712 2027 759 tor-

428 806 614 855 mento
645 841 662 867 ,
708 807 900 855 morte.
944 796 1050 855 Sed
1091 796 1299 868 respice
1342 796 1876 867 compensationem:
1903 809 2027 850 cum

428 908 556 950 caro
579 902 635 950 et
660 893 838 950 anima
884 891 1220 964 dependitur,
1251 889 1447 961 quibus
1491 889 1542 944 in
1585 888 1804 945 homine
1849 886 2026 944 carius

429 983 565 1042 nihil
591 994 715 1053 est;
743 984 968 1041 alterum
1011 996 1200 1038 manus
1246 981 1374 1049 Dei,
1416 981 1644 1037 alterum
1694 980 1851 1034 ﬂatus
1901 978 2023 1053 (3);

427 1079 544 1148 ipsa
583 1076 809 1149 dependi
838 1079 889 1132 iu
923 1073 1159 1147 proiectu
1194 1074 1277 1146 (4)
1299 1116 1316 1140 ,
1342 1088 1570 1145 quorum
1601 1080 1685 1127 est
1712 1070 1980 1143 prolectus
2008 1087 2023 1137 ;

429 1168 544 1241 ipsa
594 1169 840 1241 erogari,
884 1183 1005 1239 quae
1049 1167 1315 1223 lucriliant
1371 1166 1493 1237 (5);
1553 1163 1741 1221 eadem
1810 1164 1978 1234 pretia
2007 1204 2022 1230 ,

427 1279 548 1336 qua:
576 1268 630 1319 et
660 1277 889 1319 merces.
922 1262 1278 1332 Prospexcrat
1305 1267 1360 1315 et
1387 1258 1484 1314 has
1515 1259 1657 1314 Deus
1687 1257 2024 1313 imbecillita-

428 1367 509 1415 tes
535 1356 855 1414 conditionis
901 1354 1186 1420 humanae,
1218 1344 1513 1409 adversarii
1562 1351 1819 1418 insidias,
1844 1365 2023 1406 rerum

426 1448 686 1516 fallacias,
715 1448 896 1504 succidi
928 1447 1083 1513 retia,
1110 1446 1273 1502 etiam
1300 1453 1421 1515 post
1447 1444 1716 1499 lavacrum
1745 1441 2024 1513 periclita-

425 1551 599 1598 turam
627 1540 789 1597 lidem
813 1581 828 1606 ,
857 1539 1124 1611 perituros
1152 1536 1439 1609 plerosque
1473 1550 1688 1591 rursum
1718 1544 1838 1607 post
1876 1534 2024 1590 salu-

424 1643 574 1704 tem,
601 1634 692 1707 qui
731 1636 982 1690 vestitum
1010 1631 1405 1687 obsoletassent
1454 1629 1537 1702 (ϐ)
1581 1629 1872 1700 nuptialem
1895 1670 1910 1695 ,
1933 1628 2021 1699 qui

425 1726 617 1783 faculis
644 1727 822 1782 oleum
854 1740 962 1780 non
992 1733 1418 1794 prmparasseut,
1452 1722 1542 1793 qui
1587 1720 1891 1792 requirendi
1929 1735 2023 1792 per

2135 518 2340 591 (Prov.,
2374 519 2543 593 I,20)
2571 516 2862 588 {cantatur
2899 523 3043 577 enim
3094 538 3150 578 et
3192 524 3365 580 exitus
3419 534 3726 597 martyrum.

2133 611 2333 683 Sophia
2360 613 2412 668 in
2433 613 2614 683 plateis
2630 614 2693 668 de
2712 614 2997 669 constantia
3013 612 3064 688 (I
3080 612 3268 688 l)agit,
3283 616 3418 671 bene
3433 617 3581 671 enim
3607 617 3729 673 lilios

2129 717 2258 758 suos
2288 702 2519 775 jugulat.
2543 703 2718 775 Super
2742 719 2985 760 summos
3014 716 3193 762 autem
3220 721 3404 762 muros
3429 705 3633 762 conlisa
3661 706 3730 763 di-

2131 794 2237 858 cit,
2285 810 2408 852 cum
2473 795 2687 868 quidem
2734 796 3028 852 secundum
3077 796 3265 853 Isaiam
3309 799 3395 854 hic
3439 799 3725 855 exclamat:

2131 885 2245 959 Ego
2279 886 2371 941 Dei
2390 904 2536 953 sum;
2565 897 2620 944 et
2649 888 2737 945 hic
2752 888 3111 945 vociferatur:
3143 888 3207 943 lu
3231 891 3433 947 nomine
3462 892 3729 958 Jacob;et

2131 981 2268 1038 alius
2297 980 2486 1038 scribit
2525 980 2668 1055 (l2),
2711 981 2777 1037 In
2819 983 3022 1038 nomine
3048 983 3259 1039 lsraelis
3291 982 3416 1056 (ls.,
3444 984 3629 1053 XLIV,
3657 986 3725 1056 5).

2130 1076 2175 1133 Ο
2205 1076 2398 1132 bonam
2449 1077 2715 1133 matrem!
2751 1077 2890 1148 Opto
2919 1085 2972 1133 et
2998 1078 3114 1148 ipse
3140 1078 3193 1134 in
3220 1078 3357 1133 lilios
3395 1078 3516 1149 ejus
3552 1077 3725 1149 redigi,

2131 1175 2189 1223 ut
2216 1167 2284 1222 ab
2312 1182 2373 1223 ea
2404 1167 2639 1224 occidar.
2689 1166 2828 1237 Opto
2872 1169 3064 1236 occidi,
3098 1177 3156 1243 ut
3197 1170 3340 1225 illius
3383 1170 3530 1225 liam.
3558 1169 3726 1226 Solum

2130 1269 2310 1316 autem
2331 1259 2538 1331 jugulat
2554 1260 2691 1316 lilios
2711 1274 2869 1324 suos;
2895 1276 2961 1315 an
2990 1270 3045 1317 et
3061 1262 3502 1332 torqttet‘lAudio
3524 1262 3662 1318 enim
3680 1272 3727 1317 et

2130 1351 2256 1407 alibi
2285 1351 2550 1408 dicentem
2592 1353 2758 1409 Deum
2786 1370 2799 1408 :
2828 1351 2990 1409 Uram
3034 1353 3154 1408 illos
3180 1354 3331 1409 sicuti
3358 1354 3527 1408 uritur
3555 1370 3723 1426 argen-

2131 1450 2237 1498 tum
2278 1442 2425 1516 (I5),
2451 1455 2498 1499 et
2526 1445 2747 1516 probabo
2767 1445 2884 1500 illos
2917 1446 3067 1500 sicuti
3117 1446 3361 1516 probatur
3398 1464 3584 1501 aurum
3619 1447 3720 1520 (l4)

2108 1535 2507 1610 .(Zaclt.,XIII,
2540 1537 2654 1610 I9).
2699 1537 2894 1609 Utique
2952 1553 3049 1610 per
3104 1548 3374 1596 tormenta
3421 1540 3619 1612 ignium
3667 1550 3723 1597 et

2127 1630 2536 1701 suppliciorum,
2563 1646 2658 1702 per
2674 1632 2928 1704 martyria
2957 1632 3078 1687 lidei
3107 1632 3520 1689 examinatoria.
3553 1634 3660 1689 Scit
3678 1642 3721 1689 et

2127 1719 2419 1793 Apostolus
2454 1723 2666 1792 qualem
2715 1724 2883 1780 Deum
2928 1724 3314 1795 adseripserit,
3365 1741 3489 1782 cum
3519 1726 3720 1782 scribit:

426 1829 639 1875 montes
663 1825 719 1873 et
746 1816 915 1872 saltus
935 1858 950 1884 ,
982 1824 1038 1871 et
1062 1813 1303 1869 humeris
1339 1820 1520 1869 essent
1562 1812 1888 1884 reportandi.
1922 1811 2019 1868 Po—
2052 1829 2100 1889 Β
2131 1812 2191 1869 Si
2214 1813 2352 1868 Deus
2392 1814 2531 1869 Filio
2559 1832 2650 1869 suo
2671 1833 2773 1871 non
2801 1817 3062 1888 pepercit,
3090 1818 3178 1873 sed
3223 1834 3319 1887 pro
3349 1818 3495 1873 nobis
3533 1818 3722 1874 tradidit

426 1910 534 1966 suit
560 1910 718 1981 igitur
745 1907 984 1966 secunda
1019 1906 1209 1963 solatia
1234 1949 1250 1975 ,
1281 1917 1519 1961 extrema
1549 1905 1795 1976 praesidia
1817 1946 1831 1972 ,
1866 1904 2022 1960 ditni~

424 2003 693 2060 cntionem
733 2002 1005 2075 martyrii,
1035 2009 1094 2057 et
1122 2001 1386 2056 lavacrum
1416 2000 1689 2071 sanguinis
1716 1999 1911 2055 exinde
1937 2013 2024 2055 se-

425 2111 633 2152 curum.
657 2094 732 2152 De
746 2094 900 2165 cujus
916 2093 1172 2149 felicitate
1193 2090 1391 2147 David:
1414 2091 1559 2147 Beati
1578 2107 1794 2164 quorum
1811 2090 2024 2146 dimissa

423 2198 540 2245 sunt
585 2189 876 2255 delicta,et
921 2206 1135 2262 quorum
1182 2198 1372 2262 aperta:
1418 2199 1535 2244 sunt
1575 2189 1868 2260 iniquitates
1895 2186 2017 2257 (Ps.

424 2280 660 2348 XXXII,
694 2280 771 2353 1).
805 2280 990 2336 Beatus
1032 2282 1108 2335 uir
1133 2283 1214 2335 cui
1244 2297 1344 2335 non
1386 2281 1710 2352 imputaverit
1750 2279 1891 2335 Deus
1934 2279 2023 2334 der

422 2372 621 2427 lictum.
653 2373 730 2444 (a)
767 2370 989 2442 Proprie
1019 2371 1160 2427 enim
1195 2372 1520 2443 martyribus
1545 2370 1676 2426 nihil
1713 2371 1824 2441 jam
1865 2385 2024 2441 repu-

337 2474 363 2492 ’
424 2464 524 2520 tari
560 2474 766 2535 potest,
800 2464 995 2535 quibus
1044 2464 1099 2519 in
1150 2464 1363 2520 lavacro
1405 2465 1518 2535 ipsa
1564 2464 1671 2520 vita
1712 2463 2018 2532 deponitur.

424 2555 519 2613 Sic
539 2555 742 2611 dilectio
762 2557 926 2630 operit
950 2555 1326 2611 multitudinem
1350 2556 1649 2611 delictorum
1678 2555 1729 2623 (I
1760 2553 1903 2611 Pctr.
1926 2555 2016 2624 IV,

424 2648 514 2721 8),
544 2664 666 2720 qua:
704 2647 872 2704 Deum
915 2649 1106 2704 scilicet
1149 2647 1366 2720 diligens
1403 2663 1467 2703 ea:
1513 2649 1631 2703 totis
1658 2647 1846 2702 viribus
1872 2649 2017 2716 suis,

422 2740 617 2812 quibus
637 2741 690 2797 in
717 2741 977 2814 martyrio
992 2741 1267 2810 decertat,
1287 2757 1349 2796 ea:
1370 2750 1474 2796 tota
1492 2742 1664 2796 anima
1688 2758 1782 2797 sua
1803 2740 2020 2814 (Matth.

423 2832 602 2903 XXII,
634 2835 725 2907 57)
750 2874 766 2903 ,
798 2850 958 2906 quam
999 2850 1095 2907 pro
1142 2835 1252 2891 Deo
1289 2834 1472 2906 ponit,
1505 2834 1781 2890 hominem
1820 2844 2021 2908 marty-

423 2942 537 2984 rem
592 2927 827 2984 excudit.
879 2927 1005 2984 lizcc
1058 2936 1117 2983 tu
1173 2927 1412 2983 remedia
1442 2968 1458 2995 ,
1487 2926 1752 2992 consilia,
1777 2926 1972 2998 judicia
2000 2969 2016 2994 ,

421 3019 726 3092 spectacula
754 3020 833 3091 (ὁ)
873 3020 1036 3077 etiam
1084 3018 1180 3075 Dei
1216 3020 1553 3076 atrocitatem
1592 3018 1857 3091 judicabis
1893 3018 2019 3094 (7)?

420 3114 736 3185 sanguinem
773 3114 1010 3169 hominis
1037 3113 1178 3169 Deus
1206 3111 1585 3183 concupiscit?
1614 3112 1679 3166 Et
1710 3120 1889 3168 tamen
1918 3127 2015 3167 au-

2124 1906 2295 1977 illum,
2312 1908 2565 1978 quomodo
2578 1926 2680 1964 non
2703 1919 2750 1963 et
2776 1925 2889 1965 cum
2910 1902 3002 1965 illo
3022 1911 3193 1965 omnia
3212 1912 3522 1967 condonavit
3549 1913 3720 1969 nobis!

2128 1999 2291 2056 Vides
2315 2001 2583 2072 quomodo
2599 2002 2758 2058 etiam
2786 2004 3060 2074 proprium
3083 2018 3237 2060 suum
3254 2004 3449 2061 Filium
3470 2006 3718 2078 primoge-

2125 2094 2300 2151 nitum
2323 2103 2378 2151 et
2398 2095 2724 2165 unigenitum
2758 2094 2957 2168 Suphia
2983 2097 3159 2152 divina
3175 2096 3532 2168 jugulaverit;
3559 2088 3719 2170 utique

2125 2191 2417 2256 victurum,
2437 2188 2545 2243 imo
2566 2198 2621 2245 et
2641 2199 2868 2245 cmleros
2885 2190 2939 2244 in
2954 2190 3116 2245 vitam
3136 2189 3353 2246 redaetu
3363 2193 3716 2247 rum.Possum

2125 2279 2309 2337 dicere
2328 2295 2448 2335 cum
2472 2279 2671 2351 Sophia
2686 2281 2780 2337 Dei
2802 2280 3073 2337 :Christus
3087 2292 3171 2337 est
3195 2282 3284 2353 qui
3310 2298 3373 2338 se
3403 2282 3615 2338 tradidit
3638 2297 3720 2352 pro

2125 2371 2332 2428 delictis
2355 2375 2572 2428 nostris.
2597 2371 2717 2428 Jam
2753 2382 2809 2430 et
2841 2375 3186 2444 setnetipsam
3208 2374 3411 2447 quhia
3436 2373 3718 2431 trucidavit.

2125 2462 2304 2518 Verba
2344 2461 2459 2535 (l5)
2501 2478 2606 2519 non
2635 2478 2770 2520 sono
2802 2465 2919 2531 solo
2945 2465 3177 2535 sapiunt,
3209 2466 3304 2522 sed
3331 2476 3388 2522 et
3414 2483 3573 2524 sensu
3597 2483 3610 2523 :
3637 2480 3719 2523 nec

2124 2554 2342 2610 auribus
2371 2555 2746 2613 tantummodo
2770 2555 3031 2613 audienda
3059 2567 3205 2624 sunt,
3239 2559 3333 2616 sed
3363 2570 3421 2616 et
3450 2560 3717 2617 mentibus.

2123 2644 2407 2702 Crudelem
2459 2646 2624 2702 Deum
2645 2689 2660 2713 ,
2692 2647 2786 2718 qui
2843 2663 2947 2703 non
3004 2648 3286 2721 intelligit,
3318 2650 3513 2707 credit.
3542 2651 3717 2718 Quam-

2122 2753 2283 2808 quam
2311 2746 2369 2794 et
2394 2754 2500 2795 non
2528 2739 2845 2810 intelligenti
2877 2740 3045 2812 posita
3073 2742 3337 2798 sententia
3363 2752 3483 2810 est,
3515 2757 3626 2814 quae
3653 2752 3718 2797 le-

2122 2832 2423 2889 meritatem
2451 2830 2702 2889 cohibeat
2725 2833 2882 2890 aliter
2920 2835 3272 2907 intelligendi.
3313 2836 3447 2904 Quis
3470 2838 3621 2899 enim.
3644 2835 3715 2890 in-

2123 2927 2240 2997 quit
2264 2923 2582 2995 (Rom.,XI,
2611 2924 2730 2999 32),
2757 2928 2990 3000 cognovit
3010 2945 3214 2984 sensum
3240 2928 3373 2985 Dei?
3405 2941 3497 2986 aut
3524 2931 3629 3001 quis
3652 2928 3718 2983 illi

2121 3018 2440 3074 consiliarius
2467 3019 2594 3092 fuit,
2626 3019 2715 3090 qui
2740 3036 2854 3074 eum
2867 3021 3100 3151 βδεῖν-παι
3118 3023 3144 3077 2
3170 3032 3257 3076 aut
3284 3023 3420 3077 viam
3448 3024 3716 3094 intelligen-

2123 3111 2208 3151 h'm
2235 3112 2347 3151 nni:
2376 3112 2738 3151 domnnelrnm'l
2756 3112 2839 3151 s'lls'
2936 3112 3042 3151 ςοει
3078 3114 3219 3151 οηίιιι
3246 3114 3569 3151 anlluu-nm
3616 3107 3716 3151 ma.

2122 3111 2208 3167 tite
2235 3112 2347 3183 quis
2376 3112 2738 3168 demonstrauit
2756 3112 2839 3168 illi
2866 3107 2906 3167 ΞΤ
2936 3112 3042 3170 Sed
3078 3114 3219 3169 enim
3246 3114 3569 3188 Scytharum
3616 3107 3719 3168 Dia-

418 3206 522 3262 sim
547 3203 730 3260 dicere
750 3244 764 3270 ,
788 3204 832 3259 si
860 3214 914 3259 et
944 3202 1106 3258 homo
1136 3218 1360 3276 regnum
1390 3204 1520 3272 Dei,
1550 3203 1593 3259 si
1622 3203 1785 3259 homo
1809 3208 2011 3259 certam
2044 3219 2088 3285 ρ
2123 3218 2269 3271 nam,
2288 3203 2666 3260 autGallorum
2684 3205 3022 3273 Mercurium,
3041 3206 3399 3263 autAlrorum
3422 3208 3714 3273 Saturnum,

419 3296 650 3354 salutem
675 3337 691 3364 ,
720 3296 765 3352 si
791 3303 844 3353 et
879 3296 961 3367 (8)
1004 3295 1165 3351 homo
1210 3294 1501 3351 secundam
1528 3295 2013 3365 regenerationem.

418 3386 560 3444 Nulli
613 3387 692 3460 (9)
742 3387 1109 3460 compensatio
1135 3387 1399 3443 invidiosa
1429 3396 1543 3455 est,
1576 3386 1630 3443 in
1656 3403 1759 3459 qua
1783 3397 1875 3444 aut
1898 3403 2020 3459 gra-

420 3479 509 3537 tia:
529 3522 545 3550 ,
575 3489 666 3536 aut
688 3479 898 3551 injuriae
916 3480 1219 3537 communis
1242 3488 1325 3536 est
1354 3479 1512 3535 ratio.

1026 3576 1257 3634 CAPUT
1294 3576 1408 3634 VII.

508 3656 742 3725 Incutiat
820 3669 1000 3725 adhuc
1083 3669 1328 3738 scorpius
1375 3710 1390 3733 ,
1446 3668 1767 3725 homicidam
1850 3669 2016 3726 Deum

417 3762 686 3821 ventilans
732 3783 746 3819 :
795 3762 1025 3819 ltorrebo
1099 3761 1259 3832 plane
1335 3776 1588 3833 spurcum
1667 3761 2019 3834 blasphemia:

414 3863 615 3911 statum
635 3853 702 3910 de
723 3852 974 3909 ltmretico
994 3866 1090 3908 ore
1110 3851 1384 3909 {intentem
1409 3867 1427 3920 ;
1454 3852 1548 3908 sed
1577 3861 1632 3909 et
1658 3852 1818 3909 talem
1851 3854 2017 3911 Deum

415 3943 487 4002 de
515 3943 710 4001 ﬁducia
750 3943 971 4001 rationis
1001 3943 1314 4014 amplectar,
1347 3957 1450 4015 qua
1485 3943 1690 4001 ratione
1712 3945 1873 4001 etiam
1906 3945 2020 4017 ipse

411 4052 479 4096 se
526 4037 646 4109 plus
690 4052 850 4109 quam
894 4035 1221 4093 homicidam
1261 4036 1628 4105 pronuntiavit
1675 4052 1742 4093 ex
1801 4037 2020 4109 Sophia:

415 4142 529 4185 sua:
556 4112 783 4200 persona
803 4170 819 4197 ,
858 4142 993 4185 voce
1025 4127 1329 4183 Salomonis
1356 4143 1375 4181 :
1406 4127 1624 4199 Sophia,
1657 4128 1826 4200 inquit
1855 4127 2022 4202 (Pro-

414 4220 577 4290 νοτίῃ,
607 4219 809 4293 IX,9.),
844 4221 1102 4294 jugulavit
1152 4220 1288 4291 ﬁlios
1338 4237 1477 4277 suos.
1533 4221 1759 4293 Sophia,
1807 4223 2022 4294 sapien-

415 4313 492 4369 tia
520 4321 623 4370 est.
651 4312 932 4385 Sapienter
960 4314 1145 4384 utique
1168 4312 1455 4384 iugulavit,
1484 4313 1612 4369 dum
1643 4315 1694 4369 in
1732 4313 1894 4370 vitam
1919 4332 1935 4383 ;
1967 4324 2021 4373 et

412 4409 767 4478 rationaliter,
795 4407 920 4465 dum
949 4409 1002 4463 itt
1042 4408 1286 4482 gloriam.
1316 4406 1361 4464 Ο
1392 4408 1663 4479 parricidii
1699 4410 1970 4481 ingenium
2004 4413 2019 4469 l

413 4520 450 4562 o
475 4504 696 4562 sceleris
722 4503 1005 4561 artiﬁcium
1031 4508 1046 4558 ι
1078 4516 1113 4559 o
1135 4511 1508 4576 argumentum
1530 4501 1879 4572 crudelitatis,
1901 4520 2019 4576 qua:

413 4595 614 4654 idcirco
635 4595 867 4666 occidit,
894 4609 963 4652 ne
986 4592 1248 4651 moriatur
1268 4608 1428 4666 quem
1452 4592 1743 4651 occiderit!
1785 4595 1856 4651 Et
1897 4595 2018 4652 ideo

2125 3296 2399 3353 hominum
2440 3297 2655 3354 victima
2686 3296 2884 3368 placari
2916 3298 3055 3369 apud
3092 3298 3348 3355 smcultttn
3396 3301 3547 3356 licuit
3586 3296 3715 3372 (l6).

2122 3387 2189 3445 Et
2219 3386 2372 3444 Latio
2404 3388 2470 3444 ad
2498 3386 2617 3461 (l7)
2639 3387 2956 3445 hodiernum
2999 3389 3118 3446 Jovi
3162 3390 3337 3446 media
3367 3390 3421 3446 in
3467 3392 3594 3448 urbe
3634 3389 3775 3445 Ιιιι-ι-

2122 3496 2317 3538 manus
2371 3482 2589 3554 sanguis
2635 3482 2964 3554 ingttstatur;
2994 3498 3095 3539 nec
3131 3483 3412 3557 quisquam
3461 3491 3713 3549 retractat,

2120 3585 2215 3631 aut
2242 3591 2347 3631 non
2377 3575 2639 3632 rationem
2670 3577 2951 3647 prtesumit
2977 3576 3232 3648 aliquam,
3262 3589 3355 3633 aut
3384 3575 3714 3635 inrestimabi-

2121 3670 2228 3727 lem
2261 3670 2355 3726 Dei
2404 3670 2486 3726 sui
2523 3670 2872 3726 voluntatem.
2900 3669 2959 3726 Si
2996 3679 3182 3727 noster
3204 3685 3418 3743 quoque
3449 3674 3586 3728 Deus
3606 3683 3715 3741 pro-

2124 3763 2253 3833 pria:
2292 3761 2481 3818 hostia:
2507 3762 2727 3819 nomine
2757 3762 3015 3833 martyria
3046 3761 3149 3818 sibi
3174 3761 3589 3833 depostulasset,
3610 3761 3715 3833 quis
3816 3784 3825 3789 -

2122 3854 2201 3911 illi
2221 3854 2600 3927 exprobrasset
2625 3854 2888 3911 funestam
2916 3856 3229 3927 religionem
3250 3898 3264 3923 ,
3302 3857 3620 3929 et'lugubres
3645 3852 3711 3908 ri-

2124 3956 2230 4015 tus,
2261 3956 2316 4003 et
2355 3961 2501 4003 aram
2541 3962 2752 4019 rogum,
2790 3956 2845 4005 et
2875 3948 3246 4020 pollinctorem
3278 3946 3715 4006 sacerdotemiet

2123 4053 2230 4095 non
2246 4039 2457 4095 beatum
2476 4039 2706 4113 amplius
2724 4049 3210 4113 reputasset.quem
3226 4041 3365 4097 Deus
3382 4035 3715 4099 comedisset?

2722 4132 2953 4192 CAPUT
2998 4132 3132 4191 VIII.

2194 4223 2369 4282 Unum
2413 4224 2573 4297 igitur
2612 4225 2834 4298 gradum
2884 4226 3198 4293 insistimus,
3229 4236 3286 4283 et
3318 4226 3371 4282 in
3413 4227 3519 4284 hoc
3554 4222 3713 4281 solum

2122 4335 2496 4393 provocamus,
2528 4335 2595 4375 an
2620 4328 2884 4391 prmeepta
2907 4320 3016 4376 sint
3039 4336 3070 4376 a
3099 4320 3208 4376 Deo
3236 4321 3716 4393 martyria,utcre-

2122 4410 2222 4468 das
2246 4412 2453 4467 ratione
2492 4411 2610 4482 (l8)
2647 4420 2942 4483 praecepta,
2999 4411 3044 4466 si
3093 4419 3356 4482 praecepta
3384 4405 3711 4483 cognoveris,

2122 4505 2247 4577 quia
2277 4504 2407 4559 nihil
2438 4503 2579 4559 Deus
2609 4518 2717 4559 non
2739 4503 2947 4560 ratione
2972 4503 3308 4575 prreceperit.
3330 4502 3604 4574 Siquidem
3627 4498 3713 4551 ho-

2125 4606 2308 4671 norata
2329 4605 2402 4650 est
2430 4596 2571 4668 apud
2593 4595 2743 4653 illum
2766 4613 2904 4653 mors
2922 4596 3276 4671 religiosorum
3303 4597 3484 4670 ipsius,
3512 4603 3571 4652 ut
3583 4587 3715 4650 cauit

1642 4687 2024 4749 LECTIONES
2060 4668 2472 4748 natamus.

501 4840 553 4898 2)
578 4845 813 4898 Constare
835 4840 990 4896 Bheu.
1017 4841 1168 4894 Semt.
1207 4840 1405 4895 Obertlt.

502 4903 554 4959 5)
579 4907 804 4958 Adliatus
823 4904 978 4958 Rhea.
999 4909 1141 4958 Pam.
1168 4903 1322 4957 Sentl.

506 4783 554 4834 1)
579 4781 877 4834 Sublimitati
904 4787 957 4832 et
977 4779 1187 4833 claritati
1206 4775 1361 4831 Rhea.
1386 4783 1530 4833 Pam.
1550 4776 1700 4832 Seml.
1721 4777 1916 4833 Oberth.

506 4787 554 4910 1;
579 4787 877 4834 Sublimitati
904 4787 957 4832 et
977 4787 1038 4877 cl:

477 4787 532 5038 )2:
578 4840 1038 4958 aiat:

502 4913 554 5038 si
578 4969 871 5038 Praefectum
894 4971 951 5038 _.[
955 4982 1038 5020 un.

504 5026 554 5085 5)
581 5031 870 5082 Lucriticant
890 5030 1042 5084 Rhea.
1070 5026 1223 5083 Sentl.
1251 5029 1449 5083 Oberth.

500 5093 553 5150 6)
586 5093 817 5154 Oboleta,
834 5096 955 5145 Jun.

504 5040 554 5150 5)
585 5040 870 5082 Lucritlcant
890 5040 1042 5084 lmen.
1070 5040 1223 5083 sentt.
1251 5040 1449 5083 UDerllt.

478 5040 532 5287 ξ
1017 5154 1214 5208 vocabis
1243 5160 1344 5207 νει.
1363 5154 1572 5219 exempt.

531 5160 557 5349 ξ
578 5219 643 5293 Et
661 5216 762 5284 ubi.
780 5218 932 5271 Seml.
1293 5272 1307 5291 .

482 5284 535 5349 (9
581 5282 724 5336 bulla
748 5282 858 5334 cod.
891 5291 1057 5333 trouv.

535 4913 554 5150 ἱ

578 5219 643 5293 ξι
656 5216 762 5293 gbi.
780 5216 932 5293 Sentl.

482 5282 557 5351 (9)
581 5282 732 5336 Nulla
748 5282 858 5334 cod.
891 5291 1057 5333 trouv.

2207 4779 2287 4834 10)
2323 4780 2522 4833 Canitur
2546 4779 2698 4834 Rhea.
2719 4783 2864 4833 Pam.
2890 4779 3035 4834 seml.

2211 4844 2289 4896 11)
2311 4844 2639 4896 Constantiam
2665 4846 2809 4895 Pam.
2832 4846 2985 4896 Frau.

2212 4904 2287 4959 12)
2318 4905 2548 4958 Inscribit
2567 4904 2719 4959 Rhea.
2742 4910 2886 4959 Pam.
2912 4906 3055 4958 sentt.

2216 4967 2291 5022 13)
2319 4968 2508 5020 Aurum
2534 4967 2688 5022 Rhcn.
2714 4967 3089 5021 send..0berth.

2216 5027 2294 5095 11)
2318 5032 2594 5095 Argentum
2616 5029 2769 5085 Rhea.
2790 5030 2952 5095 send.
2968 5027 3166 5095 Obct'tlt.

2185 5091 2293 5155 (l5)
2319 5091 2507 5155 Ve'rbo,
2532 5091 2685 5146 then.
2711 5092 2863 5146 Scntl.
2892 5091 3092 5149 Obcrth.

2181 5155 2286 5223 (i9)
2316 5155 2508 5223 _Liqu_it,
2533 5159 2678 5209 Pam.
2705 5157 2861 5209 Fran.

2176 5218 2287 5277 [17)
2316 5218 2372 5269 In
2396 5218 2541 5271 th.

2173 5281 2274 5349 (l8)
2301 5280 2510 5333 Natione
2540 5287 2701 5333 Venet.

2181 4780 2207 5096 ἱ

2267 4917 2270 4954 ἰ

2267 4779 2294 5223 ἕ

2267 5116 2272 5139 l

1797 5361 2359 5423 COMMENTARIUS.

490 5459 569 5537 (a)
606 5458 833 5537 Proprie
876 5459 1011 5516 enim
1035 5457 1362 5537 martyribus
1406 5456 1542 5537 nihil
1552 5458 1798 5537 reputari
1817 5469 2000 5529 potest.

415 5528 523 5591 Iste
547 5528 708 5590 etiam
726 5528 886 5603 locus
914 5532 1145 5603 pertinet
1174 5528 1241 5585 ad
1276 5529 1565 5603 purgatorii
1611 5528 1961 5603 assertionem
1989 5572 2006 5597 ,

417 5615 471 5661 et
504 5621 623 5663 eam
653 5600 1010 5660 differentiam
1042 5601 1131 5673 (de
1159 5600 1463 5673 quasupra
1492 5600 1651 5655 etiam
1687 5601 2012 5673 apndltunc

417 5617 471 5661 et
504 5621 623 5663 eam
653 5617 1010 5660 (IlIlcl'Eﬂllam
1042 5617 1131 5673 (ue
1159 5617 1263 5671 qua
1303 5617 1365 5656 su
1408 5617 1463 5655 ra
1492 5617 1651 5655 etiam
1687 5617 1825 5668 apnu
1872 5617 2012 5655 nunc

417 5687 697 5733 auctorem
723 5677 815 5730 lib.
841 5675 908 5728 de
928 5677 1121 5730 Anima
1142 5688 1263 5740 cap.
1288 5617 1431 5742 555’,
1483 5684 1643 5742 quam
1685 5670 2013 5742 apertiorem

418 5749 569 5818 ponit
595 5747 657 5802 Β.
686 5746 980 5817 Cyprianus
1006 5746 1166 5816 epist.
1196 5742 1268 5800 52
1295 5742 1360 5799 ad
1382 5740 1689 5818 Antoniam
1724 5740 2014 5818 Aliud._in-

418 5810 553 5889 quit,
572 5810 793 5873 missum
822 5810 1163 5873 incarcerem
1185 5829 1293 5872 non
1313 5814 1467 5871 exire
1490 5812 1635 5880 inde,
1657 5810 1831 5889 donec
1844 5811 2019 5889 solvat

417 5882 774 5949 novissimum
821 5889 1204 5962 quadrantem,
1232 5895 1287 5945 et
1332 5899 1432 5959 pro
1480 5882 1714 5958 peccatis
1739 5882 1899 5958 longo
1920 5882 2018 5941 d0~

390 6054 445 6095 κ

2113 5459 2255 5538 lore_
2276 5458 2573 5538 cruciatum
2607 5456 2903 5538 emundari
2956 5465 3014 5513 et
3052 5454 3273 5538 purgari
3309 5452 3416 5538 .dill
3454 5447 3702 5538 .igneéf}

2117 5511 2572 5600 audentiae
2599 5511 2899 5599 adicias
2946 5511 3284 5601 sententiam
3302 5511 3539 5601 iudicis";
3566 5511 3697 5601 ,8"?!

2115 5595 2298 5654 statim
2322 5601 2388 5672 ad
2407 5595 2638 5672 gloriam
2664 5602 2947 5670 pervenire
2974 5643 2988 5664 ,
3011 5598 3218 5672 lideiet
3238 5597 3448 5650 virtutis
3467 5595 3698 5672 accipelf

2118 5660 2471 5743 intercedem',
2522 5660 2737 5742 peccata
2787 5660 3262 5743 omttia’passione
3308 5679 3561 5740 purgasse
3591 5698 3606 5723 ν
3648 5660 3698 5709 ει

2120 5742 2348 5797 Domino
2387 5743 2652 5799 coronari.
2689 5744 2824 5800 Pius.

2193 5810 2274 5885 (ι’)
2304 5811 2478 5885 Elia"!
2524 5812 2619 5869 Dei
2653 5815 2970 5876 atrocitatem
3001 5811 3303 5885 judicabis?
3337 5808 3496 5866 Vetus
3524 5810 3697 5862 excute

2122 5884 2257 5957 plar,
2289 5884 2524 5944 vocabis.
2554 5885 2675 5946 llic.
