3902 6312
417 313 515 370 159

1839 296 2298 391 TERTliLLlANl

3639 296 3727 355 illi

411 430 573 484 etiam
622 424 967 498 prophetaret
1012 422 1153 494 quod
1201 430 1257 479 et
1306 420 1407 492 ipsi
1430 418 1601 476 occidi
1640 416 1900 475 haberem
1941 412 2007 471 ad
2034 414 2088 475 Δ
2118 430 2238 485 ergo
2277 419 2497 468 metuere
2524 423 2645 467 eum
2672 422 2832 481 super
2856 406 3004 476 dicit,
3028 410 3213 464 multis
3240 409 3549 480 passeribus
3572 412 3724 466 uritis-

407 519 713 589 exemplum
770 516 1167 588 prophetarum.
1236 513 1550 583 Quanquam
1603 519 1657 566 et
1696 509 1741 564 si
1789 521 2005 564 omnem

414 611 553 667 hanc
574 606 996 680 persecutionem
1016 599 1426 664 conditionalem
1450 604 1505 660 in
1525 601 1669 659 solos
1708 609 1833 657 tunc
1858 601 2004 672 Apo-

413 703 581 759 stoios
600 702 944 766 destinasset,
960 699 1144 771 utique
1168 714 1266 770 per
1281 696 1414 766 filios
1433 710 1553 753 cum
1568 703 1680 751 toto
1710 708 2008 750 sacramen-

415 805 487 861 to,
531 810 651 850 cum
707 793 997 867 propagine
1044 790 1295 857 nominis,
1349 803 1469 845 cum
1500 786 1721 844 traduce
1775 784 2010 856 Spiritus
2058 856 2061 857 ν

411 887 591 945 Sancti
619 887 670 941 in
700 900 800 941 nos
825 899 1036 957 quoque
1079 891 1373 954 spectasset
1416 881 1579 937 etiam
1618 876 2007 951 persecutionis
2038 954 2043 959 ἢ

411 976 1002 1046 obeundtedisciplina,
1034 982 1088 1029 ut
1127 975 1180 1030 in
1218 971 1588 1029 haereditarios
1613 971 1924 1043 discipulos,
1954 977 2008 1027 et

412 1069 692 1142 apostolici
737 1068 957 1125 seminis
984 1066 1224 1123 frutices.
1249 1066 1381 1122 Nam
1406 1075 1461 1121 et
1483 1080 1667 1121 rursus
1691 1063 1757 1120 ad
1779 1064 2010 1135 Aposto-

408 1161 698 1232 ios,dirigit
735 1158 970 1231 (Matth.,
1001 1156 1052 1213 Χ
1074 1200 1090 1227 ,
1124 1156 1249 1230 i6):
1293 1157 1426 1213 Ecce
1462 1173 1553 1230 ego
1589 1156 1733 1212 mitto
1765 1172 1851 1211 vos
1891 1165 2009 1211 tan-

409 1270 561 1327 quam
588 1270 702 1332 qves
740 1253 794 1306 in
831 1250 996 1305 medio
1029 1250 1309 1321 luporum;
1348 1258 1399 1306 et
1434 1248 1452 1321 (
1485 1265 1532 1304 υ.
1564 1248 1654 1320 17)
1695 1266 1708 1302 :
1742 1247 1922 1305 Cavete
1946 1248 2009 1304 ab

410 1344 731 1408 hominibus;
762 1343 959 1397 tradent
984 1343 1117 1397 enim
1142 1356 1229 1397 vos
1257 1341 1310 1396 in
1334 1357 1617 1407 consessus,
1646 1351 1691 1396 et
1715 1342 1769 1396 in
1790 1357 2010 1414 synago-

405 1438 483 1510 gis
504 1433 608 1493 suis
630 1436 960 1508 ﬂagellabant
978 1450 1086 1501 vos,
1115 1442 1161 1487 et
1188 1433 1257 1487 ad
1281 1432 1523 1502 prtcsides
1547 1441 1595 1487 et
1614 1449 1752 1504 reges
1767 1433 2012 1505 perduce-

407 1528 551 1595 mini,
571 1528 668 1583 mei
688 1543 890 1593 caussa,
913 1527 968 1579 in
995 1524 1339 1580 testimonium
1366 1524 1470 1579 illis
1498 1533 1545 1578 et
1573 1523 1880 1590 nationibus,
1904 1534 2007 1579 etc.

405 1619 540 1676 Cum
593 1629 769 1677 autem
799 1616 1015 1689 subjicit
1051 1616 1069 1688 (
1101 1632 1155 1672 u.-
1183 1616 1249 1672 2i
1283 1616 1301 1684 )
1343 1633 1356 1669 :
1400 1613 1586 1670 Tradet
1630 1624 1799 1669 autem
1853 1618 2012 1687 frater

407 1714 620 1783 fratrem
639 1754 654 1778 ,
687 1719 730 1766 et
762 1719 905 1778 pater
933 1709 1098 1778 ﬁlium
1116 1708 1169 1763 in
1211 1701 1516 1772 mortem,'et
1546 1708 1819 1793 insurgent
1837 1707 1931 1777 ﬁlii
1957 1707 2010 1762 in

2111 507 2265 579 tatis,-
2296 519 2403 561 non
2434 503 2653 570 frustra,
2688 499 2740 558 id
2768 510 2870 571 est,
2897 517 3003 557 non
3034 500 3153 558 sine
3179 500 3565 557 emolumento
3588 516 3726 558 casu-

2109 613 2199 656 ros
2254 600 2306 654 in
2353 607 2549 655 terram
2601 596 2963 668 repromittit;
2993 595 3038 650 si
3080 595 3260 665 magis
3306 593 3379 650 ab
3437 595 3726 654 hominibus

2114 706 2274 762 quam
2302 706 2332 746 a
2361 688 2472 748 Deo
2500 688 2671 746 occidi
2713 690 2995 761 eligamus.
3029 686 3217 742 Omnis
3267 687 3433 759 igitur
3456 688 3542 759 qui
3571 688 3619 743 in
3658 704 3727 744 me

2110 786 2373 857 confessus
2421 783 2568 855 fuerit
2608 797 2782 837 coram
2806 781 3115 848 hominibus,
3150 790 3203 835 et
3236 797 3335 853 ego
3365 782 3644 851 conﬁtebor
3679 785 3726 837 in

2108 876 2201 933 illo
2219 895 2392 933 coram
2421 875 2579 932 Patre
2600 892 2710 932 meo
2738 876 2899 947 quiin
2927 870 3067 931 ctelis
3089 884 3190 930 est.
3220 872 3296 927 Et
3319 874 3493 929 omnis
3527 879 3611 945 qui
3645 891 3725 930 ne-

2111 969 2301 1041 gaverit
2331 982 2408 1045 me
2429 984 2602 1023 coram
2627 965 2936 1029 hominibus.
2968 975 3012 1021 et
3039 982 3130 1036 ego
3156 966 3368 1037 negabo
3398 965 3547 1020 illum
3576 982 3726 1022 rorant

2098 1057 2271 1115 Patre
2293 1046 2405 1116 meo
2429 1060 2515 1132 qui
2540 1060 2593 1115 in
2620 1059 2758 1115 caelis
2786 1067 2859 1113 est
2888 1057 3069 1127 (ibid.,
3095 1073 3145 1112 υ.
3167 1058 3246 1115 ’55
3267 1055 3313 1130 ).
3359 1056 3653 1124 Manifesta,
3679 1063 3726 1114 ut

2112 1152 2323 1222 opinor,
2377 1151 2620 1208 deﬁnitio
2670 1159 2725 1208 et
2772 1150 2911 1207 ratio
2961 1159 3046 1206 est
3082 1147 3164 1223 (i)
3210 1159 3326 1205 tam
3381 1149 3723 1206 confessionis

2111 1258 2272 1315 quam
2317 1243 2654 1315 negationis,
2684 1243 2787 1301 etsi
2826 1242 3106 1313 dispositio
3146 1242 3378 1299 diversa
3420 1253 3526 1299 est.
3556 1242 3649 1310 Qui
3672 1255 3724 1298 se

2111 1333 2462 1391 christianum
2522 1334 2845 1403 conﬁtetur,
2894 1334 3093 1390 Christi
3144 1348 3278 1390 esse
3331 1342 3580 1407 testatur.
3629 1333 3718 1402 Qui

2114 1427 2310 1483 Christi
2343 1437 2446 1498 est,
2478 1428 2531 1483 in
2562 1427 2779 1484 Christo
2816 1428 2888 1484 sit
2917 1442 3138 1484 necesse
3165 1438 3277 1483 est.
3326 1427 3385 1485 Si
3443 1429 3495 1482 in
3532 1426 3724 1483 Christo

2113 1530 2217 1587 est,
2247 1522 2300 1576 in
2330 1519 2544 1578 Christo
2569 1522 2753 1591 utique
2777 1518 3081 1587 conﬁtetur,
3109 1536 3237 1575 cum
3267 1535 3331 1576 se
3390 1520 3719 1576 christianum

2117 1613 2425 1681 confitetur.
2453 1612 2565 1669 Hoc
2591 1615 2734 1668 enim
2762 1627 2866 1667 non
2888 1598 3066 1683 potest
3086 1626 3234 1679 esse,
3267 1612 3374 1666 nisi
3397 1612 3468 1665 sit
3485 1612 3538 1666 in
3564 1611 3720 1667 Chris-

2118 1713 2193 1761 to.
2224 1703 2392 1761 Porro
2417 1748 2433 1775 ,
2468 1706 2520 1761 in
2568 1704 2783 1760 Christo
2834 1702 3173 1769 conﬁtendo,
3208 1703 3494 1759 Christum
3526 1715 3717 1774 quoque

409 1815 672 1877 parentes,
711 1813 758 1859 et
788 1802 1160 1872 mortificabunt
1190 1818 1315 1867 eos;
1358 1800 1638 1857 manifeste
1681 1799 2009 1873 iniquitatem
2041 1810 2090 1872 Β
2118 1798 2403 1855 conﬁtetur
2437 1799 2525 1869 qui
2554 1800 2623 1854 sit
2668 1797 2721 1852 in
2751 1793 2967 1852 Christo
2987 1838 3002 1865 ,
3032 1796 3159 1851 dum
3190 1804 3250 1850 et
3282 1796 3402 1866 ipse
3434 1796 3486 1851 in
3523 1794 3610 1850 illo
3634 1801 3719 1859 est,

407 1903 565 1956 istam
594 1899 648 1953 in
677 1905 904 1953 caeteros
930 1895 1308 1967 pronuntiavit,
1337 1908 1495 1966 quam
1524 1895 1575 1950 in
1608 1894 1881 1967 Apostoiis
1904 1911 2009 1951 non

406 1989 726 2047 invenimus.
760 1988 925 2043 Nemo
945 1988 1086 2043 enim
1113 2001 1299 2043 eorum
1326 1995 1419 2041 aut
1441 1986 1654 2043 fratrem
1685 1996 1779 2043 aut
1806 1996 2014 2057 patrem

409 2096 598 2154 passus
625 2090 708 2136 est
733 2078 1042 2135 traditorem
1068 2121 1082 2146 ,
1116 2075 1259 2149 quod
1290 2078 1529 2150 plerique
1550 2072 1658 2148 jam
1691 2081 1876 2135 nostri.
1913 2079 2013 2135 De-

409 2173 533 2228 hine
559 2172 626 2227 ad
653 2171 939 2241 Apostolos
967 2182 1181 2226 revocat
1222 2170 1292 2241 (υ.
1320 2168 1447 2240 22),
1492 2169 1558 2224 Et
1588 2171 1727 2225 eritis
1754 2171 1872 2225 odio
1901 2187 2011 2225 om-

405 2265 552 2320 nibus
583 2272 789 2335 propter
813 2276 993 2318 nomen
1021 2278 1204 2317 meum.
1235 2262 1445 2329 Quanto
1472 2263 1639 2332 magis
1669 2278 1788 2331 nos,
1821 2278 1956 2333 quos
1981 2278 2011 2318 a

406 2359 718 2431 parentibus
737 2370 949 2428 quoque
975 2355 1111 2411 tradi
1131 2354 1379 2426 oportet?
1402 2354 1497 2419 ita,
1528 2356 1640 2425 ipsa
1662 2355 1761 2411 hac
1787 2356 2013 2425 permis-

408 2452 553 2507 tione
580 2464 720 2504 nunc
747 2447 816 2502 ad
846 2446 1152 2517 Apostolos,
1183 2461 1326 2502 nunc
1350 2445 1418 2501 ad
1444 2461 1635 2503 omnes
1654 2446 2008 2519 disponendo,

406 2542 656 2599 eumdem
689 2543 741 2596 in
768 2541 1047 2595 universos
1077 2540 1306 2596 nominis
1344 2540 1555 2596 exitum
1580 2539 1787 2609 effudit,
1816 2543 1868 2597 in
1895 2543 2014 2613 qui-

405 2637 506 2692 bus
543 2634 848 2692 consederit
882 2646 1079 2690 nomen
1115 2648 1235 2688 cum
1276 2633 1383 2689 odii
1419 2636 1500 2691 sui
1544 2634 1678 2707 iege.
1716 2634 1817 2702 Qui
1843 2644 2011 2691 autem

404 2730 696 2786 sustinuerit
724 2743 882 2799 usque
907 2726 964 2781 in
1005 2727 1179 2795 ﬁnem,
1210 2727 1305 2781 iste
1336 2727 1505 2782 salvus
1533 2722 1618 2797 ﬁet
1659 2726 1832 2800 (ibid).
1872 2728 2010 2799 Quid

405 2821 739 2888 sustinendo,
772 2820 874 2875 nisi
903 2820 1351 2891 persecutionem,
1382 2820 1483 2875 nisi
1514 2821 1876 2889 traditionem,
1906 2823 2009 2879 nisi

404 2913 774 2971 occisionem?
809 2911 918 2968 Nec
955 2911 1099 2967 enim
1128 2910 1275 2965 aliud
1301 2919 1385 2967 est
1424 2912 1689 2969 sustinere
1729 2914 1779 2968 in
1825 2914 2005 2982 ﬁnem,

404 3023 566 3079 quam
605 3007 713 3078 pati
753 3006 938 3062 finem.
973 3005 1037 3063 Et
1082 3003 1205 3060 ideo
1230 3022 1242 3057 :
1272 3002 1394 3059 Non
1425 3014 1497 3059 est
1531 3004 1816 3073 discipulus
1858 3023 2010 3078 super

404 3100 703 3172 magistrum
743 3099 762 3169 (
785 3099 880 3164 ib.,
912 3115 961 3152 υ.
992 3096 1122 3169 25).
1164 3096 1354 3153 Statim
1394 3098 1669 3168 sequitur:
1700 3096 1812 3153 Nec
1837 3115 2009 3156 servus

2119 1902 2301 1964 utpote
2355 1890 2698 1948 Christianus.
2771 1889 2902 1946 Nam
2960 1900 3015 1946 et
3050 1890 3093 1945 si
3135 1887 3219 1963 (2)
3277 1888 3429 1945 diem
3506 1886 3718 1955 dixeris,

2084 1984 2252 2042 ilucis
2296 2000 2409 2042 rem
2461 1985 2701 2041 ostendis
2744 1984 2825 2058 (5)
2863 2000 2983 2053 qua:
3022 1983 3163 2039 diem
3198 1992 3450 2055 praestat,
3475 1984 3595 2039 licet
3630 1996 3719 2037 non

2118 2078 2321 2135 dixeris
2366 2077 2570 2145 lucem,
2639 2078 2748 2144 ita,
2800 2078 2900 2134 etsi
2953 2093 3058 2131 non
3128 2076 3344 2133 directo
3424 2076 3717 2148 pronuntia-

2119 2172 2216 2238 vit,
2253 2189 2272 2225 ‹
2304 2173 2392 2243 qui
2426 2187 2513 2228 me
2534 2171 2814 2228 confessus
2838 2170 2997 2226 fuerit
3019 2189 3039 2223 ι
3069 2187 3084 2238 ;
3112 2186 3221 2225 non
3251 2178 3339 2225 est
3366 2170 3606 2226 diversus
3645 2184 3719 2224 ac-

2124 2271 2208 2318 tus
2235 2263 2561 2334 quotidiana:
2588 2262 2943 2319 confessionis
2972 2305 2986 2329 ,
3017 2277 3048 2316 a
3092 2277 3260 2318 sensu
3296 2262 3586 2317 Dominica:
3612 2273 3716 2331 pro.

2117 2359 2484 2413 nantiationis.
2503 2357 2656 2427 Quod
2672 2357 2814 2414 enim
2830 2366 2911 2413 est
2934 2355 3025 2428 qui
3048 2356 3130 2426 (4)
3153 2372 3216 2413 se
3240 2357 3552 2420 conﬁtetur,
3579 2356 3624 2409 id
3648 2359 3718 2409 est

2119 2448 2493 2517 christianum,
2555 2452 2715 2506 etiam
2758 2449 2809 2505 id
2860 2465 2956 2521 per
2980 2448 3122 2521 quod
3167 2458 3254 2506 est
3296 2448 3619 2515 conﬁtetur,
3665 2442 3713 2500 id

2116 2551 2199 2598 est
2220 2541 2514 2601 Christum.
2544 2542 2773 2599 Proinde
2818 2544 2905 2614 qui
2954 2558 3015 2599 se
3062 2544 3289 2613 negavit
3331 2544 3669 2599 christianum
3699 2579 3714 2607 ,

2118 2634 2171 2690 in
2228 2634 2444 2692 Christo
2516 2637 2747 2708 negavit,
2803 2635 3046 2707 negando
3100 2650 3160 2691 se
3205 2636 3266 2692 in
3324 2635 3541 2691 Christo
3588 2646 3710 2697 esse,

2115 2727 2242 2782 dum
2293 2734 2452 2799 negat
2494 2742 2553 2784 se
2607 2727 2980 2793 christianum,
3030 2735 3083 2781 ct
3118 2725 3405 2783 Christum
3452 2736 3623 2781 autem
3665 2722 3712 2777 in

2115 2835 2176 2875 se
2227 2821 2513 2892 negando,
2563 2819 2688 2876 dum
2732 2835 2792 2877 se
2844 2822 2895 2875 in
2944 2819 3159 2877 ChriSto
3203 2829 3410 2891 negat,
3467 2818 3712 2874 Christum

2114 2928 2331 2984 quoque
2369 2896 2601 2983 negabit.
2670 2911 2745 2967 Ita
2802 2921 2857 2968 et
2895 2913 2987 2984 qui
3038 2913 3092 2968 in
3139 2911 3367 2969 Christo
3422 2906 3708 2981 negaverit.

2113 3004 2386 3060 Christum
2430 3005 2665 3076 negabit.
2692 3006 2757 3061 Et
2781 3005 2870 3076 qui
2880 3005 2954 3076 in
2986 3005 3199 3061 Christo
3220 3008 3508 3062 confessus
3531 3001 3707 3064 fuerit,

2113 3021 2386 3060 unrtsutm
2430 3021 2665 3076 negauit.
2692 3021 2757 3061 bl
2781 3022 2870 3076 qun
2925 3023 2954 3060 n
2986 3021 3199 3061 unrtsw
3220 3021 3508 3062 comessus
3531 3021 3703 3064 suem,

2112 3097 2386 3153 Christum
2411 3097 2769 3154 confitebitur.
2803 3021 3118 3154 Sudecisset
3148 3097 3316 3168 igitur
3342 3107 3396 3153 et
3427 3100 3470 3153 si
3502 3096 3566 3151 de
3590 3107 3703 3149 con-

404 3207 555 3260 super
582 3190 843 3245 dominum
872 3205 1049 3256 suum;
1077 3189 1199 3257 quia
1232 3203 1353 3249 cum
1385 3189 1640 3260 magister
1668 3200 1724 3246 et
1760 3189 2010 3247 dominus
2035 3208 2080 3271 ρ
2114 3189 2314 3246 ﬁtendo
2390 3189 2761 3246 tantummodo
2812 3189 3071 3245 Dominus
3143 3191 3572 3261 pronuntiasset.
3634 3183 3706 3239 Ex

406 3284 522 3353 ipse
568 3295 857 3354 perpessus
902 3282 972 3336 sit
1002 3282 1427 3352 persecutionem
1467 3290 1523 3338 et
1566 3281 1907 3341 traditionem
1955 3298 2011 3343 et

407 3374 756 3441 occisionem,
802 3374 972 3429 multo
1002 3373 1170 3444 magis
1200 3373 1342 3429 servi
1379 3381 1434 3429 et
1470 3373 1716 3446 discipuli
1762 3375 2008 3432 eamdem

405 3465 719 3538 expendere
761 3465 1062 3530 debebunt,
1117 3480 1186 3521 ne
1227 3466 1379 3536 quasi
1422 3467 1728 3537 superiores
1776 3468 2012 3539 exempti

403 3559 473 3616 de
540 3558 819 3629 iniquitate
864 3557 1189 3623 videantur;
1248 3557 1463 3629 quando
1506 3557 1608 3614 hoc
1662 3559 1835 3630 ipsum
1908 3562 2011 3616 suf-

407 3652 571 3707 ficere
619 3650 698 3705 eis
761 3648 828 3703 ad
893 3649 1114 3719 gloriam
1173 3647 1385 3714 debeat,
1437 3650 1638 3720 aequari
1674 3651 2011 3720 passionibus

407 3742 619 3801 Domini
645 3750 700 3797 et
720 3740 952 3812 Magistri
980 3757 995 3806 ;
1023 3740 1090 3795 ad
1120 3754 1346 3812 quarum
1373 3742 1710 3797 tolerantiam
1739 3744 2009 3802 mdiﬁcans

403 3814 587 3891 monet
624 3833 797 3906 (ibid.,
821 3849 871 3887 υ.
901 3831 1025 3905 28),
1052 3848 1157 3888 non
1184 3848 1270 3887 eos
1296 3833 1565 3900 timendos,
1592 3834 1678 3905 qui
1704 3834 1870 3890 solum
1897 3851 2009 3891 cor-

404 3944 499 4000 pus
526 3926 779 3993 occidant,
822 3926 1048 3980 animam
1093 3932 1259 3979 autem
1306 3925 1591 3996 interﬁcere
1629 3943 1730 3982 non
1772 3914 2008 3987 valeant:

403 4024 495 4079 sed
521 4023 598 4077 illi
626 4024 794 4094 potius
824 4029 1011 4075 metum
1049 4020 1470 4087 consecrandum,
1518 4020 1609 4092 qui
1649 4030 1696 4075 et
1740 4038 1925 4092 corpus
1960 4034 2008 4079 et

404 4114 629 4168 animam
657 4111 885 4166 occidere
910 4121 954 4165 et
981 4110 1189 4182 perdere
1213 4111 1369 4181 possit
1395 4112 1450 4165 in
1487 4112 1734 4182 gehenna.
1776 4112 2004 4181 Quinam

405 4205 461 4261 hi
488 4204 654 4261 solius
678 4203 919 4274 corporis
947 4203 1381 4272 interemptores,
1430 4202 1529 4257 nisi
1561 4202 1820 4273 praesides
1841 4215 1895 4260 et
1922 4221 2007 4262 re-

403 4310 500 4365 ges
544 4294 876 4365 supradicti?
929 4292 1173 4349 homines
1218 4291 1431 4363 opinor.
1459 4292 1590 4360 Quis
1632 4295 1792 4349 etiam
1812 4295 2006 4353 animae

402 4388 727 4453 dominator,
759 4385 861 4441 nisi
887 4385 1028 4441 Deus
1056 4382 1244 4439 solus?
1271 4383 1402 4452 Quis
1432 4385 1533 4439 iste
1560 4384 1758 4455 ignium
1785 4390 2006 4443 commi-

401 4488 580 4547 nator,
608 4478 708 4532 nisi
736 4478 798 4545 is,
833 4477 950 4533 sine
976 4475 1128 4547 cujus
1153 4475 1425 4531 voluntate
1451 4491 1552 4532 nec
1573 4492 1844 4546 passerum
1868 4479 2005 4536 alter

2114 3281 2285 3336 forma
2312 3281 2455 3338 enim
2482 3282 2835 3338 confessionis
2856 3324 2872 3349 ,
2902 3283 3176 3338 contrario
3195 3298 3421 3354 quoque
3444 3281 3556 3351 ejus
3578 3291 3699 3349 pra:-

2110 3374 2485 3446 judicaretur,
2534 3376 2584 3431 id
2633 3385 2717 3432 est
2745 3374 3299 3448 negationi;perinde
3339 3372 3600 3446 negationi
3636 3366 3703 3441 (5)

2114 3468 2453 3538 negationem
2529 3466 2752 3540 rependi
2822 3483 2853 3524 a
2928 3468 3188 3535 Domino,
3266 3461 3700 3540 quemadmodum

2112 3562 2436 3619 confessioni
2518 3562 2599 3636 (6)
2694 3561 3111 3619 confessionem.
3210 3559 3282 3618 Et
3379 3559 3501 3616 ideo
3594 3565 3700 3611 cum

2113 3652 2167 3709 in
2236 3655 2404 3710 forma
2448 3650 2837 3723 confessionis,
2911 3656 3070 3710 etiam
3129 3653 3438 3724 negationis
3486 3646 3700 3707 conditio

2114 3750 2476 3821 intelligatur,
2527 3757 2752 3821 apparet
2824 3748 2892 3804 ad
2954 3748 3117 3803 alium
3170 3747 3403 3803 modum
3486 3738 3700 3813 negatio-

2113 3843 2199 3897 nis
2228 3844 2534 3913 pertinere,
2568 3841 2708 3913 quod
2740 3841 2807 3897 de
2847 3856 2909 3897 ea
2962 3841 3119 3896 aliter
3163 3840 3421 3894 Dominus
3470 3844 3691 3906 pronun-

2112 3935 2296 4002 tiavit,
2326 3948 2485 4005 quam
2515 3933 2583 3990 de
2626 3931 2968 3989 confessione
2990 3974 3005 3998 ,
3058 3930 3291 3986 dicendo
3323 3948 3336 3984 :
3382 3929 3485 3996 Qui
3521 3941 3595 3981 me
3615 3936 3695 3976 ue-

2111 4029 2347 4101 gaverit;
2402 4043 2507 4084 non
2529 4069 2545 4094 ,
2578 4046 2597 4081 ι
2634 4025 2736 4095 Qui
2789 4028 2841 4082 in
2868 4042 2953 4081 me
2987 4044 3035 4079 ι.
3080 4025 3439 4095 Prospexerat
3465 4020 3601 4077 enim
3643 4018 3691 4069 et

2114 4120 2250 4175 hanc
2299 4121 2401 4175 vim
2453 4121 2768 4195 plerumque
2813 4119 2867 4174 in
2895 4118 3289 4189 expugnatione
3317 4112 3550 4172 nominis
3574 4105 3688 4163 sub-

2109 4222 2446 4280 secuturam;
2493 4211 2571 4285 (a)
2618 4221 2674 4267 ut
2704 4211 2796 4283 qui
2821 4226 2882 4268 se
2910 4211 3261 4266 christianum
3295 4212 3578 4283 negasset.
3610 4200 3681 4269 iP‘

2110 4318 2230 4359 sum
2253 4319 2463 4376 quoque
2475 4305 2748 4361 Christum
2764 4304 3174 4373 compelleretur
3188 4295 3602 4373 blasphemando
3618 4302 3692 4345 ne-

2109 4413 2257 4467 gare.
2290 4397 2366 4471 (b)
2396 4397 2545 4454 Sicut
2573 4412 2679 4453 non
2706 4398 2835 4452 olim
2868 4412 3033 4467 pro...
3057 4395 3207 4465 spice
3236 4394 3317 4466 (7)
3341 4408 3460 4448 cum
3489 4386 3567 4460 (8)
3590 4389 3689 4456 μοιθ

2112 4491 2221 4545 fide
2262 4490 2614 4562 quorumdam
2658 4489 3006 4545 colluctatum
3039 4489 3141 4543 hoc
3186 4486 3345 4542 modo
3378 4478 3684 4539 horruimus.

402 4574 459 4630 in
488 4584 683 4639 terram
706 4571 888 4639 cadit;
918 4571 969 4627 id
995 4580 1099 4635 est,
1126 4561 1226 4627 nec
1250 4569 1414 4626 altera
1437 4586 1504 4627 ex
1529 4569 1735 4628 duabus
1757 4574 2006 4630 substan—
2035 4605 2083 4665 υ
2113 4561 2294 4652 itaque
2370 4582 2564 4637 frustra
2645 4582 2747 4639 erit
2806 4583 3008 4649 dicere,
3054 4600 3073 4635 ε
3110 4579 3223 4635 Etsi
3295 4592 3381 4635 me
3443 4577 3688 4642 negavero

399 4668 490 4724 tiis
543 4666 807 4729 hominis,
851 4678 979 4718 caro
1020 4669 1113 4717 aut
1159 4663 1379 4717 anima?
1418 4660 1552 4731 Quia
1602 4674 1658 4719 et
1703 4666 2007 4736 capillorum
2035 4657 2074 4665 ⁷
2108 4670 2460 4728 christianum
2485 4713 2502 4741 ,
2550 4688 2657 4729 non
2707 4673 2942 4744 negabor
2980 4690 3010 4727 a
3043 4671 3293 4737 Christo;
3320 4683 3425 4724 non
3453 4662 3588 4720 enim
3611 4657 3688 4726 ipe

399 4759 544 4832 apud
572 4772 696 4817 eum
723 4765 949 4829 regestus
993 4765 1064 4810 est
1115 4770 1355 4809 numerus
1394 4752 1644 4829 (ibid.,u.
1676 4758 1734 4814 51
1759 4756 1799 4830 ).
1829 4757 2005 4817 Nolite

2108 4780 2227 4822 sum
2257 4766 2499 4839 negavi.»
2518 4766 2597 4822 Ex
2624 4766 2713 4823 illa
2737 4756 2881 4823 enim
2895 4767 3181 4839 negatione
3203 4758 3527 4820 tantumdem
3542 4762 3682 4807 tene-

1646 4869 2025 4937 LECTIONES
2063 4880 2471 4939 VARIANTES.
2568 4866 2571 4871 ’

489 4970 508 5019 1
560 4964 649 5016 Est
670 4970 724 5015 et
738 4960 958 5014 deﬁnitio
978 4965 1033 5010 et
1051 4962 1182 5013 ratio
1201 4958 1344 5014 send.
1366 5032 1383 5037 ἱ
1882 4996 1889 5000 -
2178 4972 2210 5021 6
2256 4971 2576 5025 Confessione
2599 4973 2741 5027 Seml.
3366 5027 3377 5039 ,

488 5091 651 5097 ._.
748 5060 900 5097 ης...
985 5056 1048 5097 ,ο
1362 5057 1370 5065 ·
1830 5091 1835 5095 ,
2300 5048 2358 5097 us
2538 5043 2880 5092 armauere
3097 5046 3160 5097 qu
3359 5045 3377 5083 ε

484 4966 538 5097 ei
564 5026 693 5080 Utsi
715 5025 807 5077 cod
857 5023 1028 5076 Wouw
2155 4968 2298 5097 ΗΑ
2361 5038 2537 5097 piceP
2893 5036 3064 5089 desunt
3161 5030 3357 5089 tedaml

489 4970 508 5019 1
560 4968 649 5016 Est
670 4970 724 5015 et
738 4968 958 5014 deﬁnitio
978 4968 1033 5010 et
1051 4968 1182 5013 ratio
1201 4968 1344 5014 sentt.
1882 4996 1889 5000 _

484 5032 515 5080 Ξ
564 5028 630 5080 Ut
648 5026 693 5079 si
715 5025 824 5077 cod.
857 5023 1048 5076 Wouw.
1362 5032 1383 5065 ς

485 5095 513 5144 5
574 5087 844 5142 Ostendisti
862 5082 1014 5138 Scml.
1830 5091 1835 5095 ·

482 5154 513 5204 4
567 5152 689 5204 Cum
725 5148 874 5202 Seml.

484 5218 514 5269 5
556 5213 840 5279 Negatione
859 5207 1001 5265 senti.

2155 4968 2210 5097 (6
2256 4971 2576 5025 Confessione
2599 4973 2741 5027 Seml.
3366 5027 3377 5039 ,

2111 4968 2233 5159 vi}
2256 5034 2469 5105 Auspicii
2490 5040 2635 5089 Pam.
2679 5043 2731 5092 at
2768 5036 3064 5091 oerodesunt
3097 5035 3324 5103 quietiam
3339 5030 3491 5084 ιαωιω
3509 5017 3674 5079 iith-

2132 5218 2135 5221 _
2162 5096 2464 5224 (siaig'im.
2482 5163 2630 5214 Pam.

482 5148 534 5224 tl
556 5152 712 5224 Qum
724 5148 889 5224 ,Seml;
2132 5148 2239 5224 ηε)
2263 5158 2320 5212 In
2336 5148 2464 5213 add.
2482 5163 2630 5214 Pam.

484 5207 538 5279 5)
556 5213 840 5279 Negatione
859 5207 1001 5265 senti.

1764 5292 2329 5367 COMMENTARIUS.

515 4966 538 5283 ἓ

466 5419 551 5496 (a)
590 5419 659 5476 Ut
700 5419 786 5491 qui
830 5415 1258 5496 securiclatis-tm
1298 5422 1549 5496 negasset,
1590 5415 1755 5486 ipsum
1794 5436 1991 5496 qagque

396 5485 653 5550 Chiiitum
706 5485 1092 5560 compelleretur
1128 5485 1547 5560 (blasphemando
1604 5485 1816 5560 negaref
1860 5485 1990 5548 Tale

393 5565 645 5635 quiddam
674 5569 918 5635 narratur
944 5574 972 5612 a
1006 5557 1534 5635 Plinio,_nom_inatos
1569 5559 1636 5613 ab
1667 5557 1855 5617 indice
1899 5563 1985 5628 qui

393 5628 452 5692 se
481 5634 803 5692 christianos
831 5631 1100 5702 dicereut,
1121 5628 1537 5702 comprehensos
1588 5646 1831 5702 negasse,
1863 5642 1982 5688 tan-

393 5710 512 5762 dem
542 5717 595 5762 et
619 5704 832 5760 Christo
861 5699 1215 5759 maledixissu.
1260 5700 1378 5756 ille.

464 5775 541 5852 (h)
589 5777 731 5835 Sicut
765 5789 863 5829 non
898 5772 1019 5827 olim
1048 5789 1235 5846 pro....
1267 5773 1405 5845 spice
1437 5788 1553 5827 cum
1581 5780 1685 5829 tota
1718 5772 1822 5846 ﬁde
1858 5788 1986 5849 quos

2094 5429 2328 5483 rutudam
2364 5428 2693 5485 colluctatam
2731 5432 2826 5486 hoc
2863 5429 3014 5485 modo
3056 5428 3363 5484 horruimus.
3400 5418 3457 5479 In
3498 5411 3671 5486 εοίίίθθ

2094 5500 2435 5574 Agebardinn
2477 5500 2672 5574 littera:
2705 5484 2929 5574 aliquot
2957 5502 3293 5557 intercidere.
3344 5495 3479 5572 Non,
3511 5484 3667 5574 Ι)Ιέξὲ

2092 5563 2231 5643 ςιιῖοά
2258 5572 2310 5626 in
2342 5571 2565 5643 vulgatis
2593 5563 2916 5629 editionihus
2944 5574 3163 5643 legitur,
3198 5587 3292 5643 pro
3332 5563 3663 5643 00837599,?”

2090 5627 2143 5717 δί
2172 5651 2276 5717 ἔστα
2298 5642 2399 5711 ﬁde
2422 5627 2778 5717 quorumdam.
2807 5627 3124 5702 Certevnihil
3140 5627 3237 5696 'hi'c
3261 5627 3445 5695 deesse
3473 5627 3662 5687 videtur

2090 5711 2192 5767 nisi
2221 5728 2416 5771 nomen
2436 5711 2561 5774 ioci.
2593 5717 2712 5775 RIG.
