1951 3156
150 160 210 190 145

670 155 851 185 ADVERSUS
869 154 1057 183 GNOSTICOS
1075 153 1275 183 SCORPIACE.

1734 154 1786 184 146

158 216 271 246 faciendo
285 216 381 248 vitam;
397 214 442 242 sed
456 214 494 252 (1)
510 213 600 249 perdel
616 214 641 241 in
655 214 817 256 gehennam,
842 214 886 249 qui
907 221 936 241 se
951 214 976 242 A
991 213 1047 240 lure
1059 217 1174 247 aguntur
1188 212 1246 249 (16)
1259 220 1318 248 qua:
1334 213 1476 248 przcdicata
1488 221 1542 242 non
1558 212 1639 242 sunt?
1651 212 1710 241 Non
1724 218 1788 241 sunt

158 269 224 300 putat
240 262 357 297 urgaudo
371 261 522 289 lucrifacere
536 260 574 297 (2)
585 268 655 288 eam.
673 260 768 288 Perdet
781 265 869 287 autem
879 268 937 287 eam

158 310 188 338 ad
201 316 310 345 praesens
319 329 326 340 ,
340 308 385 343 qui
399 306 535 335 confessus
558 306 707 339 occiditur;
721 306 768 334 sed
782 306 939 334 inventurus

157 363 211 383 eam
231 355 254 381 in
274 354 352 381 vitam
370 356 505 380 mtcrnam.
520 351 573 387 Ipsi
585 352 699 387 denique
716 352 852 386 prrcsides,
877 359 938 379 cum

155 401 285 430 hortantur
298 400 339 436 ('5)
353 399 494 435 negationi,
513 398 550 435 (a)
564 407 636 426 serva
653 399 765 426 animam
787 403 856 425 tuam
868 419 876 431 ,
899 399 940 426 di-

154 451 222 477 cunt.
247 450 273 473 et
299 446 352 472 noli
377 446 488 472 animum
505 449 576 472 tuam
590 444 704 480 perdere.
718 444 776 478 Quo
797 444 878 472 modo
898 444 939 479 (4)

154 493 297 527 loqueretur
307 490 440 523 Christus,
453 491 502 518 nisi
515 498 569 526 quo
582 490 661 518 modo
675 490 715 527 (5)
730 494 887 518 tractaretur
899 489 938 526 (6)

153 538 320 568 christianos?
344 537 398 566 Sed
426 545 486 565 cum
502 536 624 571 prohibet
643 537 766 565 meditari
782 536 938 572 responsio-

153 593 209 613 nem
229 584 261 611 ad
288 584 416 615 tribunal.
445 583 559 611 famulos
582 590 646 611 suos
672 583 789 616 instruit,
811 582 938 618 Spiritum

156 632 273 660 Sanctum
289 639 481 667 responsurum
495 631 656 666 repromiltit
671 630 777 666 (Matth.
793 630 827 664 Χ,
841 630 897 665 20):
913 634 940 658 et

152 684 207 705 tum
219 677 243 704 in
255 685 362 705 carcere
383 678 493 704 fratrem
514 677 570 704 vult
594 676 693 704 visitari
708 676 827 712 (Matt/1.,
841 676 938 712 XXV),

152 723 302 751 confessoris
324 723 439 758 imperat
461 730 570 756 curam;
595 727 622 750 et
647 730 707 751 cum
730 723 812 751 Deum
833 723 939 752 vindic-

152 768 329 797 taml‘actnrum
341 769 487 796 electorum
501 776 610 796 suorum
621 768 860 806 aﬂirmatUIatt/n,
869 769 938 805 XV),

152 815 278 850 paSsiones
302 815 458 842 consolatur
476 814 582 842 illorum
599 824 606 842 :
621 815 702 842 etiam
718 815 758 852 (b)
772 816 798 843 in
814 816 939 851 parabola

152 862 297 897 seminis(7)
305 867 364 897 post
376 861 505 897 cespitem
522 861 642 893 arefacti.
655 861 873 897 persecutionum
898 860 939 897 (8)

990 259 1061 286 enim
1089 259 1145 286 hmc
1167 259 1308 294 praedicata
1322 267 1381 293 quae
1395 265 1520 294 aguntur,
1532 259 1554 287 si
1570 260 1621 287 alia
1643 264 1705 287 sunt
1727 267 1788 294 qua:

992 305 1179 340 praedicantur,
1209 310 1235 333 et
1261 313 1313 333 non
1340 305 1397 332 haec
1423 313 1483 340 qua:
1508 310 1633 341 aguntur.
1656 305 1692 333 At
1706 312 1790 338 nunc,

990 351 1050 387 quia
1072 351 1128 388 (I7)
1151 352 1206 387 ipsa
1229 358 1292 380 sunt
1313 352 1340 380 in
1364 353 1463 386 rebus,
1478 360 1538 388 qua:
1552 352 1610 389 (18)
1624 353 1651 380 in
1665 353 1789 386 vocibus,

991 398 1068 425 aliter
1080 398 1150 426 dicta
1164 398 1328 432 creduntur;
1344 399 1407 435 quid
1422 399 1498 427 ﬁeret
1512 399 1536 427 si
1549 398 1630 427 aliter
1646 398 1716 427 facta
1728 399 1790 435 (i9)

991 443 1196 472 invenirentur?
1208 444 1259 472 Sed
1275 444 1456 484 mesen),
1465 445 1811 484 ριέτγεεεεωρεξῆιρτρκ

982 482 1790 530 mret--

991 537 1111 564 versitati
1136 537 1199 565 illud
1221 545 1329 573 quoque
1351 545 1496 573 opponam,
1513 544 1543 565 ut
1563 538 1585 565 si
1605 537 1662 565 haec
1676 545 1735 573 quin
1750 537 1791 565 sic

990 588 1106 619 aguntur
1118 583 1343 618 quemadmodum
1364 584 1463 619 scripta
1477 588 1559 618 sunt,
1575 592 1628 613 non
1640 588 1720 612 erunt
1734 585 1792 619 ipsa

992 637 1050 664 qua:
1064 629 1251 664 praedicantur,
1269 630 1312 658 illa
1326 638 1385 666 qua:
1397 638 1450 657 non
1463 630 1578 658 debeant
1592 631 1631 658 sic
1643 630 1685 666 agi
1698 637 1792 665 quem-

991 675 1135 703 admodum
1151 676 1250 711 scripta
1273 681 1353 709 sunt,
1378 684 1412 704 ne
1432 681 1459 704 et
1480 676 1537 712 ipsa
1553 677 1648 705 horum
1664 677 1792 712 exemplo

992 721 1185 756 periclitentur,
1200 721 1306 750 excludi
1317 722 1448 758 siquidem
1462 722 1534 750 aliud
1550 722 1576 750 in
1586 723 1706 756 vocibus,
1718 722 1792 750 aliud

991 769 1018 796 in
1032 768 1112 796 rebus
1126 773 1185 801 est;
1199 774 1227 796 et
1242 768 1300 805 (21)
1312 769 1473 805 relinquitur
1484 777 1533 797 nec
1547 769 1690 806 prtedicata
1705 769 1792 797 videri

991 823 1051 843 cum
1076 816 1234 848 evenerint,
1249 816 1271 843 si
1285 816 1364 843 aliter
1388 816 1567 852 prtedicantur
1580 823 1659 852 quam
1682 816 1794 843 evenire

993 861 1101 890 habent.
1111 861 1285 897 thuomodo
1300 861 1445 890 credentur
1457 870 1517 898 qua:
1530 870 1582 890 non
1598 866 1677 891 erunt
1688 862 1791 898 prandi-

152 907 238 943 ﬁgurat
247 907 378 935 ardorem.
395 907 460 935 H:ec
474 907 495 934 si
513 914 564 934 non
580 907 614 935 ita
627 907 794 943 accipiuntur
810 906 939 943 qucutad-
953 910 977 940 B
991 908 1129 943 cata,quia
1144 909 1246 947 nonita
1257 909 1487 944 eruntprmdicata
1500 909 1636 945 quomodo
1650 909 1791 937 eveniunt?

152 953 250 982 modum
271 953 486 989 pronuntiantur,
496 953 554 980 sine
560 952 641 980 d’nbiu
651 953 837 988 prmtcrquam)
843 957 940 980 sonant

150 1001 262 1036 sapiunt;
286 1005 312 1028 et
332 1000 405 1027 aliud
420 1000 446 1027 in
462 999 571 1027 vocibus
584 1000 654 1033 erit,
668 999 739 1026 aliud
755 999 781 1027 in
798 1000 939 1031 sensibus;

152 1052 177 1074 ut
188 1048 314 1083 allegoriae
326 1067 334 1080 ,
351 1051 380 1074 ut
395 1046 545 1082 parabolas,
560 1050 589 1073 ut
603 1046 755 1082 mnigmata.
774 1047 940 1080 Quemcum-

150 1099 199 1128 que
220 1093 294 1128 igitur
312 1092 486 1128 conceperint
507 1097 615 1120 rentum
639 1092 680 1128 (9)
702 1093 940 1128 argumentationis

151 1141 242 1176 scorpii
261 1140 321 1174 isti,
333 1147 503 1176 quocumque
513 1147 543 1167 se
557 1140 681 1167 acumine
695 1139 854 1175 impegerint
866 1160 873 1172 ,
889 1148 954 1169 uua,

108 1209 120 1219 κ
147 1186 199 1222 jznn
211 1187 275 1215 linea
289 1192 348 1215 est:
364 1186 398 1214 ad
412 1186 485 1221 ipsas
498 1193 543 1214 res
555 1186 779 1221 provocabuntur.
796 1194 831 1213 an
845 1194 940 1213 secun-

148 1233 207 1260 dum
220 1233 368 1268 Scripturas
381 1233 572 1268 transigantur.
589 1232 726 1268 Siquidem
744 1236 806 1260 tunc
815 1232 887 1260 aliud
901 1232 939 1260 si-

149 1280 309 1315 guilicabitur
323 1280 350 1308 in
372 1280 519 1316 Scripturis
532 1302 540 1313 ,
555 1281 578 1308 si
593 1287 644 1308 nou
659 1279 774 1315 idipsum
790 1281 941 1316 reperiatur

152 1326 178 1352 in
190 1326 273 1354 rebus.
286 1326 360 1361 Quod
367 1327 439 1354 enim
446 1326 576 1361 scriptum
589 1330 641 1356 est,
653 1325 703 1353 hoc
711 1326 821 1354 evenire
832 1331 941 1361 oporte-

150 1371 198 1399 bit.
210 1372 298 1406 Porro,
309 1377 371 1400 tunc
382 1371 565 1407 evenietquod
573 1376 615 1399 est
629 1371 686 1408 (10)
700 1372 838 1407 scriptum,
849 1372 871 1399 si
887 1380 939 1400 non

151 1418 218 1445 aliud
229 1417 503 1455 (H)eveuiet.nEcce
527 1423 613 1445 autent
638 1422 662 1445 et
689 1418 748 1445 odio
768 1418 889 1445 habemur
908 1418 939 1445 ab

150 1465 257 1492 ouantibus
279 1465 433 1497 hominibus,
450 1465 487 1500 (ι)
503 1465 612 1492 nominis
634 1472 741 1497 caussa,
765 1464 900 1499 quomodo
913 1469 941 1492 et.

152 1512 271 1547 scriptum
280 1517 338 1545 est;
354 1517 378 1539 et
392 1512 518 1539 tradimur
536 1512 613 1539 etiam
627 1520 643 1538 a
659 1511 793 1546 proximis,
805 1511 941 1547 qutnnodo

152 1563 177 1587 et
189 1559 308 1594 scriptum
320 1564 378 1593 est;
394 1564 417 1586 et
436 1559 599 1594 perducimur
612 1559 646 1586 ad
660 1563 794 1594 potestates
804 1579 811 1591 ,
826 1563 850 1586 et
860 1559 940 1586 inter-

992 954 1028 982 Ita
1052 954 1170 982 lucretici
1195 962 1254 989 quae
1274 947 1527 995 praedicantitrnon
1547 960 1581 994 ut
1604 956 1714 994 probata
1729 960 1794 984 sunt

980 995 1136 1037 .cz‘ed'éindb.
1146 1008 1178 1036 ea
1183 993 1330 1036 numidas
1339 993 1486 1036 amnica-ta,
1499 993 1574 1037 sunt;
1588 993 1711 1038 credunt-

1301 1047 1413 1076 csrur
1436 1048 1493 1076 xu.
1592 1084 1595 1087 ἡ

1028 1095 1092 1130 Quis
1115 1103 1185 1123 nunc
1203 1095 1334 1124 medullas
1357 1096 1555 1131 Scripturarum
1583 1097 1667 1132 magis
1687 1103 1791 1131 nosset,

991 1149 1070 1176 quam
1082 1142 1138 1177 ipsa
1145 1141 1244 1169 Christi
1253 1142 1359 1170 schola?
1368 1150 1436 1178 quos
1444 1143 1529 1171 etsibi
1539 1143 1688 1179 discipulos
1702 1145 1793 1172 Domi-
1832 1176 1839 1179 ,

992 1195 1042 1215 nus
1050 1188 1196 1223 adoptavit,
1209 1188 1299 1216 omnia
1313 1190 1405 1225 utique
1419 1189 1588 1222 educendos;
1605 1196 1631 1218 ct
1645 1191 1722 1218 nobis
1735 1199 1792 1219 ma—
1811 1180 1823 1192 ³

991 1234 1090 1269 gistros
1105 1234 1256 1267 adornavit,
1271 1235 1359 1262 ouinia
1376 1235 1467 1271 utique
1479 1235 1615 1264 docturos.
1629 1236 1670 1272 (ιι)
1683 1236 1730 1263 (Ini
1747 1245 1794 1271 po-

993 1280 1044 1307 tius
1059 1281 1170 1315 liguram
1186 1280 1257 1308 vocis
1268 1288 1324 1309 sua:
1333 1281 1496 1309 declarasset
1507 1302 1513 1314 ,
1528 1289 1608 1317 quam
1619 1282 1661 1310 cui
1675 1282 1793 1318 efﬁgiem

991 1326 1084 1362 gloria:
1097 1334 1152 1354 sua:
1167 1327 1407 1361 revelavit,Petro,
1423 1327 1533 1360 Iacobo,
1550 1328 1655 1360 loauni.
1673 1334 1700 1356 et
1715 1334 1792 1365 post-

992 1380 1022 1400 ea
1050 1372 1149 1405 Paulo,
1166 1380 1245 1407 quem
1263 1372 1298 1408 (e)
1316 1373 1430 1408 paradisi
1448 1381 1553 1409 quoque
1567 1379 1718 1410 compotem
1730 1374 1795 1403 fecit

992 1424 1055 1446 ante
1070 1420 1245 1454 martyrium?
1260 1421 1300 1447 An
1315 1425 1342 1447 et
1356 1420 1393 1447 illi
1411 1419 1489 1447 aliter
1500 1428 1579 1455 quam
1593 1421 1710 1449 sentiunt
1724 1422 1794 1449 scri-

993 1465 1068 1498 bunt,
1079 1465 1189 1503 [nllacizn
1203 1465 1340 1503 magistri,
1350 1466 1556 1503 nonveritatis?
1571 1466 1666 1495 Petrus
1685 1467 1796 1502 quidem

992 1511 1025 1538 ad
1039 1511 1161 1538 Ponticus
1175 1521 1181 1539 :
1201 1511 1303 1545 Quanta
1313 1513 1390 1544 cnim,
1404 1511 1489 1546 inquit
1505 1511 1531 1547 (Ι
1547 1511 1618 1539 Patr.
1634 1512 1678 1548 Il),
1695 1513 1795 1549 gloria,

966 1582 969 1586 .
992 1559 1015 1585 si
1027 1567 1077 1585 non
1092 1563 1117 1585 ut
1132 1558 1300 1594 delinquentes
1314 1558 1466 1594 puniamini,
1485 1559 1631 1586 sustinetis!
1651 1558 1714 1587 "(eo
1726 1560 1794 1587 enim

152 1612 277 1640 rogamur,
299 1610 322 1633 et
343 1610 498 1641 torquentur,
515 1609 538 1632 et
552 1605 713 1639 conﬁtemur,
730 1609 753 1631 et
769 1604 937 1638 trucidamur,
953 1609 975 1640 ο
992 1606 1075 1641 gratia
1099 1609 1144 1638 est,
1166 1606 1192 1632 in
1214 1606 1262 1631 hoc
1273 1610 1295 1633 et
1310 1605 1393 1632 vocati
1407 1605 1475 1638 estis,
1491 1605 1609 1641 quoniam
1634 1610 1658 1634 et
1680 1606 1797 1634 Christus

155 1651 285 1685 quomodo
295 1656 322 1679 et
335 1651 465 1686 scriptum
487 1656 527 1678 cst
547 1650 666 1685 (Matth,
681 1650 729 1684 Χ).
745 1651 789 1678 Sic
812 1651 940 1679 Dominus

154 1697 237 1726 edixit.
253 1698 279 1726 Si
291 1698 369 1726 aliter
382 1698 466 1725 edixit
488 1698 556 1730 haec,
568 1705 615 1725 cur
637 1705 690 1725 non
706 1697 785 1725 aliter
800 1698 938 1732 eveniunt,

154 1753 227 1780 quam
239 1746 294 1781 (12)
311 1746 413 1779 edixit,
429 1745 455 1772 id
470 1749 520 1778 est,
538 1744 764 1778 quemadmodum
780 1744 881 1772 edixit?
894 1745 942 1772 At-

155 1792 212 1826 quin
227 1801 275 1820 nou
286 1793 363 1820 aliter
374 1791 502 1820 eveniunt
513 1798 592 1826 quam
607 1790 705 1820 edixit:
720 1798 784 1826 ergo
797 1791 866 1819 sicut
880 1799 943 1819 eve-

156 1837 234 1871 niuut,
246 1838 278 1865 ita
292 1837 349 1875 (13)
364 1837 465 1871 edixit,
484 1837 519 1864 ita
533 1837 670 1865 eveniunt.
684 1836 750 1864 Nam
763 1844 812 1864 nec
824 1837 943 1864 licuisset

155 1883 227 1912 aliter
235 1886 349 1918 evenire,
365 1892 445 1920 quam
461 1884 562 1917 edixit;
579 1891 627 1911 nec
643 1884 700 1918 ipse
714 1883 792 1911 aliter
802 1884 941 1918 edixisset,

153 1937 227 1965 quam
248 1930 355 1958 evenire
380 1930 517 1958 voluisset.
533 1930 581 1962 ita,
596 1937 649 1958 non
665 1929 736 1957 aliud
756 1929 944 1965 significibunt

149 1976 363 2014 Seripturmﬂt),
375 1984 454 2012 quam
463 1977 489 2004 in
497 1976 577 2004 rebus
585 1976 814 2011 recognoscimus.
823 1977 876 2004 Ant
884 1976 943 2012 (I5)

149 2022 173 2051 si
200 2023 312 2051 nondum
333 2023 507 2059 agunturilla
520 2031 580 2059 qua:
596 2023 784 2058 praedicantur,
808 2023 944 2058 quomodo

993 1660 1083 1688 passus
1102 1657 1136 1679 est
1156 1660 1201 1687 pro
1214 1652 1296 1684 nobis,
1310 1652 1453 1686 relinquens
1466 1652 1535 1679 vobis
1547 1652 1690 1687 minplum
1702 1658 1796 1679 semet-

992 1700 1088 1733 ipsum,
1102 1704 1127 1725 nt
1138 1699 1306 1734 arseqnamini
1321 1698 1424 1733 vestigia
1438 1698 1528 1733 ipsius.
1542 1698 1577 1726 Et
1592 1706 1685 1726 rursus
1695 1698 1717 1733 (1
1733 1698 1794 1726 Pet.

994 1745 1039 1781 IV)
1055 1754 1061 1774 :
1077 1745 1170 1772 Dilt’cti
1181 1766 1189 1778 ,
1204 1753 1235 1772 ne
1255 1745 1427 1778 rxpanescatis
1442 1744 1566 1771 ustionem
1578 1765 1585 1778 ,
1600 1752 1657 1779 qua:
1670 1745 1755 1780 agitur
1768 1745 1797 1773 in

994 1792 1062 1819 vobis
1071 1792 1096 1818 in
1109 1791 1281 1823 imitationem,
1293 1790 1364 1825 quasi
1378 1798 1468 1817 nouum
1479 1790 1577 1817 accidat
1598 1790 1667 1817 nobis
1683 1798 1693 1817 :
1703 1790 1797 1817 etenim

994 1839 1131 1866 secundum
1146 1837 1213 1873 quod
1225 1838 1417 1865 communicatis
1432 1836 1591 1872 passionibus
1603 1836 1714 1871 Christi,
1729 1846 1796 1873 gau-

994 1885 1060 1918 dete,
1078 1884 1114 1911 uti
1131 1888 1154 1911 et
1165 1885 1191 1911 in
1202 1883 1353 1911 reuelatione
1364 1883 1453 1919 glorite
1465 1884 1519 1915 eius
1531 1883 1663 1918 gaudeatis
1675 1885 1796 1911 exultan-

995 1936 1042 1959 tes.
1053 1931 1083 1958 Si
1095 1930 1281 1958 dcdecoramini
1294 1930 1320 1957 in
1335 1930 1396 1965 (Ἠ)
1411 1930 1513 1957 nomine
1526 1929 1631 1962 Christi,
1646 1929 1710 1956 beati
1724 1930 1794 1963 estis,

995 1977 1114 2012 quoniam
1128 1977 1210 2012 gloria
1223 1981 1245 2003 at
1261 1976 1307 2003 Dei
1324 1976 1429 2011 spiritus
1452 1975 1584 2010 requiescit
1604 1974 1661 2011 (‘25)
1675 1975 1701 2002 in
1714 1975 1795 2008 vobis,

995 2024 1057 2051 dum
1079 2032 1110 2051 ne
1131 2024 1187 2059 quis
1210 2028 1319 2051 vestrum
1334 2023 1456 2058 patiatur,
1472 2027 1500 2049 ut
1524 2022 1662 2055 homicida,
1678 2028 1723 2051 aut
1741 2024 1797 2058 fur,

755 2080 947 2111 LECTIONES
967 2082 1173 2111 VARIANTES.

204 2204 216 2328 ξ

190 2139 215 2203 ἒ)
231 2138 389 2203 illiti-igneae
401 2169 475 2203 septi.

231 2200 479 2258 gilgzglrgqqhﬁhm
498 2201 573 2227 Scmt.
582 2200 681 2227 Oberth.

177 2327 215 2395 :7)
233 2327 360 2352 Sermonis
371 2327 424 2364 nig.
473 2356 479 2361 _
554 2357 558 2362 ,
683 2357 688 2362 ι

184 2362 203 2395 (ξ
228 2358 255 2395 In
267 2360 442 2395 persecutione
452 2361 504 2395 ing.
516 2363 530 2382 e
540 2356 603 2383 libro
613 2360 696 2395 veteri.

192 2389 216 2422 Β)
235 2389 411 2427 Quodcumque
424 2389 499 2421 igitur
510 2389 670 2421 conceperint
683 2395 806 2415 venenum
823 2392 880 2415 Jun.

192 2420 234 2484 iii

178 2450 234 2518 tat

958 2351 985 2381 D
1030 2351 1071 2385 ii?)

1017 2141 1156 2197 L(liollirgo
1165 2142 1227 2166 sicut
1237 2142 1362 2172 eveniunt,
1374 2142 1406 2167 ita
1425 2141 1506 2168 demit.
1519 2143 1605 2171 Venet.
1617 2141 1734 2170 substituit
1743 2148 1801 2168 vero

1037 2180 1055 2196 Si
1066 2180 1086 2196 ‘ll
1101 2192 1106 2196 .
1204 2192 1206 2194 -

999 2177 1025 2197 et
1037 2177 1106 2197 SiClll.
1204 2192 1206 2194 .

1030 2204 1082 2234 (li)
1102 2204 1156 2228 lstze
1172 2204 1231 2229 add.
1246 2204 1320 2229 Seml.

1029 2236 1080 2266 (15)
1098 2235 1129 2260 At
1141 2235 1216 2260 Seml.

1046 2267 1083 2295 16)
1100 2267 1212 2298 Aguntur
1228 2266 1301 2292 drmit
1318 2266 1392 2293 Serui.
1412 2269 1465 2298 post
1481 2265 1560 2293 Rhea.

1045 2299 1081 2323 l7)
1101 2298 1160 2322 Cum
1172 2298 1252 2323 Ciat‘c.

1030 2329 1081 2358 (l8)
1097 2329 1129 2354 Et
1144 2330 1203 2354 add.
1218 2330 1291 2354 Sami.

1102 2362 1162 2385 Acta
1173 2359 1247 2386 Seml.

1042 2392 1082 2422 20)
1100 2392 1153 2417 Erit
1165 2392 1239 2418 Seml.

1032 2423 1080 2453 ('21)
1101 2423 1136 2447 Ita
1148 2427 1204 2448 Jun.

1034 2455 1086 2485 ('22)
1105 2455 1132 2479 ln
1142 2454 1215 2480 drmit
1227 2455 1301 2479 Sami.

1034 2484 1085 2517 (25)
1104 2486 1251 2517 llequiescet
1262 2485 1338 2512 Ilhen.
1347 2484 1422 2515 Seml,
1435 2484 1537 2513 Oberth.

832 2536 1115 2568 COMMENTARIUS.

183 2609 262 2639 CAP.
270 2606 395 2644 XL—(a)
402 2607 601 2644 Servaarumam
611 2606 852 2635 tuam.Consimiles
864 2608 952 2636 Pater-

152 2646 178 2675 ni
185 2643 398 2682 proconsulisad
404 2643 574 2682 _Cypriantiiti
589 2650 668 2682 voces
681 2649 824 2682 occurrunt
832 2644 857 2671 in
865 2644 948 2682 histo-

151 2678 336 2722 ria'.p_assionis
348 2678 488 2722 {Oll‘liséill‘ti
507 2679 642 2722 martyris:
664 2686 731 2714 quas
743 2684 771 2707 et
783 2680 946 2715 Augustinus

151 2714 267 2753 ﬂagitat
276 2723 359 2744 serm.
373 2715 407 2742 de
422 2714 607 2756 eodem_Cypr.
622 2714 682 2742 RIG.
701 2750 707 2757 .
831 2714 835 2715 ⁷

185 2752 226 2789 (b)
240 2751 276 2789 lu
288 2749 412 2789 [ιφ-αρσια
437 2758 539 2789 seminis
553 2755 617 2789 post
640 2755 757 2789 cespitem
780 2752 894 2789 arefacti.
916 2751 945 2778 In

152 2784 298 2824 exéshplari
311 2787 420 2822 legitur,
430 2784 470 2824 _In
484 2785 607 2824 parabam
618 2784 742 2824 sermonis
757 2791 812 2824 post
824 2784 946 2821 cespitem

151 2821 295 2862 arefqitjjn
311 2821 514 2862 persecutionum
529 2822 622 2862 figurat
632 2823 759 2849 ardorem.
776 2822 835 2849 RIG.

187 2856 227 2896 (c)
238 2856 358 2896 Nominis
370 2864 472 2896 caussa.
487 2856 559 2884 Istud
570 2857 636 2896 satis
643 2865 783 2885 excussum
792 2862 832 2884 est
841 2858 865 2885 in
876 2858 947 2892 Apo-

153 2893 222 2933 lng.,'
233 2894 279 2923 ubi
292 2893 463 2923 ostendimus
477 2900 508 2920 cx
522 2893 639 2931 antiquis
662 2900 819 2929 responsum
839 2901 899 2921 esse
912 2915 918 2922 .
932 2901 948 2920 e

1002 2610 1113 2674 ἰποιηὶηὲ
1126 2606 1212 2675 neque
1225 2611 1344 2645 laudem,
1358 2619 1447 2648 neque
1459 2612 1621 2654 vituperium
1637 2613 1741 2649 sperari
1755 2613 1803 2641 de-

1021 2654 1075 2674 crc.
1115 2655 1131 2675 ε
1167 2656 1194 2675 n.

1021 2654 1075 2674 crc.
1092 2654 1131 2675 LE
1147 2654 1194 2675 ΥΠ.

1033 2692 1110 2729 CAP.
1118 2692 1165 2721 XII
1171 2708 1214 2721 .—
1220 2693 1248 2727 (d
1253 2694 1262 2728 )
1268 2694 1316 2722 Cui
1326 2694 1409 2729 potius
1416 2694 1525 2729 ﬁguram
1532 2696 1600 2723 vocis
1609 2702 1662 2723 suae
1671 2694 1802 2722 declaras-

998 2732 1045 2755 set.
1061 2728 1198 2765 Sermonis
1210 2730 1249 2756 sui
1264 2730 1400 2765 mysteria,
1417 2728 1594 2762 sacramenta,
1608 2737 1669 2757 cum
1694 2730 1796 2757 scilicet

999 2763 1149 2791 recedunta
1164 2763 1320 2792 litterisstiis
1333 2768 1480 2797 sensus,‘ut
1491 2765 1549 2800 ipse
1556 2766 1674 2801 l0quitur
1683 2765 1799 2800 hocipso

999 2807 1091 2834 opere,
1104 2806 1163 2834 cap.
1180 2801 1223 2828 15.
1243 2801 1302 2828 ltro.

1035 2844 1073 2881 (θ)
1089 2845 1207 2881 Parndisi
1219 2853 1318 2880 quot/ne
1337 2850 1476 2880 compotem
1491 2845 1553 2880 facit
1565 2851 1623 2872 ante
1636 2845 1798 2879 martyrium.

1002 2881 1067 2908 Dum
1083 2880 1184 2908 scilicet
1197 2886 1288 2915 raptus
1301 2880 1334 2908 ad
1349 2888 1432 2916 usque
1445 2881 1551 2908 tertium
1562 2881 1669 2912 cmlum,
1687 2888 1718 2907 oa
1734 2880 1799 2907 vidit
