3902 6312
337 244 441 302 147
1324 274 1365 291 η

1764 242 2228 304 TERTULLIANI
3350 237 3380 283 π

3608 244 3707 305 118

333 370 422 414 aut
471 358 757 447 maleficus,
801 370 893 419 aut
932 360 1012 437 (α)
1056 359 1213 421 alieni
1238 363 1545 437 speculator.
1577 362 1639 419 Si
1667 370 1835 418 autem
1875 371 1933 417 ut
1958 365 2009 425 Α
2036 360 2407 419 candidantur.
2432 358 2573 429 Quia
2602 367 2659 419 et
2707 360 2890 420 Esaias
2916 360 3022 437 (ls.
3055 359 3107 429 Ι,
3146 358 3253 435 18)
3284 375 3363 418 ex
3405 374 3606 418 russea
3631 363 3705 436 (ὅ)

331 455 674 525 christianus,
707 472 770 511 ne
795 457 1080 523 erubescat;
1099 456 1351 529 gloriﬁcet
1376 467 1544 511 autem
1570 455 1841 511 Dominum
1878 455 1933 509 in

332 548 540 603 nomine
559 550 673 604 isto.
697 548 931 606 Joannes
961 566 1108 616 vero,
1137 558 1196 605 ut
1220 552 1380 607 etiam
1413 566 1509 621 pro
1540 550 1791 606 fratribus
1811 565 1935 607 nos-

334 643 432 696 tris
456 641 660 696 animas
682 656 944 712 ponamus
965 684 981 710 ,
1010 643 1274 711 hortatur,
1303 657 1502 712 negans
1532 642 1780 698 timorem
1812 656 1935 700 esse

336 734 389 788 in
415 732 699 790 dilectione
742 732 786 806 (I
813 733 972 792 Joan.
1005 735 1092 801 IV,
1126 734 1215 809 18)
1246 752 1260 791 :
1294 734 1529 805 Perfecta
1556 737 1691 791 enim
1729 737 1936 793 dilectio

232 877 244 891 ,
334 829 474 899 foras
501 825 673 896 objicit
700 827 933 882 timorem
962 842 981 881 :
1014 827 1251 898 quoniam
1276 826 1426 881 timor
1451 843 1653 899 pinnam
1682 826 1862 892 habet;
1887 837 1935 883 et

334 921 422 991 qui
448 921 607 984 timet,
641 915 743 975 non
773 928 845 974 est
880 919 1132 992 perfectus
1167 920 1219 974 in
1261 919 1545 974 dilectione.
1574 919 1743 990 Quem
1774 921 1934 976 timo-

338 1028 453 1068 rem
484 1012 702 1084 intelligi
734 1012 1087 1083 praestat,nisi
1113 1013 1413 1086 negationis
1446 1012 1748 1069 auctorem?
1762 1014 1934 1082 Quam

344 1105 686 1163 dilectionem
716 1107 1006 1179 perfectam
1037 1106 1292 1176 aflirinat,
1336 1106 1439 1162 nisi
1494 1107 1806 1178 fugatricem
1864 1111 1935 1165 ti—

332 1186 522 1268 moris,
540 1211 594 1256 et
620 1201 990 1257 animatricem
1021 1198 1401 1255 confessionis?
1424 1198 1595 1268 Quam
1621 1214 1834 1271 pinnam
1864 1202 1934 1256 ti-

332 1307 484 1347 more
536 1292 740 1364 puniat,
788 1291 891 1346 nisi
935 1307 1094 1362 quam
1139 1300 1360 1362 negator
1389 1289 1654 1346 relaturus
1678 1301 1782 1358 est,
1813 1306 1935 1349 cum

330 1401 557 1456 corpore
583 1396 636 1441 et
668 1386 843 1440 anima
872 1383 1199 1440 occidendus
1222 1382 1273 1439 in
1302 1383 1547 1455 gehenna
1574 1382 1680 1458 (I)?
1709 1383 1860 1451 Quod
1889 1384 1936 1449 si

328 1495 429 1551 pro
459 1478 708 1535 fratribus
727 1488 746 1545 ,'
769 1489 972 1551 quanto
1010 1477 1177 1549 magis
1204 1492 1301 1549 pro
1332 1477 1558 1533 Domino
1600 1478 1934 1535 moriendum

227 1614 246 1628 .
332 1572 519 1639 docet,
547 1573 678 1628 satis
707 1572 774 1628 de
800 1569 1125 1643 Apocalypsi
1146 1585 1359 1642 quoque
1384 1586 1481 1627 sua
1510 1570 1799 1627 instructus
1820 1571 1936 1629 haec

330 1667 557 1722 suadere
582 1668 596 1722 ε
624 1665 966 1721 Maudaverat
1005 1663 1202 1721 etenim
1229 1664 1448 1734 spiritus
1474 1662 1540 1719 ad
1570 1663 1817 1733 angelum
1847 1679 1938 1721 ec-

2038 464 2093 511 et
2139 455 2358 511 coccino
2411 457 2624 511 niveum
2679 464 2733 511 et
2780 455 2997 511 laneum
3066 455 3462 535 repromittit.
3516 454 3699 528 Magna

2036 547 2200 603 etiam
2262 546 2503 619 Babylon
2550 561 2674 603 cum
2729 547 3066 605 describitur
3144 548 3316 603 ebria
3385 558 3702 606 sanctorum

2038 653 2251 704 cruore,
2276 640 2396 696 sine
2421 639 2586 695 dubio
2615 639 2848 705 ebrietas
2883 641 2999 711 ejus
3032 639 3479 711 martyriorum
3500 641 3702 711 poculis

2037 732 2394 798 ministratur,
2424 735 2668 802 quorum
2701 730 2930 789 formido
2957 730 3092 805 quid
3122 730 3389 786 relatura
3422 732 3523 797 sit,
3554 746 3702 803 mque

2038 821 2363 877 ostenditur.
2395 819 2543 879 Inter
2590 837 2779 881 omnes
2829 823 2970 878 enim
3014 820 3350 893 reprobos;
3414 821 3532 878 imo
3584 833 3702 882 ante

2037 928 2246 970 omnes.
2305 913 2530 979 Timidis
2567 923 2769 982 autem,
2818 915 3009 986 inquit,
3032 914 3259 969 dehinc
3291 916 3544 981 caeteris,
3579 932 3698 985 par-

2039 1006 2199 1062 ticula
2235 1007 2289 1062 in
2323 1017 2515 1078 Stagno
2542 1007 2681 1079 ignis
2705 1016 2759 1065 et
2784 1007 3085 1079 sulphuris.
3121 1006 3228 1064 Sic
3259 1008 3441 1064 timor
3485 1009 3604 1080 ejus
3647 1011 3696 1071 iu

2039 1099 2280 1170 Epistola
2307 1098 2424 1171 ejus
2452 1097 2499 1170 (I
2524 1100 2682 1156 Joan.
2714 1098 3121 1173 lV,I8),quem
3138 1099 3391 1157 dilectio
3425 1101 3577 1158 foras
3606 1104 3697 1159 ab—

2033 1188 2177 1262 jicit,
2204 1190 2362 1248 habet
2391 1205 2628 1265 pinnam.

2532 1324 2543 1333 .
2623 1281 2854 1345 CAPUT
2893 1282 3033 1340 XIII.

2111 1373 2308 1432 Paulus
2328 1389 2456 1431 vero
2477 1373 2766 1448 Apostolus
2789 1375 2857 1431 de
2886 1384 3258 1446 persecutore
3282 1376 3437 1454 (Act.
3458 1376 3584 1448 IX),
3603 1378 3689 1450 qui

2040 1468 2244 1539 primus
2288 1468 2554 1567 Ecclesia?
2600 1470 2912 1542 sanguinem
2955 1469 3116 1537 fudit,
3171 1481 3382 1542 postea
3444 1473 3686 1544 gladium

2038 1558 2181 1632 ston
2207 1572 2442 1625 mutans,
2490 1558 2554 1616 et'
2583 1571 2906 1629 convertens
2938 1562 3290 1621 machaeram
3320 1565 3380 1620 in
3411 1575 3691 1633 aratrum;

2039 1653 2196 1723 lupus
2223 1667 2383 1724 rapax
2412 1651 2711 1724 Benjamin,
2740 1653 2938 1710 dehinc
2976 1656 3090 1726 ipse
3118 1656 3386 1712 alferens
3409 1655 3495 1730 (6)
3517 1672 3692 1715 escam

328 1760 507 1815 clesizc
537 1758 939 1829 Smyrnaeorum
989 1756 1228 1828 (Apocal.
1267 1754 1331 1821 Il,
1378 1751 1468 1827 10)
1496 1772 1510 1809 :
1542 1754 1673 1810 Ecce
1701 1755 1934 1813 diabolus
1962 1760 2011 1822 Β
2039 1752 2331 1808 secundum
2358 1752 2548 1822 Jacob,
2581 1754 2814 1827 qualiter
2835 1755 3112 1827 martyria,
3134 1753 3268 1824 jam
3303 1763 3367 1812 et
3394 1756 3504 1810 sibi
3538 1763 3687 1824 opta-

331 1869 395 1907 ρας
435 1868 646 1906 numero
676 1860 761 1905 tuo
790 1850 1023 1923 conjiciet
1048 1847 1127 1922 (2)
1155 1850 1210 1904 in
1252 1866 1529 1916 carcerem,
1577 1859 1631 1904 ut
1679 1852 1936 1907 tentemini

331 1945 509 1998 diebus
548 1942 740 1998 decem.
779 1940 904 1997 Esto
937 1940 1107 2008 ﬁdelis
1130 1941 1199 1995 ad
1226 1950 1437 1996 mortem
1478 1957 1637 2011 usque
1660 1983 1675 2007 ,
1709 1952 1757 1997 et
1802 1942 1934 1997 dabo

329 2038 419 2090 tibi
446 2038 561 2091 vita:
588 2051 849 2090 coronam.
895 2034 1025 2090 Item
1053 2032 1119 2088 ad
1149 2033 1598 2106 Pergamenorum
1633 2031 1702 2090 de
1739 2034 1933 2105 Antipa

326 2128 643 2183 ﬁdelissimo
670 2137 903 2198 martyre
937 2123 1220 2181 interfecto
1249 2125 1300 2179 in
1330 2124 1658 2180 habitatione
1696 2124 1932 2181 Saluum.

326 2219 461 2275 Item
494 2218 559 2274 ad
597 2216 1166 2288 Philadelphenorum,
1195 2216 1338 2288 quod
1363 2232 1391 2269 a
1424 2217 1719 2272 tentatione
1748 2216 1932 2272 ultima

323 2313 669 2377 liberaretur,
696 2310 788 2381 qui
814 2308 1025 2364 Domini
1055 2323 1251 2363 nomen
1290 2324 1394 2364 non
1426 2297 1670 2378 negarat‘
1694 2306 1793 2381 (ὁ).
1824 2307 1933 2363 Ex-

326 2406 453 2462 inde
472 2404 664 2458 victori
693 2403 885 2473 cuique
928 2401 1190 2471 promittit
1235 2415 1375 2457 nunc
1402 2400 1652 2456 arborem
1682 2401 1807 2456 vita:
1831 2441 1848 2470 ,
1879 2410 1934 2457 et

327 2494 520 2549 mortis
549 2495 762 2551 veniam
811 2493 1061 2550 secundae
1104 2508 1291 2569 :nnne
1340 2493 1512 2549 latens
1560 2508 1755 2548 manna
1809 2508 1931 2550 cum

326 2587 536 2641 calculo
565 2584 813 2653 candido,
843 2595 895 2642 et
929 2583 1146 2641 nomine
1173 2586 1356 2657 ignoto
1388 2602 1404 2641 :
1429 2599 1570 2640 nunc
1602 2583 1792 2641 ferrea:
1820 2585 1930 2641 vir-

329 2695 410 2750 ga:
439 2688 756 2751 potestatem
785 2721 801 2746 ,
832 2690 885 2735 et
912 2680 1085 2736 stellae
1112 2679 1392 2736 matutinae
1417 2680 1713 2736 claritatem
1744 2698 1758 2737 :
1792 2696 1934 2738 nunc

327 2772 504 2828 albam
529 2761 734 2839 veStiri,
768 2789 868 2829 nee
895 2772 1063 2829 deleri
1106 2773 1175 2829 de
1218 2773 1355 2830 libro
1376 2774 1520 2841 vitae,
1555 2782 1608 2830 et
1626 2774 1930 2843 columnam

328 2866 444 2922 fieri
478 2866 528 2922 in
561 2868 653 2922 Dei
680 2867 900 2938 templo.
934 2867 986 2922 in
1016 2867 1233 2923 nomine
1255 2868 1349 2923 Dei
1394 2877 1447 2922 et
1470 2867 1702 2934 Domini,
1728 2877 1784 2925 et
1838 2868 1933 2925 Je-

329 2961 563 3019 rusalem
595 2960 833 3019 caelestis
865 2959 1139 3032 inscripta,
1186 2976 1328 3017 nunc
1365 2961 1603 3018 residere
1649 2977 1771 3019 cum
1821 2962 1932 3019 Do-

328 3053 477 3109 mino
514 3054 567 3109 in
625 3053 818 3108 throno
847 3050 984 3124 ejus,
1013 3052 1155 3127 quod
1197 3052 1482 3124 aliquando
1512 3052 1758 3108 Zebedmi
1810 3054 1932 3109 liliis

2040 1842 2202 1911 bilia,
2261 1845 2641 1902 commendat!
2692 1860 2817 1901 cum
2866 1845 2933 1903 de
2964 1846 3044 1918 (7)
3077 1845 3689 1907 Thessalonicensibus

2016 1936 2278 2015 ‘gaudens
2309 1955 2324 1994 :
2359 1937 2469 2007 Uti,
2502 1939 2675 2011 inquit
2697 1938 2764 2012 (II
2795 1939 3024 1999 Thessal.
3052 1939 3095 2006 Ι,
3127 1942 3190 2005 5,
3210 1941 3305 2012 4).
3333 1942 3689 2014 gloriemurin

2038 2030 2176 2084 vobis
2221 2031 2275 2085 in
2325 2029 2566 2091 Ecclesiis
2598 2030 2696 2087 Dei
2734 2048 2826 2102 pro
2856 2032 3130 2088 tolerantia
3160 2043 3348 2090 vestra
3378 2046 3430 2089 et
3462 2036 3570 2104 ﬁde
3592 2075 3609 2102 ,
3636 2035 3685 2088 in

2037 2121 2271 2177 omnibus
2311 2123 2740 2193 persecutionibus
2765 2133 2810 2178 et
2839 2125 3112 2197 pressaris,
3143 2126 3349 2194 quibus
3408 2125 3488 2200 (e)
3534 2126 3686 2181 susti-

1996 2264 1999 2269 λ
2038 2214 2167 2268 netis
2196 2224 2508 2270 ostentamen
2539 2216 2674 2281 justi
2694 2216 2887 2288 judicii
2928 2215 3058 2283 Dei,
3106 2229 3165 2272 ut
3197 2220 3361 2291 digni
3388 2217 3680 2274 habeamini

2037 2320 2196 2376 regno
2221 2307 2356 2375 ejus,
2389 2323 2483 2378 pro
2505 2323 2606 2378 quo
2650 2317 2697 2362 et
2738 2309 2998 2378 patimini.
3022 2308 3179 2366 Sicut
3208 2319 3272 2366 et
3304 2310 3379 2367 ad
3408 2310 3682 2366 Romanos

2037 2395 2214 2471 (Rom.
2251 2398 2316 2466 V,
2352 2400 2445 2471 II)
2468 2416 2490 2465 ;
2526 2399 2649 2455 Non
2697 2402 2861 2457 solunt
2886 2411 3079 2470 autem,
3130 2420 3324 2461 verum
3352 2407 3517 2461 etiam
3539 2405 3676 2479 exul-

2038 2498 2202 2544 tantes
2228 2490 2280 2544 in
2309 2493 2595 2562 pressaris;
2620 2494 2743 2547 certi
2777 2493 2855 2566 (8)
2884 2496 3022 2567 quod
3050 2512 3311 2565 pressura
3348 2499 3681 2557 tolerantiam

2038 2582 2259 2652 perﬁcit,
2310 2583 2582 2638 tolerantia
2627 2600 2745 2639 uero
2789 2585 3159 2658 probationem,
3217 2591 3475 2661 probatio
3511 2602 3674 2642 autem

2037 2689 2217 2744 spem,
2253 2691 2368 2745 spes
2398 2691 2514 2730 vero
2541 2692 2640 2731 non
2667 2680 2950 2748 confundit.
2989 2680 3055 2735 Et
3083 2697 3288 2737 rursus
3323 2683 3513 2756 (Rom.
3549 2680 3669 2749 VIII,

2037 2765 2128 2834 17)
2165 2785 2177 2820 :
2208 2766 2357 2835 Quod
2377 2769 2420 2823 si
2445 2769 2569 2839 (illi,
2593 2780 2640 2824 et
2664 2771 2889 2828 ltazredes
2905 2790 2923 2837 ;
2943 2773 3168 2829 ha’redcs
3196 2778 3421 2848 quidem
3444 2777 3563 2843 Dei,
3590 2793 3672 2831 co-

2037 2859 2263 2917 Iueredes
2296 2878 2413 2917 uero
2442 2861 2631 2921 Christi
2657 2881 2677 2920 :
2706 2867 2953 2939 siquidem
2994 2873 3353 2941 compatimur
3376 2874 3489 2946 (9),
3521 2873 3596 2928 uti
3622 2881 3666 2929 ct

2037 2968 2153 3007 cum
2200 2954 2289 3009 illo
2339 2955 2704 3026 glori/icemur.
2757 2956 2958 3029 Reputo
3003 2963 3139 3016 enim
3187 2966 3475 3034 passiones
3515 2965 3664 3036 hujus

2037 3048 2275 3118 temporis
2304 3063 2406 3102 non
2442 3065 2548 3104 esse
2576 3051 2760 3122 dignas
2785 3053 2854 3109 ad
2883 3054 3123 3125 gloriam,
3147 3073 3275 3128 qua:
3302 3060 3360 3115 in
3409 3058 3558 3114 nobis
3591 3073 3665 3113 re.

324 3146 640 3217 negabatur.
674 3145 901 3214 Quinam
934 3142 1018 3200 isti
1052 3152 1156 3199 tam
1187 3144 1326 3200 beati
1355 3143 1604 3212 victores,
1656 3145 1756 3199 nisi
1806 3138 2280 3220 pro-C'velabitur
2332 3139 2466 3213 (10).
2527 3141 2595 3203 Ει
2653 3142 2777 3199 ideo
2824 3147 3164 3217 postmodum
3226 3168 3242 3207 :
3301 3151 3459 3218 Quis,
3492 3150 3673 3219 inquit-

327 3240 445 3311 prie
482 3238 794 3312 martyres?
840 3238 1051 3294 lllormn
1085 3237 1285 3294 etenim
1317 3239 1576 3305 victoriae,
1613 3252 1841 3310 quorum
1874 3247 1929 3294 et

325 3345 553 3403 pugnae;
584 3346 770 3387 eorum
799 3345 926 3387 vero
955 3346 1144 3403 pugnae
1163 3370 1180 3397 ,
1208 3345 1435 3401 quorum
1468 3339 1525 3386 et
1552 3330 1787 3400 sanguis.
1821 3329 1927 3386 Sed

324 3434 382 3481 et
424 3425 638 3482 interim
669 3425 745 3496 (ε)
773 3424 873 3480 sub
897 3423 1051 3480 altari
1084 3433 1378 3496 martyrum
1422 3424 1618 3495 anima:
1658 3423 1926 3494 placidum

328 3516 640 3588 quiescunt,
661 3515 743 3590 (ά)
768 3525 823 3572 et
852 3514 1045 3571 ﬁducia
1083 3514 1303 3570 ultionis
1336 3514 1647 3585 patientiam
1679 3525 1925 3593 pascunt,

328 3618 384 3663 et
436 3607 633 3663 induta:
680 3607 858 3673 stolis,
900 3605 1181 3662 candidam
1213 3607 1296 3679 (5)
1323 3607 1584 3663 claritatis
1632 3620 1926 3681 usurpant,

327 3702 502 3758 donec
552 3713 605 3756 et
645 3701 734 3757 alii
785 3700 1110 3755 consortium
1161 3699 1372 3774 tuarum
1417 3699 1604 3770 gloria:
1646 3699 1926 3772 impleant.

325 3792 461 3851 Nam
492 3803 547 3851 et
574 3805 761 3849 rursus
791 3791 1073 3847 innumera
1120 3789 1406 3846 multitudo
1436 3791 1595 3847 albati
1636 3800 1691 3849 et
1738 3795 1929 3863 palmis

326 3887 564 3942 victoria:
593 3885 830 3957 insignes
859 3884 1200 3949 revelantur;
1241 3882 1447 3940 scilicet
1486 3881 1553 3938 de
1598 3884 1928 3944 Antichristo

326 3970 720 4051 triumphantes
751 3977 1007 4050 (l),sicnt
1034 3992 1169 4033 unus
1195 3992 1262 4032 ex
1290 3975 1655 4050 presbyteris;
1693 3975 1763 4032 Hi
1789 3988 1923 4047 sunt,

327 4074 406 4128 ait
434 4072 616 4143 (Apoc.
644 4068 754 4133 VII,
788 4067 901 4138 14),
925 4069 1014 4140 qui
1035 4069 1236 4122 veniunt
1258 4083 1322 4122 ea;
1343 4066 1435 4122 illa
1461 4085 1697 4137 pressura
1717 4086 1925 4141 magna,

327 4176 377 4222 et
420 4167 651 4220 laverunt
689 4163 1040 4217 vestimentum
1064 4177 1234 4224 suum,
1264 4170 1311 4213 et
1338 4159 1734 4214 candidaverunt
1761 4161 1930 4231 ipsum

272 4238 277 4245 ’
325 4257 383 4313 in
408 4256 658 4328 sanguine
693 4254 857 4325 agni:
877 4252 1104 4309 vestitus
1132 4249 1276 4307 enim
1306 4249 1524 4317 animae,
1555 4264 1703 4307 caro.
1729 4251 1931 4309 Sordes

234 4370 281 4392 ον
327 4353 544 4425 quidem
575 4350 898 4423 baptismate
924 4345 1234 4413 abluuntur,
1268 4343 1493 4409 maculae
1520 4359 1651 4402 vero
1672 4348 1932 4419 martyrio

2032 3228 2213 3306 (llam.
2246 3233 2390 3300 VIII,
2423 3235 2538 3308 55),
2567 3237 2822 3306 separabit
2866 3256 2959 3295 nos
3008 3258 3042 3297 a
3091 3243 3380 3303 dilectione
3426 3245 3663 3302 Christi!

2032 3346 2287 3399 pressura,
2319 3347 2386 3387 an
2409 3333 2671 3403 angustia,
2702 3349 2771 3387 an
2811 3337 2997 3404 fames,
3040 3354 3110 3393 an
3152 3341 3397 3419 auditas,
3426 3358 3495 3395 an
3521 3340 3655 3411 peri-

2030 3422 2221 3490 culum,
2269 3440 2337 3479 an
2380 3424 2671 3493 mae/uera,
2725 3427 3006 3483 secundum
3045 3430 3183 3498 quod
3227 3433 3493 3504 scriptum
3540 3442 3655 3488 est:

2033 3518 2103 3570 tui
2125 3514 2173 3591 (l
2192 3518 2244 3587 l)
2269 3533 2451 3573 caussa
2478 3519 2849 3589 mortiﬁcamur
2875 3530 2980 3576 tota
3009 3522 3113 3591 die,
3146 3526 3392 3594 deputati
3410 3543 3586 3584 sumus
3606 3533 3658 3581 ut

2031 3622 2213 3678 pecora
2230 3608 2574 3679 jugulationis
2612 3624 2631 3674 ,'
2659 3610 2749 3666 sed
2767 3611 2819 3666 in
2845 3612 3078 3669 omnibus
3098 3616 3208 3671 istis
3238 3619 3653 3691 superuincimus

2030 3715 2126 3770 pro
2157 3716 2214 3754 eo
2240 3701 2328 3770 qui
2359 3716 2452 3759 nos
2474 3701 2672 3757 dilexit.
2704 3701 3020 3763 Persuasum
3044 3706 3178 3762 enim
3208 3707 3488 3774 habemus,
3512 3706 3652 3781 quod

2030 3810 2189 3865 neque
2216 3810 2371 3860 ntars,
2402 3811 2562 3865 neque
2594 3796 2715 3860 vita,
2746 3814 2907 3871 neque
2933 3799 3113 3865 virtus,
3145 3817 3310 3872 neque
3335 3801 3644 3862 sublimitas,

2030 3902 2189 3956 neque
2215 3887 2551 3959 profundum,
2582 3905 2742 3962 neque
2766 3890 2874 3947 alia
2905 3892 3132 3948 conditio
3163 3895 3353 3963 poterit
3381 3886 3478 3951 nos
3505 3906 3537 3948 a
3561 3892 3639 3947 di-

2032 3976 2245 4033 lectione
2289 3977 2387 4033 Dei
2414 3996 2656 4051 separare
2676 4022 2693 4047 ,
2721 3997 2835 4051 qua:
2859 3990 2933 4038 est
2964 3983 3016 4037 iu
3039 3981 3242 4039 Christo
3264 3984 3399 4042 Iesu
3428 3983 3647 4041 Domino

2038 4080 2231 4126 nostra.
2278 4071 2383 4127 Sed
2414 4082 2467 4127 et
2498 4072 2788 4128 Corinthiis
2817 4076 3095 4144 passiones
3138 4089 3265 4131 suas
3314 4088 3643 4133 enumerans

2034 4164 2104 4237 (II
2127 4163 2245 4220 Cor.
2279 4165 2374 4232 XI,
2403 4165 2518 4236 33),
2558 4166 2868 4238 patiendum
2909 4167 3102 4251 utique
3123 4152 3413 4239 praelinivit
3439 4188 3453 4225 :
3479 4168 3542 4222 In
3565 4166 3643 4221 la-

2036 4256 2237 4311 boribus
2263 4255 2629 4322 abundantius,
2673 4258 2729 4311 in
2773 4259 3059 4313 carceribus
3089 4259 3399 4330 plurimum,
3430 4260 3486 4315 in
3513 4272 3644 4312 mor-

2037 4347 2169 4404 tibus
2213 4349 2434 4419 stepius;
2482 4365 2514 4403 a
2558 4347 2763 4409 Iudicis
2793 4350 3060 4422 quinquies
3103 4352 3465 4427 quadragenas
3514 4350 3638 4405 citra

1539 4462 1921 4527 LECTIONES
1957 4466 2371 4526 VARIANTES.

318 4603 325 4634 ’
385 4601 459 4728 ρ)
494 4601 956 4683 GebennamSeml.

408 4669 437 4716 2
495 4668 695 4728 Conjicu.
710 4667 956 4720 RhenMSe

411 4602 459 4728 1)
494 4604 781 4658 Gebennam
804 4601 956 4656 Seml.

408 4669 437 4716 2
495 4668 695 4733 Conjicil.
710 4663 1038 4720 Rhen.Seml.
1068 4662 1263 4717 Oberllt.

385 4600 1226 4803 I§)nhnimmpatientiampascurlt,
1244 4726 1496 4803 etindutgp
1526 4724 1675 4803 stqlis
1707 4723 1923 4803 candidae

326 4786 637 4864 aliiilldnucia
658 4786 859 4864 ultionis
867 4786 1134 4864 candidam
1156 4786 1308 4841 Seml.
1332 4787 1550 4853 pluribus
1568 4786 1795 4854 demtis.

413 4852 460 4914 i)
495 4853 663 4903 Trium
698 4853 839 4903 hales
860 4854 1011 4905 Seml.

413 4916 458 4982 5)
490 4914 616 4967 Rufo
639 4869 789 4967 Speml.

2250 4681 2279 4717 e
2302 4666 2435 4721 abest
2462 4672 2632 4721 Venet.

2113 4729 2165 4803 ξ)
2198 4731 2321 4803 με
2343 4729 2496 4803 Πρω.
2530 4729 2684 4803 Sergi.
2731 4731 2931 4787 Oberth.

2112 4790 2164 4857 9)
2180 4790 2558 4857 _Compatiantur
2574 4790 2682 4857 alii.

2116 4854 2196 4915 10)
2231 4854 2425 4907 Habeat
2446 4856 2664 4907 revelari
2687 4855 2841 4909 Rhea.
2862 4856 3014 4909 Seml.
3051 4854 3250 4915 θύα-αι.

2110 4602 2166 4726 g),
2199 4605 2674 4721 ἒξὲθαῗὲἷιιηίγὲἓὲἲω
2688 4606 2840 4661 Rhea.
2867 4605 3023 4661 Seml.
3046 4607 3244 4663 Obertlt.

2110 4603 2162 4667 8)
2199 4605 2314 4718 gae
2337 4607 2487 4658 etiam
2511 4618 2674 4657 escam
2688 4606 2757 4661 Rh

2150 4675 2166 4726 )
2250 4681 2279 4717 e
2302 4666 2435 4721 abest
2462 4672 2632 4721 Venet.

2088 4603 2165 4983 ibi
2198 4729 2684 4868 ἃξρξέῗέιξςυὲῗῖέξῖ
2731 4734 2757 4785 ί

2116 4854 2196 4915 10)
2231 4855 2425 4907 Habeat
2446 4856 2664 4907 revelari
2687 4855 2757 4909 Rh

2121 4919 2196 4979 ll)
2229 4917 2334 4970 Tua
2356 4920 2467 4972 cod.
2490 4917 2757 4985 Agobardi.

1689 5017 2252 5093 COMMENTARIUS.

317 5179 439 5236 qum
484 5165 665 5222 nullus
707 5177 929 5221 narrare
956 5169 1133 5234 potest
1154 5169 1246 5217 aut
1262 5160 1582 5234 exprimere,
1612 5168 1704 5223 aut
1744 5162 1909 5225 etiam
1931 5160 1988 5231 D
2012 5162 2183 5231 instar
2209 5164 2390 5225 altaris
2418 5174 2551 5223 mart
2598 5180 2713 5223 rum
2739 5163 3111 5225 immolationi.
3140 5164 3266 5227 me.

318 5237 641 5292 cozitatione
665 5234 1141 5292 comprehendere.
1168 5228 1247 5288 LE
1268 5231 1363 5287 PR.
2098 5236 2179 5292 ldi
2214 5236 2276 5292 Et
2306 5232 2493 5292 ﬁducia
2518 5182 2729 5292 uZionis
2760 5238 3052 5292 patiendam
3080 5253 3266 5292 pascua

318 5228 641 5308 cogitatione
665 5228 1141 5308 comprehendere.
1168 5228 1247 5288 LE
1268 5228 1363 5287 Pal

392 5303 467 5381 ia)
498 5308 665 5363 Alieni
710 5303 1015 5379 speculator.
1062 5305 1280 5360 Alienas
1308 5303 1511 5369 scilicet
1536 5318 1700 5433 tinget:
1741 5320 1916 5366 curas.

463 5426 471 5433 .
1586 5393 1616 5430 ε
1687 5392 1735 5432 a.

463 5426 471 5433 .
1542 5392 1616 5431 LE
1643 5392 1735 5433 PII.

510 5446 718 5527 Domini
737 5463 922 5527 nomen
948 5463 1050 5527 non
1075 5455 1309 5527 negarat.
1354 5446 1640 5527 Eruhpoc.
1669 5448 1782 5524 (III,
1811 5451 1912 5527 Δ10)

315 5516 420 5593 eti
446 5516 573 5593 tlor.
601 5519 693 5593 (ξ,
730 5516 820 5590 15)
841 5516 1264 5583 conferendum;
1297 5529 1351 5574 et
1375 5516 1536 5589 alibi,
1568 5516 1764 5592 tempus
1787 5516 1902 5578 dial

314 5586 415 5641 boli
437 5591 598 5645 breve.
610 5586 796 5647 'SEIL.

383 5657 599 5733 (c)_Sub
618 5662 773 5733 altari
794 5668 1072 5733 martyrum
1099 5664 1283 5721 enim
1311 5663 1568 5733 placidum
1617 5664 1897 5733 quiescunt.

307 5725 509 5784 Altaris
555 5732 816 5789 vocabulo
858 5725 1140 5801 significari
1186 5725 1394 5794 videiur
1441 5745 1580 5793 terra
1608 5725 1774 5804 ,ἰμιιυ
1806 5736 1904 5793 fuit

2098 5236 2179 5312 (tl)
2214 5236 2286 5312 Et
2303 5232 2493 5309 ﬁducia
2518 5232 2729 5312 ultionis
2758 5238 3052 5308 patientiam
3080 5244 3294 5312 pascunt
3342 5244 3392 5312 et
3430 5232 3615 5312 indulta

2023 5302 2189 5385 stolis.
2248 5302 2381 5385 Ilico
2421 5302 2789 5379 supplevimus
2825 5323 2891 5385 ett
2949 5302 3607 5385 membranisAgobardi.

2025 5378 2311 5451 Eleganter
2336 5379 2436 5446 ait,
2471 5378 2765 5451 martyrum
2794 5380 3000 5451 animas
3028 5380 3307 5451 subsltari
3334 5378 3610 5451 Edepositaa

2020 5449 2073 5504 in
2117 5442 2268 5521 spem
2314 5442 2723 5507 resurrectionis
2764 5450 3028 5521 placidum
3055 5450 3354 5521 quiescere,
3384 5442 3445 5503 ac
3470 5442 3607 5499 velut

2017 5521 2070 5575 in
2101 5519 2361 5592 refrigerii
2389 5530 2541 5592 prato
2568 5519 3002 5579 ﬁduciahllionis
3025 5519 3345 5648 patientiori;
3368 5527 3598 5589 pascere.

3350 5608 3419 5648 te.

3350 5608 3419 5649 IG-

2078 5661 2228 5717 CAP.
2268 5660 2479 5736 XIII.~—-
2502 5665 2576 5736 (e)
2602 5665 2878 5721 Sustinetis
2897 5673 3209 5727 ostentamcu
3247 5665 3372 5735 justi
3392 5656 3586 5730 judicii.

2015 5734 2327 5804 Expoctatis
2353 5734 2658 5802 adventum,
2690 5739 3072 5795 cxhihitiouem
3098 5734 3305 5805 jutlicrii.
3339 5736 3455 5793 IIIG-
3525 5762 3531 5779 ο
