3902 6312
3265 273 3296 314 ,.

185 368 281 424 iss
1286 357 1493 416 LIBER
1534 357 1897 416 ADVERSUS
1934 358 2290 415 PRAXEAM.
2571 407 2575 410 .
3037 317 3080 414 ,’
3352 360 3455 416 ist

181 482 295 536 mihi
318 493 402 544 es;
429 477 512 551 (α)
537 477 774 550 scriptum
801 487 869 534 est
895 475 1200 532 :Dominum
1224 475 1392 531 Deum
1429 484 1574 532 tuum
1599 475 1731 529 ado-
1765 481 1819 540 Α
1846 475 1945 531 ista
1975 475 2056 547 (Ι)
2083 474 2337 541 suffudit;
2376 475 2449 547 (b)
2496 475 2624 531 nulli
2669 473 3003 531 infirmorum
3034 471 3185 530 facile
3224 474 3326 530 nisi
3371 475 3456 547 (2)

181 573 322 631 rubis.
352 581 396 624 et
426 568 505 623 illi
530 570 628 624 soli
651 569 827 625 servies
847 566 1023 640 (Matt.
1049 567 1240 635 XXVI,
1255 569 1346 636 23;
1371 568 1460 632 ιν.
1496 569 1608 638 10).
1632 567 1743 623 Sed
1851 568 2116 632 nocitura,
2143 570 2188 622 si
2218 568 2308 638 qui
2339 584 2442 623 non
2472 568 2607 624 hanc
2638 578 2877 624 nostram
2906 583 2971 624 ex
3004 567 3087 640 ('5)
3118 565 3222 623 fide
3255 566 3452 638 praebi-

181 671 229 718 ct
255 675 386 716 nunc
404 660 596 716 audire
618 659 844 728 debebit,
877 669 1140 734 quatenus
1169 659 1338 718 multo
1367 669 1506 732 post,
1536 675 1743 716 venena
1851 659 2010 726 berit,
2040 661 2122 715 vel
2149 660 2308 715 etiam
2336 661 2698 732 superbiberit
2724 661 3024 734 potionem.

1389 772 1774 835 LECTIONES
1811 773 2234 834 VARIAN'I‘ES.

3054 837 3137 894 26'.
3151 816 3361 890 ,ιω-[ξι
3380 873 3396 883 .
3421 839 3432 885 l
3453 833 3546 886 rte
3567 871 3573 884 .

239 891 255 951 (
265 892 304 953 l)
338 890 421 942 Illa
446 898 597 943 non.

233 950 300 1018 (ι)
328 953 594 1007 leiinser.
609 950 710 1016 Βία.

1503 1055 2066 1117 COMMENTARIUS.

1855 1221 1998 1292 patio
2024 1218 2229 1292 detorta
2258 1219 2310 1276 in
2346 1218 2642 1286 diabolum,
2672 1218 2853 1292 ablato
2881 1217 3097 1274 nomine
3118 1216 3289 1292 Petri.
3307 1216 3417 1292 Alite
3443 1256 3457 1270 .

183 1285 294 1364 llaje
318 1288 383 1342 ita
427 1285 486 1364 se
516 1287 710 1341 habent
745 1289 1154 1364 in_exetr_tplari,
1200 1307 1321 1361 quae
1350 1300 1545 1364 tamen
1597 1290 1740 1347 haud
1809 1303 1812 1308 ‘
1855 1285 1894 1364 ’ί
1922 1291 2004 1364 (1))
2029 1285 2707 1364 Nulliinﬁrmorumfacile
2735 1292 2831 1364 nisi
2861 1292 3111 1364 nocitura.
3138 1288 3456 1364 Nullifacile

182 1358 662 1432 iaciuntquiequam
691 1358 758 1413 ad
797 1358 1112 1432 Tertulliani
1146 1358 1505 1432 propositum,
1538 1371 1593 1419 et
1616 1364 1736 1431 opi-
1845 1358 2120 1432 nisi,'pro,
2153 1358 2291 1418 Nulli
2321 1377 2426 1419 non
2453 1358 2611 1419 facile
2638 1361 2903 1418 nocitura.
2929 1360 3034 1418 Sie-
3064 1361 3209 1432 loqui
3253 1359 3456 1432 placuit

181 1428 518 1485 namurinsita
533 1429 692 1486 fuisse
713 1431 902 1488 eadem
927 1428 1230 1505 manu,qua
1245 1428 1740 1505 praecedensincre-
1843 1428 2126 1506 Septimio.
2163 1434 2281 1492 ilio.

241 1216 306 1286 (ει)
330 1214 588 1286 Scriptum
605 1224 676 1272 est
690 1232 710 1272 :
722 1214 998 1272 Dominum
1025 1216 1188 1274 Deum
1206 1227 1346 1274 tuum
1365 1218 1740 1281 adorabis.etc.

891 1628 913 1635 ς
940 1629 950 1635 ρ
963 1628 1106 1636 -_—__..-
1131 1627 3298 1636 “Wq-

602 1767 939 1855 QUINT
946 1767 987 1840 Ι
1035 1766 1522 1842 SEPTIMII
1559 1764 2171 1840 FLORENTIS
2225 1764 2963 1840 TEBTULLIANI

351 1925 945 2082 LIBER
1045 1935 2105 2142 ADVERSUS
2205 1932 3250 2082 PRAXEAM.

1754 2171 1844 2217 ὦ

1853 2175 2601 2214 ψ*

1006 2173 1737 2216 Μ

179 2307 527 2350 Αηθσιεςετυκ.
552 2321 626 2337 ο·-
653 2292 892 2349 Praxeas
929 2289 1111 2364 Phryx
1155 2303 1220 2346 ex
1275 2287 1400 2346 Asia
1441 2283 1700 2344 oriundus
1719 2327 1736 2354 ,
1769 2281 1818 2346 B
1918 2289 2103 2338 censet
2134 2281 2364 2339 Verbum
2389 2282 2481 2340 Dei
2508 2284 2882 2356 Tertullianus,
2910 2290 3084 2346 solum
3107 2301 3226 2363 post
3252 2295 3456 2351 extrin-

241 2386 349 2442 fidei
384 2402 572 2443 caussa
600 2388 651 2442 in
676 2399 950 2443 carcerem
983 2383 1257 2456 conjectus
1295 2383 1423 2438 olim
1447 2424 1463 2451 ,
1503 2381 1575 2438 ob
1596 2382 1750 2451 cujus
1925 2388 2105 2430 secam
2154 2375 2271 2447 ejus
2298 2377 2698 2447 ;prolationem,
2735 2396 2830 2438 seu
2871 2383 3361 2443 manifestationcm
3393 2388 3449 2444 in

1928 2467 2166 2523 universi
2211 2469 2487 2524 creatione
2536 2469 2726 2527 factam
2753 2473 2908 2542 juxta
2949 2475 3449 2546 antiquissimorum

1926 2559 2298 2632 theologorum
2343 2563 2592 2634 loquendi
2621 2565 2844 2636 phrasin
2871 2576 2929 2624 ct
2968 2568 3224 2637 modum;
3250 2572 3450 2629 fatetur

1926 2659 2105 2706 tamen
2134 2650 2434 2706 Sermonem
2475 2653 2528 2707 in
2580 2656 2863 2725 primordio
2903 2659 3046 2731 apud
3074 2658 3241 2716 Deum
3272 2663 3452 2734 fuisse.

1927 2741 2069 2798 Nam
2118 2743 2212 2797 etsi
2260 2743 2396 2798 Deus
2422 2745 2647 2801 nondum
2698 2747 3003 2805 Sermonem
3027 2768 3177 2806 suum
3207 2754 3450 2826 miserat,

1924 2834 2140 2904 proinde
2163 2850 2278 2889 enm
2306 2853 2422 2890 cum
2445 2837 2562 2907 ipsa
2589 2847 2635 2892 et
2661 2839 2715 2892 in
2738 2840 2853 2910 ipsa
2880 2844 3078 2897 ratione
3103 2845 3239 2900 intra
3267 2857 3470 2917 semet-_

1923 2926 2090 2997 ipsum
2117 2927 2353 2992 habebat,
2378 2930 2530 2983 tacite
2546 2932 2818 3002 cogitando
2844 2942 2890 2987 et
2911 2934 3228 3003 disponendo
3252 2955 3447 3007 secum,

1920 3033 2035 3087 qua:
2061 3015 2364 3072 Sermonem
2391 3035 2510 3072 mea:
2537 3031 2644 3075 erat
2672 3022 2922 3077 dicturus.
2970 3024 3047 3080 Ex
3088 3041 3196 3096 quo
3226 3032 3453 3099 patescit

251 2493 521 2546 :erumnas,
554 2495 662 2535 non
686 2478 974 2534 admodum
994 2474 1591 2543 mcmorandas,animo
1616 2476 1752 2531 mul-

247 2579 346 2625 tum
384 2573 743 2636 intumuerat;
775 2571 843 2626 de
874 2572 1112 2628 Ecclesia
1143 2579 1320 2625 tamen
1344 2568 1558 2640 egregie
1583 2567 1748 2624 meri-

245 2672 319 2717 tus
343 2673 487 2728 erat;
535 2679 655 2719 cum
701 2665 843 2720 enim
877 2661 1120 2719 Pontifex
1177 2659 1568 2733 (Eleutherius
1593 2660 1748 2727 aliis,

239 2755 344 2810 aliis
367 2755 546 2812 Victor
568 2756 796 2828 dicitur)
818 2755 1169 2812 Montanistas
1184 2797 1200 2823 ,
1229 2755 1320 2826 qui
1347 2755 1400 2810 in
1432 2753 1748 2809 transmissa

243 2850 348 2906 lidei
395 2849 730 2920 professione
757 2849 1054 2906 catholicos
1100 2863 1160 2906 se
1206 2848 1482 2913 ferebant,
1528 2846 1747 2918 iamjam

239 2943 614 3000 communionis
675 2943 869 2999 litteris
907 2942 1110 2998 donare
1164 2942 1361 3009 vellet,
1404 2941 1638 2997 Praxeas
1678 2956 1744 2998 ex

242 3033 352 3088 Asia
379 3043 485 3090 tum
513 3034 814 3091 adventans
840 3034 1083 3106 vulgatos
1108 3050 1169 3089 ea
1201 3033 1254 3090 in
1282 3033 1556 3104 provincia
1595 3031 1746 3088 Mon-

241 3127 528 3182 tanistartun
557 3142 775 3184 errores
803 3127 1038 3198 aperuit,
1071 3125 1375 3196 elicuitque,
1403 3141 1471 3182 ne
1495 3124 1745 3181 homines

243 3217 308 3271 illi
330 3220 562 3287 pontifici
592 3219 800 3289 optimo
831 3218 1142 3283 illuderent,
1169 3231 1297 3273 suus
1321 3216 1536 3271 demum
1565 3215 1744 3270 fastus

238 3306 470 3364 miserum
494 3309 733 3380 perdidit
760 3308 924 3365 :dutn
951 3309 1094 3365 enini
1112 3308 1364 3382 martyris
1392 3308 1559 3365 titulis
1606 3323 1742 3363 nttn-
1770 3288 1815 3353 Ο

236 3415 376 3469 quam
425 3418 532 3458 non
580 3401 876 3472 gloriatur,
925 3415 1270 3457 communem
1319 3414 1443 3456 eum
1493 3397 1744 3470 superbis

237 3493 466 3549 omnibus
511 3495 742 3550 sortitus
783 3505 865 3550 est
912 3493 1117 3548 exitum
1142 3533 1157 3561 ,
1189 3507 1342 3548 novae
1368 3501 1530 3549 sectte
1559 3490 1740 3548 infelix

185 3631 207 3652 κ
235 3583 488 3654 conditor;
519 3565 688 3644 unum
715 3587 860 3643 enim
889 3587 1052 3643 Deum
1083 3587 1152 3641 ita
1183 3586 1416 3658 agnovit,
1449 3593 1508 3641 ut
1526 3599 1740 3642 omnem

234 3691 564 3746 personarum
609 3679 1012 3736 distinctionem
1043 3678 1274 3746 tolleret,
1305 3691 1622 3736 asseverare
1643 3693 1740 3732 au-

230 3763 345 3838 su's,
372 3771 542 3841 ipsum
579 3770 794 3829 Patretn
826 3786 1044 3827 carnem
1076 3771 1370 3842 sumpsisse
1393 3811 1412 3838 ,
1439 3771 1491 3826 in
1522 3785 1737 3825 crucem

231 3869 409 3931 aetum,
436 3875 490 3922 et
509 3865 581 3920 ad
607 3880 761 3921 suam
786 3865 946 3921 hodie
971 3863 1250 3920 dexteram
1277 3861 1581 3919 considere.
1608 3862 1738 3918 Sec-

231 3961 413 4012 latores
453 3959 602 4014 illius
631 3951 1177 4030 'Patropassianiﬂt
1217 3953 1538 4010 Monere/cici
1581 3953 1733 4021 dicti,

231 4048 355 4118 quod
378 4066 534 4106 unam
577 4049 840 4105 duntaxat
865 4047 1222 4107 sanctissima:
1249 4046 1524 4104 Trinitatis
1553 4059 1736 4117 perso-

1918 3111 2100 3181 quojn
2127 3126 2290 3166 sensu
2313 3113 2440 3168 alibi
2461 3114 2657 3170 dixerit
2687 3133 2700 3171 :
2735 3115 2860 3172 Fuit
2885 3127 3054 3175 autem
3074 3131 3293 3193 tempus,
3329 3140 3448 3179 cum

1918 3215 1965 3259 et
1993 3204 2232 3259 delictum
2261 3216 2307 3260 et
2340 3205 2512 3263 Filius
2542 3226 2644 3264 non
2684 3211 2802 3280 fuit,
2822 3212 3072 3269 videlicet
3095 3225 3348 3286 quantum
3380 3217 3450 3273 ad

1919 3307 2198 3354 externam
2228 3315 2324 3371 per
2351 3303 2681 3360 creationem
2715 3320 2895 3362 rerum
2930 3309 3446 3378 manifestationem,

1921 3393 2215 3462 praesertim
2258 3408 2380 3448 cum
2427 3395 2597 3452 dixit:
2622 3395 2745 3452 Fiat
2771 3399 2864 3453 tua:
2889 3415 2908 3455 :
2937 3416 3058 3454 nam
3085 3411 3345 3470 quantum
3370 3403 3442 3459 ad

1889 3493 2319 3562 .geuerationem
2359 3494 2425 3550 ad
2459 3495 2596 3550 intra
2628 3511 2848 3566 seraper
2871 3495 2969 3552 fuit
2992 3512 3113 3553 cum
3150 3499 3259 3552 Deo
3287 3498 3448 3556 Patre

1921 3585 2086 3642 Filius
2126 3586 2241 3658 ejus
2271 3587 2491 3645 verbum
2522 3598 2577 3644 et
2609 3589 2898 3657 sapientia.
2943 3590 3190 3647 Ostendit
3224 3578 3448 3662 insuper

1918 3677 2286 3748 Tertullimms,
2332 3678 2527 3736 Filium
2559 3697 2622 3736 ex
2652 3680 2827 3737 Patris
2872 3697 2992 3739 esse
3039 3683 3338 3739 substantia
3390 3695 3448 3742 et

1914 3771 2172 3842 Spiritum
2203 3773 2460 3829 Sanctum
2498 3789 2529 3830 a
2574 3774 2734 3832 Patre
2768 3791 2863 3846 per
2893 3775 3087 3831 Filium
3120 3778 3434 3847 procedere;

1917 3864 2170 3931 Verbum,
2193 3867 2334 3937 quod
2354 3870 2422 3923 ab
2443 3867 2589 3922 omni
2620 3869 2920 3925 mlernitatc
2942 3879 3058 3925 erat
3083 3871 3222 3942 apud
3252 3871 3442 3939 Deum,

1913 3959 2164 4028 quodque
2206 3961 2358 4030 quasi
2403 3976 2470 4016 ex
2517 3976 2583 4015 eo
2631 3961 2697 4014 ad
2743 3961 3034 4018 creandum
3061 3974 3115 4018 et
3146 3965 3442 4035 regendum

1913 4048 2168 4104 nnntdum
2185 4051 2334 4118 exiit,
2359 4065 2640 4122 personam
2666 4066 2786 4107 esse
2809 4052 3338 4126 subsistentent,qu:e
3355 4067 3440 4112 ta-

1914 4156 2037 4197 men
2067 4151 2116 4198 et
2145 4144 2290 4199 varia
2321 4159 2350 4199 a
2381 4145 2554 4200 Patris
2583 4144 2884 4202 substantia
2915 4162 3021 4202 non
3046 4161 3158 4214 θεῖς
3185 4148 3310 4206 inde
3333 4165 3442 4208 non

1909 4233 2060 4304 sequi
2087 4232 2222 4291 duos
2235 4250 2355 4292 esse
2374 4235 2509 4292 Deos
2522 4245 2576 4293 et
2590 4236 2726 4293 duos
2750 4238 3003 4296 Domitios
3025 4256 3039 4305 ;
3075 4241 3288 4308 Filium,
3327 4258 3434 4301 non

231 4327 447 4400 scripsit,
475 4339 568 4386 est
595 4329 726 4386 illud
751 4338 938 4386 contra
965 4329 1250 4393 Praxeam,
1272 4343 1381 4400 quo
1421 4327 1581 4383 ﬁdem
1609 4326 1733 4383 Tri-
1912 4324 2125 4381 Patrem
2153 4367 2168 4393 ,
2220 4327 2419 4384 factum
2477 4329 2749 4387 hominem
2771 4372 2785 4397 ,
2845 4347 2945 4387 nec
2999 4333 3227 4390 desiisse
3269 4337 3440 4394 Deum

233 4419 392 4477 uitatis
419 4422 653 4493 suscipit
679 4421 1096 4488 defendendam,
1129 4420 1198 4477 de
1229 4421 1327 4477 hac
1355 4421 1552 4476 etenim
1586 4419 1735 4474 Mon-
1911 4432 2064 4484 esse,
2096 4419 2232 4476 adeo
2262 4431 2320 4476 ut
2344 4430 2548 4477 naturae
2580 4421 2829 4478 humana:
2855 4423 3112 4480 idiomata
3143 4426 3194 4482 in
3223 4427 3442 4484 Christo

232 4513 419 4570 itaista;
441 4516 509 4572 ab
537 4515 787 4572 Ecclesia
822 4515 1088 4571 catholica
1118 4531 1224 4572 non
1249 4514 1602 4570 dissidebant.
1629 4513 1733 4570 Vo-
1758 4503 1812 4565 D
1910 4511 2124 4566 inventa
2154 4511 2377 4569 fuerint.
2413 4513 2533 4571 Uno
2559 4516 2750 4585 verbo,
2785 4518 3069 4588 perspicue
3097 4520 3149 4574 in
3173 4519 3276 4575 hoc
3301 4528 3443 4577 trac-

229 4603 395 4662 cabulo
439 4607 726 4665 Trinitatis
750 4608 852 4664 hoc
883 4607 936 4664 in
967 4623 1130 4679 opere
1157 4606 1441 4676 Septimius
1472 4621 1732 4677 expresse
1833 4603 1863 4623 ί
1908 4614 2019 4660 tatu
2051 4606 2304 4664 Ecclesiae
2328 4608 2484 4664 tidem
2515 4608 2584 4664 de
2618 4609 2896 4667 Trinitatis
2922 4605 3134 4669 necnon
3189 4611 3437 4674 Incarna-

233 4697 392 4766 utitur,
420 4708 477 4758 et
503 4698 753 4756 fraudem
799 4699 1052 4772 patefacit
1080 4698 1459 4756 hmretieorum
1505 4712 1729 4754 monar-
1906 4696 2067 4754 tionis
2095 4700 2368 4771 mysteriis
2391 4701 2661 4772 explanat.
2704 4702 2875 4759 Luur.

231 4785 580 4896 cbiaznnomen
613 4793 987 4896 usurpandum
1017 4801 1076 4849 ut
1102 4793 1309 4896 unicum
1334 4792 1729 4896 omnipotentem
2404 4832 2632 4896 CAPUT
2686 4835 2978 4895 palmum.

231 4881 384 4939 laudi
403 4896 684 4942 creatorem
724 4904 780 4942 se
805 4887 1062 4942 vindicare
1085 4886 1393 4943 rudioribus
1427 4885 1726 4955 suadeant,

1906 4972 2072 5031 Varie
2097 4967 2345 5032 diabolus
2365 4974 2652 5030 tumulatus
2677 4983 2761 5032 est
2789 4976 3094 5034 veritatem.
3149 4977 3440 5036 Affectavit

233 4971 341 5032 dum
365 4979 574 5038 interim
603 4980 670 5035 de
692 4981 844 5036 unica
881 4980 1098 5036 Iueresin
1126 4979 1340 5052 faciunt.
1375 4979 1445 5037 Ut
1473 4979 1648 5036 Patris
1675 4989 1732 5037 et

237 5064 336 5124 Filii
384 5087 731 5144 personarum
773 5074 1198 5131 distinctionem
1221 5073 1458 5138 evincat,
1491 5073 1727 5143 j'oportet,
1837 5067 1980 5122 illam
2013 5067 2303 5139 aliquando
2331 5065 2676 5123 defendendo
2716 5078 3026 5125 concutere.
3060 5068 3287 5125 Unicum
3311 5071 3434 5126 Do-

1837 5161 2038 5216 minutn
2093 5160 2325 5217 vindicat
2367 5161 2793 5231 omnipotentem
2829 5160 3016 5216 mundi
3072 5161 3432 5231 conditorem,

241 5155 404 5234 inquit,
426 5159 587 5222 tot'um
623 5167 689 5223 de
720 5164 860 5224 Filio
887 5166 1172 5222 examinari
1195 5207 1213 5233 ,
1241 5182 1309 5220 an
1334 5165 1420 5233 sit,
1453 5174 1500 5221 et
1528 5166 1614 5234 qui
1638 5166 1725 5233 sit,

231 4156 336 4200 natu
361 4153 680 4202 statuerent.

161 4230 694 4325 Praestantissimum,
747 4235 890 4309 quod
943 4244 1092 4292 certe
1141 4243 1266 4307 post
1314 4233 1521 4306 lapsum
1577 4247 1732 4289 suum

234 5255 522 5322 “quomodo
546 5258 679 5314 sit...
703 5257 1018 5314 Auteomnia
1044 5257 1184 5312 Deus
1213 5265 1318 5312 erat
1350 5256 1582 5313 solum...
1609 5256 1729 5327 quia
1835 5263 1893 5309 ut
1921 5263 1977 5310 et
2017 5253 2086 5310 de
2114 5255 2271 5310 unico
2315 5253 2565 5310 haeresim
2607 5255 2789 5309 faciat.
2822 5252 3000 5326 Ipsum
3045 5253 3174 5309 dicit
3216 5253 3434 5312 Patrem
3489 5241 3718 5329 ιιίιέτῇιιέ-,υ
3738 5277 3786 5299 δ-

239 5343 490 5406 manu
505 5353 817 5408 extrinsecus
837 5360 1024 5424 preter
1048 5350 1216 5406 illum.
1241 5349 1489 5406 Caeterum
1517 5366 1582 5404 ue
1611 5359 1732 5405 tunc
1831 5339 2180 5406 descendisse
2221 5350 2274 5404 in
2317 5348 2587 5419 Virginem
2620 5346 2726 5420 (1),
2759 5347 2934 5418 ipsum
2979 5363 3047 5403 ex
3095 5362 3158 5402 ea
3205 5355 3388 5403 natum
3412 5389 3430 5416 ,

237 5431 610 5520 miselle,-
651 5447 867 5504 habebat
896 5447 1031 5504 enim
1069 5462 1240 5502 aecum
1281 5447 1529 5501 rationem
1556 5458 1727 5511 suam,
1832 5442 2008 5510 ipsum
2043 5456 2283 5511 passum,
2311 5440 2542 5512 denique
2575 5443 2750 5511 ipsum
2781 5455 2902 5496 esse
2927 5438 3109 5495 Jesnm
3131 5436 3429 5495 Christum.
3481 5505 3484 5508 ι

454 5519 755 5613 sapientiam
773 5558 793 5607 ;
811 5557 964 5614 quam
995 5549 1171 5612 postea
1196 5537 1264 5592 ad
1290 5547 1432 5593 extra
1458 5536 1645 5601 emisit,
1677 5545 1726 5590 et
1831 5531 2047 5587 Excidit
2073 5531 2176 5586 sibi
2207 5531 2450 5595 coluber,
2484 5533 2607 5602 quia
2635 5529 2819 5583 Jcsunt
2848 5530 3122 5586 Christum
3147 5537 3268 5600 post
3297 5528 3432 5598 bap-

238 5621 384 5696 tum
423 5639 494 5688 est
535 5649 701 5691 sentio
727 5635 970 5692 exterior.
999 5633 1319 5692 Sermonem
1348 5627 1722 5701 appellandum
1828 5625 1982 5680 tisnta
2008 5622 2230 5680 Joannis
2268 5632 2498 5689 tentans,
2532 5630 2590 5677 ut
2631 5621 2828 5676 Filium
2857 5622 2949 5678 Dei
2975 5633 3262 5694 aggressus
3293 5628 3426 5685 est;

369 5793 372 5796 -
1365 5743 1742 5805 LECTIONES
1778 5735 2198 5798 VARIANTES.

231 5827 502 5906 om
521 5842 673 5900 sm.
