3902 6312
377 267 484 331 159

1793 257 2182 319 TERTULLIA
2193 260 2257 319 Nl

3633 267 3731 331 460

375 402 441 443 ac
459 394 626 442 totum
642 397 860 443 censum
876 381 1222 450 monarchitc,
1239 380 1573 439 eversionem
1598 377 1824 450 deputas
1839 374 1977 446 ejus:
2007 377 2057 433 A
2085 376 2257 433 ncsim
2301 378 2351 434 in
2382 378 2634 439 hebraico
2658 382 2728 438 ita
2759 350 2996 455 incipere
3016 401 3030 439 :
3049 380 3124 458 (ε)
3156 381 3239 439 In
3268 382 3559 455 principio
3594 382 3729 441 Deus

379 496 486 537 tum
528 488 691 536 recte.
739 477 876 533 Malo
920 487 972 533 te
1007 477 1074 531 ad
1103 490 1319 531 sensum
1352 476 1450 543 rei,
1490 489 1647 544 quam
1677 471 1745 527 ad
1782 485 1972 525 sonum

378 572 621 629 vocabuli
652 585 933 629 exerceas.
965 569 1186 625 Eversio
1219 569 1362 625 enim
1407 566 1730 623 monarchia:
1761 564 1848 619 illa
1892 572 1976 619 est

380 664 474 720 tibi
506 662 869 733 intelligenda,
909 660 1157 725 cumulia
1183 659 1477 715 dominatio
1513 674 1626 715 suae
1653 654 1976 713 conditionis

379 763 433 811 et
462 753 663 825 proprii
705 760 897 818 status,
927 768 989 807 ac
1029 767 1122 822 per
1158 751 1262 806 hoc
1306 750 1521 815 aemula,
1566 747 1974 820 superducitur;

379 859 504 902 cum
550 844 687 901 alius
731 844 872 900 Deus
918 844 1143 900 infertur
1177 842 1435 899 adversus
1461 842 1797 898 Creatorem.
1826 839 1979 896 Tune

382 939 547 1009 male,
576 952 698 995 eum
745 939 942 1009 plures,
988 936 1286 994 secundum
1316 934 1392 1009 (α)
1424 935 1735 991 Valcntinos
1765 941 1819 989 et
1846 932 1974 988 Pro.

383 1030 569 1088 dicos:
599 1027 677 1104 (l)
729 1037 858 1087 tunc
915 1030 968 1086 iu
1008 1028 1335 1086 mouarehiae
1374 1029 1736 1098 eversionem,
1774 1041 1897 1084 cum
1926 1026 1981 1082 in

384 1126 653 1184 Creatoris
692 1126 1136 1193 destructionem.
1222 1177 1225 1181 .

1002 1218 1230 1278 CAPUT
1263 1218 1384 1276 lV.‘

454 1311 740 1377 Caeterum,
770 1313 859 1384 qui
908 1312 1073 1368 tilium
1112 1327 1219 1368 non
1255 1308 1471 1368 aliunde
1503 1309 1729 1378 deduco,
1773 1307 1868 1366 sed
1918 1307 1987 1365 de

384 1404 681 1464 substantia
713 1404 908 1470 Patris,
943 1405 1074 1460 nihil
1106 1405 1388 1461 facientem
1438 1403 1556 1459 sine
1597 1401 1770 1458 Patris
1795 1400 1986 1456 volun-

387 1508 516 1568 tate,
534 1514 749 1556 onmem
770 1516 799 1554 a
819 1500 976 1556 Patre
989 1508 1335 1555 consecutum
1361 1506 1698 1569 potestatem,
1717 1494 1989 1568 quomodo

384 1606 603 1664 possum
626 1591 695 1647 de
723 1592 828 1648 lide
852 1592 1130 1648 destruere
1144 1590 1531 1658 tnouarchiam,
1559 1604 1741 1661 quam,
1771 1604 1802 1644 a
1830 1587 1988 1643 Patre

388 1685 525 1742 Filio
557 1685 825 1753 traditam,
855 1686 906 1743 in
936 1685 1073 1741 Filio
1101 1684 1293 1741 servo?
1312 1684 1424 1739 Hoc
1451 1682 1578 1738 mihi
1604 1693 1660 1738 et
1695 1681 1747 1737 in
1778 1680 1989 1737 tertium

2078 470 2196 541 [εεὶι
2224 472 2318 526 sibi
2344 474 2529 542 ﬁlium.
2564 476 2675 532 lloc
2700 485 2756 531 ut
2781 476 2993 532 tinuum
3022 492 3125 532 nou
3157 477 3266 542 sit,
3303 475 3425 531 alia
3455 490 3552 533 me
3577 491 3729 549 argu-

2083 570 2259 620 tuenta
2284 565 2557 623 deducunt
2581 568 2650 623 ab
2677 569 2792 639 ipsa
2823 568 2917 625 Dei
2938 569 3345 639 dispositione,
3375 584 3495 638 qua
3528 568 3630 623 fuit
3654 570 3729 642 (τι)

2078 664 2205 712 ante
2257 658 2439 714 mundi
2497 661 2954 729 constitutionem,
3011 660 3275 734 adusque
3302 659 3444 716 Filii
3500 676 3728 732 genera-

2080 750 2302 806 tionem.
2334 754 2472 808 Ante
2508 755 2688 810 omnia
2730 753 2875 810 enim
2924 755 3064 811 Deus
3088 761 3217 811 erat
3243 753 3432 815 solus.
3464 753 3588 825 ipse
3631 754 3729 812 sibi

2080 849 2138 898 et
2160 842 2396 900 mundus
2411 844 2644 925 et/locus
2666 855 2721 902 et
2745 846 2948 903 omnia.
2969 846 3129 903 Solus
3154 857 3399 914 autem,
3435 847 3570 918 quia
3598 846 3727 903 nihil

2082 935 2226 991 aliud
2253 936 2332 1010 (7)
2357 931 2692 995 extrinsecus
2719 948 2916 1010 praeter
2936 940 3105 996 illum.
3132 940 3475 1007 Cmterum,
3507 955 3580 997 ne
3604 949 3727 997 tunc

2083 1028 2300 1100 quidem
2326 1030 2497 1097 solus;
2541 1031 2772 1088 habebat
2799 1033 2947 1090 enim
2988 1046 3203 1099 secum,
3252 1047 3441 1105 quam
3490 1032 3724 1090 habebat

2087 1120 2140 1176 in
2185 1123 2498 1194 semetipso,
2547 1125 2810 1181 rationem
2867 1139 3021 1182 suam
3081 1125 3339 1181 scilicet.
3414 1124 3727 1181 Rationaiis

2086 1213 2250 1270 etiam
2284 1215 2445 1283 Deus,
2473 1226 2529 1273 et
2553 1218 2692 1273 ratio
2736 1218 2790 1273 in
2847 1217 2964 1289 ipso
3003 1218 3192 1289 prius;
3227 1225 3297 1274 et
3343 1218 3449 1285 ita,
3498 1217 3574 1274 ab
3614 1217 3728 1290 ipso

2086 1309 2290 1365 omnia.
2319 1308 2451 1378 Quae
2496 1311 2657 1375 ratio,
2705 1325 2903 1368 sensus
2958 1312 3128 1382 ipsius
3176 1311 3512 1369 est.-.llanc
3559 1310 3727 1368 Gmi

2092 1404 2225 1473 λετον
2251 1401 2460 1466 dicunt,
2490 1418 2601 1474 quo
2627 1403 2895 1467 vocabulo
2932 1405 3097 1460 etiam
3133 1418 3487 1460 sermonem
3539 1401 3723 1477 appel-

2092 1491 2282 1549 lamus.
2307 1492 2539 1564 ldeoque
2562 1493 2670 1564 jam
2714 1496 2768 1549 in
2810 1509 2909 1550 usu
2943 1506 3023 1551 est
3065 1505 3436 1560 nostrorum,
3473 1510 3577 1567 per
3601 1495 3723 1551 sim-

2092 1585 2387 1657 plicitatem
2444 1587 2927 1658 interpretationis,
2995 1585 3347 1645 Sermonem
3426 1586 3620 1643 dicere
3666 1585 3720 1642 in

2097 1679 2392 1750 primordio
2416 1681 2559 1752 apud
2589 1682 2757 1738 Deum
2807 1680 3009 1749 fuisse;
3054 1696 3179 1738 cum
3217 1681 3415 1753 magis
3462 1681 3725 1738 rationem

386 1779 612 1852 gradum
648 1777 847 1834 dictum
889 1779 979 1844 sit,
1008 1778 1131 1847 quia
1161 1776 1419 1848 Spiritum
1450 1791 1553 1830 non
1583 1772 1795 1829 aliunde
1826 1764 1989 1844 puto,
2019 1768 2069 1831 B
2096 1783 2369 1846 competat
2395 1775 2757 1851 antiquiorem
2789 1775 3008 1842 haberi;
3028 1776 3153 1846 quia
3182 1789 3310 1830 non
3340 1773 3675 1831 sermonalis
3694 1788 3726 1829 a

292 1880 357 1911 εν
387 1887 548 1944 quam
595 1887 627 1927 a
669 1872 826 1927 Patre
866 1886 959 1942 per
999 1870 1213 1927 Filium.
1248 1868 1383 1924 Vide
1429 1882 1560 1939 ergo
1599 1881 1668 1923 ne
1712 1876 1767 1921 ιιι
1817 1866 1993 1937 potius

389 1962 756 2021 monarchiam
787 1963 1054 2028 destruas,
1088 1963 1176 2034 qui
1203 1960 1611 2032 diapositionem
1638 1968 1694 2015 et
1715 1958 1990 2028 dispensa-

390 2055 591 2112 tionem
632 2056 749 2126 ejus
775 2055 975 2112 evertis
1005 2056 1057 2110 in
1091 2063 1166 2110 tot
1199 2055 1504 2111 nominibus
1540 2053 1906 2117 constitutam,
1941 2050 1996 2105 in

388 2156 520 2218 quot
567 2148 707 2204 Deus
736 2148 920 2204 mluit.
954 2147 1102 2204 Adeo
1145 2158 1324 2203 autem
1375 2156 1556 2203 manet
1601 2147 1652 2201 iu
1699 2160 1798 2201 suo
1826 2153 1994 2209 statu,

388 2240 512 2297 licet
545 2241 754 2296 trinitas
796 2238 1072 2307 inferatur,
1108 2250 1164 2296 ut
1203 2240 1363 2295 etiam
1395 2239 1601 2295 restitui
1632 2238 1826 2294 habeat
1854 2238 1997 2294 Patri

388 2345 421 2386 a
464 2330 619 2387 Filio.
638 2329 913 2402 Siquidem
943 2329 1231 2400 Apostolus
1276 2328 1463 2384 scribit
1509 2329 1578 2386 de
1629 2330 1815 2385 ultimo
1851 2328 1995 2385 line:

389 2440 506 2478 cum
562 2422 831 2477 tradiderit
868 2439 1080 2493 regnum
1122 2421 1228 2477 Deo
1276 2432 1322 2477 et
1373 2420 1545 2478 Patri.
1604 2421 1814 2492 Oportet
1863 2424 1998 2477 enim

391 2531 507 2570 eum
525 2525 738 2588 regnare
766 2530 922 2584 usque
951 2514 1071 2568 dunt
1096 2523 1249 2585 ponat
1298 2513 1529 2568 inimicos
1569 2515 1681 2585 ejus
1730 2512 1869 2568 Deus
1905 2513 1998 2568 sub

395 2606 548 2678 pedes
583 2606 744 2678 ipsius
776 2622 795 2659 :
833 2605 1041 2661 scilicet
1089 2605 1381 2660 secundum
1413 2604 1720 2673 Psaltuum:
1766 2605 1902 2659 Sede
1930 2606 2000 2659 ad

392 2698 655 2753 dexteram
694 2714 879 2764 meum,
911 2697 1069 2751 donec
1099 2712 1287 2767 ponant
1323 2696 1556 2752 inimicos
1581 2705 1694 2751 tuos
1722 2695 1999 2776 s_cabellum

393 2792 579 2864 pedum
610 2801 834 2846 tuorum.
885 2789 1013 2845 Cum
1049 2798 1215 2845 (intem
1244 2791 1470 2858 subiecta
1507 2800 1652 2846 erunt
1681 2790 1760 2845 illi
1801 2792 1993 2857 omnia,

391 2885 567 2956 utique
610 2884 689 2957 (2)
727 2884 913 2954 absque
933 2899 991 2938 eo
1030 2883 1118 2956 qui
1138 2884 1184 2937 ei
1203 2883 1414 2954 subjecit
1434 2885 1643 2949 .omm'a,
1673 2893 1795 2938 tum:
1815 2892 1863 2939 et
1890 2884 2001 2953 ipse

394 2978 688 3051 subjiciatur
722 2979 820 3043 illi,
852 2977 940 3049 qui
963 2979 1009 3032 ei
1037 2977 1248 3049 subjecit
1272 2978 1464 3045 omnia,
1488 2988 1542 3031 ιιι
1567 2978 1631 3032 sit
1659 2975 1800 3033 Deus
1827 2960 2037 3031 omnia"

394 3072 449 3127 in
476 3072 724 3126 omnibus.
756 3070 1011 3126 Videmus
1055 3071 1134 3143 (5)
1182 3070 1340 3140 igitur
1395 3086 1502 3127 non
1544 3070 1736 3126 obesse
1779 3085 1997 3126 monar-

2098 1867 2385 1937 prineipio,
2415 1866 2510 1923 sed
2537 1866 2815 1923 rationalis
2846 1868 2986 1923 Deus
3012 1869 3174 1923 etiam
3203 1875 3350 1922 ante
3374 1865 3721 1938 principium;

2097 1967 2154 2014 et
2191 1958 2698 2040 quia_ip_se_quoque
2723 1970 2924 2016 sermtr
2941 1959 3152 2016 ratione
3191 1959 3554 2023 consistens,
3590 1958 3737 2037 prius
3768 1979 3778 1986 ο
3822 1969 3837 1976 ’

2101 2066 2213 2127 rem
2241 2036 2861 2129 aufugit-substantiam,
2887 2038 3631 2129 suaonstendfatT—TETn—en
3671 2054 3723 2104 et

2098 2126 2203 2209 sic,
2234 2126 2377 2197 nihil
2396 2126 2638 2198 interest.
2657 2126 2914 2198 Nauietsdi
2962 2126 3384 2197 Deus-nondum
3412 2153 3722 2197 sermonem

2100 2251 2259 2292 suum
2287 2237 2529 2303 miserat,
2575 2236 2800 2308 proinde
2825 2251 2950 2292 eum
2979 2235 3241 2307 eumipsa
3270 2245 3336 2292 et
3362 2235 3438 2296 iu
3480 2235 3596 2306 ipsa
3629 2248 3714 2290 ra-

2101 2328 2249 2382 tione
2278 2327 2420 2382 intra
2446 2316 2799 2399 semetipsum
2826 2326 3078 2395 habebat,
3117 2328 3292 2383 tacite
3338 2324 3641 2398 cogitando
3672 2331 3723 2379 et

2099 2417 2436 2489 disponendo
2483 2432 2694 2486 secum,
2736 2434 2856 2489 qua:
2896 2433 2995 2490 per
3044 2431 3374 2475 sermonem
3429 2430 3560 2472 mox
3613 2421 3719 2470 erat

2100 2511 2365 2568 dicturus.
2398 2511 2534 2568 Cum
2560 2511 2770 2568 ratione
2795 2512 2939 2568 enim
2983 2526 3079 2567 sua
3117 2513 3384 2583 cogitans
3422 2518 3592 2581 atque
3612 2507 3718 2564 dis-

2101 2622 2331 2675 ponens,
2373 2620 2680 2665 sermOnem
2722 2622 2842 2662 eam
2891 2604 3182 2672 efﬁciebat,
3231 2620 3413 2676 quam
3468 2614 3716 2660 sermone

2102 2700 2383 2755 tractabat.
2416 2698 2581 2769 quue
2610 2696 2949 2770 quofaeilius
2977 2696 3271 2767 intelligas,
3290 2712 3365 2752 ex
3390 2696 3585 2766 teipse
3600 2701 3718 2748 ante

2105 2793 2183 2867 (8)
2233 2807 2583 2864 recognosce,
2626 2800 2685 2848 ut
2724 2808 2789 2847 ea:
2830 2792 3054 2862 imagine
3094 2801 3142 2845 et
3181 2790 3545 2846 similitudine
3582 2787 3675 2843 Dei
3696 2827 3714 2855 ,

2107 2884 2299 2960 (Gem,
2327 2885 2369 2951 ι,
2402 2883 2518 2958 26)
2565 2901 2725 2957 quam
2759 2883 2843 2958 (9)
2870 2883 3070 2940 trabeas
3116 2891 3174 2939 ct
3219 2892 3287 2939 tu
3340 2884 3400 2940 in
3434 2881 3717 2950 temetipso

2101 2978 2387 3045 rationem,
2411 2977 2500 3047 qui
2527 2992 2587 3032 es
2612 2976 2814 3032 animal
2843 2976 3126 3042 rationale,
3151 2991 3181 3031 a
3208 2976 3483 3045 rationali
3509 2973 3708 3030 scilicet

2103 3071 2308 3127 artilice
2339 3086 2443 3126 non
2478 3068 2683 3125 tantum
2722 3067 2914 3133 factus,
2945 3066 3041 3124 sed
3082 3067 3244 3124 etiam
3296 3083 3371 3125 ex
3415 3064 3709 3123 substantia

397 3167 534 3223 chiae
566 3165 775 3229 Filium,
813 3165 917 3220 etsi
945 3163 1104 3220 hodie
1133 3163 1270 3233 apud
1299 3164 1488 3219 Filiqu
1511 3172 1626 3226 est;
1678 3164 1800 3234 quia
1847 3172 1902 3220 et
1946 3165 1996 3218 in
2024 3160 2072 3224 C
2106 3164 2272 3239 ipsius
2299 3166 2584 3221 animatus.
2616 3162 2749 3219 Vide
2796 3177 2920 3218 eum
2978 3162 3170 3217 tacitus
3199 3169 3392 3218 tecum
3431 3161 3552 3234 ipse
3583 3171 3708 3212 cou-
3732 3167 3759 3239 ζ’
3780 3163 3801 3176 ⁸

397 3272 500 3315 suo
520 3265 660 3312 statu
680 3265 763 3312 est
781 3255 920 3327 apud
935 3255 1151 3321 Filium,
1173 3266 1224 3310 et
1248 3270 1369 3311 cum
1391 3271 1491 3311 suo
1516 3264 1656 3311 statu
1688 3255 2000 3311 restituetur

401 3349 546 3418 Patri
577 3365 608 3405 a
644 3348 800 3405 Filio.
833 3349 906 3405 lta
925 3363 1044 3405 eam
1076 3364 1236 3404 nemo
1265 3347 1369 3405 hoc
1415 3351 1630 3405 nomine
1659 3348 1920 3415 destruet,
1952 3350 2000 3404 si

399 3442 591 3500 Filium
637 3442 717 3516 (4)
750 3442 1013 3508 admittat,
1044 3443 1126 3498 cui
1171 3452 1224 3498 et
1253 3443 1500 3499 traditam
1528 3458 1645 3499 eam
1678 3459 1709 3499 a
1737 3444 1917 3507 Patre,
1947 3451 2002 3500 et

400 3550 451 3591 ar
482 3551 590 3606 quo
629 3535 952 3606 quandoque
997 3536 1381 3592 restituendam
1424 3536 1565 3591 Patri
1611 3545 1842 3592 constat.
1889 3536 2003 3592 Hoc

402 3643 509 3684 uno
534 3627 768 3699 capitulo
808 3626 882 3700 (b)
932 3627 1184 3699 Epistula:
1235 3628 1542 3698 apostolica:
1598 3629 1866 3698 potuimus
1890 3628 2001 3699 jam

401 3731 457 3778 et
490 3720 701 3776 Patrem
750 3728 805 3774 ct
847 3719 1037 3774 Filium
1082 3718 1382 3774 ostendisse
1410 3717 1546 3773 duos
1589 3733 1731 3784 esse,
1778 3727 2001 3788 prmter-

401 3828 562 3885 quam
597 3826 663 3867 ex
695 3811 1000 3866 nominibus
1024 3810 1201 3865 Patris
1231 3818 1286 3865 et
1312 3809 1457 3875 Filii,
1477 3810 1638 3865 etiam
1670 3824 1735 3866 ex
1765 3825 1831 3866 eo
1860 3810 2003 3882 quod

403 3907 496 3979 qui
539 3905 755 3962 tradidit
793 3920 1037 3974 regnum,
1066 3913 1122 3960 et
1149 3904 1234 3959 cui
1273 3903 1519 3971 tradidit,
1563 3904 1690 3960 item
1732 3904 1822 3975 qui
1871 3903 2002 3960 sub-

400 3997 550 4071 jecit,
579 4007 635 4054 et
661 3996 745 4054 cui
771 3995 999 4067 subjecit
1027 3994 1130 4068 (5),
1157 3995 1265 4051 duo
1299 3997 1405 4051 sint
1430 4009 1650 4053 necesse
1676 4002 1781 4052 est.

1043 4088 1272 4149 CAPUT
1307 4088 1369 4146 v.
1582 4082 1587 4089 '
1955 4137 1958 4141 .

477 4180 585 4238 Sed
609 4181 730 4252 quia
773 4179 909 4235 duos
940 4188 1103 4235 unum
1133 4180 1314 4235 volunt
1339 4195 1482 4247 esse,
1513 4191 1568 4237 ut
1596 4182 1736 4238 idem
1767 4183 1926 4241 Pater
1951 4194 2010 4244 et

408 4275 576 4332 Filius
607 4273 882 4340 habeatur,
913 4282 1125 4344 Oportet
1144 4284 1198 4328 et
1217 4281 1385 4329 totum
1414 4272 1481 4329 de
1511 4271 1648 4331 Filio
1673 4277 2005 4349 examinari,

410 4370 598 4435 ausit,
643 4379 697 4424 et
736 4368 823 4439 qui
855 4367 944 4435 sit,
987 4377 1041 4422 et
1088 4368 1356 4438 quomodo
1382 4369 1485 4434 sit;
1540 4378 1595 4424 et
1642 4371 1714 4426 ita
1762 4387 1851 4429 res
1896 4373 2009 4445 ipsa

410 4462 635 4520 formam
676 4478 826 4519 suam
855 4462 1147 4533 Seripturis
1181 4470 1238 4517 et
1272 4461 1800 4534 interpretationibus
1825 4482 2009 4523 earum

2104 3259 2369 3332 grederis,
2403 3258 2613 3314 ratione
2643 3257 2747 3313 hoc
2776 3257 2949 3328 ipsum
2994 3256 3080 3327 agi
3105 3255 3244 3312 intra
3290 3267 3367 3323 te,
3402 3259 3715 3311 accumula

2102 3369 2165 3411 ea
2195 3354 2287 3409 tibi
2309 3367 2431 3408 cum
2461 3367 2716 3408 sermone
2742 3352 2806 3406 ad
2834 3365 3052 3407 onmem
3077 3350 3356 3421 cogitatus
3389 3348 3469 3406 tui
3497 3355 3711 3408 motum,

2104 3455 2160 3502 et
2184 3446 2249 3500 ad
2282 3459 2497 3502 omnem
2524 3458 2719 3500 sensus
2740 3444 2814 3499 tui
2853 3443 3091 3515 pulsum.
3122 3443 3533 3514 Quodcumque
3570 3435 3709 3507 cogi-

2106 3539 2322 3604 taveris,
2352 3552 2534 3593 sermo
2560 3545 2672 3603 est;
2708 3535 3084 3607 quodcumque
3122 3535 3398 3603 senseris,
3432 3532 3583 3589 ratio
3613 3536 3708 3586 est.

2106 3630 2370 3703 Loqunris
2395 3629 2524 3685 illud
2555 3630 2608 3685 in
2651 3629 2837 3684 animo
2875 3641 3102 3683 necesse
3125 3634 3232 3693 est;
3265 3634 3328 3684 et
3354 3625 3493 3683 dum
3537 3623 3712 3692 loque-

2108 3726 2206 3792 ris,
2236 3726 2642 3781 conlocutorem
2688 3723 2890 3795 pateris
2923 3737 3281 3789 sermonem,.
3311 3722 3372 3781 in
3424 3734 3536 3793 quo
3582 3717 3712 3773 inest

2111 3819 2226 3875 hmc
2274 3818 2388 3888 ipsa
2417 3820 2571 3882 ratio,
2616 3831 2720 3887 qua
2748 3830 2871 3871 cum
2915 3830 2984 3871 eo
3024 3815 3269 3887 cogitans
3309 3811 3580 3886 loquaris,
3622 3818 3711 3878 per

2109 3926 2269 3984 quem
2291 3912 2521 3981 loquens
2549 3910 2777 3981 cogitas.
2806 3906 2882 3964 lta
2904 3910 3178 3965 secundus
3214 3901 3628 3981 quodammodo
3650 3899 3700 3955 in
3754 3948 3761 3984 Ι

2112 3952 2269 3984 Ὶιινιιι
2291 3952 2521 3981 ιυῚυνΙιυ
2551 3952 2777 3981 νπιδιννυ·
2806 3952 2882 3964 ,οε-
2904 3952 3178 3965 υννυιιιυιιυ
3216 3952 3621 3981 Ί“ν““-“-.-ν--
3652 3952 3695 3955 νη

2112 4015 2165 4062 te
2197 4012 2279 4061 est
2316 4017 2518 4071 sermo,
2548 4018 2645 4075 per
2685 4018 2843 4075 quem
2875 4002 3117 4074 loqueris
3160 4000 3484 4074 cogitando,
3524 4006 3601 4056 et'
3624 4005 3712 4066 per
3740 3952 3769 4121 ἓ

2116 4111 2269 4121 -..ΑΛ
2305 4096 2504 4121 Α-ιι-ξοιιιι
2531 4094 2799 4121 ’ΛΑ-’Λλλιι
2854 4093 2972 4121 'nnn
2999 4108 3179 4121 οιΑ-ηερε
3212 4095 3349 4121 ιιΙῗιιι-
3380 4100 3465 4121 ΔΩ.
3511 4090 3711 4121 Παιαηηι

2111 4111 2272 4169 quem
2303 4096 2507 4168 cogitas
2531 4094 2820 4166 loquendo.
2854 4093 2974 4165 Ipse
2998 4108 3182 4151 sermo
3211 4095 3351 4151 alius
3377 4100 3488 4149 est.
3511 4090 3711 4158 Quanto

2112 4207 2244 4264 ergo
2285 4191 2498 4263 plenius
2544 4189 2650 4247 hoc
2688 4190 2865 4261 agitur
2904 4190 2957 4245 iu
3003 4188 3136 4256 Deo,
3185 4189 3346 4259 cujus
3404 4197 3463 4242 tu
3498 4189 3710 4255 quoque

2116 4287 2291 4356 imago
2315 4292 2370 4340 ct
2393 4282 2687 4339 similitudo
2703 4282 2967 4349 censeris,
2991 4280 3135 4353 quod
3165 4280 3364 4337 habeat
3393 4278 3448 4335 in
3478 4291 3539 4333 se
3559 4272 3710 4328 etiam

2116 4376 2348 4436 tacendo
2378 4376 2665 4441 rationem.
2689 4383 2744 4431 et
2764 4374 2817 4431 in
2842 4374 3054 4430 ratione
3090 4386 3404 4429 sermonem
3432 4370 3458 4426 τ
3494 4367 3707 4424 Possum

2118 4472 2301 4541 itaque
2323 4483 2429 4525 non
2461 4476 2666 4523 temere
2697 4466 3107 4538 praestruxisse,
3139 4474 3195 4522 et
3221 4473 3349 4520 tunc
3379 4463 3551 4518 Deum
3596 4458 3712 4510 ante

411 4554 869 4628 patrocinantibus
896 4553 1209 4611 vindicabit.
1244 4553 1409 4610 Aiunt
1436 4555 1651 4625 quidem
1678 4555 1760 4631 (6)
1804 4570 1858 4615 et
1908 4562 2016 4619 Ge-
2042 4555 2097 4615 D
2124 4560 2492 4618 universitatis
2517 4557 2957 4617 constitutionem
2976 4558 3150 4615 solum
3173 4573 3281 4615 non
3308 4556 3500 4620 fuisse,
3526 4545 3710 4607 haben-

649 4660 673 4688 /

407 4774 417 4817 τ
473 4761 547 4828 (Ι)
579 4764 821 4828 Prodigus
845 4759 1219 4828 Seml._Proelos
1240 4760 1404 4828 Paris.

1650 4669 2030 4735 LECTIONES
2066 4671 2476 4732 VARIANTES.

2201 4763 2254 4826 ti)
2288 4765 2490 4826 Quidam
2514 4759 2919 4826 Petr.ACiacoou.,
2999 4824 3036 4826 α
3088 4804 3093 4810 .

497 4820 549 4888 Ξ)
586 4820 765 4891 Utique
789 4825 937 4878 demit
957 4823 1110 4877 Rhea.
1146 4823 1297 4875 Semt.
1319 4822 1517 4876 Oberth.
2180 4820 2255 4891 (7)
2289 4820 2434 4879 Aliud
2455 4828 2590 4891 abest
2607 4824 2763 4881 Rhea.
2792 4820 2934 4879 Seml.
2975 4822 3173 4879 Obertlt.

476 4888 551 4955 (ξ)
584 4888 1014 4955 Yidémurt'suel-
1238 4949 1265 4955 _
1351 4947 1364 4955 .
1420 4947 1468 4955 _.
1548 4946 1575 4955 ,.
2181 4888 2255 4955 (8)
2288 4891 2436 4955 Ame
2459 4888 2599 4955 send.

474 4946 545 5017 [4)
583 4952 838 5017 Destruet.
863 4950 1039 5017 Filium
1053 4946 1206 5017 Rhea:
1228 4947 1379 5017 Segni.
1408 4946 1606 5002 Obertlt.
2181 4946 2256 5017 (9)
2291 4953 2399 5015 Quo
2418 4951 2562 5006 seml.

472 5009 550 5079 (3)
584 5013 646 5066 Ει
666 5015 746 5066 cui
768 5014 980 5078 subjecit
999 5012 1169 5065 deerat
1183 5010 1234 5064 in
1254 5009 1465 5063 ulmum.
2016 5058 2022 5063 .

1808 5096 2375 5159 COMMENTARIUS.

414 5194 824 5269 qttilibet_opi{ea:
864 5191 1245 5269 clrristignusfet
1271 5190 1461 5269 inuenit
1490 5198 1538 5245 et
1562 5191 1818 5269 ostendit;
1835 5192 1953 5269 ille.

488 5270 563 5337 ta)
601 5265 895 5337 Valentiuos
933 5273 979 5319 et
1023 5262 1291 5337 Prodicos.
1340 5262 1529 5337 melius
1571 5277 1748 5337 quam_
1774 5262 2012 5337 Procles,

420 5349 473 5396 ut
498 5333 654 5396 habet
674 5336 989 5401 Rhenanus,
1011 5334 1254 5404 quamvis
1269 5334 1621 5390 Proclianitas
1643 5349 1709 5389 cx
1730 5333 2017 5392 Philastrio

418 5420 475 5468 et
514 5410 812 5481 Augustino
851 5405 1414 5481 adducat_,_creatores
1456 5404 2019 5481 attituarum‘angelos

420 5476 661 5538 dicentes
688 5496 753 5537 ex
776 5482 897 5552 igne
925 5489 980 5549 et
1003 5478 1214 5550 spiritu,
1236 5476 1377 5551 quod
1398 5477 1559 5534 etiam
1580 5476 2019 5534 Seleuciauorum

421 5554 520 5609 fuit
544 5553 758 5623 dogma.
788 5553 866 5608 Ls
894 5552 992 5609 Pu.

500 5619 655 5697 CAP.
688 5622 800 5697 1V.
941 5623 1023 5697 (b)
1071 5621 1328 5692 Capitula.
1373 5620 1486 5679 Hoc
1527 5630 1632 5689 est,
1668 5619 1836 5688 dicto,
1863 5619 2021 5690 juxta

428 5694 658 5751 Semler.
686 5693 818 5750 Enn.

2120 5197 2230 5252 cuit
2251 5211 2338 5251 me
2373 5196 2558 5252 beatus
2589 5192 2947 5265 Hieronymus
2961 5192 3151 5265 statim,
3179 5188 3248 5246 ab
3284 5183 3506 5265 exordio

2124 5268 2266 5323 ltebr.
2280 5269 2332 5323 iu
2348 5267 2477 5322 (ἔθη.
2494 5268 2633 5321 hunc
2647 5257 2846 5331 locum,
2862 5280 3022 5336 quem
3052 5264 3264 5336 ibidem!
3276 5262 3425 5324 citat,
3439 5257 3702 5336 magiﬁ?

2126 5340 2363 5395 cundum
2382 5353 2598 5393 sensum
2618 5351 2777 5406 quam
2797 5326 3092 5406 secundum
3103 5334 3266 5406 iverbi
3290 5326 3695 5406 translatio't‘len‘].

2126 5389 2599 5477 aéehii'sioiiéapi
2615 5389 2791 5478 posse.
2805 5389 2963 5463 Nam.
2979 5389 3123 5478 LXX
3137 5407 3474 5478 interpretes.
3487 5402 3540 5478 (ξι
3552 5389 3697 5478 ξῖηξζ

2122 5458 3231 5548 signa;statuistis;ﬁssuram
3252 5458 3308 5530 ii:
3342 5458 3691 5548 Ρήιέσὲειξολοι

2125 5523 2366 5608 ῧίῒὲιῖἒῖ
2389 5523 3097 5623 statuistis};
3105 5523 3573 5623 'iBiEriij-eigturJQ
3594 5523 3693 5623 ΕΞ·

2207 5594 2360 5608 ..μνη
2389 5594 2639 5608 ηυγ...-
2663 5594 3088 5621 ._,.,.........,_..,
3113 5594 3381 5616 ..-ηψπ
3408 5594 3422 5623 λ
3489 5594 3502 5604 ,

2125 5623 2391 5695 pitulo;et
2429 5639 2533 5695 non
2558 5621 2841 5695 quod
2864 5622 3242 5695 interpretatur
3274 5619 3326 5672 in
3346 5608 3473 5685 ﬁlio.
3502 5605 3575 5662 [ιιι
3603 5594 3694 5655 ΡΙ*

2200 5694 2279 5765 (d)
2300 5696 2435 5767 .Qua
2460 5690 2577 5767 fuit!
2604 5692 2842 5758 Scilicet,
2878 5692 3038 5749 Deus.
3068 5690 3237 5747 Snus.

502 5764 979 5840 4.‘.AP,V.—(c)ln
997 5766 1248 5839 principio
1283 5766 1424 5824 Deus
1451 5766 1569 5839 fecit
1600 5763 1694 5822 sibi
1709 5762 1900 5834 ﬁlium.
1919 5762 2023 5818 Do-
2100 5780 2109 5783 '
