  <div class='ocr_page' id='page_1' title='image "/cluster/home/n/w/nwhite01/storage/ocr_20150623/2/uva.x000669815/086.png"; bbox 0 0 3902 6312; ppageno 0'>
   <div class='ocr_carea' id='block_1_1' title="bbox 196 287 1763 354">
    <p class='ocr_par' dir='ltr' id='par_1_1' title="bbox 196 289 1763 354">
     <span class='ocr_line' id='line_1_1' title="bbox 196 289 1763 354; baseline -0.003 -1"><span class='ocrx_word' id='word_1_1' title='bbox 196 298 272 354; x_wconf 87' lang='lat' dir='ltr'><strong>I6I</strong></span> <span class='ocrx_word' id='word_1_2' title='bbox 1254 291 1462 350; x_wconf 84' lang='lat' dir='ltr'><strong>LIBER</strong></span> <span class='ocrx_word' id='word_1_3' title='bbox 1491 289 1763 349; x_wconf 81' lang='lat' dir='ltr'><strong>ADVERS</strong></span> 
     </span>
    </p>
   </div>
   <div class='ocr_carea' id='block_1_2' title="bbox 1874 287 2252 354">
    <p class='ocr_par' dir='ltr' id='par_1_2' title="bbox 1896 290 2252 352">
     <span class='ocr_line' id='line_1_2' title="bbox 1896 290 2252 352; baseline 0.011 -4"><span class='ocrx_word' id='word_1_4' title='bbox 1896 290 2252 352; x_wconf 73' lang='lat' dir='ltr'><strong>PRAXEAM.</strong></span> 
     </span>
    </p>
   </div>
   <div class='ocr_carea' id='block_1_3' title="bbox 3352 298 3458 358">
    <p class='ocr_par' dir='ltr' id='par_1_3' title="bbox 3352 298 3458 358">
     <span class='ocr_line' id='line_1_3' title="bbox 3352 298 3458 358; baseline -0.009 0"><span class='ocrx_word' id='word_1_5' title='bbox 3352 298 3458 358; x_wconf 71' lang='grc'><strong>162</strong></span> 
     </span>
    </p>
   </div>
   <div class='ocr_carea' id='block_1_4' title="bbox 175 407 3458 490">
    <p class='ocr_par' dir='ltr' id='par_1_4' title="bbox 175 407 3458 490">
     <span class='ocr_line' id='line_1_4' title="bbox 175 407 3458 490; baseline 0.003 -27"><span class='ocrx_word' id='word_1_6' title='bbox 175 423 286 470; x_wconf 72' lang='lat' dir='ltr'><strong>,tem</strong></span> <span class='ocrx_word' id='word_1_7' title='bbox 324 410 373 466; x_wconf 93' lang='lat' dir='ltr'><strong>in</strong></span> <span class='ocrx_word' id='word_1_8' title='bbox 415 407 712 480; x_wconf 84' lang='lat' dir='ltr'><strong>semetipso</strong></span> <span class='ocrx_word' id='word_1_9' title='bbox 751 407 968 479; x_wconf 86' lang='lat' dir='ltr'><strong>proinde</strong></span> <span class='ocrx_word' id='word_1_10' title='bbox 1010 408 1297 478; x_wconf 87' lang='lat' dir='ltr'><strong>rationem,</strong></span> <span class='ocrx_word' id='word_1_11' title='bbox 1339 419 1393 466; x_wconf 89' lang='lat' dir='ltr'><strong>et</strong></span> <span class='ocrx_word' id='word_1_12' title='bbox 1440 409 1492 463; x_wconf 90' lang='lat' dir='ltr'><strong>in</strong></span> <span class='ocrx_word' id='word_1_13' title='bbox 1538 407 1746 463; x_wconf 78' lang='lat' dir='ltr'><strong>ratione</strong></span> <span class='ocrx_word' id='word_1_14' title='bbox 1771 414 1825 473; x_wconf 83' lang='grc' dir='ltr'><strong>Α</strong></span> <span class='ocrx_word' id='word_1_15' title='bbox 1852 426 2062 467; x_wconf 90' lang='lat' dir='ltr'><strong>rursum</strong></span> <span class='ocrx_word' id='word_1_16' title='bbox 2097 412 2215 486; x_wconf 88' lang='lat' dir='ltr'><strong>(Ps.</strong></span> <span class='ocrx_word' id='word_1_17' title='bbox 2251 413 2489 482; x_wconf 81' lang='lat' dir='ltr'><strong>XXXIII,</strong></span> <span class='ocrx_word' id='word_1_18' title='bbox 2525 415 2580 488; x_wconf 83' lang='lat'><strong>6)</strong></span> <span class='ocrx_word' id='word_1_19' title='bbox 2602 434 2614 470; x_wconf 92' lang='lat'><strong>:</strong></span> <span class='ocrx_word' id='word_1_20' title='bbox 2637 416 2884 473; x_wconf 87' lang='lat' dir='ltr'><strong>Sermone</strong></span> <span class='ocrx_word' id='word_1_21' title='bbox 2905 418 3013 486; x_wconf 82' lang='lat' dir='ltr'><strong>ejus</strong></span> <span class='ocrx_word' id='word_1_22' title='bbox 3035 419 3146 473; x_wconf 76' lang='grc' dir='ltr'><strong>εωιὶ</strong></span> <span class='ocrx_word' id='word_1_23' title='bbox 3168 420 3458 490; x_wconf 76' lang='lat' dir='ltr'><strong>confirmati</strong></span> 
     </span>
    </p>
   </div>
   <div class='ocr_carea' id='block_1_5' title="bbox 202 499 1749 574">
    <p class='ocr_par' dir='ltr' id='par_1_5' title="bbox 202 499 1749 574">
     <span class='ocr_line' id='line_1_5' title="bbox 202 499 1749 574; baseline -0.005 -12"><span class='ocrx_word' id='word_1_24' title='bbox 202 517 506 572; x_wconf 82' lang='lat' dir='ltr'><strong>sermonem,</strong></span> <span class='ocrx_word' id='word_1_25' title='bbox 525 517 686 574; x_wconf 85' lang='lat' dir='ltr'><strong>quem</strong></span> <span class='ocrx_word' id='word_1_26' title='bbox 717 502 1008 558; x_wconf 89' lang='lat' dir='ltr'><strong>secundum</strong></span> <span class='ocrx_word' id='word_1_27' title='bbox 1027 517 1054 555; x_wconf 87' lang='lat' dir='ltr'><strong>a</strong></span> <span class='ocrx_word' id='word_1_28' title='bbox 1086 517 1144 557; x_wconf 88' lang='lat' dir='ltr'><strong>se</strong></span> <span class='ocrx_word' id='word_1_29' title='bbox 1172 502 1372 558; x_wconf 84' lang='lat' dir='ltr'><strong>Iaceret</strong></span> <span class='ocrx_word' id='word_1_30' title='bbox 1400 499 1652 572; x_wconf 87' lang='lat' dir='ltr'><strong>agitando</strong></span> <span class='ocrx_word' id='word_1_31' title='bbox 1669 514 1749 555; x_wconf 90' lang='lat' dir='ltr'><strong>se.</strong></span> 
     </span>
    </p>
   </div>
   <div class='ocr_carea' id='block_1_6' title="bbox 785 593 1330 658">
    <p class='ocr_par' dir='ltr' id='par_1_6' title="bbox 785 593 1330 658">
     <span class='ocr_line' id='line_1_6' title="bbox 785 593 1330 658; baseline -0.004 -9"><span class='ocrx_word' id='word_1_32' title='bbox 785 593 1007 650; x_wconf 80' lang='lat' dir='ltr'><strong>CAPUT</strong></span> <span class='ocrx_word' id='word_1_33' title='bbox 1037 593 1127 650; x_wconf 91' lang='lat' dir='ltr'><strong>VI.</strong></span> <span class='ocrx_word' id='word_1_34' title='bbox 1327 641 1330 658; x_wconf 35' lang='grc' dir='ltr'><em>λ</em></span> 
     </span>
    </p>
   </div>
   <div class='ocr_carea' id='block_1_7' title="bbox 252 683 1752 758">
    <p class='ocr_par' dir='ltr' id='par_1_7' title="bbox 252 683 1752 758">
     <span class='ocr_line' id='line_1_7' title="bbox 252 683 1752 758; baseline -0.003 -14"><span class='ocrx_word' id='word_1_35' title='bbox 252 688 367 744; x_wconf 60' lang='lat' dir='ltr'><strong>Hice</strong></span> <span class='ocrx_word' id='word_1_36' title='bbox 414 687 490 742; x_wconf 87' lang='lat' dir='ltr'><strong>vis</strong></span> <span class='ocrx_word' id='word_1_37' title='bbox 542 695 598 743; x_wconf 92' lang='lat' dir='ltr'><strong>et</strong></span> <span class='ocrx_word' id='word_1_38' title='bbox 650 685 767 742; x_wconf 65' lang='lat' dir='ltr'><strong>haec</strong></span> <span class='ocrx_word' id='word_1_39' title='bbox 807 686 972 742; x_wconf 76' lang='lat' dir='ltr'><strong>divini</strong></span> <span class='ocrx_word' id='word_1_40' title='bbox 1018 701 1210 744; x_wconf 84' lang='lat' dir='ltr'><strong>sensus</strong></span> <span class='ocrx_word' id='word_1_41' title='bbox 1259 685 1561 758; x_wconf 75' lang='lat' dir='ltr'><strong>dispositio,</strong></span> <span class='ocrx_word' id='word_1_42' title='bbox 1609 683 1752 754; x_wconf 90' lang='lat' dir='ltr'><strong>apud</strong></span> 
     </span>
    </p>
   </div>
   <div class='ocr_carea' id='block_1_8' title="bbox 195 778 1755 853">
    <p class='ocr_par' dir='ltr' id='par_1_8' title="bbox 195 778 1755 853">
     <span class='ocr_line' id='line_1_8' title="bbox 195 778 1755 853; baseline -0.003 -13"><span class='ocrx_word' id='word_1_43' title='bbox 195 784 466 853; x_wconf 82' lang='lat' dir='ltr'><strong>Scripturas</strong></span> <span class='ocrx_word' id='word_1_44' title='bbox 491 781 650 837; x_wconf 90' lang='lat' dir='ltr'><strong>etiam</strong></span> <span class='ocrx_word' id='word_1_45' title='bbox 688 781 738 836; x_wconf 92' lang='lat' dir='ltr'><strong>iu</strong></span> <span class='ocrx_word' id='word_1_46' title='bbox 764 781 974 851; x_wconf 69' lang='lat' dir='ltr'><strong>Sepltiaa</strong></span> <span class='ocrx_word' id='word_1_47' title='bbox 1017 782 1236 837; x_wconf 88' lang='lat' dir='ltr'><strong>nomine</strong></span> <span class='ocrx_word' id='word_1_48' title='bbox 1256 781 1572 837; x_wconf 89' lang='lat' dir='ltr'><strong>ostenditur.</strong></span> <span class='ocrx_word' id='word_1_49' title='bbox 1617 778 1755 847; x_wconf 86' lang='lat' dir='ltr'><strong>Quid</strong></span> 
     </span>
    </p>
   </div>
   <div class='ocr_carea' id='block_1_9' title="bbox 196 872 1753 945">
    <p class='ocr_par' dir='ltr' id='par_1_9' title="bbox 196 872 1753 945">
     <span class='ocr_line' id='line_1_9' title="bbox 196 872 1753 945; baseline -0.003 -13"><span class='ocrx_word' id='word_1_50' title='bbox 196 875 320 932; x_wconf 87' lang='lat' dir='ltr'><strong>enim</strong></span> <span class='ocrx_word' id='word_1_51' title='bbox 346 873 633 945; x_wconf 77' lang='lat' dir='ltr'><strong>sapientius</strong></span> <span class='ocrx_word' id='word_1_52' title='bbox 675 873 886 929; x_wconf 78' lang='lat' dir='ltr'><strong>ratione</strong></span> <span class='ocrx_word' id='word_1_53' title='bbox 915 873 1033 942; x_wconf 89' lang='lat' dir='ltr'><strong>Dei,</strong></span> <span class='ocrx_word' id='word_1_54' title='bbox 1066 876 1182 929; x_wconf 88' lang='lat' dir='ltr'><strong>sive</strong></span> <span class='ocrx_word' id='word_1_55' title='bbox 1220 875 1516 930; x_wconf 86' lang='lat' dir='ltr'><strong>sermone?</strong></span> <span class='ocrx_word' id='word_1_56' title='bbox 1571 872 1753 942; x_wconf 84' lang='lat' dir='ltr'><strong>Itaque</strong></span> 
     </span>
    </p>
   </div>
   <div class='ocr_carea' id='block_1_10' title="bbox 195 966 1756 1039">
    <p class='ocr_par' dir='ltr' id='par_1_10' title="bbox 195 966 1756 1039">
     <span class='ocr_line' id='line_1_10' title="bbox 195 966 1756 1039; baseline -0.002 -15"><span class='ocrx_word' id='word_1_57' title='bbox 195 966 420 1039; x_wconf 82' lang='lat' dir='ltr'><strong>Sepbiam</strong></span> <span class='ocrx_word' id='word_1_58' title='bbox 477 980 689 1036; x_wconf 88' lang='lat' dir='ltr'><strong>quoque</strong></span> <span class='ocrx_word' id='word_1_59' title='bbox 740 966 954 1031; x_wconf 78' lang='lat' dir='ltr'><strong>exnudi,</strong></span> <span class='ocrx_word' id='word_1_60' title='bbox 1016 976 1074 1022; x_wconf 89' lang='lat' dir='ltr'><strong>ut</strong></span> <span class='ocrx_word' id='word_1_61' title='bbox 1120 966 1416 1023; x_wconf 88' lang='lat' dir='ltr'><strong>secundam</strong></span> <span class='ocrx_word' id='word_1_62' title='bbox 1468 980 1756 1037; x_wconf 84' lang='lat' dir='ltr'><strong>personam</strong></span> 
     </span>
    </p>
   </div>
   <div class='ocr_carea' id='block_1_11' title="bbox 194 1059 1758 1133">
    <p class='ocr_par' dir='ltr' id='par_1_11' title="bbox 194 1059 1758 1133">
     <span class='ocr_line' id='line_1_11' title="bbox 194 1059 1758 1133; baseline -0.003 -17"><span class='ocrx_word' id='word_1_63' title='bbox 194 1061 448 1116; x_wconf 82' lang='lat' dir='ltr'><strong>conditam.</strong></span> <span class='ocrx_word' id='word_1_64' title='bbox 489 1059 691 1124; x_wconf 88' lang='lat' dir='ltr'><strong>Primo,</strong></span> <span class='ocrx_word' id='word_1_65' title='bbox 745 1059 996 1114; x_wconf 91' lang='lat' dir='ltr'><strong>Dominus</strong></span> <span class='ocrx_word' id='word_1_66' title='bbox 1027 1059 1048 1133; x_wconf 91' lang='lat'><strong>(</strong></span> <span class='ocrx_word' id='word_1_67' title='bbox 1075 1059 1228 1116; x_wconf 87' lang='lat' dir='ltr'><strong>Prov.</strong></span> <span class='ocrx_word' id='word_1_68' title='bbox 1256 1059 1393 1125; x_wconf 88' lang='lat' dir='ltr'><strong>VIII,</strong></span> <span class='ocrx_word' id='word_1_69' title='bbox 1419 1059 1524 1132; x_wconf 69' lang='lat'><strong>22)</strong></span> <span class='ocrx_word' id='word_1_70' title='bbox 1573 1061 1758 1114; x_wconf 79' lang='lat' dir='ltr'><strong>creavit</strong></span> 
     </span>
    </p>
   </div>
   <div class='ocr_carea' id='block_1_12' title="bbox 194 1153 1760 1226">
    <p class='ocr_par' dir='ltr' id='par_1_12' title="bbox 194 1153 1760 1226">
     <span class='ocr_line' id='line_1_12' title="bbox 194 1153 1760 1226; baseline -0.003 -17"><span class='ocrx_word' id='word_1_71' title='bbox 194 1171 262 1209; x_wconf 84' lang='lat' dir='ltr'><strong>nte</strong></span> <span class='ocrx_word' id='word_1_72' title='bbox 291 1153 476 1208; x_wconf 85' lang='lat' dir='ltr'><strong>initium</strong></span> <span class='ocrx_word' id='word_1_73' title='bbox 518 1155 715 1209; x_wconf 87' lang='lat' dir='ltr'><strong>viarum</strong></span> <span class='ocrx_word' id='word_1_74' title='bbox 750 1155 804 1208; x_wconf 89' lang='lat' dir='ltr'><strong>in</strong></span> <span class='ocrx_word' id='word_1_75' title='bbox 851 1171 1007 1225; x_wconf 81' lang='lat' dir='ltr'><strong>opera</strong></span> <span class='ocrx_word' id='word_1_76' title='bbox 1053 1172 1168 1222; x_wconf 90' lang='lat' dir='ltr'><strong>sua,</strong></span> <span class='ocrx_word' id='word_1_77' title='bbox 1237 1155 1527 1226; x_wconf 76' lang='lat' dir='ltr'><strong>priusquam</strong></span> <span class='ocrx_word' id='word_1_78' title='bbox 1572 1165 1760 1208; x_wconf 89' lang='lat' dir='ltr'><strong>terram</strong></span> 
     </span>
    </p>
   </div>
   <div class='ocr_carea' id='block_1_13' title="bbox 193 1245 1760 1318">
    <p class='ocr_par' dir='ltr' id='par_1_13' title="bbox 193 1245 1760 1318">
     <span class='ocr_line' id='line_1_13' title="bbox 193 1245 1760 1318; baseline 0.001 -19"><span class='ocrx_word' id='word_1_79' title='bbox 193 1249 373 1318; x_wconf 75' lang='lat' dir='ltr'><strong>faceret,</strong></span> <span class='ocrx_word' id='word_1_80' title='bbox 403 1245 692 1315; x_wconf 74' lang='lat' dir='ltr'><strong>priusquam</strong></span> <span class='ocrx_word' id='word_1_81' title='bbox 736 1255 934 1302; x_wconf 84' lang='lat' dir='ltr'><strong>montes</strong></span> <span class='ocrx_word' id='word_1_82' title='bbox 976 1247 1348 1302; x_wconf 80' lang='lat' dir='ltr'><strong>collocarentur</strong></span> <span class='ocrx_word' id='word_1_83' title='bbox 1370 1261 1390 1301; x_wconf 88' lang='lat'><strong><em>:</em></strong></span> <span class='ocrx_word' id='word_1_84' title='bbox 1419 1255 1538 1300; x_wconf 83' lang='lat' dir='ltr'><strong>ante</strong></span> <span class='ocrx_word' id='word_1_85' title='bbox 1588 1261 1760 1300; x_wconf 87' lang='lat' dir='ltr'><strong>omnes</strong></span> 
     </span>
    </p>
   </div>
   <div class='ocr_carea' id='block_1_14' title="bbox 193 1338 1760 1410">
    <p class='ocr_par' dir='ltr' id='par_1_14' title="bbox 193 1338 1760 1410">
     <span class='ocr_line' id='line_1_14' title="bbox 193 1338 1760 1410; baseline 0.001 -17"><span class='ocrx_word' id='word_1_86' title='bbox 193 1349 338 1393; x_wconf 73' lang='lat' dir='ltr'><strong>autem</strong></span> <span class='ocrx_word' id='word_1_87' title='bbox 356 1338 502 1394; x_wconf 85' lang='lat' dir='ltr'><strong>colles</strong></span> <span class='ocrx_word' id='word_1_88' title='bbox 528 1339 786 1410; x_wconf 80' lang='lat' dir='ltr'><strong>generavit</strong></span> <span class='ocrx_word' id='word_1_89' title='bbox 812 1357 922 1407; x_wconf 88' lang='lat' dir='ltr'><strong>me;</strong></span> <span class='ocrx_word' id='word_1_90' title='bbox 964 1341 1016 1395; x_wconf 92' lang='lat' dir='ltr'><strong>in</strong></span> <span class='ocrx_word' id='word_1_91' title='bbox 1043 1355 1208 1396; x_wconf 89' lang='lat' dir='ltr'><strong>sensu</strong></span> <span class='ocrx_word' id='word_1_92' title='bbox 1236 1356 1336 1396; x_wconf 88' lang='lat' dir='ltr'><strong>suo</strong></span> <span class='ocrx_word' id='word_1_93' title='bbox 1375 1341 1584 1396; x_wconf 87' lang='lat' dir='ltr'><strong>scilicet</strong></span> <span class='ocrx_word' id='word_1_94' title='bbox 1613 1355 1760 1395; x_wconf 72' lang='lat' dir='ltr'><strong>&#39;con-</strong></span> 
     </span>
    </p>
   </div>
   <div class='ocr_carea' id='block_1_15' title="bbox 196 1432 1764 1502">
    <p class='ocr_par' dir='ltr' id='par_1_15' title="bbox 196 1432 1764 1502">
     <span class='ocr_line' id='line_1_15' title="bbox 196 1432 1764 1502; baseline -0.001 -15"><span class='ocrx_word' id='word_1_95' title='bbox 196 1432 311 1488; x_wconf 89' lang='lat' dir='ltr'><strong>deus</strong></span> <span class='ocrx_word' id='word_1_96' title='bbox 333 1442 383 1488; x_wconf 90' lang='lat' dir='ltr'><strong>et</strong></span> <span class='ocrx_word' id='word_1_97' title='bbox 408 1447 687 1502; x_wconf 85' lang='lat' dir='ltr'><strong>generans.</strong></span> <span class='ocrx_word' id='word_1_98' title='bbox 716 1433 917 1488; x_wconf 90' lang='lat' dir='ltr'><strong>Dehine</strong></span> <span class='ocrx_word' id='word_1_99' title='bbox 941 1432 1284 1488; x_wconf 86' lang='lat' dir='ltr'><strong>assistentem</strong></span> <span class='ocrx_word' id='word_1_100' title='bbox 1311 1448 1429 1488; x_wconf 92' lang='lat' dir='ltr'><strong>eam</strong></span> <span class='ocrx_word' id='word_1_101' title='bbox 1467 1433 1579 1502; x_wconf 88' lang='lat' dir='ltr'><strong>ipsa</strong></span> <span class='ocrx_word' id='word_1_102' title='bbox 1607 1447 1764 1502; x_wconf 85' lang='lat' dir='ltr'><strong>sepa-</strong></span> 
     </span>
    </p>
   </div>
   <div class='ocr_carea' id='block_1_16' title="bbox 196 1523 1763 1595">
    <p class='ocr_par' dir='ltr' id='par_1_16' title="bbox 196 1523 1763 1595">
     <span class='ocr_line' id='line_1_16' title="bbox 196 1523 1763 1595; baseline -0.002 -15"><span class='ocrx_word' id='word_1_103' title='bbox 196 1525 378 1580; x_wconf 85' lang='lat' dir='ltr'><strong>ratione</strong></span> <span class='ocrx_word' id='word_1_104' title='bbox 403 1538 702 1594; x_wconf 77' lang='lat' dir='ltr'><strong>cognosce;</strong></span> <span class='ocrx_word' id='word_1_105' title='bbox 743 1524 868 1580; x_wconf 83' lang='lat' dir='ltr'><strong>Cum</strong></span> <span class='ocrx_word' id='word_1_106' title='bbox 901 1533 1129 1593; x_wconf 84' lang='lat' dir='ltr'><strong>pararet,</strong></span> <span class='ocrx_word' id='word_1_107' title='bbox 1168 1524 1363 1595; x_wconf 89' lang='lat' dir='ltr'><strong>inquit,</strong></span> <span class='ocrx_word' id='word_1_108' title='bbox 1392 1524 1598 1588; x_wconf 69' lang='lat' dir='ltr'><strong>cretum,</strong></span> <span class='ocrx_word' id='word_1_109' title='bbox 1645 1523 1763 1577; x_wconf 87' lang='lat' dir='ltr'><strong>ade-</strong></span> 
     </span>
    </p>
   </div>
   <div class='ocr_carea' id='block_1_17' title="bbox 204 1613 1766 1686">
    <p class='ocr_par' dir='ltr' id='par_1_17' title="bbox 204 1613 1766 1686">
     <span class='ocr_line' id='line_1_17' title="bbox 204 1613 1766 1686; baseline 0.001 -16"><span class='ocrx_word' id='word_1_110' title='bbox 204 1633 302 1670; x_wconf 78' lang='lat' dir='ltr'><strong>rum</strong></span> <span class='ocrx_word' id='word_1_111' title='bbox 320 1616 391 1669; x_wconf 88' lang='lat' dir='ltr'><strong>illi</strong></span> <span class='ocrx_word' id='word_1_112' title='bbox 417 1616 568 1670; x_wconf 90' lang='lat' dir='ltr'><strong>simul</strong></span> <span class='ocrx_word' id='word_1_113' title='bbox 595 1613 700 1686; x_wconf 87' lang='lat' dir='ltr'><strong>(I);</strong></span> <span class='ocrx_word' id='word_1_114' title='bbox 741 1626 925 1670; x_wconf 83' lang='lat' dir='ltr'><strong>etcum</strong></span> <span class='ocrx_word' id='word_1_115' title='bbox 953 1618 1108 1686; x_wconf 77' lang='lat' dir='ltr'><strong>fortia</strong></span> <span class='ocrx_word' id='word_1_116' title='bbox 1151 1615 1364 1686; x_wconf 80' lang='lat' dir='ltr'><strong>faciebat</strong></span> <span class='ocrx_word' id='word_1_117' title='bbox 1409 1632 1564 1686; x_wconf 88' lang='lat' dir='ltr'><strong>super</strong></span> <span class='ocrx_word' id='word_1_118' title='bbox 1596 1624 1766 1670; x_wconf 86' lang='lat' dir='ltr'><strong>ventos</strong></span> 
     </span>
    </p>
   </div>
   <div class='ocr_carea' id='block_1_18' title="bbox 201 1705 1764 1778">
    <p class='ocr_par' dir='ltr' id='par_1_18' title="bbox 201 1705 1764 1778">
     <span class='ocr_line' id='line_1_18' title="bbox 201 1705 1764 1778; baseline 0.003 -21"><span class='ocrx_word' id='word_1_119' title='bbox 201 1722 300 1776; x_wconf 69' lang='lat' dir='ltr'><strong>qua</strong></span> <span class='ocrx_word' id='word_1_120' title='bbox 321 1722 507 1761; x_wconf 81' lang='lat' dir='ltr'><strong>sursum</strong></span> <span class='ocrx_word' id='word_1_121' title='bbox 536 1705 740 1770; x_wconf 82' lang='lat' dir='ltr'><strong>nubila;</strong></span> <span class='ocrx_word' id='word_1_122' title='bbox 782 1716 973 1761; x_wconf 87' lang='lat' dir='ltr'><strong>etcum</strong></span> <span class='ocrx_word' id='word_1_123' title='bbox 1012 1716 1147 1764; x_wconf 88' lang='lat' dir='ltr'><strong>tutos</strong></span> <span class='ocrx_word' id='word_1_124' title='bbox 1192 1707 1405 1777; x_wconf 85' lang='lat' dir='ltr'><strong>ponebat</strong></span> <span class='ocrx_word' id='word_1_125' title='bbox 1450 1711 1614 1778; x_wconf 76' lang='lat' dir='ltr'><strong>{antes</strong></span> <span class='ocrx_word' id='word_1_126' title='bbox 1653 1708 1764 1777; x_wconf 81' lang='lat' dir='ltr'><strong>ejus</strong></span> 
     </span>
    </p>
   </div>
   <div class='ocr_carea' id='block_1_19' title="bbox 1857 506 3456 582">
    <p class='ocr_par' dir='ltr' id='par_1_19' title="bbox 1857 506 3456 582">
     <span class='ocr_line' id='line_1_19' title="bbox 1857 506 3456 582; baseline 0.006 -25"><span class='ocrx_word' id='word_1_127' title='bbox 1857 513 1996 572; x_wconf 88' lang='lat' dir='ltr'><strong>sunt,</strong></span> <span class='ocrx_word' id='word_1_128' title='bbox 2028 513 2074 558; x_wconf 87' lang='lat' dir='ltr'><strong>et</strong></span> <span class='ocrx_word' id='word_1_129' title='bbox 2099 506 2283 576; x_wconf 87' lang='lat' dir='ltr'><strong>spiritu</strong></span> <span class='ocrx_word' id='word_1_130' title='bbox 2309 508 2419 578; x_wconf 84' lang='lat' dir='ltr'><strong>ejus</strong></span> <span class='ocrx_word' id='word_1_131' title='bbox 2443 524 2616 562; x_wconf 88' lang='lat' dir='ltr'><strong>onmes</strong></span> <span class='ocrx_word' id='word_1_132' title='bbox 2644 510 2771 564; x_wconf 86' lang='lat' dir='ltr'><strong>vires</strong></span> <span class='ocrx_word' id='word_1_133' title='bbox 2796 525 2994 575; x_wconf 89' lang='lat' dir='ltr'><strong>eorum;</strong></span> <span class='ocrx_word' id='word_1_134' title='bbox 3039 512 3222 582; x_wconf 86' lang='lat' dir='ltr'><strong>utique</strong></span> <span class='ocrx_word' id='word_1_135' title='bbox 3247 527 3313 567; x_wconf 91' lang='lat' dir='ltr'><strong>eo</strong></span> <span class='ocrx_word' id='word_1_136' title='bbox 3343 513 3456 582; x_wconf 65' lang='lat' dir='ltr'><strong>spi«</strong></span> 
     </span>
    </p>
   </div>
   <div class='ocr_carea' id='block_1_20' title="bbox 1857 597 3454 676">
    <p class='ocr_par' dir='ltr' id='par_1_20' title="bbox 1857 597 3454 676">
     <span class='ocr_line' id='line_1_20' title="bbox 1857 597 3454 676; baseline 0.006 -26"><span class='ocrx_word' id='word_1_137' title='bbox 1857 597 1961 651; x_wconf 87' lang='lat' dir='ltr'><strong>ritu</strong></span> <span class='ocrx_word' id='word_1_138' title='bbox 2003 599 2092 668; x_wconf 79' lang='lat' dir='ltr'><strong>qui</strong></span> <span class='ocrx_word' id='word_1_139' title='bbox 2120 599 2358 655; x_wconf 88' lang='lat' dir='ltr'><strong>sermoni</strong></span> <span class='ocrx_word' id='word_1_140' title='bbox 2403 601 2574 656; x_wconf 89' lang='lat' dir='ltr'><strong>inerat</strong></span> <span class='ocrx_word' id='word_1_141' title='bbox 2609 620 2621 657; x_wconf 87' lang='lat'><strong>:</strong></span> <span class='ocrx_word' id='word_1_142' title='bbox 2654 613 2876 672; x_wconf 89' lang='lat' dir='ltr'><strong>apparet</strong></span> <span class='ocrx_word' id='word_1_143' title='bbox 2908 617 3065 656; x_wconf 87' lang='lat' dir='ltr'><strong>unam</strong></span> <span class='ocrx_word' id='word_1_144' title='bbox 3098 604 3454 676; x_wconf 84' lang='lat' dir='ltr'><strong>eamdemque</strong></span> 
     </span>
    </p>
   </div>
   <div class='ocr_carea' id='block_1_21' title="bbox 1857 688 3460 764">
    <p class='ocr_par' dir='ltr' id='par_1_21' title="bbox 1857 688 3460 764">
     <span class='ocr_line' id='line_1_21' title="bbox 1857 688 3460 764; baseline 0.006 -22"><span class='ocrx_word' id='word_1_145' title='bbox 1857 688 1964 742; x_wconf 87' lang='lat' dir='ltr'><strong>vim</strong></span> <span class='ocrx_word' id='word_1_146' title='bbox 1988 705 2107 746; x_wconf 89' lang='lat' dir='ltr'><strong>esse</strong></span> <span class='ocrx_word' id='word_1_147' title='bbox 2131 692 2344 746; x_wconf 91' lang='lat' dir='ltr'><strong>nuncin</strong></span> <span class='ocrx_word' id='word_1_148' title='bbox 2375 694 2590 748; x_wconf 88' lang='lat' dir='ltr'><strong>nomine</strong></span> <span class='ocrx_word' id='word_1_149' title='bbox 2604 693 2844 763; x_wconf 68' lang='lat' dir='ltr'><strong>Sophim,</strong></span> <span class='ocrx_word' id='word_1_150' title='bbox 2862 710 3004 749; x_wconf 90' lang='lat' dir='ltr'><strong>nunc</strong></span> <span class='ocrx_word' id='word_1_151' title='bbox 3027 694 3078 749; x_wconf 84' lang='lat' dir='ltr'><strong>in</strong></span> <span class='ocrx_word' id='word_1_152' title='bbox 3098 695 3460 764; x_wconf 83' lang='lat' dir='ltr'><strong>appellatione</strong></span> 
     </span>
    </p>
   </div>
   <div class='ocr_carea' id='block_1_22' title="bbox 1858 779 3461 856">
    <p class='ocr_par' dir='ltr' id='par_1_22' title="bbox 1858 779 3461 856">
     <span class='ocr_line' id='line_1_22' title="bbox 1858 779 3461 856; baseline 0.004 -22"><span class='ocrx_word' id='word_1_153' title='bbox 1858 779 2154 847; x_wconf 86' lang='lat' dir='ltr'><strong>Sermonis;</strong></span> <span class='ocrx_word' id='word_1_154' title='bbox 2184 798 2304 853; x_wconf 63' lang='lat' dir='ltr'><strong>quae</strong></span> <span class='ocrx_word' id='word_1_155' title='bbox 2330 784 2530 838; x_wconf 86' lang='lat' dir='ltr'><strong>initium</strong></span> <span class='ocrx_word' id='word_1_156' title='bbox 2551 785 2746 854; x_wconf 88' lang='lat' dir='ltr'><strong>accepit</strong></span> <span class='ocrx_word' id='word_1_157' title='bbox 2777 785 2972 838; x_wconf 84' lang='lat' dir='ltr'><strong>viarum</strong></span> <span class='ocrx_word' id='word_1_158' title='bbox 2999 784 3051 837; x_wconf 90' lang='lat' dir='ltr'><strong>in</strong></span> <span class='ocrx_word' id='word_1_159' title='bbox 3082 783 3176 838; x_wconf 86' lang='lat' dir='ltr'><strong>Dei</strong></span> <span class='ocrx_word' id='word_1_160' title='bbox 3197 801 3371 856; x_wconf 87' lang='lat' dir='ltr'><strong>apera;</strong></span> <span class='ocrx_word' id='word_1_161' title='bbox 3406 792 3461 842; x_wconf 86' lang='lat' dir='ltr'><strong>et</strong></span> 
     </span>
    </p>
   </div>
   <div class='ocr_carea' id='block_1_23' title="bbox 1861 872 3462 947">
    <p class='ocr_par' dir='ltr' id='par_1_23' title="bbox 1861 872 3462 947">
     <span class='ocr_line' id='line_1_23' title="bbox 1861 872 3462 947; baseline 0.004 -24"><span class='ocrx_word' id='word_1_162' title='bbox 1861 886 1982 941; x_wconf 75' lang='lat' dir='ltr'><strong>qua:</strong></span> <span class='ocrx_word' id='word_1_163' title='bbox 2029 872 2214 926; x_wconf 65' lang='lat' dir='ltr'><strong>calum</strong></span> <span class='ocrx_word' id='word_1_164' title='bbox 2265 876 2620 943; x_wconf 82' lang='lat' dir='ltr'><strong>conﬁrmavit;</strong></span> <span class='ocrx_word' id='word_1_165' title='bbox 2671 892 2759 944; x_wconf 84' lang='lat' dir='ltr'><strong>per</strong></span> <span class='ocrx_word' id='word_1_166' title='bbox 2809 891 2967 946; x_wconf 85' lang='lat' dir='ltr'><strong>quant</strong></span> <span class='ocrx_word' id='word_1_167' title='bbox 3003 874 3080 947; x_wconf 84' lang='grc'><strong>(5)</strong></span> <span class='ocrx_word' id='word_1_168' title='bbox 3105 879 3279 930; x_wconf 78' lang='lat' dir='ltr'><strong>ontnia</strong></span> <span class='ocrx_word' id='word_1_169' title='bbox 3324 879 3462 946; x_wconf 83' lang='lat' dir='ltr'><strong>facta</strong></span> 
     </span>
    </p>
   </div>
   <div class='ocr_carea' id='block_1_24' title="bbox 1860 965 3459 1039">
    <p class='ocr_par' dir='ltr' id='par_1_24' title="bbox 1860 965 3459 1039">
     <span class='ocr_line' id='line_1_24' title="bbox 1860 965 3459 1039; baseline 0.004 -22"><span class='ocrx_word' id='word_1_170' title='bbox 1860 973 2000 1029; x_wconf 89' lang='lat' dir='ltr'><strong>sunt,</strong></span> <span class='ocrx_word' id='word_1_171' title='bbox 2030 974 2084 1020; x_wconf 91' lang='lat' dir='ltr'><strong>et</strong></span> <span class='ocrx_word' id='word_1_172' title='bbox 2121 965 2230 1019; x_wconf 89' lang='lat' dir='ltr'><strong>sine</strong></span> <span class='ocrx_word' id='word_1_173' title='bbox 2269 982 2369 1037; x_wconf 91' lang='lat' dir='ltr'><strong>qua</strong></span> <span class='ocrx_word' id='word_1_174' title='bbox 2408 966 2486 1038; x_wconf 83' lang='lat'><strong>(6)</strong></span> <span class='ocrx_word' id='word_1_175' title='bbox 2531 967 2662 1021; x_wconf 82' lang='lat' dir='ltr'><strong>nihil</strong></span> <span class='ocrx_word' id='word_1_176' title='bbox 2703 969 2893 1036; x_wconf 77' lang='lat' dir='ltr'><strong>factum</strong></span> <span class='ocrx_word' id='word_1_177' title='bbox 2941 978 3012 1021; x_wconf 86' lang='lat' dir='ltr'><strong>est</strong></span> <span class='ocrx_word' id='word_1_178' title='bbox 3071 966 3250 1039; x_wconf 85' lang='lat' dir='ltr'><strong>(Joan.</strong></span> <span class='ocrx_word' id='word_1_179' title='bbox 3281 967 3323 1034; x_wconf 91' lang='lat' dir='ltr'><strong>I,</strong></span> <span class='ocrx_word' id='word_1_180' title='bbox 3355 967 3459 1039; x_wconf 84' lang='grc'><strong>5).</strong></span> 
     </span>
    </p>
   </div>
   <div class='ocr_carea' id='block_1_25' title="bbox 1861 1055 3462 1130">
    <p class='ocr_par' dir='ltr' id='par_1_25' title="bbox 1861 1055 3462 1130">
     <span class='ocr_line' id='line_1_25' title="bbox 1861 1055 3462 1130; baseline 0.005 -20"><span class='ocrx_word' id='word_1_181' title='bbox 1861 1055 1972 1112; x_wconf 86' lang='grc' dir='ltr'>Νεε</span> <span class='ocrx_word' id='word_1_182' title='bbox 1995 1057 2198 1112; x_wconf 85' lang='lat' dir='ltr'><strong>diutius</strong></span> <span class='ocrx_word' id='word_1_183' title='bbox 2226 1057 2294 1114; x_wconf 91' lang='lat' dir='ltr'><strong>de</strong></span> <span class='ocrx_word' id='word_1_184' title='bbox 2331 1059 2457 1126; x_wconf 90' lang='lat' dir='ltr'><strong>isto,</strong></span> <span class='ocrx_word' id='word_1_185' title='bbox 2487 1060 2636 1129; x_wconf 91' lang='lat' dir='ltr'><strong>quasi</strong></span> <span class='ocrx_word' id='word_1_186' title='bbox 2669 1077 2774 1114; x_wconf 91' lang='lat' dir='ltr'><strong>non</strong></span> <span class='ocrx_word' id='word_1_187' title='bbox 2813 1061 2879 1116; x_wconf 91' lang='lat' dir='ltr'><strong>de</strong></span> <span class='ocrx_word' id='word_1_188' title='bbox 2911 1061 3030 1130; x_wconf 91' lang='lat' dir='ltr'><strong>ipso</strong></span> <span class='ocrx_word' id='word_1_189' title='bbox 3075 1064 3143 1117; x_wconf 89' lang='lat' dir='ltr'><strong>sit</strong></span> <span class='ocrx_word' id='word_1_190' title='bbox 3174 1078 3374 1127; x_wconf 90' lang='lat' dir='ltr'><strong>sermo,</strong></span> <span class='ocrx_word' id='word_1_191' title='bbox 3404 1073 3462 1118; x_wconf 91' lang='lat' dir='ltr'><strong>et</strong></span> 
     </span>
    </p>
   </div>
   <div class='ocr_carea' id='block_1_26' title="bbox 1867 1148 3463 1218">
    <p class='ocr_par' dir='ltr' id='par_1_26' title="bbox 1867 1148 3463 1218">
     <span class='ocr_line' id='line_1_26' title="bbox 1867 1148 3463 1218; baseline 0.006 -16"><span class='ocrx_word' id='word_1_192' title='bbox 1867 1148 1920 1202; x_wconf 88' lang='lat' dir='ltr'><strong>in</strong></span> <span class='ocrx_word' id='word_1_193' title='bbox 1956 1149 2184 1218; x_wconf 74' lang='lat' dir='ltr'><strong>sopbize,</strong></span> <span class='ocrx_word' id='word_1_194' title='bbox 2216 1159 2271 1206; x_wconf 90' lang='lat' dir='ltr'><strong>et</strong></span> <span class='ocrx_word' id='word_1_195' title='bbox 2301 1152 2350 1206; x_wconf 93' lang='lat' dir='ltr'><strong>in</strong></span> <span class='ocrx_word' id='word_1_196' title='bbox 2382 1153 2625 1217; x_wconf 80' lang='lat' dir='ltr'><strong>rationis,</strong></span> <span class='ocrx_word' id='word_1_197' title='bbox 2659 1162 2714 1208; x_wconf 90' lang='lat' dir='ltr'><strong>et</strong></span> <span class='ocrx_word' id='word_1_198' title='bbox 2742 1153 2792 1206; x_wconf 95' lang='lat' dir='ltr'><strong>iu</strong></span> <span class='ocrx_word' id='word_1_199' title='bbox 2821 1154 2999 1209; x_wconf 87' lang='lat' dir='ltr'><strong>omnis</strong></span> <span class='ocrx_word' id='word_1_200' title='bbox 3020 1153 3183 1208; x_wconf 86' lang='lat' dir='ltr'><strong>divini</strong></span> <span class='ocrx_word' id='word_1_201' title='bbox 3211 1156 3374 1210; x_wconf 90' lang='lat' dir='ltr'><strong>animi</strong></span> <span class='ocrx_word' id='word_1_202' title='bbox 3406 1163 3463 1211; x_wconf 90' lang='grc' dir='ltr'><strong>ει</strong></span> 
     </span>
    </p>
   </div>
   <div class='ocr_carea' id='block_1_27' title="bbox 1863 1242 3465 1319">
    <p class='ocr_par' dir='ltr' id='par_1_27' title="bbox 1863 1242 3465 1319">
     <span class='ocr_line' id='line_1_27' title="bbox 1863 1242 3465 1319; baseline 0.006 -25"><span class='ocrx_word' id='word_1_203' title='bbox 1863 1242 2081 1313; x_wconf 88' lang='lat' dir='ltr'><strong>spiritus</strong></span> <span class='ocrx_word' id='word_1_204' title='bbox 2105 1245 2342 1312; x_wconf 89' lang='lat' dir='ltr'><strong>nomine,</strong></span> <span class='ocrx_word' id='word_1_205' title='bbox 2375 1246 2464 1315; x_wconf 86' lang='lat' dir='ltr'><strong>qui</strong></span> <span class='ocrx_word' id='word_1_206' title='bbox 2495 1245 2636 1301; x_wconf 90' lang='lat' dir='ltr'><strong>Iilius</strong></span> <span class='ocrx_word' id='word_1_207' title='bbox 2661 1246 2832 1302; x_wconf 80' lang='lat' dir='ltr'><strong>factus</strong></span> <span class='ocrx_word' id='word_1_208' title='bbox 2854 1258 2935 1301; x_wconf 89' lang='lat' dir='ltr'><strong>est</strong></span> <span class='ocrx_word' id='word_1_209' title='bbox 2961 1248 3076 1315; x_wconf 89' lang='lat' dir='ltr'><strong>Dei,</strong></span> <span class='ocrx_word' id='word_1_210' title='bbox 3102 1248 3172 1304; x_wconf 89' lang='lat' dir='ltr'><strong>de</strong></span> <span class='ocrx_word' id='word_1_211' title='bbox 3199 1264 3306 1319; x_wconf 90' lang='lat' dir='ltr'><strong>quo</strong></span> <span class='ocrx_word' id='word_1_212' title='bbox 3338 1265 3465 1318; x_wconf 78' lang='lat' dir='ltr'><strong>pro-</strong></span> 
     </span>
    </p>
   </div>
   <div class='ocr_carea' id='block_1_28' title="bbox 1865 1334 3461 1413">
    <p class='ocr_par' dir='ltr' id='par_1_28' title="bbox 1865 1334 3461 1413">
     <span class='ocr_line' id='line_1_28' title="bbox 1865 1334 3461 1413; baseline 0.006 -24"><span class='ocrx_word' id='word_1_213' title='bbox 1865 1334 2080 1391; x_wconf 91' lang='lat' dir='ltr'><strong>deundo</strong></span> <span class='ocrx_word' id='word_1_214' title='bbox 2124 1349 2416 1408; x_wconf 87' lang='lat' dir='ltr'><strong>generatus</strong></span> <span class='ocrx_word' id='word_1_215' title='bbox 2465 1350 2566 1394; x_wconf 67' lang='lat' dir='ltr'><strong>est.</strong></span> <span class='ocrx_word' id='word_1_216' title='bbox 2625 1340 2767 1410; x_wconf 86' lang='lat' dir='ltr'><strong>Ergo</strong></span> <span class='ocrx_word' id='word_1_217' title='bbox 2827 1341 3023 1411; x_wconf 78' lang='lat' dir='ltr'><strong>inquis,</strong></span> <span class='ocrx_word' id='word_1_218' title='bbox 3080 1341 3177 1398; x_wconf 89' lang='lat' dir='ltr'><strong>das</strong></span> <span class='ocrx_word' id='word_1_219' title='bbox 3228 1343 3461 1413; x_wconf 86' lang='lat' dir='ltr'><strong>aliquam</strong></span> 
     </span>
    </p>
   </div>
   <div class='ocr_carea' id='block_1_29' title="bbox 1866 1429 3463 1505">
    <p class='ocr_par' dir='ltr' id='par_1_29' title="bbox 1866 1429 3463 1505">
     <span class='ocr_line' id='line_1_29' title="bbox 1866 1429 3463 1505; baseline 0.003 -21"><span class='ocrx_word' id='word_1_220' title='bbox 1866 1431 2218 1485; x_wconf 84' lang='lat' dir='ltr'><strong>substantiam</strong></span> <span class='ocrx_word' id='word_1_221' title='bbox 2249 1447 2369 1486; x_wconf 80' lang='lat' dir='ltr'><strong>esse</strong></span> <span class='ocrx_word' id='word_1_222' title='bbox 2399 1429 2740 1499; x_wconf 81' lang='lat' dir='ltr'><strong>Sermonem,</strong></span> <span class='ocrx_word' id='word_1_223' title='bbox 2773 1433 2962 1502; x_wconf 85' lang='lat' dir='ltr'><strong>spiritu</strong></span> <span class='ocrx_word' id='word_1_224' title='bbox 3009 1442 3061 1488; x_wconf 90' lang='lat' dir='ltr'><strong>et</strong></span> <span class='ocrx_word' id='word_1_225' title='bbox 3103 1433 3318 1505; x_wconf 84' lang='lat' dir='ltr'><strong>Sophiae</strong></span> <span class='ocrx_word' id='word_1_226' title='bbox 3351 1446 3463 1489; x_wconf 92' lang='lat' dir='ltr'><strong>tra-</strong></span> 
     </span>
    </p>
   </div>
   <div class='ocr_carea' id='block_1_30' title="bbox 1866 1521 3466 1581">
    <p class='ocr_par' dir='ltr' id='par_1_30' title="bbox 1866 1521 3466 1581">
     <span class='ocr_line' id='line_1_30' title="bbox 1866 1521 3466 1581; baseline 0.003 -6"><span class='ocrx_word' id='word_1_227' title='bbox 1866 1521 2067 1577; x_wconf 89' lang='lat' dir='ltr'><strong>ditione</strong></span> <span class='ocrx_word' id='word_1_228' title='bbox 2094 1531 2460 1579; x_wconf 89' lang='lat' dir='ltr'><strong>constructam</strong></span> <span class='ocrx_word' id='word_1_229' title='bbox 2491 1525 2514 1576; x_wconf 83' lang='lat' dir='ltr'><strong>&#39;t‘</strong></span> <span class='ocrx_word' id='word_1_230' title='bbox 2546 1524 2730 1578; x_wconf 83' lang='lat' dir='ltr'><strong>Planc.</strong></span> <span class='ocrx_word' id='word_1_231' title='bbox 2759 1523 2875 1579; x_wconf 86' lang='lat' dir='ltr'><strong>Non</strong></span> <span class='ocrx_word' id='word_1_232' title='bbox 2909 1525 2988 1578; x_wconf 88' lang='lat' dir='ltr'><strong>vis</strong></span> <span class='ocrx_word' id='word_1_233' title='bbox 3014 1525 3155 1580; x_wconf 90' lang='lat' dir='ltr'><strong>enim</strong></span> <span class='ocrx_word' id='word_1_234' title='bbox 3180 1541 3302 1580; x_wconf 89' lang='lat' dir='ltr'><strong>eum</strong></span> <span class='ocrx_word' id='word_1_235' title='bbox 3335 1526 3466 1581; x_wconf 89' lang='lat' dir='ltr'><strong>sub-</strong></span> 
     </span>
    </p>
   </div>
   <div class='ocr_carea' id='block_1_31' title="bbox 1867 1616 3459 1688">
    <p class='ocr_par' dir='ltr' id='par_1_31' title="bbox 1867 1616 3459 1688">
     <span class='ocr_line' id='line_1_31' title="bbox 1867 1616 3459 1688; baseline 0.001 -19"><span class='ocrx_word' id='word_1_236' title='bbox 1867 1618 2154 1670; x_wconf 89' lang='lat' dir='ltr'><strong>stantivutn</strong></span> <span class='ocrx_word' id='word_1_237' title='bbox 2186 1616 2385 1672; x_wconf 86' lang='lat' dir='ltr'><strong>habere</strong></span> <span class='ocrx_word' id='word_1_238' title='bbox 2419 1620 2470 1670; x_wconf 90' lang='lat' dir='ltr'><strong>in</strong></span> <span class='ocrx_word' id='word_1_239' title='bbox 2495 1633 2553 1671; x_wconf 91' lang='lat' dir='ltr'><strong>re</strong></span> <span class='ocrx_word' id='word_1_240' title='bbox 2579 1632 2676 1686; x_wconf 89' lang='lat' dir='ltr'><strong>per</strong></span> <span class='ocrx_word' id='word_1_241' title='bbox 2706 1617 3020 1672; x_wconf 77' lang='lat' dir='ltr'><strong>substantia:</strong></span> <span class='ocrx_word' id='word_1_242' title='bbox 3054 1619 3459 1688; x_wconf 82' lang='lat' dir='ltr'><strong>proprietatem,</strong></span> 
     </span>
    </p>
   </div>
   <div class='ocr_carea' id='block_1_32' title="bbox 1869 1708 3466 1782">
    <p class='ocr_par' dir='ltr' id='par_1_32' title="bbox 1869 1708 3466 1782">
     <span class='ocr_line' id='line_1_32' title="bbox 1869 1708 3466 1782; baseline 0.004 -22"><span class='ocrx_word' id='word_1_243' title='bbox 1869 1717 1926 1760; x_wconf 93' lang='lat' dir='ltr'><strong>ut</strong></span> <span class='ocrx_word' id='word_1_244' title='bbox 1953 1723 2041 1762; x_wconf 90' lang='lat' dir='ltr'><strong>res</strong></span> <span class='ocrx_word' id='word_1_245' title='bbox 2070 1717 2120 1762; x_wconf 91' lang='lat' dir='ltr'><strong>et</strong></span> <span class='ocrx_word' id='word_1_246' title='bbox 2157 1724 2382 1777; x_wconf 87' lang='lat' dir='ltr'><strong>persona</strong></span> <span class='ocrx_word' id='word_1_247' title='bbox 2405 1709 2648 1776; x_wconf 71' lang='lat' dir='ltr'><strong>quredam</strong></span> <span class='ocrx_word' id='word_1_248' title='bbox 2680 1708 2845 1764; x_wconf 82' lang='lat' dir='ltr'><strong>videri</strong></span> <span class='ocrx_word' id='word_1_249' title='bbox 2880 1711 3069 1779; x_wconf 88' lang='lat' dir='ltr'><strong>possit,</strong></span> <span class='ocrx_word' id='word_1_250' title='bbox 3101 1720 3154 1766; x_wconf 92' lang='lat' dir='ltr'><strong>et</strong></span> <span class='ocrx_word' id='word_1_251' title='bbox 3187 1711 3254 1764; x_wconf 90' lang='lat' dir='ltr'><strong>ita</strong></span> <span class='ocrx_word' id='word_1_252' title='bbox 3283 1713 3466 1782; x_wconf 87' lang='lat' dir='ltr'><strong>capiat</strong></span> 
     </span>
    </p>
   </div>
   <div class='ocr_carea' id='block_1_33' title="bbox 200 1787 3470 1872">
    <p class='ocr_par' dir='ltr' id='par_1_33' title="bbox 200 1787 3470 1872">
     <span class='ocr_line' id='line_1_33' title="bbox 200 1787 3470 1872; baseline 0.001 -19"><span class='ocrx_word' id='word_1_253' title='bbox 200 1815 299 1868; x_wconf 69' lang='lat' dir='ltr'><strong>qua</strong></span> <span class='ocrx_word' id='word_1_254' title='bbox 312 1798 394 1853; x_wconf 78' lang='lat' dir='ltr'><strong>sub</strong></span> <span class='ocrx_word' id='word_1_255' title='bbox 427 1800 571 1864; x_wconf 78' lang='lat' dir='ltr'><strong>ccelo,</strong></span> <span class='ocrx_word' id='word_1_256' title='bbox 606 1816 700 1871; x_wconf 85' lang='lat' dir='ltr'><strong>ego</strong></span> <span class='ocrx_word' id='word_1_257' title='bbox 729 1787 870 1854; x_wconf 81' lang='lat' dir='ltr'><strong>eram</strong></span> <span class='ocrx_word' id='word_1_258' title='bbox 890 1816 1005 1855; x_wconf 87' lang='lat' dir='ltr'><strong>cum</strong></span> <span class='ocrx_word' id='word_1_259' title='bbox 1026 1801 1117 1855; x_wconf 90' lang='lat' dir='ltr'><strong>illo</strong></span> <span class='ocrx_word' id='word_1_260' title='bbox 1141 1801 1492 1872; x_wconf 87' lang='lat' dir='ltr'><strong>compingens;</strong></span> <span class='ocrx_word' id='word_1_261' title='bbox 1517 1817 1609 1871; x_wconf 87' lang='lat' dir='ltr'><strong>ego</strong></span> <span class='ocrx_word' id='word_1_262' title='bbox 1627 1815 1766 1853; x_wconf 86' lang='lat' dir='ltr'><strong>eram</strong></span> <span class='ocrx_word' id='word_1_263' title='bbox 1796 1810 1844 1870; x_wconf 81' lang='grc' dir='ltr'><strong>Β</strong></span> <span class='ocrx_word' id='word_1_264' title='bbox 1873 1799 2146 1853; x_wconf 88' lang='lat' dir='ltr'><strong>secundus</strong></span> <span class='ocrx_word' id='word_1_265' title='bbox 2172 1813 2202 1852; x_wconf 88' lang='lat' dir='ltr'><strong>a</strong></span> <span class='ocrx_word' id='word_1_266' title='bbox 2231 1799 2340 1854; x_wconf 88' lang='lat' dir='ltr'><strong>Deo</strong></span> <span class='ocrx_word' id='word_1_267' title='bbox 2383 1800 2708 1854; x_wconf 86' lang='lat' dir='ltr'><strong>constitutus</strong></span> <span class='ocrx_word' id='word_1_268' title='bbox 2735 1800 2872 1855; x_wconf 84' lang='lat' dir='ltr'><strong>duos</strong></span> <span class='ocrx_word' id='word_1_269' title='bbox 2913 1803 3150 1868; x_wconf 79' lang='lat' dir='ltr'><strong>efﬁcere,</strong></span> <span class='ocrx_word' id='word_1_270' title='bbox 3168 1802 3382 1857; x_wconf 88' lang='lat' dir='ltr'><strong>Patrem</strong></span> <span class='ocrx_word' id='word_1_271' title='bbox 3414 1811 3470 1859; x_wconf 89' lang='lat' dir='ltr'><strong>et</strong></span> 
     </span>
    </p>
   </div>
   <div class='ocr_carea' id='block_1_34' title="bbox 201 1891 1768 1964">
    <p class='ocr_par' dir='ltr' id='par_1_34' title="bbox 201 1891 1768 1964">
     <span class='ocr_line' id='line_1_34' title="bbox 201 1891 1768 1964; baseline -0.001 -17"><span class='ocrx_word' id='word_1_272' title='bbox 201 1892 264 1947; x_wconf 87' lang='lat' dir='ltr'><strong>ad</strong></span> <span class='ocrx_word' id='word_1_273' title='bbox 297 1909 432 1964; x_wconf 72' lang='lat' dir='ltr'><strong>quam</strong></span> <span class='ocrx_word' id='word_1_274' title='bbox 455 1891 538 1964; x_wconf 78' lang='lat'><strong>(2)</strong></span> <span class='ocrx_word' id='word_1_275' title='bbox 575 1891 874 1964; x_wconf 82' lang='lat' dir='ltr'><strong>gaudebat:</strong></span> <span class='ocrx_word' id='word_1_276' title='bbox 900 1893 1127 1959; x_wconf 83' lang='lat' dir='ltr'><strong>quotidie</strong></span> <span class='ocrx_word' id='word_1_277' title='bbox 1171 1904 1341 1948; x_wconf 87' lang='lat' dir='ltr'><strong>autem</strong></span> <span class='ocrx_word' id='word_1_278' title='bbox 1377 1891 1670 1948; x_wconf 74' lang='lat' dir='ltr'><strong>oblectabar</strong></span> <span class='ocrx_word' id='word_1_279' title='bbox 1713 1893 1768 1946; x_wconf 88' lang='lat' dir='ltr'><strong>in</strong></span> 
     </span>
    </p>
   </div>
   <div class='ocr_carea' id='block_1_35' title="bbox 201 1982 1765 2058">
    <p class='ocr_par' dir='ltr' id='par_1_35' title="bbox 201 1982 1765 2058">
     <span class='ocr_line' id='line_1_35' title="bbox 201 1982 1765 2058; baseline -0.001 -19"><span class='ocrx_word' id='word_1_280' title='bbox 201 2001 396 2055; x_wconf 82' lang='lat' dir='ltr'><strong>persona</strong></span> <span class='ocrx_word' id='word_1_281' title='bbox 417 1985 598 2054; x_wconf 85' lang='lat' dir='ltr'><strong>ipsius.</strong></span> <span class='ocrx_word' id='word_1_282' title='bbox 625 1982 760 2039; x_wconf 85' lang='lat' dir='ltr'><strong>Nam</strong></span> <span class='ocrx_word' id='word_1_283' title='bbox 786 1995 839 2038; x_wconf 89' lang='lat' dir='ltr'><strong>Ill</strong></span> <span class='ocrx_word' id='word_1_284' title='bbox 881 1985 1113 2058; x_wconf 78' lang='lat' dir='ltr'><strong>primum</strong></span> <span class='ocrx_word' id='word_1_285' title='bbox 1151 1984 1293 2039; x_wconf 91' lang='lat' dir='ltr'><strong>Deus</strong></span> <span class='ocrx_word' id='word_1_286' title='bbox 1339 1983 1510 2039; x_wconf 92' lang='lat' dir='ltr'><strong>voluit</strong></span> <span class='ocrx_word' id='word_1_287' title='bbox 1550 1999 1613 2038; x_wconf 90' lang='lat' dir='ltr'><strong>ea</strong></span> <span class='ocrx_word' id='word_1_288' title='bbox 1645 1998 1765 2052; x_wconf 88' lang='lat' dir='ltr'><strong>quae</strong></span> 
     </span>
    </p>
   </div>
   <div class='ocr_carea' id='block_1_36' title="bbox 198 2059 1765 2147">
    <p class='ocr_par' dir='ltr' id='par_1_36' title="bbox 198 2059 1765 2147">
     <span class='ocr_line' id='line_1_36' title="bbox 198 2059 1765 2147; baseline -0.001 -16"><span class='ocrx_word' id='word_1_289' title='bbox 198 2091 306 2131; x_wconf 85' lang='lat' dir='ltr'><strong>cum</strong></span> <span class='ocrx_word' id='word_1_290' title='bbox 331 2076 522 2147; x_wconf 80' lang='lat' dir='ltr'><strong>sophia:</strong></span> <span class='ocrx_word' id='word_1_291' title='bbox 553 2077 764 2132; x_wconf 86' lang='lat' dir='ltr'><strong>ratione</strong></span> <span class='ocrx_word' id='word_1_292' title='bbox 791 2087 846 2132; x_wconf 88' lang='lat' dir='ltr'><strong>et</strong></span> <span class='ocrx_word' id='word_1_293' title='bbox 868 2059 1121 2132; x_wconf 84' lang='lat' dir='ltr'><strong>sermone</strong></span> <span class='ocrx_word' id='word_1_294' title='bbox 1151 2076 1494 2146; x_wconf 87' lang='lat' dir='ltr'><strong>disposuerat</strong></span> <span class='ocrx_word' id='word_1_295' title='bbox 1515 2076 1653 2130; x_wconf 85' lang='lat' dir='ltr'><strong>intra</strong></span> <span class='ocrx_word' id='word_1_296' title='bbox 1680 2089 1765 2142; x_wconf 87' lang='lat' dir='ltr'><strong>se,</strong></span> 
     </span>
    </p>
   </div>
   <div class='ocr_carea' id='block_1_37' title="bbox 200 2167 1765 2240">
    <p class='ocr_par' dir='ltr' id='par_1_37' title="bbox 200 2167 1765 2240">
     <span class='ocr_line' id='line_1_37' title="bbox 200 2167 1765 2240; baseline 0.001 -18"><span class='ocrx_word' id='word_1_297' title='bbox 200 2168 245 2222; x_wconf 93' lang='lat' dir='ltr'><strong>in</strong></span> <span class='ocrx_word' id='word_1_298' title='bbox 280 2168 587 2224; x_wconf 81' lang='lat' dir='ltr'><strong>substantias</strong></span> <span class='ocrx_word' id='word_1_299' title='bbox 615 2179 672 2224; x_wconf 89' lang='lat' dir='ltr'><strong>et</strong></span> <span class='ocrx_word' id='word_1_300' title='bbox 714 2169 925 2240; x_wconf 84' lang='lat' dir='ltr'><strong>species</strong></span> <span class='ocrx_word' id='word_1_301' title='bbox 953 2183 1078 2224; x_wconf 84' lang='lat' dir='ltr'><strong>suas</strong></span> <span class='ocrx_word' id='word_1_302' title='bbox 1102 2167 1287 2235; x_wconf 85' lang='lat' dir='ltr'><strong>edere,</strong></span> <span class='ocrx_word' id='word_1_303' title='bbox 1329 2169 1502 2238; x_wconf 90' lang='lat' dir='ltr'><strong>ipsum</strong></span> <span class='ocrx_word' id='word_1_304' title='bbox 1537 2167 1765 2238; x_wconf 89' lang='lat' dir='ltr'><strong>primum</strong></span> 
     </span>
    </p>
   </div>
   <div class='ocr_carea' id='block_1_38' title="bbox 196 2260 1766 2335">
    <p class='ocr_par' dir='ltr' id='par_1_38' title="bbox 196 2260 1766 2335">
     <span class='ocr_line' id='line_1_38' title="bbox 196 2260 1766 2335; baseline 0.001 -21"><span class='ocrx_word' id='word_1_305' title='bbox 196 2261 394 2330; x_wconf 84' lang='lat' dir='ltr'><strong>protulit</strong></span> <span class='ocrx_word' id='word_1_306' title='bbox 426 2277 756 2326; x_wconf 83' lang='lat' dir='ltr'><strong>sermonem,</strong></span> <span class='ocrx_word' id='word_1_307' title='bbox 805 2261 1093 2318; x_wconf 86' lang='lat' dir='ltr'><strong>habentem</strong></span> <span class='ocrx_word' id='word_1_308' title='bbox 1135 2263 1187 2316; x_wconf 93' lang='lat' dir='ltr'><strong>in</strong></span> <span class='ocrx_word' id='word_1_309' title='bbox 1228 2276 1287 2317; x_wconf 86' lang='lat' dir='ltr'><strong>se</strong></span> <span class='ocrx_word' id='word_1_310' title='bbox 1333 2260 1410 2335; x_wconf 88' lang='lat' dir='ltr'><strong>(a)</strong></span> <span class='ocrx_word' id='word_1_311' title='bbox 1464 2260 1766 2316; x_wconf 77' lang='lat' dir='ltr'><strong>individuus</strong></span> 
     </span>
    </p>
   </div>
   <div class='ocr_carea' id='block_1_39' title="bbox 193 2355 1768 2428">
    <p class='ocr_par' dir='ltr' id='par_1_39' title="bbox 193 2355 1768 2428">
     <span class='ocr_line' id='line_1_39' title="bbox 193 2355 1768 2428; baseline 0 -20"><span class='ocrx_word' id='word_1_312' title='bbox 193 2369 324 2424; x_wconf 84' lang='lat' dir='ltr'><strong>suas,</strong></span> <span class='ocrx_word' id='word_1_313' title='bbox 353 2355 628 2412; x_wconf 79' lang='lat' dir='ltr'><strong>Rationem</strong></span> <span class='ocrx_word' id='word_1_314' title='bbox 658 2365 713 2412; x_wconf 90' lang='lat' dir='ltr'><strong>et</strong></span> <span class='ocrx_word' id='word_1_315' title='bbox 742 2355 1002 2426; x_wconf 85' lang='lat' dir='ltr'><strong>SOphiam</strong></span> <span class='ocrx_word' id='word_1_316' title='bbox 1040 2355 1221 2428; x_wconf 76' lang='lat' dir='ltr'><strong>(5);ut</strong></span> <span class='ocrx_word' id='word_1_317' title='bbox 1251 2371 1346 2426; x_wconf 88' lang='lat' dir='ltr'><strong>per</strong></span> <span class='ocrx_word' id='word_1_318' title='bbox 1369 2357 1543 2425; x_wconf 83' lang='lat' dir='ltr'><strong>ipsum</strong></span> <span class='ocrx_word' id='word_1_319' title='bbox 1575 2355 1768 2410; x_wconf 86' lang='lat' dir='ltr'><strong>tierent</strong></span> 
     </span>
    </p>
   </div>
   <div class='ocr_carea' id='block_1_40' title="bbox 201 2445 1762 2520">
    <p class='ocr_par' dir='ltr' id='par_1_40' title="bbox 201 2445 1762 2520">
     <span class='ocr_line' id='line_1_40' title="bbox 201 2445 1762 2520; baseline 0 -20"><span class='ocrx_word' id='word_1_320' title='bbox 201 2445 450 2516; x_wconf 82' lang='lat' dir='ltr'><strong>universa,</strong></span> <span class='ocrx_word' id='word_1_321' title='bbox 493 2463 588 2520; x_wconf 88' lang='lat' dir='ltr'><strong>per</strong></span> <span class='ocrx_word' id='word_1_322' title='bbox 613 2463 774 2518; x_wconf 91' lang='lat' dir='ltr'><strong>quem</strong></span> <span class='ocrx_word' id='word_1_323' title='bbox 807 2457 961 2504; x_wconf 88' lang='lat' dir='ltr'><strong>erant</strong></span> <span class='ocrx_word' id='word_1_324' title='bbox 1000 2447 1230 2518; x_wconf 89' lang='lat' dir='ltr'><strong>cogitata</strong></span> <span class='ocrx_word' id='word_1_325' title='bbox 1275 2457 1438 2518; x_wconf 89' lang='lat' dir='ltr'><strong>atque</strong></span> <span class='ocrx_word' id='word_1_326' title='bbox 1481 2447 1762 2517; x_wconf 83' lang='lat' dir='ltr'><strong>diSposita;</strong></span> 
     </span>
    </p>
   </div>
   <div class='ocr_carea' id='block_1_41' title="bbox 198 2539 1764 2613">
    <p class='ocr_par' dir='ltr' id='par_1_41' title="bbox 198 2539 1764 2613">
     <span class='ocr_line' id='line_1_41' title="bbox 198 2539 1764 2613; baseline 0.001 -19"><span class='ocrx_word' id='word_1_327' title='bbox 198 2539 292 2598; x_wconf 81' lang='lat' dir='ltr'><strong>imo</strong></span> <span class='ocrx_word' id='word_1_328' title='bbox 325 2550 378 2600; x_wconf 87' lang='lat' dir='ltr'><strong>et</strong></span> <span class='ocrx_word' id='word_1_329' title='bbox 405 2542 537 2598; x_wconf 81' lang='lat' dir='ltr'><strong>facta</strong></span> <span class='ocrx_word' id='word_1_330' title='bbox 563 2541 700 2613; x_wconf 85' lang='lat' dir='ltr'><strong>jam,</strong></span> <span class='ocrx_word' id='word_1_331' title='bbox 752 2550 1010 2613; x_wconf 87' lang='lat' dir='ltr'><strong>quantum</strong></span> <span class='ocrx_word' id='word_1_332' title='bbox 1040 2542 1092 2597; x_wconf 92' lang='lat' dir='ltr'><strong>in</strong></span> <span class='ocrx_word' id='word_1_333' title='bbox 1139 2542 1234 2598; x_wconf 86' lang='lat' dir='ltr'><strong>Dei</strong></span> <span class='ocrx_word' id='word_1_334' title='bbox 1266 2557 1445 2598; x_wconf 89' lang='lat' dir='ltr'><strong>sensu.</strong></span> <span class='ocrx_word' id='word_1_335' title='bbox 1474 2541 1586 2598; x_wconf 90' lang='lat' dir='ltr'><strong>Iloe</strong></span> <span class='ocrx_word' id='word_1_336' title='bbox 1619 2541 1764 2596; x_wconf 89' lang='lat' dir='ltr'><strong>enim</strong></span> 
     </span>
    </p>
   </div>
   <div class='ocr_carea' id='block_1_42' title="bbox 191 2633 1764 2708">
    <p class='ocr_par' dir='ltr' id='par_1_42' title="bbox 191 2633 1764 2708">
     <span class='ocr_line' id='line_1_42' title="bbox 191 2633 1764 2708; baseline 0.001 -19"><span class='ocrx_word' id='word_1_337' title='bbox 191 2635 259 2688; x_wconf 87' lang='lat' dir='ltr'><strong>eis</strong></span> <span class='ocrx_word' id='word_1_338' title='bbox 278 2633 480 2700; x_wconf 89' lang='lat' dir='ltr'><strong>deerat,</strong></span> <span class='ocrx_word' id='word_1_339' title='bbox 511 2644 569 2690; x_wconf 93' lang='lat' dir='ltr'><strong>ut</strong></span> <span class='ocrx_word' id='word_1_340' title='bbox 591 2650 778 2691; x_wconf 86' lang='lat' dir='ltr'><strong>coram</strong></span> <span class='ocrx_word' id='word_1_341' title='bbox 806 2651 1023 2706; x_wconf 86' lang='lat' dir='ltr'><strong>quoque</strong></span> <span class='ocrx_word' id='word_1_342' title='bbox 1044 2635 1098 2690; x_wconf 92' lang='lat' dir='ltr'><strong>in</strong></span> <span class='ocrx_word' id='word_1_343' title='bbox 1143 2636 1254 2691; x_wconf 90' lang='lat' dir='ltr'><strong>suis</strong></span> <span class='ocrx_word' id='word_1_344' title='bbox 1281 2634 1566 2708; x_wconf 87' lang='lat' dir='ltr'><strong>speciebus</strong></span> <span class='ocrx_word' id='word_1_345' title='bbox 1601 2643 1764 2706; x_wconf 88' lang='lat' dir='ltr'><strong>atque</strong></span> 
     </span>
    </p>
   </div>
   <div class='ocr_carea' id='block_1_43' title="bbox 190 2727 1406 2802">
    <p class='ocr_par' dir='ltr' id='par_1_43' title="bbox 190 2727 1406 2802">
     <span class='ocr_line' id='line_1_43' title="bbox 190 2727 1406 2802; baseline -0.002 -15"><span class='ocrx_word' id='word_1_346' title='bbox 190 2727 478 2788; x_wconf 67' lang='lat' dir='ltr'><strong>subsuutiis</strong></span> <span class='ocrx_word' id='word_1_347' title='bbox 505 2739 964 2802; x_wconf 85' lang='lat' dir='ltr'><strong>cognoscerentur</strong></span> <span class='ocrx_word' id='word_1_348' title='bbox 990 2738 1046 2784; x_wconf 93' lang='lat' dir='ltr'><strong>et</strong></span> <span class='ocrx_word' id='word_1_349' title='bbox 1074 2739 1406 2786; x_wconf 88' lang='lat' dir='ltr'><strong>tenerentur.</strong></span> 
     </span>
    </p>
   </div>
   <div class='ocr_carea' id='block_1_44' title="bbox 768 2821 1155 2880">
    <p class='ocr_par' dir='ltr' id='par_1_44' title="bbox 768 2821 1155 2880">
     <span class='ocr_line' id='line_1_44' title="bbox 768 2821 1155 2880; baseline 0 -2"><span class='ocrx_word' id='word_1_350' title='bbox 768 2821 1000 2880; x_wconf 84' lang='lat' dir='ltr'><strong>CAPUT</strong></span> <span class='ocrx_word' id='word_1_351' title='bbox 1044 2821 1155 2878; x_wconf 90' lang='lat' dir='ltr'><strong>VII.</strong></span> 
     </span>
    </p>
   </div>
   <div class='ocr_carea' id='block_1_45' title="bbox 249 2911 1755 2986">
    <p class='ocr_par' dir='ltr' id='par_1_45' title="bbox 249 2911 1755 2986">
     <span class='ocr_line' id='line_1_45' title="bbox 249 2911 1755 2986; baseline 0.001 -18"><span class='ocrx_word' id='word_1_352' title='bbox 249 2911 391 2970; x_wconf 86' lang='lat' dir='ltr'><strong>Tunc</strong></span> <span class='ocrx_word' id='word_1_353' title='bbox 421 2916 578 2986; x_wconf 85' lang='lat' dir='ltr'><strong>igitur</strong></span> <span class='ocrx_word' id='word_1_354' title='bbox 603 2915 767 2970; x_wconf 87' lang='lat' dir='ltr'><strong>etiam</strong></span> <span class='ocrx_word' id='word_1_355' title='bbox 797 2916 912 2985; x_wconf 88' lang='lat' dir='ltr'><strong>ipse</strong></span> <span class='ocrx_word' id='word_1_356' title='bbox 937 2930 1118 2970; x_wconf 89' lang='lat' dir='ltr'><strong>sermo</strong></span> <span class='ocrx_word' id='word_1_357' title='bbox 1143 2915 1380 2984; x_wconf 83' lang='lat' dir='ltr'><strong>speciem</strong></span> <span class='ocrx_word' id='word_1_358' title='bbox 1421 2923 1477 2970; x_wconf 88' lang='lat' dir='ltr'><strong>et</strong></span> <span class='ocrx_word' id='word_1_359' title='bbox 1505 2923 1755 2970; x_wconf 87' lang='lat' dir='ltr'><strong>ornatum</strong></span> 
     </span>
    </p>
   </div>
   <div class='ocr_carea' id='block_1_46' title="bbox 193 3006 1763 3086">
    <p class='ocr_par' dir='ltr' id='par_1_46' title="bbox 193 3006 1763 3086">
     <span class='ocr_line' id='line_1_46' title="bbox 193 3006 1763 3086; baseline 0.001 -26"><span class='ocrx_word' id='word_1_360' title='bbox 193 3017 326 3060; x_wconf 80' lang='lat' dir='ltr'><strong>suum</strong></span> <span class='ocrx_word' id='word_1_361' title='bbox 350 3006 530 3074; x_wconf 82' lang='lat' dir='ltr'><strong>sumit,</strong></span> <span class='ocrx_word' id='word_1_362' title='bbox 558 3021 753 3062; x_wconf 89' lang='lat' dir='ltr'><strong>sonum</strong></span> <span class='ocrx_word' id='word_1_363' title='bbox 779 3015 834 3062; x_wconf 88' lang='lat' dir='ltr'><strong>et</strong></span> <span class='ocrx_word' id='word_1_364' title='bbox 863 3021 1078 3073; x_wconf 89' lang='lat' dir='ltr'><strong>vocem,</strong></span> <span class='ocrx_word' id='word_1_365' title='bbox 1104 3021 1224 3061; x_wconf 89' lang='lat' dir='ltr'><strong>eum</strong></span> <span class='ocrx_word' id='word_1_366' title='bbox 1261 3007 1394 3061; x_wconf 91' lang='lat' dir='ltr'><strong>dicit</strong></span> <span class='ocrx_word' id='word_1_367' title='bbox 1425 3007 1568 3062; x_wconf 87' lang='lat' dir='ltr'><strong>Deus</strong></span> <span class='ocrx_word' id='word_1_368' title='bbox 1598 3023 1611 3060; x_wconf 93' lang='lat'>:</span> <span class='ocrx_word' id='word_1_369' title='bbox 1641 3006 1763 3086; x_wconf 71' lang='lat' dir='ltr'><strong>Fiat</strong></span> 
     </span>
    </p>
   </div>
   <div class='ocr_carea' id='block_1_47' title="bbox 191 3098 1762 3170">
    <p class='ocr_par' dir='ltr' id='par_1_47' title="bbox 191 3098 1762 3170">
     <span class='ocr_line' id='line_1_47' title="bbox 191 3098 1762 3170; baseline 0.003 -17"><span class='ocrx_word' id='word_1_370' title='bbox 191 3098 285 3156; x_wconf 73' lang='lat' dir='ltr'><strong>lu.</strong></span> <span class='ocrx_word' id='word_1_371' title='bbox 306 3099 429 3156; x_wconf 67' lang='lat' dir='ltr'><strong>Haec</strong></span> <span class='ocrx_word' id='word_1_372' title='bbox 456 3111 533 3156; x_wconf 85' lang='lat' dir='ltr'><strong>est</strong></span> <span class='ocrx_word' id='word_1_373' title='bbox 560 3101 809 3156; x_wconf 85' lang='lat' dir='ltr'><strong>nativitas</strong></span> <span class='ocrx_word' id='word_1_374' title='bbox 832 3099 1068 3170; x_wconf 84' lang='lat' dir='ltr'><strong>perfecta</strong></span> <span class='ocrx_word' id='word_1_375' title='bbox 1097 3101 1384 3165; x_wconf 90' lang='lat' dir='ltr'><strong>sermonis,</strong></span> <span class='ocrx_word' id='word_1_376' title='bbox 1417 3100 1544 3155; x_wconf 92' lang='lat' dir='ltr'><strong>dum</strong></span> <span class='ocrx_word' id='word_1_377' title='bbox 1563 3117 1629 3156; x_wconf 78' lang='lat' dir='ltr'><strong>ex</strong></span> <span class='ocrx_word' id='word_1_378' title='bbox 1651 3102 1762 3157; x_wconf 93' lang='lat' dir='ltr'><strong>Deo</strong></span> 
     </span>
    </p>
   </div>
   <div class='ocr_carea' id='block_1_48' title="bbox 1875 1890 3552 1964">
    <p class='ocr_par' dir='ltr' id='par_1_48' title="bbox 1875 1890 3552 1964">
     <span class='ocr_line' id='line_1_48' title="bbox 1875 1890 3552 1964; baseline 0.003 -20"><span class='ocrx_word' id='word_1_379' title='bbox 1875 1890 2073 1957; x_wconf 83' lang='lat' dir='ltr'><strong>Flium,</strong></span> <span class='ocrx_word' id='word_1_380' title='bbox 2100 1891 2266 1946; x_wconf 88' lang='lat' dir='ltr'><strong>Deum</strong></span> <span class='ocrx_word' id='word_1_381' title='bbox 2295 1900 2348 1945; x_wconf 91' lang='lat' dir='ltr'><strong>et</strong></span> <span class='ocrx_word' id='word_1_382' title='bbox 2373 1891 2709 1946; x_wconf 88' lang='lat' dir='ltr'><strong>Sermonem.</strong></span> <span class='ocrx_word' id='word_1_383' title='bbox 2738 1890 2812 1964; x_wconf 88' lang='lat' dir='ltr'><strong>(b)</strong></span> <span class='ocrx_word' id='word_1_384' title='bbox 2836 1893 2973 1960; x_wconf 85' lang='lat' dir='ltr'><strong>Quid</strong></span> <span class='ocrx_word' id='word_1_385' title='bbox 2996 1902 3079 1948; x_wconf 91' lang='lat' dir='ltr'><strong>est</strong></span> <span class='ocrx_word' id='word_1_386' title='bbox 3099 1895 3264 1960; x_wconf 83' lang='lat' dir='ltr'><strong>enim,</strong></span> <span class='ocrx_word' id='word_1_387' title='bbox 3296 1894 3466 1959; x_wconf 79' lang='lat' dir='ltr'><strong>dices,</strong></span> <span class='ocrx_word' id='word_1_388' title='bbox 3500 1894 3552 1964; x_wconf 74' lang='grc' dir='ltr'><strong>ζ’</strong></span> 
     </span>
    </p>
   </div>
   <div class='ocr_carea' id='block_1_49' title="bbox 1875 1983 3465 2055">
    <p class='ocr_par' dir='ltr' id='par_1_49' title="bbox 1875 1983 3465 2055">
     <span class='ocr_line' id='line_1_49' title="bbox 1875 1983 3465 2055; baseline 0.004 -18"><span class='ocrx_word' id='word_1_389' title='bbox 1875 1998 2075 2047; x_wconf 90' lang='lat' dir='ltr'><strong>sermo,</strong></span> <span class='ocrx_word' id='word_1_390' title='bbox 2110 1983 2210 2036; x_wconf 90' lang='lat' dir='ltr'><strong>nisi</strong></span> <span class='ocrx_word' id='word_1_391' title='bbox 2237 1998 2337 2036; x_wconf 78' lang='lat' dir='ltr'><strong>vox</strong></span> <span class='ocrx_word' id='word_1_392' title='bbox 2377 1993 2432 2037; x_wconf 90' lang='lat' dir='ltr'><strong>et</strong></span> <span class='ocrx_word' id='word_1_393' title='bbox 2459 1997 2624 2038; x_wconf 86' lang='lat' dir='ltr'><strong>sonus</strong></span> <span class='ocrx_word' id='word_1_394' title='bbox 2651 1985 2781 2047; x_wconf 83' lang='lat' dir='ltr'><strong>oris,</strong></span> <span class='ocrx_word' id='word_1_395' title='bbox 2818 1995 2872 2038; x_wconf 92' lang='lat' dir='ltr'><strong>et</strong></span> <span class='ocrx_word' id='word_1_396' title='bbox 2905 1984 3086 2055; x_wconf 86' lang='lat' dir='ltr'><strong>(sicut</strong></span> <span class='ocrx_word' id='word_1_397' title='bbox 3113 1985 3465 2042; x_wconf 88' lang='lat' dir='ltr'><strong>Grammatici</strong></span> 
     </span>
    </p>
   </div>
   <div class='ocr_carea' id='block_1_50' title="bbox 1874 2074 3464 2146">
    <p class='ocr_par' dir='ltr' id='par_1_50' title="bbox 1874 2074 3464 2146">
     <span class='ocr_line' id='line_1_50' title="bbox 1874 2074 3464 2146; baseline 0 -16"><span class='ocrx_word' id='word_1_398' title='bbox 1874 2074 2111 2146; x_wconf 88' lang='lat' dir='ltr'><strong>tradunt)</strong></span> <span class='ocrx_word' id='word_1_399' title='bbox 2143 2090 2237 2130; x_wconf 91' lang='lat' dir='ltr'><strong>aer</strong></span> <span class='ocrx_word' id='word_1_400' title='bbox 2265 2075 2522 2142; x_wconf 72' lang='lat' dir='ltr'><strong>offensus,</strong></span> <span class='ocrx_word' id='word_1_401' title='bbox 2554 2075 2904 2146; x_wconf 82' lang='lat' dir='ltr'><strong>intelligibilis</strong></span> <span class='ocrx_word' id='word_1_402' title='bbox 2929 2077 3153 2143; x_wconf 90' lang='lat' dir='ltr'><strong>auditu;</strong></span> <span class='ocrx_word' id='word_1_403' title='bbox 3186 2086 3464 2144; x_wconf 70' lang='lat' dir='ltr'><strong>etetcrum,</strong></span> 
     </span>
    </p>
   </div>
   <div class='ocr_carea' id='block_1_51' title="bbox 1871 2168 3470 2240">
    <p class='ocr_par' dir='ltr' id='par_1_51' title="bbox 1871 2168 3470 2240">
     <span class='ocr_line' id='line_1_51' title="bbox 1871 2168 3470 2240; baseline 0.001 -16"><span class='ocrx_word' id='word_1_404' title='bbox 1871 2183 2096 2224; x_wconf 85' lang='lat' dir='ltr'><strong>vacuum</strong></span> <span class='ocrx_word' id='word_1_405' title='bbox 2135 2168 2316 2224; x_wconf 89' lang='lat' dir='ltr'><strong>nescio</strong></span> <span class='ocrx_word' id='word_1_406' title='bbox 2345 2168 2505 2240; x_wconf 90' lang='lat' dir='ltr'><strong>quid,</strong></span> <span class='ocrx_word' id='word_1_407' title='bbox 2543 2178 2596 2224; x_wconf 88' lang='lat' dir='ltr'><strong>et</strong></span> <span class='ocrx_word' id='word_1_408' title='bbox 2637 2169 2825 2234; x_wconf 89' lang='lat' dir='ltr'><strong>inane,</strong></span> <span class='ocrx_word' id='word_1_409' title='bbox 2870 2177 2926 2224; x_wconf 91' lang='lat' dir='ltr'><strong>et</strong></span> <span class='ocrx_word' id='word_1_410' title='bbox 2969 2169 3351 2240; x_wconf 89' lang='lat' dir='ltr'><strong>incorporale?</strong></span> <span class='ocrx_word' id='word_1_411' title='bbox 3398 2170 3470 2225; x_wconf 88' lang='grc' dir='ltr'>Λι</span> 
     </span>
    </p>
   </div>
   <div class='ocr_carea' id='block_1_52' title="bbox 1871 2255 3465 2336">
    <p class='ocr_par' dir='ltr' id='par_1_52' title="bbox 1871 2255 3465 2336">
     <span class='ocr_line' id='line_1_52' title="bbox 1871 2255 3465 2336; baseline 0.001 -18"><span class='ocrx_word' id='word_1_412' title='bbox 1871 2277 1970 2333; x_wconf 84' lang='lat' dir='ltr'><strong>ego</strong></span> <span class='ocrx_word' id='word_1_413' title='bbox 2001 2263 2132 2317; x_wconf 90' lang='lat' dir='ltr'><strong>nihil</strong></span> <span class='ocrx_word' id='word_1_414' title='bbox 2170 2263 2290 2318; x_wconf 85' lang='lat' dir='ltr'><strong>dico</strong></span> <span class='ocrx_word' id='word_1_415' title='bbox 2319 2262 2388 2318; x_wconf 88' lang='lat' dir='ltr'><strong>de</strong></span> <span class='ocrx_word' id='word_1_416' title='bbox 2429 2264 2538 2318; x_wconf 91' lang='lat' dir='ltr'><strong>Deo</strong></span> <span class='ocrx_word' id='word_1_417' title='bbox 2567 2264 2725 2319; x_wconf 87' lang='lat' dir='ltr'><strong>inane</strong></span> <span class='ocrx_word' id='word_1_418' title='bbox 2767 2273 2820 2319; x_wconf 89' lang='lat' dir='ltr'><strong>et</strong></span> <span class='ocrx_word' id='word_1_419' title='bbox 2848 2279 3073 2319; x_wconf 91' lang='lat' dir='ltr'><strong>vacuum</strong></span> <span class='ocrx_word' id='word_1_420' title='bbox 3117 2265 3334 2336; x_wconf 88' lang='lat' dir='ltr'><strong>prodire</strong></span> <span class='ocrx_word' id='word_1_421' title='bbox 3366 2255 3465 2336; x_wconf 79' lang='lat' dir='ltr'><strong>po-</strong></span> 
     </span>
    </p>
   </div>
   <div class='ocr_carea' id='block_1_53' title="bbox 1872 2345 3463 2426">
    <p class='ocr_par' dir='ltr' id='par_1_53' title="bbox 1872 2345 3463 2426">
     <span class='ocr_line' id='line_1_53' title="bbox 1872 2345 3463 2426; baseline 0.003 -18"><span class='ocrx_word' id='word_1_422' title='bbox 1872 2355 2058 2420; x_wconf 90' lang='lat' dir='ltr'><strong>tuisse,</strong></span> <span class='ocrx_word' id='word_1_423' title='bbox 2088 2364 2143 2408; x_wconf 92' lang='lat' dir='ltr'><strong>ut</strong></span> <span class='ocrx_word' id='word_1_424' title='bbox 2164 2370 2269 2408; x_wconf 88' lang='lat' dir='ltr'><strong>non</strong></span> <span class='ocrx_word' id='word_1_425' title='bbox 2289 2354 2356 2410; x_wconf 91' lang='lat' dir='ltr'><strong>de</strong></span> <span class='ocrx_word' id='word_1_426' title='bbox 2387 2355 2529 2410; x_wconf 90' lang='lat' dir='ltr'><strong>inani</strong></span> <span class='ocrx_word' id='word_1_427' title='bbox 2559 2365 2613 2410; x_wconf 86' lang='lat' dir='ltr'><strong>et</strong></span> <span class='ocrx_word' id='word_1_428' title='bbox 2639 2370 2811 2411; x_wconf 82' lang='lat' dir='ltr'><strong>vacuo</strong></span> <span class='ocrx_word' id='word_1_429' title='bbox 2835 2345 3122 2426; x_wconf 81' lang='lat' dir='ltr'><strong>prolatum;</strong></span> <span class='ocrx_word' id='word_1_430' title='bbox 3153 2373 3254 2413; x_wconf 92' lang='lat' dir='ltr'><strong>nec</strong></span> <span class='ocrx_word' id='word_1_431' title='bbox 3271 2372 3463 2413; x_wconf 86' lang='lat' dir='ltr'><strong>carere</strong></span> 
     </span>
    </p>
   </div>
   <div class='ocr_carea' id='block_1_54' title="bbox 1869 2448 3470 2522">
    <p class='ocr_par' dir='ltr' id='par_1_54' title="bbox 1869 2448 3470 2522">
     <span class='ocr_line' id='line_1_54' title="bbox 1869 2448 3470 2522; baseline 0.002 -19"><span class='ocrx_word' id='word_1_432' title='bbox 1869 2448 2191 2514; x_wconf 88' lang='lat' dir='ltr'><strong>substantia,</strong></span> <span class='ocrx_word' id='word_1_433' title='bbox 2241 2449 2382 2519; x_wconf 90' lang='lat' dir='ltr'><strong>quod</strong></span> <span class='ocrx_word' id='word_1_434' title='bbox 2425 2450 2495 2505; x_wconf 90' lang='lat' dir='ltr'><strong>de</strong></span> <span class='ocrx_word' id='word_1_435' title='bbox 2541 2457 2692 2504; x_wconf 84' lang='lat' dir='ltr'><strong>tanta</strong></span> <span class='ocrx_word' id='word_1_436' title='bbox 2739 2450 3036 2507; x_wconf 88' lang='lat' dir='ltr'><strong>substantia</strong></span> <span class='ocrx_word' id='word_1_437' title='bbox 3081 2452 3362 2522; x_wconf 89' lang='lat' dir='ltr'><strong>processit,</strong></span> <span class='ocrx_word' id='word_1_438' title='bbox 3412 2460 3470 2506; x_wconf 93' lang='lat' dir='ltr'><strong>ct</strong></span> 
     </span>
    </p>
   </div>
   <div class='ocr_carea' id='block_1_55' title="bbox 1871 2541 3467 2615">
    <p class='ocr_par' dir='ltr' id='par_1_55' title="bbox 1871 2541 3467 2615">
     <span class='ocr_line' id='line_1_55' title="bbox 1871 2541 3467 2615; baseline 0.002 -21"><span class='ocrx_word' id='word_1_439' title='bbox 1871 2549 2044 2596; x_wconf 89' lang='lat' dir='ltr'><strong>tantas</strong></span> <span class='ocrx_word' id='word_1_440' title='bbox 2069 2542 2398 2597; x_wconf 84' lang='lat' dir='ltr'><strong>substantias</strong></span> <span class='ocrx_word' id='word_1_441' title='bbox 2423 2541 2569 2608; x_wconf 78' lang='lat' dir='ltr'><strong>fecit,</strong></span> <span class='ocrx_word' id='word_1_442' title='bbox 2603 2542 2730 2598; x_wconf 83' lang='lat' dir='ltr'><strong>fecit</strong></span> <span class='ocrx_word' id='word_1_443' title='bbox 2750 2543 2900 2598; x_wconf 91' lang='lat' dir='ltr'><strong>enim</strong></span> <span class='ocrx_word' id='word_1_444' title='bbox 2925 2553 2980 2598; x_wconf 90' lang='lat' dir='ltr'><strong>et</strong></span> <span class='ocrx_word' id='word_1_445' title='bbox 3023 2544 3138 2614; x_wconf 87' lang='lat' dir='ltr'><strong>ipse</strong></span> <span class='ocrx_word' id='word_1_446' title='bbox 3184 2561 3304 2615; x_wconf 73' lang='lat' dir='ltr'><strong>qute</strong></span> <span class='ocrx_word' id='word_1_447' title='bbox 3329 2544 3467 2598; x_wconf 81' lang='lat' dir='ltr'><strong>facta</strong></span> 
     </span>
    </p>
   </div>
   <div class='ocr_carea' id='block_1_56' title="bbox 1868 2634 3470 2708">
    <p class='ocr_par' dir='ltr' id='par_1_56' title="bbox 1868 2634 3470 2708">
     <span class='ocr_line' id='line_1_56' title="bbox 1868 2634 3470 2708; baseline 0.002 -20"><span class='ocrx_word' id='word_1_448' title='bbox 1868 2641 1996 2688; x_wconf 89' lang='lat' dir='ltr'><strong>sunt</strong></span> <span class='ocrx_word' id='word_1_449' title='bbox 2025 2651 2119 2703; x_wconf 91' lang='lat' dir='ltr'><strong>per</strong></span> <span class='ocrx_word' id='word_1_450' title='bbox 2147 2634 2318 2689; x_wconf 89' lang='lat' dir='ltr'><strong>illum.</strong></span> <span class='ocrx_word' id='word_1_451' title='bbox 2350 2634 2517 2703; x_wconf 84' lang='lat' dir='ltr'><strong>Quale</strong></span> <span class='ocrx_word' id='word_1_452' title='bbox 2544 2644 2706 2690; x_wconf 89' lang='lat' dir='ltr'><strong>estut</strong></span> <span class='ocrx_word' id='word_1_453' title='bbox 2745 2635 2880 2690; x_wconf 88' lang='lat' dir='ltr'><strong>nihil</strong></span> <span class='ocrx_word' id='word_1_454' title='bbox 2910 2636 2980 2691; x_wconf 92' lang='lat' dir='ltr'><strong>sit</strong></span> <span class='ocrx_word' id='word_1_455' title='bbox 3024 2637 3158 2708; x_wconf 89' lang='lat' dir='ltr'><strong>ipse,</strong></span> <span class='ocrx_word' id='word_1_456' title='bbox 3201 2639 3318 2693; x_wconf 92' lang='lat' dir='ltr'><strong>sine</strong></span> <span class='ocrx_word' id='word_1_457' title='bbox 3360 2653 3470 2707; x_wconf 87' lang='lat' dir='ltr'><strong>quo</strong></span> 
     </span>
    </p>
   </div>
   <div class='ocr_carea' id='block_1_57' title="bbox 1870 2725 3472 2801">
    <p class='ocr_par' dir='ltr' id='par_1_57' title="bbox 1870 2725 3472 2801">
     <span class='ocr_line' id='line_1_57' title="bbox 1870 2725 3472 2801; baseline 0.006 -21"><span class='ocrx_word' id='word_1_458' title='bbox 1870 2725 2000 2781; x_wconf 88' lang='lat' dir='ltr'><strong>nihil</strong></span> <span class='ocrx_word' id='word_1_459' title='bbox 2019 2725 2216 2781; x_wconf 82' lang='lat' dir='ltr'><strong>factum</strong></span> <span class='ocrx_word' id='word_1_460' title='bbox 2233 2728 2349 2783; x_wconf 87' lang='lat' dir='ltr'><strong>est?</strong></span> <span class='ocrx_word' id='word_1_461' title='bbox 2379 2738 2436 2782; x_wconf 95' lang='lat' dir='ltr'><strong>ut</strong></span> <span class='ocrx_word' id='word_1_462' title='bbox 2465 2727 2641 2784; x_wconf 87' lang='lat' dir='ltr'><strong>inanis</strong></span> <span class='ocrx_word' id='word_1_463' title='bbox 2668 2729 2861 2796; x_wconf 87' lang='lat' dir='ltr'><strong>solida,</strong></span> <span class='ocrx_word' id='word_1_464' title='bbox 2891 2738 2943 2785; x_wconf 91' lang='lat' dir='ltr'><strong>et</strong></span> <span class='ocrx_word' id='word_1_465' title='bbox 2978 2745 3181 2785; x_wconf 89' lang='lat' dir='ltr'><strong>vacuus</strong></span> <span class='ocrx_word' id='word_1_466' title='bbox 3209 2731 3384 2801; x_wconf 89' lang='lat' dir='ltr'><strong>plena,</strong></span> <span class='ocrx_word' id='word_1_467' title='bbox 3413 2741 3472 2788; x_wconf 91' lang='lat' dir='ltr'><strong>et</strong></span> 
     </span>
    </p>
   </div>
   <div class='ocr_carea' id='block_1_58' title="bbox 1868 2817 3472 2894">
    <p class='ocr_par' dir='ltr' id='par_1_58' title="bbox 1868 2817 3472 2894">
     <span class='ocr_line' id='line_1_58' title="bbox 1868 2817 3472 2894; baseline 0.006 -22"><span class='ocrx_word' id='word_1_468' title='bbox 1868 2817 2220 2888; x_wconf 89' lang='lat' dir='ltr'><strong>incorporalis</strong></span> <span class='ocrx_word' id='word_1_469' title='bbox 2245 2820 2542 2889; x_wconf 88' lang='lat' dir='ltr'><strong>corporalia</strong></span> <span class='ocrx_word' id='word_1_470' title='bbox 2574 2822 2646 2875; x_wconf 91' lang='lat' dir='ltr'><strong>sit</strong></span> <span class='ocrx_word' id='word_1_471' title='bbox 2667 2823 2966 2891; x_wconf 85' lang='lat' dir='ltr'><strong>operatus?</strong></span> <span class='ocrx_word' id='word_1_472' title='bbox 2999 2821 3132 2877; x_wconf 84' lang='lat' dir='ltr'><strong>Nam</strong></span> <span class='ocrx_word' id='word_1_473' title='bbox 3162 2821 3261 2878; x_wconf 84' lang='lat' dir='ltr'><strong>e’tsi</strong></span> <span class='ocrx_word' id='word_1_474' title='bbox 3291 2834 3472 2894; x_wconf 88' lang='lat' dir='ltr'><strong>potest</strong></span> 
     </span>
    </p>
   </div>
   <div class='ocr_carea' id='block_1_59' title="bbox 1867 2911 3466 2986">
    <p class='ocr_par' dir='ltr' id='par_1_59' title="bbox 1867 2911 3466 2986">
     <span class='ocr_line' id='line_1_59' title="bbox 1867 2911 3466 2986; baseline 0.006 -22"><span class='ocrx_word' id='word_1_475' title='bbox 1867 2911 2154 2980; x_wconf 90' lang='lat' dir='ltr'><strong>aliquando</strong></span> <span class='ocrx_word' id='word_1_476' title='bbox 2184 2911 2307 2980; x_wconf 87' lang='lat' dir='ltr'><strong>quid</strong></span> <span class='ocrx_word' id='word_1_477' title='bbox 2333 2911 2445 2966; x_wconf 75' lang='lat' dir='ltr'><strong>fieri</strong></span> <span class='ocrx_word' id='word_1_478' title='bbox 2474 2911 2745 2968; x_wconf 89' lang='lat' dir='ltr'><strong>diversum</strong></span> <span class='ocrx_word' id='word_1_479' title='bbox 2771 2915 2889 2983; x_wconf 88' lang='lat' dir='ltr'><strong>ejus</strong></span> <span class='ocrx_word' id='word_1_480' title='bbox 2921 2930 3016 2984; x_wconf 90' lang='lat' dir='ltr'><strong>per</strong></span> <span class='ocrx_word' id='word_1_481' title='bbox 3041 2915 3182 2986; x_wconf 86' lang='lat' dir='ltr'><strong>quod</strong></span> <span class='ocrx_word' id='word_1_482' title='bbox 3214 2918 3291 2983; x_wconf 90' lang='lat' dir='ltr'><strong>Iit,</strong></span> <span class='ocrx_word' id='word_1_483' title='bbox 3329 2919 3466 2974; x_wconf 91' lang='lat' dir='ltr'><strong>nihil</strong></span> 
     </span>
    </p>
   </div>
   <div class='ocr_carea' id='block_1_60' title="bbox 1868 3004 3463 3076">
    <p class='ocr_par' dir='ltr' id='par_1_60' title="bbox 1868 3004 3463 3076">
     <span class='ocr_line' id='line_1_60' title="bbox 1868 3004 3463 3076; baseline 0.007 -21"><span class='ocrx_word' id='word_1_484' title='bbox 1868 3011 2043 3058; x_wconf 88' lang='lat' dir='ltr'><strong>tamen</strong></span> <span class='ocrx_word' id='word_1_485' title='bbox 2087 3015 2258 3072; x_wconf 90' lang='lat' dir='ltr'><strong>potest</strong></span> <span class='ocrx_word' id='word_1_486' title='bbox 2288 3004 2400 3058; x_wconf 90' lang='lat' dir='ltr'><strong>lieri</strong></span> <span class='ocrx_word' id='word_1_487' title='bbox 2433 3021 2527 3074; x_wconf 90' lang='lat' dir='ltr'><strong>per</strong></span> <span class='ocrx_word' id='word_1_488' title='bbox 2569 3005 2618 3058; x_wconf 92' lang='lat' dir='ltr'><strong>id</strong></span> <span class='ocrx_word' id='word_1_489' title='bbox 2649 3007 2791 3076; x_wconf 86' lang='lat' dir='ltr'><strong>quod</strong></span> <span class='ocrx_word' id='word_1_490' title='bbox 2821 3023 3047 3063; x_wconf 87' lang='lat' dir='ltr'><strong>vacuum</strong></span> <span class='ocrx_word' id='word_1_491' title='bbox 3076 3019 3129 3064; x_wconf 93' lang='lat' dir='ltr'><strong>et</strong></span> <span class='ocrx_word' id='word_1_492' title='bbox 3171 3011 3328 3065; x_wconf 89' lang='lat' dir='ltr'><strong>inane</strong></span> <span class='ocrx_word' id='word_1_493' title='bbox 3358 3021 3463 3066; x_wconf 90' lang='lat' dir='ltr'><strong>est.</strong></span> 
     </span>
    </p>
   </div>
   <div class='ocr_carea' id='block_1_61' title="bbox 1865 3097 3469 3175">
    <p class='ocr_par' dir='ltr' id='par_1_61' title="bbox 1865 3097 3469 3175">
     <span class='ocr_line' id='line_1_61' title="bbox 1865 3097 3469 3175; baseline 0.005 -25"><span class='ocrx_word' id='word_1_494' title='bbox 1865 3097 2044 3154; x_wconf 84' lang='lat' dir='ltr'><strong>Vacua</strong></span> <span class='ocrx_word' id='word_1_495' title='bbox 2075 3107 2126 3153; x_wconf 90' lang='lat' dir='ltr'><strong>et</strong></span> <span class='ocrx_word' id='word_1_496' title='bbox 2158 3098 2330 3152; x_wconf 84' lang='lat' dir='ltr'><strong>inanis</strong></span> <span class='ocrx_word' id='word_1_497' title='bbox 2358 3113 2445 3154; x_wconf 90' lang='lat' dir='ltr'><strong>res</strong></span> <span class='ocrx_word' id='word_1_498' title='bbox 2465 3109 2546 3154; x_wconf 93' lang='grc' dir='ltr'><strong>εει</strong></span> <span class='ocrx_word' id='word_1_499' title='bbox 2569 3099 2758 3155; x_wconf 87' lang='lat' dir='ltr'><strong>Sermo</strong></span> <span class='ocrx_word' id='word_1_500' title='bbox 2791 3101 2902 3164; x_wconf 88' lang='lat' dir='ltr'><strong>Dei,</strong></span> <span class='ocrx_word' id='word_1_501' title='bbox 2941 3103 3032 3172; x_wconf 91' lang='lat' dir='ltr'><strong>qui</strong></span> <span class='ocrx_word' id='word_1_502' title='bbox 3084 3104 3248 3158; x_wconf 86' lang='lat' dir='ltr'><strong>Filius</strong></span> <span class='ocrx_word' id='word_1_503' title='bbox 3290 3104 3469 3175; x_wconf 77' lang='lat' dir='ltr'><strong>dI(&#39;ltts_</strong></span> 
     </span>
    </p>
   </div>
   <div class='ocr_carea' id='block_1_62' title="bbox 191 3189 3461 3268">
    <p class='ocr_par' dir='ltr' id='par_1_62' title="bbox 191 3189 3461 3268">
     <span class='ocr_line' id='line_1_62' title="bbox 191 3189 3461 3268; baseline 0.002 -22"><span class='ocrx_word' id='word_1_504' title='bbox 191 3189 410 3259; x_wconf 80' lang='lat' dir='ltr'><strong>procedit</strong></span> <span class='ocrx_word' id='word_1_505' title='bbox 436 3208 450 3247; x_wconf 87' lang='lat'><strong>:</strong></span> <span class='ocrx_word' id='word_1_506' title='bbox 481 3192 732 3247; x_wconf 88' lang='lat' dir='ltr'><strong>conditus</strong></span> <span class='ocrx_word' id='word_1_507' title='bbox 771 3191 840 3246; x_wconf 91' lang='lat' dir='ltr'><strong>ab</strong></span> <span class='ocrx_word' id='word_1_508' title='bbox 884 3206 951 3246; x_wconf 93' lang='lat' dir='ltr'><strong>eo</strong></span> <span class='ocrx_word' id='word_1_509' title='bbox 981 3193 1212 3262; x_wconf 85' lang='lat' dir='ltr'><strong>primum</strong></span> <span class='ocrx_word' id='word_1_510' title='bbox 1256 3192 1323 3246; x_wconf 87' lang='lat' dir='ltr'><strong>ab</strong></span> <span class='ocrx_word' id='word_1_511' title='bbox 1366 3193 1656 3262; x_wconf 85' lang='lat' dir='ltr'><strong>cogitatum</strong></span> <span class='ocrx_word' id='word_1_512' title='bbox 1703 3192 1757 3248; x_wconf 92' lang='lat' dir='ltr'><strong>in</strong></span> <span class='ocrx_word' id='word_1_513' title='bbox 1788 3205 1832 3268; x_wconf 72' lang='grc' dir='ltr'><strong>ρ</strong></span> <span class='ocrx_word' id='word_1_514' title='bbox 1866 3198 1970 3257; x_wconf 84' lang='grc' dir='ltr'>εει,</span> <span class='ocrx_word' id='word_1_515' title='bbox 1997 3193 2084 3260; x_wconf 93' lang='lat' dir='ltr'><strong>qui</strong></span> <span class='ocrx_word' id='word_1_516' title='bbox 2129 3192 2242 3260; x_wconf 86' lang='lat' dir='ltr'><strong>ipse</strong></span> <span class='ocrx_word' id='word_1_517' title='bbox 2283 3190 2423 3246; x_wconf 91' lang='lat' dir='ltr'><strong>Deus</strong></span> <span class='ocrx_word' id='word_1_518' title='bbox 2448 3195 2858 3264; x_wconf 87' lang='lat' dir='ltr'><strong>cognominatus</strong></span> <span class='ocrx_word' id='word_1_519' title='bbox 2886 3205 2991 3263; x_wconf 88' lang='lat' dir='ltr'><strong>est,</strong></span> <span class='ocrx_word' id='word_1_520' title='bbox 3038 3196 3106 3250; x_wconf 84' lang='lat' dir='ltr'><strong>Et</strong></span> <span class='ocrx_word' id='word_1_521' title='bbox 3139 3195 3321 3253; x_wconf 89' lang='lat' dir='ltr'><strong>Sermo</strong></span> <span class='ocrx_word' id='word_1_522' title='bbox 3350 3209 3461 3253; x_wconf 89' lang='lat' dir='ltr'><strong>erat</strong></span> 
     </span>
    </p>
   </div>
   <div class='ocr_carea' id='block_1_63' title="bbox 191 3281 1759 3353">
    <p class='ocr_par' dir='ltr' id='par_1_63' title="bbox 191 3281 1759 3353">
     <span class='ocr_line' id='line_1_63' title="bbox 191 3281 1759 3353; baseline 0.001 -15"><span class='ocrx_word' id='word_1_523' title='bbox 191 3281 386 3338; x_wconf 76' lang='lat' dir='ltr'><strong>nomine</strong></span> <span class='ocrx_word' id='word_1_524' title='bbox 408 3281 622 3353; x_wconf 70' lang='lat' dir='ltr'><strong>Sophim</strong></span> <span class='ocrx_word' id='word_1_525' title='bbox 643 3305 658 3340; x_wconf 90' lang='lat'><strong>:</strong></span> <span class='ocrx_word' id='word_1_526' title='bbox 680 3282 930 3338; x_wconf 85' lang='lat' dir='ltr'><strong>Dominus</strong></span> <span class='ocrx_word' id='word_1_527' title='bbox 951 3282 1178 3337; x_wconf 84' lang='lat' dir='ltr'><strong>condidit</strong></span> <span class='ocrx_word' id='word_1_528' title='bbox 1205 3299 1283 3336; x_wconf 90' lang='lat' dir='ltr'><strong>me</strong></span> <span class='ocrx_word' id='word_1_529' title='bbox 1311 3283 1514 3337; x_wconf 90' lang='lat' dir='ltr'><strong>initium</strong></span> <span class='ocrx_word' id='word_1_530' title='bbox 1542 3284 1759 3340; x_wconf 85' lang='lat' dir='ltr'><strong>viarum.</strong></span> 
     </span>
    </p>
   </div>
   <div class='ocr_carea' id='block_1_64' title="bbox 191 3371 1758 3447">
    <p class='ocr_par' dir='ltr' id='par_1_64' title="bbox 191 3371 1758 3447">
     <span class='ocr_line' id='line_1_64' title="bbox 191 3371 1758 3447; baseline 0 -17"><span class='ocrx_word' id='word_1_531' title='bbox 191 3371 372 3431; x_wconf 83' lang='lat' dir='ltr'><strong>Dehinc</strong></span> <span class='ocrx_word' id='word_1_532' title='bbox 397 3385 686 3447; x_wconf 84' lang='lat' dir='ltr'><strong>generatus</strong></span> <span class='ocrx_word' id='word_1_533' title='bbox 715 3376 784 3431; x_wconf 88' lang='lat' dir='ltr'><strong>ad</strong></span> <span class='ocrx_word' id='word_1_534' title='bbox 825 3375 1074 3432; x_wconf 84' lang='lat' dir='ltr'><strong>eII&#39;ectum</strong></span> <span class='ocrx_word' id='word_1_535' title='bbox 1103 3394 1118 3430; x_wconf 89' lang='lat'><strong>:</strong></span> <span class='ocrx_word' id='word_1_536' title='bbox 1148 3373 1278 3431; x_wconf 87' lang='lat' dir='ltr'><strong>Cum</strong></span> <span class='ocrx_word' id='word_1_537' title='bbox 1321 3386 1526 3446; x_wconf 87' lang='lat' dir='ltr'><strong>pararet</strong></span> <span class='ocrx_word' id='word_1_538' title='bbox 1553 3377 1758 3444; x_wconf 74' lang='lat' dir='ltr'><strong>caelum,</strong></span> 
     </span>
    </p>
   </div>
   <div class='ocr_carea' id='block_1_65' title="bbox 190 3467 1764 3538">
    <p class='ocr_par' dir='ltr' id='par_1_65' title="bbox 190 3467 1764 3538">
     <span class='ocr_line' id='line_1_65' title="bbox 190 3467 1764 3538; baseline 0.003 -18"><span class='ocrx_word' id='word_1_539' title='bbox 190 3468 374 3522; x_wconf 57' lang='lat' dir='ltr'><strong>odrunt</strong></span> <span class='ocrx_word' id='word_1_540' title='bbox 398 3469 477 3523; x_wconf 86' lang='lat' dir='ltr'><strong>illi</strong></span> <span class='ocrx_word' id='word_1_541' title='bbox 501 3469 675 3524; x_wconf 83' lang='lat' dir='ltr'><strong>simul.</strong></span> <span class='ocrx_word' id='word_1_542' title='bbox 705 3469 912 3524; x_wconf 83' lang='lat' dir='ltr'><strong>Exinde</strong></span> <span class='ocrx_word' id='word_1_543' title='bbox 940 3483 1063 3523; x_wconf 92' lang='lat' dir='ltr'><strong>eum</strong></span> <span class='ocrx_word' id='word_1_544' title='bbox 1091 3483 1277 3538; x_wconf 88' lang='lat' dir='ltr'><strong>parem</strong></span> <span class='ocrx_word' id='word_1_545' title='bbox 1307 3468 1408 3523; x_wconf 88' lang='lat' dir='ltr'><strong>sibi</strong></span> <span class='ocrx_word' id='word_1_546' title='bbox 1437 3467 1764 3534; x_wconf 88' lang='lat' dir='ltr'><strong>Iaciens,-de</strong></span> 
     </span>
    </p>
   </div>
   <div class='ocr_carea' id='block_1_66' title="bbox 191 3559 1761 3632">
    <p class='ocr_par' dir='ltr' id='par_1_66' title="bbox 191 3559 1761 3632">
     <span class='ocr_line' id='line_1_66' title="bbox 191 3559 1761 3632; baseline 0.001 -19"><span class='ocrx_word' id='word_1_547' title='bbox 191 3572 281 3627; x_wconf 78' lang='lat' dir='ltr'><strong>quo</strong></span> <span class='ocrx_word' id='word_1_548' title='bbox 303 3559 640 3630; x_wconf 85' lang='lat' dir='ltr'><strong>procedendo</strong></span> <span class='ocrx_word' id='word_1_549' title='bbox 671 3561 710 3615; x_wconf 83' lang='lat' dir='ltr'><strong>F</strong></span> <span class='ocrx_word' id='word_1_550' title='bbox 715 3560 836 3616; x_wconf 90' lang='lat' dir='ltr'><strong>ilius</strong></span> <span class='ocrx_word' id='word_1_551' title='bbox 869 3559 1038 3616; x_wconf 81' lang='lat' dir='ltr'><strong>Iactus</strong></span> <span class='ocrx_word' id='word_1_552' title='bbox 1054 3569 1158 3626; x_wconf 91' lang='lat' dir='ltr'><strong>est,</strong></span> <span class='ocrx_word' id='word_1_553' title='bbox 1185 3560 1544 3631; x_wconf 86' lang='lat' dir='ltr'><strong>primogenitus</strong></span> <span class='ocrx_word' id='word_1_554' title='bbox 1569 3559 1701 3632; x_wconf 91' lang='lat' dir='ltr'><strong>(Col.</strong></span> <span class='ocrx_word' id='word_1_555' title='bbox 1720 3560 1761 3629; x_wconf 90' lang='lat' dir='ltr'><strong>I,</strong></span> 
     </span>
    </p>
   </div>
   <div class='ocr_carea' id='block_1_67' title="bbox 192 3647 1761 3724">
    <p class='ocr_par' dir='ltr' id='par_1_67' title="bbox 192 3647 1761 3724">
     <span class='ocr_line' id='line_1_67' title="bbox 192 3647 1761 3724; baseline 0.002 -20"><span class='ocrx_word' id='word_1_556' title='bbox 192 3647 352 3723; x_wconf 84' lang='lat' dir='ltr'><strong>I5),nt</strong></span> <span class='ocrx_word' id='word_1_557' title='bbox 365 3662 492 3708; x_wconf 85' lang='lat' dir='ltr'><strong>ante</strong></span> <span class='ocrx_word' id='word_1_558' title='bbox 503 3652 683 3707; x_wconf 91' lang='lat' dir='ltr'><strong>omnia</strong></span> <span class='ocrx_word' id='word_1_559' title='bbox 696 3653 929 3723; x_wconf 85' lang='lat' dir='ltr'><strong>genitus;</strong></span> <span class='ocrx_word' id='word_1_560' title='bbox 944 3652 1297 3722; x_wconf 86' lang='lat' dir='ltr'><strong>etunigcnitus</strong></span> <span class='ocrx_word' id='word_1_561' title='bbox 1314 3649 1354 3724; x_wconf 96' lang='lat' dir='ltr'><strong>(I</strong></span> <span class='ocrx_word' id='word_1_562' title='bbox 1372 3650 1553 3715; x_wconf 85' lang='lat' dir='ltr'><strong>Joan.,</strong></span> <span class='ocrx_word' id='word_1_563' title='bbox 1572 3651 1658 3718; x_wconf 89' lang='lat' dir='ltr'><strong>IV,</strong></span> <span class='ocrx_word' id='word_1_564' title='bbox 1680 3651 1761 3723; x_wconf 92' lang='lat'><strong>9),</strong></span> 
     </span>
    </p>
   </div>
   <div class='ocr_carea' id='block_1_68' title="bbox 189 3743 1761 3816">
    <p class='ocr_par' dir='ltr' id='par_1_68' title="bbox 189 3743 1761 3816">
     <span class='ocr_line' id='line_1_68' title="bbox 189 3743 1761 3816; baseline 0.002 -21"><span class='ocrx_word' id='word_1_565' title='bbox 189 3751 238 3796; x_wconf 80' lang='lat' dir='ltr'><strong>ut</strong></span> <span class='ocrx_word' id='word_1_566' title='bbox 253 3743 393 3800; x_wconf 76' lang='lat' dir='ltr'><strong>sols</strong></span> <span class='ocrx_word' id='word_1_567' title='bbox 409 3759 476 3800; x_wconf 77' lang='lat' dir='ltr'><strong>ex</strong></span> <span class='ocrx_word' id='word_1_568' title='bbox 500 3743 612 3800; x_wconf 88' lang='lat' dir='ltr'><strong>Deo</strong></span> <span class='ocrx_word' id='word_1_569' title='bbox 629 3744 874 3816; x_wconf 84' lang='lat' dir='ltr'><strong>genitus:</strong></span> <span class='ocrx_word' id='word_1_570' title='bbox 892 3744 1107 3814; x_wconf 88' lang='lat' dir='ltr'><strong>proprie</strong></span> <span class='ocrx_word' id='word_1_571' title='bbox 1121 3743 1191 3800; x_wconf 90' lang='lat' dir='ltr'><strong>de</strong></span> <span class='ocrx_word' id='word_1_572' title='bbox 1207 3745 1360 3798; x_wconf 86' lang='lat' dir='ltr'><strong>vulva</strong></span> <span class='ocrx_word' id='word_1_573' title='bbox 1381 3743 1559 3798; x_wconf 93' lang='lat' dir='ltr'><strong>cordis</strong></span> <span class='ocrx_word' id='word_1_574' title='bbox 1575 3743 1761 3814; x_wconf 84' lang='lat' dir='ltr'><strong>ipsius,</strong></span> 
     </span>
    </p>
   </div>
   <div class='ocr_carea' id='block_1_69' title="bbox 189 3834 1765 3906">
    <p class='ocr_par' dir='ltr' id='par_1_69' title="bbox 189 3834 1765 3906">
     <span class='ocr_line' id='line_1_69' title="bbox 189 3834 1765 3906; baseline 0.001 -17"><span class='ocrx_word' id='word_1_575' title='bbox 189 3834 458 3890; x_wconf 64' lang='lat' dir='ltr'><strong>mundum</strong></span> <span class='ocrx_word' id='word_1_576' title='bbox 481 3835 624 3906; x_wconf 90' lang='lat' dir='ltr'><strong>quod</strong></span> <span class='ocrx_word' id='word_1_577' title='bbox 652 3844 706 3891; x_wconf 92' lang='lat' dir='ltr'><strong>et</strong></span> <span class='ocrx_word' id='word_1_578' title='bbox 735 3835 896 3891; x_wconf 87' lang='lat' dir='ltr'><strong>Pater</strong></span> <span class='ocrx_word' id='word_1_579' title='bbox 938 3835 1052 3906; x_wconf 91' lang='lat' dir='ltr'><strong>ipse</strong></span> <span class='ocrx_word' id='word_1_580' title='bbox 1096 3844 1322 3890; x_wconf 82' lang='lat' dir='ltr'><strong>testatur</strong></span> <span class='ocrx_word' id='word_1_581' title='bbox 1349 3852 1362 3890; x_wconf 90' lang='lat'><strong>:</strong></span> <span class='ocrx_word' id='word_1_582' title='bbox 1399 3834 1765 3890; x_wconf 86' lang='lat' dir='ltr'><strong>Eructavitcor</strong></span> 
     </span>
    </p>
   </div>
   <div class='ocr_carea' id='block_1_70' title="bbox 189 3926 1763 4009">
    <p class='ocr_par' dir='ltr' id='par_1_70' title="bbox 189 3926 1763 4009">
     <span class='ocr_line' id='line_1_70' title="bbox 189 3926 1763 4009; baseline 0.002 -27"><span class='ocrx_word' id='word_1_583' title='bbox 189 3939 330 3982; x_wconf 73' lang='lat' dir='ltr'><strong>mm</strong></span> <span class='ocrx_word' id='word_1_584' title='bbox 375 3943 666 3984; x_wconf 78' lang='lat' dir='ltr'><strong>sermonem</strong></span> <span class='ocrx_word' id='word_1_585' title='bbox 711 3929 960 4000; x_wconf 85' lang='lat' dir='ltr'><strong>optimum</strong></span> <span class='ocrx_word' id='word_1_586' title='bbox 995 3926 1114 4001; x_wconf 92' lang='lat' dir='ltr'><strong>(Ps.</strong></span> <span class='ocrx_word' id='word_1_587' title='bbox 1139 3926 1327 3996; x_wconf 81' lang='lat' dir='ltr'><strong>XLIV,</strong></span> <span class='ocrx_word' id='word_1_588' title='bbox 1368 3927 1445 3998; x_wconf 80' lang='lat' dir='ltr'><strong>I).</strong></span> <span class='ocrx_word' id='word_1_589' title='bbox 1474 3928 1556 3983; x_wconf 91' lang='lat' dir='ltr'><strong>Ad</strong></span> <span class='ocrx_word' id='word_1_590' title='bbox 1605 3944 1763 4009; x_wconf 82' lang='lat' dir='ltr'><strong>quem</strong></span> 
     </span>
    </p>
   </div>
   <div class='ocr_carea' id='block_1_71' title="bbox 189 4013 1762 4090">
    <p class='ocr_par' dir='ltr' id='par_1_71' title="bbox 189 4013 1762 4090">
     <span class='ocr_line' id='line_1_71' title="bbox 189 4013 1762 4090; baseline 0.004 -20"><span class='ocrx_word' id='word_1_591' title='bbox 189 4013 425 4090; x_wconf 77' lang='lat' dir='ltr'><strong>deinceps</strong></span> <span class='ocrx_word' id='word_1_592' title='bbox 447 4019 689 4090; x_wconf 74' lang='lat' dir='ltr'><strong>gaudens</strong></span> <span class='ocrx_word' id='word_1_593' title='bbox 715 4019 938 4089; x_wconf 88' lang='lat' dir='ltr'><strong>proinde</strong></span> <span class='ocrx_word' id='word_1_594' title='bbox 966 4018 1286 4090; x_wconf 79' lang='lat' dir='ltr'><strong>gaudentem</strong></span> <span class='ocrx_word' id='word_1_595' title='bbox 1317 4017 1395 4090; x_wconf 70' lang='lat' dir='ltr'><strong>(tl)</strong></span> <span class='ocrx_word' id='word_1_596' title='bbox 1435 4019 1488 4074; x_wconf 94' lang='lat' dir='ltr'><strong>in</strong></span> <span class='ocrx_word' id='word_1_597' title='bbox 1535 4035 1762 4090; x_wconf 88' lang='lat' dir='ltr'><strong>persona</strong></span> 
     </span>
    </p>
   </div>
   <div class='ocr_carea' id='block_1_72' title="bbox 189 4105 1766 4184">
    <p class='ocr_par' dir='ltr' id='par_1_72' title="bbox 189 4105 1766 4184">
     <span class='ocr_line' id='line_1_72' title="bbox 189 4105 1766 4184; baseline 0.003 -22"><span class='ocrx_word' id='word_1_598' title='bbox 189 4105 308 4165; x_wconf 81' lang='lat' dir='ltr'><strong>illius</strong></span> <span class='ocrx_word' id='word_1_599' title='bbox 330 4109 460 4182; x_wconf 86' lang='lat' dir='ltr'><strong>(Ps.</strong></span> <span class='ocrx_word' id='word_1_600' title='bbox 497 4109 566 4178; x_wconf 85' lang='lat' dir='ltr'><strong>II,</strong></span> <span class='ocrx_word' id='word_1_601' title='bbox 589 4109 648 4182; x_wconf 84' lang='lat'><strong>7)</strong></span> <span class='ocrx_word' id='word_1_602' title='bbox 677 4126 693 4165; x_wconf 88' lang='lat'><strong>:</strong></span> <span class='ocrx_word' id='word_1_603' title='bbox 727 4109 898 4165; x_wconf 82' lang='lat' dir='ltr'><strong>Filius</strong></span> <span class='ocrx_word' id='word_1_604' title='bbox 925 4127 1067 4166; x_wconf 87' lang='lat' dir='ltr'><strong>meus</strong></span> <span class='ocrx_word' id='word_1_605' title='bbox 1094 4128 1146 4166; x_wconf 88' lang='lat' dir='ltr'><strong>es</strong></span> <span class='ocrx_word' id='word_1_606' title='bbox 1180 4122 1255 4178; x_wconf 89' lang='lat' dir='ltr'><strong>tu,</strong></span> <span class='ocrx_word' id='word_1_607' title='bbox 1288 4127 1377 4182; x_wconf 83' lang='lat' dir='ltr'><strong>ego</strong></span> <span class='ocrx_word' id='word_1_608' title='bbox 1420 4111 1571 4167; x_wconf 88' lang='lat' dir='ltr'><strong>hodie</strong></span> <span class='ocrx_word' id='word_1_609' title='bbox 1612 4113 1766 4184; x_wconf 86' lang='lat' dir='ltr'><strong>genui</strong></span> 
     </span>
    </p>
   </div>
   <div class='ocr_carea' id='block_1_73' title="bbox 190 4197 1763 4274">
    <p class='ocr_par' dir='ltr' id='par_1_73' title="bbox 190 4197 1763 4274">
     <span class='ocr_line' id='line_1_73' title="bbox 190 4197 1763 4274; baseline 0.006 -23"><span class='ocrx_word' id='word_1_610' title='bbox 190 4205 243 4254; x_wconf 83' lang='lat' dir='ltr'><strong>te.</strong></span> <span class='ocrx_word' id='word_1_611' title='bbox 269 4197 331 4256; x_wconf 77' lang='lat' dir='ltr'><strong>Et</strong></span> <span class='ocrx_word' id='word_1_612' title='bbox 355 4218 372 4257; x_wconf 88' lang='lat'>:</span> <span class='ocrx_word' id='word_1_613' title='bbox 413 4201 544 4256; x_wconf 83' lang='lat' dir='ltr'><strong>Ante</strong></span> <span class='ocrx_word' id='word_1_614' title='bbox 593 4201 862 4271; x_wconf 72' lang='lat' dir='ltr'><strong>luciferum</strong></span> <span class='ocrx_word' id='word_1_615' title='bbox 885 4202 1037 4274; x_wconf 89' lang='lat' dir='ltr'><strong>genui</strong></span> <span class='ocrx_word' id='word_1_616' title='bbox 1077 4211 1144 4255; x_wconf 93' lang='lat' dir='ltr'><strong>te.</strong></span> <span class='ocrx_word' id='word_1_617' title='bbox 1171 4201 1260 4257; x_wconf 88' lang='lat' dir='ltr'><strong>Sic</strong></span> <span class='ocrx_word' id='word_1_618' title='bbox 1287 4211 1342 4257; x_wconf 89' lang='lat' dir='ltr'><strong>et</strong></span> <span class='ocrx_word' id='word_1_619' title='bbox 1381 4202 1549 4257; x_wconf 87' lang='lat' dir='ltr'><strong>Filius</strong></span> <span class='ocrx_word' id='word_1_620' title='bbox 1571 4218 1640 4258; x_wconf 83' lang='lat' dir='ltr'><strong>ex</strong></span> <span class='ocrx_word' id='word_1_621' title='bbox 1669 4217 1763 4260; x_wconf 89' lang='lat' dir='ltr'><strong>sua</strong></span> 
     </span>
    </p>
   </div>
   <div class='ocr_carea' id='block_1_74' title="bbox 189 4293 1764 4365">
    <p class='ocr_par' dir='ltr' id='par_1_74' title="bbox 189 4293 1764 4365">
     <span class='ocr_line' id='line_1_74' title="bbox 189 4293 1764 4365; baseline 0.002 -16"><span class='ocrx_word' id='word_1_622' title='bbox 189 4304 392 4360; x_wconf 76' lang='lat' dir='ltr'><strong>persona</strong></span> <span class='ocrx_word' id='word_1_623' title='bbox 422 4294 706 4364; x_wconf 80' lang='lat' dir='ltr'><strong>proﬁtetur</strong></span> <span class='ocrx_word' id='word_1_624' title='bbox 731 4293 945 4350; x_wconf 86' lang='lat' dir='ltr'><strong>Patrem</strong></span> <span class='ocrx_word' id='word_1_625' title='bbox 975 4295 1028 4350; x_wconf 94' lang='lat' dir='ltr'><strong>in</strong></span> <span class='ocrx_word' id='word_1_626' title='bbox 1055 4295 1273 4351; x_wconf 90' lang='lat' dir='ltr'><strong>nomine</strong></span> <span class='ocrx_word' id='word_1_627' title='bbox 1299 4295 1514 4365; x_wconf 75' lang='lat' dir='ltr'><strong>Sephize</strong></span> <span class='ocrx_word' id='word_1_628' title='bbox 1545 4314 1559 4351; x_wconf 91' lang='lat'><strong>:</strong></span> <span class='ocrx_word' id='word_1_629' title='bbox 1586 4295 1764 4352; x_wconf 80' lang='lat' dir='ltr'><strong>Denti-</strong></span> 
     </span>
    </p>
   </div>
   <div class='ocr_carea' id='block_1_75' title="bbox 190 4385 1766 4458">
    <p class='ocr_par' dir='ltr' id='par_1_75' title="bbox 190 4385 1766 4458">
     <span class='ocr_line' id='line_1_75' title="bbox 190 4385 1766 4458; baseline 0.004 -18"><span class='ocrx_word' id='word_1_630' title='bbox 190 4396 270 4440; x_wconf 82' lang='lat' dir='ltr'><strong>lls</strong></span> <span class='ocrx_word' id='word_1_631' title='bbox 305 4385 537 4442; x_wconf 67' lang='lat' dir='ltr'><strong>condidit</strong></span> <span class='ocrx_word' id='word_1_632' title='bbox 577 4403 658 4442; x_wconf 84' lang='lat' dir='ltr'><strong>me</strong></span> <span class='ocrx_word' id='word_1_633' title='bbox 696 4387 898 4442; x_wconf 87' lang='lat' dir='ltr'><strong>initium</strong></span> <span class='ocrx_word' id='word_1_634' title='bbox 941 4388 1140 4441; x_wconf 87' lang='lat' dir='ltr'><strong>viarum</strong></span> <span class='ocrx_word' id='word_1_635' title='bbox 1183 4389 1236 4441; x_wconf 88' lang='lat' dir='ltr'><strong>in</strong></span> <span class='ocrx_word' id='word_1_636' title='bbox 1266 4405 1432 4458; x_wconf 86' lang='lat' dir='ltr'><strong>opera</strong></span> <span class='ocrx_word' id='word_1_637' title='bbox 1473 4405 1584 4444; x_wconf 86' lang='lat' dir='ltr'><strong>sua.</strong></span> <span class='ocrx_word' id='word_1_638' title='bbox 1635 4390 1766 4446; x_wconf 85' lang='lat' dir='ltr'><strong>Ante</strong></span> 
     </span>
    </p>
   </div>
   <div class='ocr_carea' id='block_1_76' title="bbox 191 4475 1760 4550">
    <p class='ocr_par' dir='ltr' id='par_1_76' title="bbox 191 4475 1760 4550">
     <span class='ocr_line' id='line_1_76' title="bbox 191 4475 1760 4550; baseline 0.003 -20"><span class='ocrx_word' id='word_1_639' title='bbox 191 4485 335 4530; x_wconf 72' lang='lat' dir='ltr'><strong>mes</strong></span> <span class='ocrx_word' id='word_1_640' title='bbox 357 4485 536 4532; x_wconf 71' lang='lat' dir='ltr'><strong>autem</strong></span> <span class='ocrx_word' id='word_1_641' title='bbox 563 4475 721 4531; x_wconf 83' lang='lat' dir='ltr'><strong>colles</strong></span> <span class='ocrx_word' id='word_1_642' title='bbox 757 4477 1012 4548; x_wconf 86' lang='lat' dir='ltr'><strong>generavit</strong></span> <span class='ocrx_word' id='word_1_643' title='bbox 1038 4493 1137 4532; x_wconf 88' lang='lat' dir='ltr'><strong>me.</strong></span> <span class='ocrx_word' id='word_1_644' title='bbox 1161 4477 1294 4532; x_wconf 86' lang='lat' dir='ltr'><strong>Nam</strong></span> <span class='ocrx_word' id='word_1_645' title='bbox 1341 4479 1384 4532; x_wconf 91' lang='lat' dir='ltr'><strong>si</strong></span> <span class='ocrx_word' id='word_1_646' title='bbox 1420 4477 1506 4534; x_wconf 92' lang='lat' dir='ltr'><strong>hic</strong></span> <span class='ocrx_word' id='word_1_647' title='bbox 1545 4479 1760 4550; x_wconf 90' lang='lat' dir='ltr'><strong>quidem</strong></span> 
     </span>
    </p>
   </div>
   <div class='ocr_carea' id='block_1_77' title="bbox 1868 3281 3464 3362">
    <p class='ocr_par' dir='ltr' id='par_1_77' title="bbox 1868 3281 3464 3362">
     <span class='ocr_line' id='line_1_77' title="bbox 1868 3281 3464 3362; baseline 0.009 -28"><span class='ocrx_word' id='word_1_648' title='bbox 1868 3282 2010 3349; x_wconf 87' lang='lat' dir='ltr'><strong>apud</strong></span> <span class='ocrx_word' id='word_1_649' title='bbox 2037 3281 2219 3346; x_wconf 89' lang='lat' dir='ltr'><strong>Deum,</strong></span> <span class='ocrx_word' id='word_1_650' title='bbox 2241 3293 2286 3335; x_wconf 89' lang='lat' dir='ltr'><strong>et</strong></span> <span class='ocrx_word' id='word_1_651' title='bbox 2307 3283 2442 3337; x_wconf 89' lang='lat' dir='ltr'><strong>Detts</strong></span> <span class='ocrx_word' id='word_1_652' title='bbox 2467 3296 2573 3339; x_wconf 90' lang='lat' dir='ltr'><strong>erat</strong></span> <span class='ocrx_word' id='word_1_653' title='bbox 2596 3285 2777 3341; x_wconf 84' lang='lat' dir='ltr'><strong>Sermo</strong></span> <span class='ocrx_word' id='word_1_654' title='bbox 2803 3285 2976 3358; x_wconf 86' lang='lat' dir='ltr'><strong>(Joan.</strong></span> <span class='ocrx_word' id='word_1_655' title='bbox 3000 3289 3038 3352; x_wconf 84' lang='lat' dir='ltr'><strong>I,</strong></span> <span class='ocrx_word' id='word_1_656' title='bbox 3059 3288 3111 3361; x_wconf 89' lang='lat' dir='ltr'><strong>I)</strong></span> <span class='ocrx_word' id='word_1_657' title='bbox 3133 3291 3157 3342; x_wconf 70' lang='grc' dir='ltr'><strong>’ἒ</strong></span> <span class='ocrx_word' id='word_1_658' title='bbox 3191 3291 3464 3362; x_wconf 84' lang='lat' dir='ltr'><strong>Seriptunl</strong></span> 
     </span>
    </p>
   </div>
   <div class='ocr_carea' id='block_1_78' title="bbox 1869 3373 3466 3448">
    <p class='ocr_par' dir='ltr' id='par_1_78' title="bbox 1869 3373 3466 3448">
     <span class='ocr_line' id='line_1_78' title="bbox 1869 3373 3466 3448; baseline 0.009 -20"><span class='ocrx_word' id='word_1_659' title='bbox 1869 3385 1952 3429; x_wconf 84' lang='lat' dir='ltr'><strong>est</strong></span> <span class='ocrx_word' id='word_1_660' title='bbox 1979 3373 2174 3446; x_wconf 71' lang='lat' dir='ltr'><strong>(Exod.</strong></span> <span class='ocrx_word' id='word_1_661' title='bbox 2210 3375 2330 3443; x_wconf 80' lang='lat' dir='ltr'><strong>XX,</strong></span> <span class='ocrx_word' id='word_1_662' title='bbox 2361 3375 2415 3448; x_wconf 90' lang='lat'><strong>7)</strong></span> <span class='ocrx_word' id='word_1_663' title='bbox 2457 3395 2469 3432; x_wconf 90' lang='lat'><strong>:</strong></span> <span class='ocrx_word' id='word_1_664' title='bbox 2509 3377 2627 3432; x_wconf 85' lang='lat' dir='ltr'><strong>Non</strong></span> <span class='ocrx_word' id='word_1_665' title='bbox 2658 3397 2824 3435; x_wconf 80' lang='lat' dir='ltr'><strong>sumes</strong></span> <span class='ocrx_word' id='word_1_666' title='bbox 2850 3397 3031 3436; x_wconf 84' lang='lat' dir='ltr'><strong>nomen</strong></span> <span class='ocrx_word' id='word_1_667' title='bbox 3061 3382 3156 3437; x_wconf 90' lang='lat' dir='ltr'><strong>Dei</strong></span> <span class='ocrx_word' id='word_1_668' title='bbox 3181 3386 3232 3438; x_wconf 88' lang='lat' dir='ltr'><strong>in</strong></span> <span class='ocrx_word' id='word_1_669' title='bbox 3259 3402 3466 3443; x_wconf 83' lang='lat' dir='ltr'><strong>vanum.</strong></span> 
     </span>
    </p>
   </div>
   <div class='ocr_carea' id='block_1_79' title="bbox 1873 3467 3466 3548">
    <p class='ocr_par' dir='ltr' id='par_1_79' title="bbox 1873 3467 3466 3548">
     <span class='ocr_line' id='line_1_79' title="bbox 1873 3467 3466 3548; baseline 0.006 -26"><span class='ocrx_word' id='word_1_670' title='bbox 1873 3467 1968 3523; x_wconf 85' lang='lat' dir='ltr'><strong>llic</strong></span> <span class='ocrx_word' id='word_1_671' title='bbox 1993 3478 2140 3523; x_wconf 87' lang='lat' dir='ltr'><strong>certe</strong></span> <span class='ocrx_word' id='word_1_672' title='bbox 2178 3480 2282 3535; x_wconf 90' lang='lat' dir='ltr'><strong>est,</strong></span> <span class='ocrx_word' id='word_1_673' title='bbox 2312 3471 2399 3539; x_wconf 89' lang='lat' dir='ltr'><strong>qui</strong></span> <span class='ocrx_word' id='word_1_674' title='bbox 2439 3471 2490 3524; x_wconf 89' lang='lat' dir='ltr'><strong>in</strong></span> <span class='ocrx_word' id='word_1_675' title='bbox 2518 3473 2678 3543; x_wconf 70' lang='lat' dir='ltr'><strong>efﬁgie</strong></span> <span class='ocrx_word' id='word_1_676' title='bbox 2707 3473 2800 3526; x_wconf 86' lang='lat' dir='ltr'><strong>Dei</strong></span> <span class='ocrx_word' id='word_1_677' title='bbox 2824 3475 3147 3542; x_wconf 88' lang='lat' dir='ltr'><strong>constitutus,</strong></span> <span class='ocrx_word' id='word_1_678' title='bbox 3179 3493 3281 3531; x_wconf 87' lang='lat' dir='ltr'><strong>non</strong></span> <span class='ocrx_word' id='word_1_679' title='bbox 3321 3479 3466 3548; x_wconf 86' lang='lat' dir='ltr'><strong>rapi-</strong></span> 
     </span>
    </p>
   </div>
   <div class='ocr_carea' id='block_1_80' title="bbox 1869 3560 3466 3644">
    <p class='ocr_par' dir='ltr' id='par_1_80' title="bbox 1869 3560 3466 3644">
     <span class='ocr_line' id='line_1_80' title="bbox 1869 3560 3466 3644; baseline 0.011 -33"><span class='ocrx_word' id='word_1_680' title='bbox 1869 3575 1987 3612; x_wconf 90' lang='lat' dir='ltr'><strong>nam</strong></span> <span class='ocrx_word' id='word_1_681' title='bbox 2011 3560 2314 3616; x_wconf 76' lang='lat' dir='ltr'><strong>existimavit</strong></span> <span class='ocrx_word' id='word_1_682' title='bbox 2354 3578 2462 3617; x_wconf 88' lang='lat' dir='ltr'><strong>esse</strong></span> <span class='ocrx_word' id='word_1_683' title='bbox 2504 3580 2556 3618; x_wconf 89' lang='lat' dir='ltr'><strong>se</strong></span> <span class='ocrx_word' id='word_1_684' title='bbox 2576 3566 2820 3628; x_wconf 61' lang='lat' dir='ltr'><strong>aqualem</strong></span> <span class='ocrx_word' id='word_1_685' title='bbox 2858 3566 2966 3622; x_wconf 90' lang='lat' dir='ltr'><strong>Deo</strong></span> <span class='ocrx_word' id='word_1_686' title='bbox 2997 3567 3199 3643; x_wconf 91' lang='lat' dir='ltr'><strong>(Philip</strong></span> <span class='ocrx_word' id='word_1_687' title='bbox 3229 3611 3245 3638; x_wconf 94' lang='lat'><strong>,</strong></span> <span class='ocrx_word' id='word_1_688' title='bbox 3271 3569 3337 3637; x_wconf 88' lang='lat' dir='ltr'><strong>Il,</strong></span> <span class='ocrx_word' id='word_1_689' title='bbox 3367 3571 3466 3644; x_wconf 84' lang='lat'><strong>6).</strong></span> 
     </span>
    </p>
   </div>
   <div class='ocr_carea' id='block_1_81' title="bbox 1869 3650 3520 3733">
    <p class='ocr_par' dir='ltr' id='par_1_81' title="bbox 1869 3650 3520 3733">
     <span class='ocr_line' id='line_1_81' title="bbox 1869 3650 3520 3733; baseline 0.009 -27"><span class='ocrx_word' id='word_1_690' title='bbox 1869 3650 1926 3706; x_wconf 90' lang='lat' dir='ltr'><strong>In</strong></span> <span class='ocrx_word' id='word_1_691' title='bbox 1972 3667 2074 3722; x_wconf 92' lang='lat' dir='ltr'><strong>qua</strong></span> <span class='ocrx_word' id='word_1_692' title='bbox 2121 3652 2299 3723; x_wconf 82' lang='lat' dir='ltr'><strong>efligic</strong></span> <span class='ocrx_word' id='word_1_693' title='bbox 2341 3655 2478 3709; x_wconf 85' lang='lat' dir='ltr'><strong>Dei?</strong></span> <span class='ocrx_word' id='word_1_694' title='bbox 2528 3659 2713 3728; x_wconf 88' lang='lat' dir='ltr'><strong>utique</strong></span> <span class='ocrx_word' id='word_1_695' title='bbox 2762 3660 2813 3713; x_wconf 92' lang='lat' dir='ltr'><strong>in</strong></span> <span class='ocrx_word' id='word_1_696' title='bbox 2857 3661 2984 3728; x_wconf 91' lang='lat' dir='ltr'><strong>alia,</strong></span> <span class='ocrx_word' id='word_1_697' title='bbox 3020 3678 3125 3716; x_wconf 87' lang='lat' dir='ltr'><strong>non</strong></span> <span class='ocrx_word' id='word_1_698' title='bbox 3183 3674 3360 3720; x_wconf 89' lang='lat' dir='ltr'><strong>tamen</strong></span> <span class='ocrx_word' id='word_1_699' title='bbox 3413 3665 3468 3721; x_wconf 89' lang='lat' dir='ltr'><strong>in</strong></span> <span class='ocrx_word' id='word_1_700' title='bbox 3505 3719 3520 3733; x_wconf 80' lang='grc'><strong>,</strong></span> 
     </span>
    </p>
   </div>
   <div class='ocr_carea' id='block_1_82' title="bbox 1868 3743 3508 3826">
    <p class='ocr_par' dir='ltr' id='par_1_82' title="bbox 1868 3743 3508 3826">
     <span class='ocr_line' id='line_1_82' title="bbox 1868 3743 3508 3826; baseline 0.011 -30"><span class='ocrx_word' id='word_1_701' title='bbox 1868 3743 2036 3798; x_wconf 89' lang='lat' dir='ltr'><strong>nulla.</strong></span> <span class='ocrx_word' id='word_1_702' title='bbox 2073 3744 2144 3815; x_wconf 73' lang='grc' dir='ltr'><strong>(τ)</strong></span> <span class='ocrx_word' id='word_1_703' title='bbox 2173 3746 2302 3812; x_wconf 89' lang='lat' dir='ltr'><strong>Quis</strong></span> <span class='ocrx_word' id='word_1_704' title='bbox 2328 3747 2474 3801; x_wconf 91' lang='lat' dir='ltr'><strong>enim</strong></span> <span class='ocrx_word' id='word_1_705' title='bbox 2515 3750 2730 3819; x_wconf 81' lang='lat' dir='ltr'><strong>negabit</strong></span> <span class='ocrx_word' id='word_1_706' title='bbox 2760 3750 3041 3822; x_wconf 65' lang='lat' dir='ltr'><strong>(7);!)cum</strong></span> <span class='ocrx_word' id='word_1_707' title='bbox 3083 3771 3279 3826; x_wconf 90' lang='lat' dir='ltr'><strong>corpus</strong></span> <span class='ocrx_word' id='word_1_708' title='bbox 3322 3770 3508 3824; x_wconf 73' lang='lat' dir='ltr'><strong>esse,’</strong></span> 
     </span>
    </p>
   </div>
   <div class='ocr_carea' id='block_1_83' title="bbox 1867 3834 3463 3920">
    <p class='ocr_par' dir='ltr' id='par_1_83' title="bbox 1867 3834 3463 3920">
     <span class='ocr_line' id='line_1_83' title="bbox 1867 3834 3463 3920; baseline 0.01 -31"><span class='ocrx_word' id='word_1_709' title='bbox 1867 3834 1966 3889; x_wconf 79' lang='lat' dir='ltr'><strong>etsi</strong></span> <span class='ocrx_word' id='word_1_710' title='bbox 1997 3835 2135 3890; x_wconf 89' lang='lat' dir='ltr'><strong>Dens</strong></span> <span class='ocrx_word' id='word_1_711' title='bbox 2162 3837 2382 3906; x_wconf 80' lang='lat' dir='ltr'><strong>Spiritus</strong></span> <span class='ocrx_word' id='word_1_712' title='bbox 2409 3839 2533 3894; x_wconf 89' lang='lat' dir='ltr'><strong>est?</strong></span> <span class='ocrx_word' id='word_1_713' title='bbox 2578 3840 2808 3911; x_wconf 90' lang='lat' dir='ltr'><strong>Spiritus</strong></span> <span class='ocrx_word' id='word_1_714' title='bbox 2838 3846 2982 3900; x_wconf 90' lang='lat' dir='ltr'><strong>enim</strong></span> <span class='ocrx_word' id='word_1_715' title='bbox 3014 3862 3211 3918; x_wconf 90' lang='lat' dir='ltr'><strong>corpus</strong></span> <span class='ocrx_word' id='word_1_716' title='bbox 3256 3848 3336 3904; x_wconf 93' lang='lat' dir='ltr'><strong>sui</strong></span> <span class='ocrx_word' id='word_1_717' title='bbox 3367 3865 3463 3920; x_wconf 86' lang='lat' dir='ltr'><strong>ge-</strong></span> 
     </span>
    </p>
   </div>
   <div class='ocr_carea' id='block_1_84' title="bbox 1869 3925 3469 4010">
    <p class='ocr_par' dir='ltr' id='par_1_84' title="bbox 1869 3925 3469 4010">
     <span class='ocr_line' id='line_1_84' title="bbox 1869 3925 3469 4010; baseline 0.011 -33"><span class='ocrx_word' id='word_1_718' title='bbox 1869 3925 2012 3981; x_wconf 89' lang='lat' dir='ltr'><strong>neris</strong></span> <span class='ocrx_word' id='word_1_719' title='bbox 2039 3926 2087 3980; x_wconf 92' lang='lat' dir='ltr'><strong>in</strong></span> <span class='ocrx_word' id='word_1_720' title='bbox 2113 3942 2207 3980; x_wconf 89' lang='lat' dir='ltr'><strong>sua</strong></span> <span class='ocrx_word' id='word_1_721' title='bbox 2238 3926 2436 3998; x_wconf 79' lang='lat' dir='ltr'><strong>efﬁgie.</strong></span> <span class='ocrx_word' id='word_1_722' title='bbox 2465 3929 2570 3986; x_wconf 86' lang='lat' dir='ltr'><strong>Sed</strong></span> <span class='ocrx_word' id='word_1_723' title='bbox 2594 3941 2648 3986; x_wconf 93' lang='lat' dir='ltr'><strong>et</strong></span> <span class='ocrx_word' id='word_1_724' title='bbox 2671 3932 2750 4004; x_wconf 90' lang='lat'><strong>(8)</strong></span> <span class='ocrx_word' id='word_1_725' title='bbox 2774 3935 3063 3992; x_wconf 85' lang='lat' dir='ltr'><strong>invisibilia</strong></span> <span class='ocrx_word' id='word_1_726' title='bbox 3084 3939 3172 3993; x_wconf 89' lang='lat' dir='ltr'><strong>illa</strong></span> <span class='ocrx_word' id='word_1_727' title='bbox 3193 3955 3469 4010; x_wconf 58' lang='lat' dir='ltr'><strong>qua‘cnm-</strong></span> 
     </span>
    </p>
   </div>
   <div class='ocr_carea' id='block_1_85' title="bbox 1867 4018 3468 4102">
    <p class='ocr_par' dir='ltr' id='par_1_85' title="bbox 1867 4018 3468 4102">
     <span class='ocr_line' id='line_1_85' title="bbox 1867 4018 3468 4102; baseline 0.012 -31"><span class='ocrx_word' id='word_1_728' title='bbox 1867 4031 1970 4086; x_wconf 90' lang='lat' dir='ltr'><strong>que</strong></span> <span class='ocrx_word' id='word_1_729' title='bbox 1997 4027 2143 4084; x_wconf 89' lang='lat' dir='ltr'><strong>sunt,</strong></span> <span class='ocrx_word' id='word_1_730' title='bbox 2171 4018 2370 4074; x_wconf 89' lang='lat' dir='ltr'><strong>habent</strong></span> <span class='ocrx_word' id='word_1_731' title='bbox 2391 4022 2529 4091; x_wconf 89' lang='lat' dir='ltr'><strong>apud</strong></span> <span class='ocrx_word' id='word_1_732' title='bbox 2563 4022 2727 4078; x_wconf 88' lang='lat' dir='ltr'><strong>Deum</strong></span> <span class='ocrx_word' id='word_1_733' title='bbox 2755 4036 2807 4080; x_wconf 90' lang='lat' dir='ltr'><strong>et</strong></span> <span class='ocrx_word' id='word_1_734' title='bbox 2839 4041 2994 4082; x_wconf 90' lang='lat' dir='ltr'><strong>suum</strong></span> <span class='ocrx_word' id='word_1_735' title='bbox 3017 4044 3214 4102; x_wconf 91' lang='lat' dir='ltr'><strong>corpus</strong></span> <span class='ocrx_word' id='word_1_736' title='bbox 3234 4041 3290 4088; x_wconf 91' lang='lat' dir='ltr'><strong>et</strong></span> <span class='ocrx_word' id='word_1_737' title='bbox 3314 4049 3468 4091; x_wconf 88' lang='lat' dir='ltr'><strong>suam</strong></span> 
     </span>
    </p>
   </div>
   <div class='ocr_carea' id='block_1_86' title="bbox 1867 4106 3470 4197">
    <p class='ocr_par' dir='ltr' id='par_1_86' title="bbox 1867 4106 3470 4197">
     <span class='ocr_line' id='line_1_86' title="bbox 1867 4106 3470 4197; baseline 0.012 -36"><span class='ocrx_word' id='word_1_738' title='bbox 1867 4106 2116 4174; x_wconf 80' lang='lat' dir='ltr'><strong>formam,</strong></span> <span class='ocrx_word' id='word_1_739' title='bbox 2177 4126 2270 4180; x_wconf 91' lang='lat' dir='ltr'><strong>per</strong></span> <span class='ocrx_word' id='word_1_740' title='bbox 2317 4128 2435 4182; x_wconf 75' lang='lat' dir='ltr'><strong>qua:</strong></span> <span class='ocrx_word' id='word_1_741' title='bbox 2485 4113 2586 4169; x_wconf 90' lang='lat' dir='ltr'><strong>soli</strong></span> <span class='ocrx_word' id='word_1_742' title='bbox 2634 4115 2742 4170; x_wconf 86' lang='lat' dir='ltr'><strong>Deo</strong></span> <span class='ocrx_word' id='word_1_743' title='bbox 2790 4119 3016 4175; x_wconf 87' lang='lat' dir='ltr'><strong>visibilia</strong></span> <span class='ocrx_word' id='word_1_744' title='bbox 3066 4132 3211 4189; x_wconf 87' lang='lat' dir='ltr'><strong>sunt;</strong></span> <span class='ocrx_word' id='word_1_745' title='bbox 3264 4136 3470 4197; x_wconf 90' lang='lat' dir='ltr'><strong>quanto</strong></span> 
     </span>
    </p>
   </div>
   <div class='ocr_carea' id='block_1_87' title="bbox 1873 4205 3468 4286">
    <p class='ocr_par' dir='ltr' id='par_1_87' title="bbox 1873 4205 3468 4286">
     <span class='ocr_line' id='line_1_87' title="bbox 1873 4205 3468 4286; baseline 0.011 -27"><span class='ocrx_word' id='word_1_746' title='bbox 1873 4205 2046 4275; x_wconf 87' lang='lat' dir='ltr'><strong>magis</strong></span> <span class='ocrx_word' id='word_1_747' title='bbox 2071 4205 2214 4275; x_wconf 91' lang='lat' dir='ltr'><strong>quod</strong></span> <span class='ocrx_word' id='word_1_748' title='bbox 2241 4223 2305 4261; x_wconf 80' lang='lat' dir='ltr'><strong>ex</strong></span> <span class='ocrx_word' id='word_1_749' title='bbox 2339 4207 2504 4278; x_wconf 92' lang='lat' dir='ltr'><strong>ipsius</strong></span> <span class='ocrx_word' id='word_1_750' title='bbox 2531 4209 2828 4266; x_wconf 86' lang='lat' dir='ltr'><strong>substantia</strong></span> <span class='ocrx_word' id='word_1_751' title='bbox 2861 4213 2939 4285; x_wconf 83' lang='lat'><strong>(9)</strong></span> <span class='ocrx_word' id='word_1_752' title='bbox 2973 4217 3194 4274; x_wconf 88' lang='lat' dir='ltr'><strong>missum</strong></span> <span class='ocrx_word' id='word_1_753' title='bbox 3217 4229 3320 4286; x_wconf 88' lang='lat' dir='ltr'><strong>est,</strong></span> <span class='ocrx_word' id='word_1_754' title='bbox 3347 4220 3468 4276; x_wconf 89' lang='lat' dir='ltr'><strong>sine</strong></span> 
     </span>
    </p>
   </div>
   <div class='ocr_carea' id='block_1_88' title="bbox 1879 4297 3470 4379">
    <p class='ocr_par' dir='ltr' id='par_1_88' title="bbox 1879 4297 3470 4379">
     <span class='ocr_line' id='line_1_88' title="bbox 1879 4297 3470 4379; baseline 0.012 -30"><span class='ocrx_word' id='word_1_755' title='bbox 1879 4297 2171 4352; x_wconf 90' lang='lat' dir='ltr'><strong>substantia</strong></span> <span class='ocrx_word' id='word_1_756' title='bbox 2223 4313 2329 4354; x_wconf 91' lang='lat' dir='ltr'><strong>non</strong></span> <span class='ocrx_word' id='word_1_757' title='bbox 2377 4301 2524 4356; x_wconf 87' lang='lat' dir='ltr'><strong>erit!</strong></span> <span class='ocrx_word' id='word_1_758' title='bbox 2575 4301 2939 4376; x_wconf 72' lang='lat' dir='ltr'><strong>Quteeumqne</strong></span> <span class='ocrx_word' id='word_1_759' title='bbox 2991 4323 3120 4379; x_wconf 82' lang='lat' dir='ltr'><strong>ergo</strong></span> <span class='ocrx_word' id='word_1_760' title='bbox 3169 4311 3470 4368; x_wconf 82' lang='lat' dir='ltr'><strong>substantia</strong></span> 
     </span>
    </p>
   </div>
   <div class='ocr_carea' id='block_1_89' title="bbox 1867 4389 3472 4468">
    <p class='ocr_par' dir='ltr' id='par_1_89' title="bbox 1867 4389 3472 4468">
     <span class='ocr_line' id='line_1_89' title="bbox 1867 4389 3472 4468; baseline 0.011 -24"><span class='ocrx_word' id='word_1_761' title='bbox 1867 4389 2147 4446; x_wconf 86' lang='lat' dir='ltr'><strong>Sermonis</strong></span> <span class='ocrx_word' id='word_1_762' title='bbox 2173 4391 2291 4459; x_wconf 83' lang='lat' dir='ltr'><strong>fuit,</strong></span> <span class='ocrx_word' id='word_1_763' title='bbox 2323 4393 2466 4448; x_wconf 90' lang='lat' dir='ltr'><strong>illam</strong></span> <span class='ocrx_word' id='word_1_764' title='bbox 2497 4394 2618 4451; x_wconf 89' lang='lat' dir='ltr'><strong>dico</strong></span> <span class='ocrx_word' id='word_1_765' title='bbox 2642 4413 2948 4468; x_wconf 87' lang='lat' dir='ltr'><strong>personam,</strong></span> <span class='ocrx_word' id='word_1_766' title='bbox 2969 4413 3022 4457; x_wconf 90' lang='grc' dir='ltr'><strong>ει</strong></span> <span class='ocrx_word' id='word_1_767' title='bbox 3045 4403 3328 4460; x_wconf 89' lang='lat' dir='ltr'><strong>illinomen</strong></span> <span class='ocrx_word' id='word_1_768' title='bbox 3349 4406 3472 4462; x_wconf 85' lang='lat' dir='ltr'><strong>Filii</strong></span> 
     </span>
    </p>
   </div>
   <div class='ocr_carea' id='block_1_90' title="bbox 1869 4481 3474 4561">
    <p class='ocr_par' dir='ltr' id='par_1_90' title="bbox 1869 4481 3474 4561">
     <span class='ocr_line' id='line_1_90' title="bbox 1869 4481 3474 4561; baseline 0.012 -26"><span class='ocrx_word' id='word_1_769' title='bbox 1869 4481 2100 4548; x_wconf 91' lang='lat' dir='ltr'><strong>vindico;</strong></span> <span class='ocrx_word' id='word_1_770' title='bbox 2151 4494 2206 4540; x_wconf 91' lang='lat' dir='ltr'><strong>et</strong></span> <span class='ocrx_word' id='word_1_771' title='bbox 2249 4485 2374 4540; x_wconf 92' lang='lat' dir='ltr'><strong>dum</strong></span> <span class='ocrx_word' id='word_1_772' title='bbox 2408 4485 2600 4542; x_wconf 89' lang='lat' dir='ltr'><strong>Filium</strong></span> <span class='ocrx_word' id='word_1_773' title='bbox 2641 4505 2898 4561; x_wconf 86' lang='lat' dir='ltr'><strong>agnosco,</strong></span> <span class='ocrx_word' id='word_1_774' title='bbox 2946 4495 3238 4553; x_wconf 90' lang='lat' dir='ltr'><strong>secundum</strong></span> <span class='ocrx_word' id='word_1_775' title='bbox 3263 4514 3290 4552; x_wconf 90' lang='lat' dir='ltr'><strong>a</strong></span> <span class='ocrx_word' id='word_1_776' title='bbox 3314 4499 3474 4556; x_wconf 80' lang='lat' dir='ltr'><strong>Patre</strong></span> 
     </span>
    </p>
   </div>
   <div class='ocr_carea' id='block_1_91' title="bbox 193 4561 2122 4659">
    <p class='ocr_par' dir='ltr' id='par_1_91' title="bbox 193 4561 2122 4659">
     <span class='ocr_line' id='line_1_91' title="bbox 193 4561 2122 4659; baseline 0.002 -33"><span class='ocrx_word' id='word_1_777' title='bbox 193 4561 359 4638; x_wconf 73' lang='lat' dir='ltr'><strong>Sophia</strong></span> <span class='ocrx_word' id='word_1_778' title='bbox 377 4570 595 4628; x_wconf 78' lang='lat' dir='ltr'><strong>videtur</strong></span> <span class='ocrx_word' id='word_1_779' title='bbox 619 4569 802 4627; x_wconf 90' lang='lat' dir='ltr'><strong>dicere</strong></span> <span class='ocrx_word' id='word_1_780' title='bbox 827 4571 1100 4627; x_wconf 89' lang='lat' dir='ltr'><strong>conditam</strong></span> <span class='ocrx_word' id='word_1_781' title='bbox 1125 4587 1186 4627; x_wconf 91' lang='lat' dir='ltr'><strong>se</strong></span> <span class='ocrx_word' id='word_1_782' title='bbox 1202 4586 1234 4626; x_wconf 88' lang='lat' dir='ltr'><strong>a</strong></span> <span class='ocrx_word' id='word_1_783' title='bbox 1263 4571 1496 4629; x_wconf 85' lang='lat' dir='ltr'><strong>Domino</strong></span> <span class='ocrx_word' id='word_1_784' title='bbox 1523 4574 1574 4629; x_wconf 91' lang='lat' dir='ltr'><strong>in</strong></span> <span class='ocrx_word' id='word_1_785' title='bbox 1599 4590 1760 4646; x_wconf 88' lang='lat' dir='ltr'><strong>opera</strong></span> <span class='ocrx_word' id='word_1_786' title='bbox 1791 4598 1844 4659; x_wconf 75' lang='grc' dir='ltr'>ι)</span> <span class='ocrx_word' id='word_1_787' title='bbox 1871 4574 2122 4632; x_wconf 82' lang='lat' dir='ltr'><strong>defendo.</strong></span> 
     </span>
    </p>
   </div>
   <div class='ocr_carea' id='block_1_92' title="bbox 193 4657 1763 4736">
    <p class='ocr_par' dir='ltr' id='par_1_92' title="bbox 193 4657 1763 4736">
     <span class='ocr_line' id='line_1_92' title="bbox 193 4657 1763 4736; baseline 0.003 -17"><span class='ocrx_word' id='word_1_788' title='bbox 193 4657 356 4719; x_wconf 64' lang='lat' dir='ltr'><strong>Chias</strong></span> <span class='ocrx_word' id='word_1_789' title='bbox 396 4662 569 4735; x_wconf 82' lang='lat' dir='ltr'><strong>ejus;</strong></span> <span class='ocrx_word' id='word_1_790' title='bbox 604 4661 731 4719; x_wconf 88' lang='lat' dir='ltr'><strong>alibi</strong></span> <span class='ocrx_word' id='word_1_791' title='bbox 772 4671 950 4719; x_wconf 89' lang='lat' dir='ltr'><strong>autem</strong></span> <span class='ocrx_word' id='word_1_792' title='bbox 997 4681 1089 4736; x_wconf 85' lang='lat' dir='ltr'><strong>per</strong></span> <span class='ocrx_word' id='word_1_793' title='bbox 1131 4681 1416 4721; x_wconf 86' lang='lat' dir='ltr'><strong>sermonem</strong></span> <span class='ocrx_word' id='word_1_794' title='bbox 1461 4668 1763 4724; x_wconf 88' lang='lat' dir='ltr'><strong>ostenditur</strong></span> 
     </span>
    </p>
   </div>
   <div class='ocr_carea' id='block_1_93' title="bbox 195 4754 1764 4831">
    <p class='ocr_par' dir='ltr' id='par_1_93' title="bbox 195 4754 1764 4831">
     <span class='ocr_line' id='line_1_93' title="bbox 195 4754 1764 4831; baseline 0.009 -27"><span class='ocrx_word' id='word_1_795' title='bbox 195 4754 338 4808; x_wconf 68' lang='lat' dir='ltr'><strong>omnia</strong></span> <span class='ocrx_word' id='word_1_796' title='bbox 361 4758 508 4828; x_wconf 78' lang='lat' dir='ltr'><strong>facta</strong></span> <span class='ocrx_word' id='word_1_797' title='bbox 533 4770 661 4824; x_wconf 84' lang='lat' dir='ltr'><strong>esse,</strong></span> <span class='ocrx_word' id='word_1_798' title='bbox 712 4765 762 4812; x_wconf 89' lang='lat' dir='ltr'><strong>et</strong></span> <span class='ocrx_word' id='word_1_799' title='bbox 799 4756 910 4813; x_wconf 87' lang='lat' dir='ltr'><strong>sine</strong></span> <span class='ocrx_word' id='word_1_800' title='bbox 946 4757 1038 4814; x_wconf 90' lang='lat' dir='ltr'><strong>illo</strong></span> <span class='ocrx_word' id='word_1_801' title='bbox 1081 4756 1214 4814; x_wconf 87' lang='lat' dir='ltr'><strong>nihil</strong></span> <span class='ocrx_word' id='word_1_802' title='bbox 1251 4760 1484 4831; x_wconf 77' lang='lat' dir='ltr'><strong>factum;</strong></span> <span class='ocrx_word' id='word_1_803' title='bbox 1525 4760 1665 4818; x_wconf 89' lang='lat' dir='ltr'><strong>sicut</strong></span> <span class='ocrx_word' id='word_1_804' title='bbox 1707 4772 1764 4818; x_wconf 90' lang='lat' dir='ltr'><strong>et</strong></span> 
     </span>
    </p>
   </div>
   <div class='ocr_carea' id='block_1_94' title="bbox 2465 4671 2857 4734">
    <p class='ocr_par' dir='ltr' id='par_1_94' title="bbox 2465 4671 2857 4734">
     <span class='ocr_line' id='line_1_94' title="bbox 2465 4671 2857 4734; baseline 0.015 -6"><span class='ocrx_word' id='word_1_805' title='bbox 2465 4671 2694 4731; x_wconf 81' lang='lat' dir='ltr'><strong>CAPUT</strong></span> <span class='ocrx_word' id='word_1_806' title='bbox 2725 4675 2857 4734; x_wconf 82' lang='lat' dir='ltr'><strong>VIII.</strong></span> 
     </span>
    </p>
   </div>
   <div class='ocr_carea' id='block_1_95' title="bbox 1942 4759 3472 4850">
    <p class='ocr_par' dir='ltr' id='par_1_95' title="bbox 1942 4759 3472 4850">
     <span class='ocr_line' id='line_1_95' title="bbox 1942 4759 3472 4850; baseline 0.013 -36"><span class='ocrx_word' id='word_1_807' title='bbox 1942 4759 2056 4816; x_wconf 89' lang='lat' dir='ltr'><strong>Iloc</strong></span> <span class='ocrx_word' id='word_1_808' title='bbox 2101 4759 2214 4833; x_wconf 85' lang='lat' dir='ltr'><strong>(I0)</strong></span> <span class='ocrx_word' id='word_1_809' title='bbox 2245 4762 2288 4818; x_wconf 91' lang='lat' dir='ltr'><strong>si</strong></span> <span class='ocrx_word' id='word_1_810' title='bbox 2311 4764 2400 4835; x_wconf 90' lang='lat' dir='ltr'><strong>qui</strong></span> <span class='ocrx_word' id='word_1_811' title='bbox 2431 4764 2513 4836; x_wconf 80' lang='lat' dir='ltr'><strong>(cl)</strong></span> <span class='ocrx_word' id='word_1_812' title='bbox 2546 4769 2817 4839; x_wconf 85' lang='lat' dir='ltr'><strong>putaverit</strong></span> <span class='ocrx_word' id='word_1_813' title='bbox 2863 4786 2950 4840; x_wconf 87' lang='lat' dir='ltr'><strong>me</strong></span> <span class='ocrx_word' id='word_1_814' title='bbox 2982 4776 3220 4848; x_wconf 52' lang='lat' dir='ltr'><strong>«pisoni;</strong></span> <span class='ocrx_word' id='word_1_815' title='bbox 3241 4777 3472 4850; x_wconf 88' lang='lat' dir='ltr'><strong>aliquam</strong></span> 
     </span>
    </p>
   </div>
   <div class='ocr_carea' id='block_1_96' title="bbox 1404 4851 2234 4913">
    <p class='ocr_par' dir='ltr' id='par_1_96' title="bbox 1404 4851 2234 4913">
     <span class='ocr_line' id='line_1_96' title="bbox 1404 4851 2234 4913; baseline 0.001 -4"><span class='ocrx_word' id='word_1_816' title='bbox 1404 4851 1786 4913; x_wconf 82' lang='lat' dir='ltr'><strong>LECTIONES</strong></span> <span class='ocrx_word' id='word_1_817' title='bbox 1821 4851 2234 4910; x_wconf 73' lang='lat' dir='ltr'><strong>VARIANTES.</strong></span> 
     </span>
    </p>
   </div>
   <div class='ocr_carea' id='block_1_97' title="bbox 289 4936 312 5251">
    <p class='ocr_par' dir='ltr' id='par_1_97' title="bbox 289 4936 312 5251">
     <span class='ocr_line' id='line_1_97' title="bbox 289 5005 291 5024; baseline 0 0"><span class='ocrx_word' id='word_1_818' title='bbox 289 5005 291 5024; x_wconf 91' lang='grc' dir='ltr'><strong>Ι</strong></span> 
     </span>
     <span class='ocr_line' id='line_1_98' title="bbox 289 5087 292 5103; baseline 0 0"><span class='ocrx_word' id='word_1_819' title='bbox 289 5087 292 5103; x_wconf 71' lang='grc' dir='ltr'>ν</span> 
     </span>
     <span class='ocr_line' id='line_1_99' title="bbox 289 5124 296 5171; baseline 0 0"><span class='ocrx_word' id='word_1_820' title='bbox 289 5124 296 5171; x_wconf 62' lang='grc' dir='ltr'><strong>ι</strong></span> 
     </span>
     <span class='ocr_line' id='line_1_100' title="bbox 289 4936 312 5251; baseline 0 0"><span class='ocrx_word' id='word_1_821' title='bbox 289 4936 312 5251; x_wconf 58' lang='grc' dir='ltr'>Ξ</span> 
     </span>
    </p>
   </div>
   <div class='ocr_carea' id='block_1_98' title="bbox 267 4933 2386 5014">
    <p class='ocr_par' dir='ltr' id='par_1_98' title="bbox 267 4933 2386 5014">
     <span class='ocr_line' id='line_1_101' title="bbox 267 4933 2386 5014; baseline 0.004 -24"><span class='ocrx_word' id='word_1_822' title='bbox 267 4933 308 5014; x_wconf 57' lang='grc' dir='ltr'><strong>ξ)</strong></span> <span class='ocrx_word' id='word_1_823' title='bbox 334 4936 489 5014; x_wconf 65' lang='lat' dir='ltr'><strong>Simul</strong></span> <span class='ocrx_word' id='word_1_824' title='bbox 509 4938 641 5014; x_wconf 55' lang='grc' dir='ltr'>ερω</span> <span class='ocrx_word' id='word_1_825' title='bbox 656 4939 724 4992; x_wconf 89' lang='lat' dir='ltr'><strong>al.</strong></span> <span class='ocrx_word' id='word_1_826' title='bbox 1027 4991 1032 5002; x_wconf 85' lang='grc'><strong>,</strong></span> <span class='ocrx_word' id='word_1_827' title='bbox 1934 4943 2007 5014; x_wconf 71' lang='grc' dir='ltr'><strong>(ε)</strong></span> <span class='ocrx_word' id='word_1_828' title='bbox 2043 4945 2149 5014; x_wconf 73' lang='lat' dir='ltr'><strong>Quo</strong></span> <span class='ocrx_word' id='word_1_829' title='bbox 2174 4947 2386 5014; x_wconf 80' lang='lat' dir='ltr'><strong>Fratteq.</strong></span> 
     </span>
    </p>
   </div>
   <div class='ocr_carea' id='block_1_99' title="bbox 336 5001 2819 5072">
    <p class='ocr_par' dir='ltr' id='par_1_99' title="bbox 336 5001 2819 5072">
     <span class='ocr_line' id='line_1_102' title="bbox 336 5001 2819 5072; baseline 0.007 -20"><span class='ocrx_word' id='word_1_830' title='bbox 336 5001 493 5072; x_wconf 74' lang='lat' dir='ltr'><strong>Quem</strong></span> <span class='ocrx_word' id='word_1_831' title='bbox 516 5002 692 5072; x_wconf 81' lang='lat' dir='ltr'><strong>Rhen._</strong></span> <span class='ocrx_word' id='word_1_832' title='bbox 717 5065 727 5072; x_wconf 90' lang='lat'>_</span> <span class='ocrx_word' id='word_1_833' title='bbox 878 5065 888 5072; x_wconf 83' lang='lat'><em>_</em></span> <span class='ocrx_word' id='word_1_834' title='bbox 1027 5001 1031 5002; x_wconf 60' lang='grc'><strong><em>⁷</em></strong></span> <span class='ocrx_word' id='word_1_835' title='bbox 1935 5001 2008 5068; x_wconf 78' lang='lat'><strong>(7)</strong></span> <span class='ocrx_word' id='word_1_836' title='bbox 2043 5001 2251 5072; x_wconf 77' lang='lat' dir='ltr'><strong>Negavit</strong></span> <span class='ocrx_word' id='word_1_837' title='bbox 2273 5001 2424 5064; x_wconf 72' lang='lat' dir='ltr'><strong>Rhea.</strong></span> <span class='ocrx_word' id='word_1_838' title='bbox 2445 5014 2594 5066; x_wconf 89' lang='lat' dir='ltr'><strong>Seml.</strong></span> <span class='ocrx_word' id='word_1_839' title='bbox 2622 5017 2819 5071; x_wconf 86' lang='lat' dir='ltr'><strong>Oberth.</strong></span> 
     </span>
    </p>
   </div>
   <div class='ocr_carea' id='block_1_100' title="bbox 265 5061 1763 5194">
    <p class='ocr_par' dir='ltr' id='par_1_100' title="bbox 265 5061 978 5194">
     <span class='ocr_line' id='line_1_103' title="bbox 265 5061 978 5194; baseline 0.018 -22"><span class='ocrx_word' id='word_1_840' title='bbox 265 5061 312 5194; x_wconf 75' lang='lat' dir='ltr'><strong>il</strong></span> <span class='ocrx_word' id='word_1_841' title='bbox 832 5065 978 5119; x_wconf 69' lang='grc' dir='ltr'><strong>ιυεεηο</strong></span> 
     </span>
    </p>
   </div>
   <div class='ocr_carea' id='block_1_101' title="bbox 1874 5061 2647 5194">
    <p class='ocr_par' dir='ltr' id='par_1_101' title="bbox 1935 5061 2647 5194">
     <span class='ocr_line' id='line_1_104' title="bbox 1935 5061 2647 5194; baseline 0.015 -75"><span class='ocrx_word' id='word_1_842' title='bbox 1935 5061 2010 5194; x_wconf 43' lang='lat'><strong>(8;</strong></span> <span class='ocrx_word' id='word_1_843' title='bbox 2044 5072 2096 5120; x_wconf 87' lang='lat' dir='ltr'><strong>Si</strong></span> <span class='ocrx_word' id='word_1_844' title='bbox 2117 5061 2235 5122; x_wconf 75' lang='grc' dir='ltr'>ἱὶιια.</span> <span class='ocrx_word' id='word_1_845' title='bbox 2257 5061 2422 5145; x_wconf 59' lang='lat' dir='ltr'><strong>Seml.</strong></span> <span class='ocrx_word' id='word_1_846' title='bbox 2446 5061 2647 5130; x_wconf 62' lang='grc' dir='ltr'>ὀῦὲῖιιιῖ</span> 
     </span>
     <span class='ocr_line' id='line_1_105' title="bbox 1959 5133 2514 5190; baseline 0.016 -9"><span class='ocrx_word' id='word_1_847' title='bbox 1959 5134 1988 5181; x_wconf 83' lang='grc'><strong>9</strong></span> <span class='ocrx_word' id='word_1_848' title='bbox 2047 5133 2341 5187; x_wconf 70' lang='grc' dir='ltr'>δυὴειιιιιιιω</span> <span class='ocrx_word' id='word_1_849' title='bbox 2365 5136 2514 5190; x_wconf 80' lang='lat' dir='ltr'><strong>Itlteu.</strong></span> 
     </span>
    </p>
   </div>
   <div class='ocr_carea' id='block_1_102' title="bbox 245 5063 2514 5334">
    <p class='ocr_par' dir='ltr' id='par_1_102' title="bbox 245 5063 2514 5257">
     <span class='ocr_line' id='line_1_106' title="bbox 245 5063 2514 5257; baseline 0.006 -144"><span class='ocrx_word' id='word_1_850' title='bbox 245 5063 312 5251; x_wconf 54' lang='grc' dir='ltr'>ἱξέ</span> <span class='ocrx_word' id='word_1_851' title='bbox 337 5063 810 5138; x_wconf 60' lang='lat' dir='ltr'><strong>Rationessopbhm</strong></span> <span class='ocrx_word' id='word_1_852' title='bbox 832 5065 978 5119; x_wconf 78' lang='lat' dir='ltr'><strong>Rhea.</strong></span> <span class='ocrx_word' id='word_1_853' title='bbox 2044 5072 2096 5120; x_wconf 89' lang='lat' dir='ltr'><strong>Si</strong></span> <span class='ocrx_word' id='word_1_854' title='bbox 2117 5063 2235 5122; x_wconf 62' lang='lat' dir='ltr'><strong>add.</strong></span> <span class='ocrx_word' id='word_1_855' title='bbox 2257 5063 2406 5145; x_wconf 70' lang='lat' dir='ltr'><strong>Seml.</strong></span> <span class='ocrx_word' id='word_1_856' title='bbox 2447 5063 2514 5128; x_wconf 62' lang='grc' dir='ltr'><strong><em>Οὔ</em></strong></span> 
     </span>
    </p>

    <p class='ocr_par' dir='ltr' id='par_1_103' title="bbox 345 5125 2514 5207">
     <span class='ocr_line' id='line_1_107' title="bbox 345 5125 2514 5207; baseline 0.005 -28"><span class='ocrx_word' id='word_1_857' title='bbox 345 5125 582 5179; x_wconf 72' lang='lat' dir='ltr'><strong>Gaudenti</strong></span> <span class='ocrx_word' id='word_1_858' title='bbox 604 5128 756 5182; x_wconf 83' lang='lat' dir='ltr'><strong>Seml.</strong></span> <span class='ocrx_word' id='word_1_859' title='bbox 1959 5134 1988 5181; x_wconf 84' lang='lat'><strong>9</strong></span> <span class='ocrx_word' id='word_1_860' title='bbox 2047 5133 2341 5207; x_wconf 74' lang='lat' dir='ltr'><strong>substantia:</strong></span> <span class='ocrx_word' id='word_1_861' title='bbox 2365 5136 2514 5190; x_wconf 80' lang='lat' dir='ltr'><strong>Itlteu.</strong></span> 
     </span>
    </p>

    <p class='ocr_par' dir='ltr' id='par_1_104' title="bbox 340 5189 2287 5334">
     <span class='ocr_line' id='line_1_108' title="bbox 340 5189 2287 5258; baseline 0.004 -17"><span class='ocrx_word' id='word_1_862' title='bbox 340 5189 497 5252; x_wconf 75' lang='lat' dir='ltr'><strong>Quem</strong></span> <span class='ocrx_word' id='word_1_863' title='bbox 514 5191 728 5258; x_wconf 82' lang='lat' dir='ltr'><strong>Francq.</strong></span> <span class='ocrx_word' id='word_1_864' title='bbox 1963 5197 2038 5258; x_wconf 88' lang='grc'><strong>10)</strong></span> <span class='ocrx_word' id='word_1_865' title='bbox 2065 5197 2160 5247; x_wconf 84' lang='grc' dir='ltr'>Ηιε</span> <span class='ocrx_word' id='word_1_866' title='bbox 2183 5199 2287 5250; x_wconf 88' lang='lat' dir='ltr'><strong>Lat.</strong></span> 
     </span>
     <span class='ocr_line' id='line_1_109' title="bbox 1545 5276 2116 5334; baseline 0 0"><span class='ocrx_word' id='word_1_867' title='bbox 1545 5276 2116 5334; x_wconf 78' lang='lat' dir='ltr'><strong>COMMENTARIUS.</strong></span> 
     </span>
    </p>
   </div>
   <div class='ocr_carea' id='block_1_103' title="bbox 1545 5277 2116 5336">
    <p class='ocr_par' dir='ltr' id='par_1_105' title="bbox 1545 5277 2116 5336">
     <span class='ocr_line' id='line_1_110' title="bbox 1545 5277 2116 5336; baseline -0.002 -2"><span class='ocrx_word' id='word_1_868' title='bbox 1545 5277 2116 5336; x_wconf 78' lang='lat' dir='ltr'><strong>COMMENTARIUS.</strong></span> 
     </span>
    </p>
   </div>
   <div class='ocr_carea' id='block_1_104' title="bbox 241 5359 1784 5443">
    <p class='ocr_par' dir='ltr' id='par_1_106' title="bbox 241 5359 1784 5443">
     <span class='ocr_line' id='line_1_111' title="bbox 241 5359 1784 5443; baseline 0.004 -21"><span class='ocrx_word' id='word_1_869' title='bbox 413 5363 669 5443; x_wconf 59' lang='grc' dir='ltr'>ιιι-τῃ)</span> <span class='ocrx_word' id='word_1_870' title='bbox 694 5367 1004 5443; x_wconf 76' lang='lat' dir='ltr'><strong>Individuas</strong></span> <span class='ocrx_word' id='word_1_871' title='bbox 1029 5385 1171 5426; x_wconf 87' lang='lat' dir='ltr'><strong>suas.</strong></span> <span class='ocrx_word' id='word_1_872' title='bbox 1209 5368 1447 5443; x_wconf 88' lang='lat' dir='ltr'><strong>Comites</strong></span> <span class='ocrx_word' id='word_1_873' title='bbox 1467 5370 1690 5443; x_wconf 82' lang='lat' dir='ltr'><strong>scilicet.</strong></span> <span class='ocrx_word' id='word_1_874' title='bbox 1713 5371 1784 5428; x_wconf 90' lang='lat' dir='ltr'><strong>Ut</strong></span> 
     </span>
    </p>
   </div>
   <div class='ocr_carea' id='block_1_105' title="bbox 205 5423 1783 5514">
    <p class='ocr_par' dir='ltr' id='par_1_107' title="bbox 205 5423 1783 5514">
     <span class='ocr_line' id='line_1_112' title="bbox 205 5423 1783 5514; baseline 0.002 -19"><span class='ocrx_word' id='word_1_875' title='bbox 205 5423 918 5514; x_wconf 48' lang='lat' dir='ltr'><strong>magnanimitas;</strong></span> <span class='ocrx_word' id='word_1_876' title='bbox 924 5423 948 5497; x_wconf 63' lang='grc' dir='ltr'><strong>’ξ</strong></span> <span class='ocrx_word' id='word_1_877' title='bbox 957 5423 1094 5496; x_wconf 61' lang='grc' dir='ltr'>δεινὴ</span> <span class='ocrx_word' id='word_1_878' title='bbox 1107 5423 1450 5514; x_wconf 44' lang='lat' dir='ltr'><strong>assignas</strong></span> <span class='ocrx_word' id='word_1_879' title='bbox 1465 5423 1564 5496; x_wconf 64' lang='lat' dir='ltr'><strong>Dei</strong></span> <span class='ocrx_word' id='word_1_880' title='bbox 1574 5423 1783 5498; x_wconf 55' lang='lat' dir='ltr'><strong>sese;</strong></span> 
     </span>
    </p>
   </div>
   <div class='ocr_carea' id='block_1_106' title="bbox 207 5491 1415 5586">
    <p class='ocr_par' dir='ltr' id='par_1_108' title="bbox 207 5491 1415 5586">
     <span class='ocr_line' id='line_1_113' title="bbox 207 5491 1415 5586; baseline -0.004 -14"><span class='ocrx_word' id='word_1_881' title='bbox 207 5491 1415 5586; x_wconf 56' lang='lat' dir='ltr'><strong>23;..ssa&#39;a;..&#39;.&#39;n.et</strong></span> 
     </span>
    </p>
   </div>
   <div class='ocr_carea' id='block_1_107' title="bbox 219 5539 1780 5658">
    <p class='ocr_par' dir='ltr' id='par_1_109' title="bbox 219 5539 1780 5658">
     <span class='ocr_line' id='line_1_114' title="bbox 219 5539 1415 5586; baseline 0 -19"><span class='ocrx_word' id='word_1_882' title='bbox 573 5539 814 5586; x_wconf 62' lang='lat' dir='ltr'><strong>priurum!</strong></span> <span class='ocrx_word' id='word_1_883' title='bbox 831 5539 1108 5570; x_wconf 77' lang='lat' dir='ltr'><strong>cumuurur</strong></span> <span class='ocrx_word' id='word_1_884' title='bbox 1131 5539 1268 5571; x_wconf 72' lang='lat' dir='ltr'><strong>eum.</strong></span> <span class='ocrx_word' id='word_1_885' title='bbox 1293 5539 1415 5570; x_wconf 76' lang='lat' dir='ltr'><strong>nui.</strong></span> 
     </span>
     <span class='ocr_line' id='line_1_115' title="bbox 219 5539 1780 5658; baseline 0 -18"><span class='ocrx_word' id='word_1_886' title='bbox 219 5539 519 5658; x_wconf 22' lang='lat'><strong>3&#39;</strong></span> <span class='ocrx_word' id='word_1_887' title='bbox 531 5613 602 5626; x_wconf 89' lang='lat'><strong><em>—</em></strong></span> <span class='ocrx_word' id='word_1_888' title='bbox 615 5584 694 5658; x_wconf 76' lang='lat' dir='ltr'><strong>(It)</strong></span> <span class='ocrx_word' id='word_1_889' title='bbox 711 5585 846 5658; x_wconf 80' lang='lat' dir='ltr'><strong>Quid</strong></span> <span class='ocrx_word' id='word_1_890' title='bbox 861 5595 935 5642; x_wconf 83' lang='lat' dir='ltr'><strong>est</strong></span> <span class='ocrx_word' id='word_1_891' title='bbox 954 5586 1253 5658; x_wconf 12' lang='lat' dir='ltr'><strong>enintidices</strong></span> <span class='ocrx_word' id='word_1_892' title='bbox 1265 5601 1452 5658; x_wconf 81' lang='lat' dir='ltr'><strong>sermo,</strong></span> <span class='ocrx_word' id='word_1_893' title='bbox 1477 5585 1576 5639; x_wconf 87' lang='lat' dir='ltr'><strong>nisi</strong></span> <span class='ocrx_word' id='word_1_894' title='bbox 1603 5602 1700 5640; x_wconf 77' lang='lat' dir='ltr'><strong>vox</strong></span> <span class='ocrx_word' id='word_1_895' title='bbox 1733 5596 1780 5640; x_wconf 86' lang='lat' dir='ltr'><strong>et</strong></span> 
     </span>
    </p>
   </div>
   <div class='ocr_carea' id='block_1_108' title="bbox 210 5649 1778 5730">
    <p class='ocr_par' dir='ltr' id='par_1_110' title="bbox 210 5649 1778 5730">
     <span class='ocr_line' id='line_1_116' title="bbox 210 5649 1778 5730; baseline 0.001 -18"><span class='ocrx_word' id='word_1_896' title='bbox 672 5649 941 5730; x_wconf 55' lang='lat' dir='ltr'><strong>mensus?</strong></span> <span class='ocrx_word' id='word_1_897' title='bbox 967 5657 1060 5712; x_wconf 86' lang='lat' dir='ltr'><strong>Sic</strong></span> <span class='ocrx_word' id='word_1_898' title='bbox 1094 5657 1228 5713; x_wconf 83' lang='lat' dir='ltr'><strong>libro</strong></span> <span class='ocrx_word' id='word_1_899' title='bbox 1255 5657 1323 5713; x_wconf 89' lang='lat' dir='ltr'><strong>de</strong></span> <span class='ocrx_word' id='word_1_900' title='bbox 1361 5657 1778 5730; x_wconf 79' lang='lat' dir='ltr'><strong>Resurrcctione</strong></span> 
     </span>
    </p>
   </div>
   <div class='ocr_carea' id='block_1_109' title="bbox 213 5721 1771 5800">
    <p class='ocr_par' dir='ltr' id='par_1_111' title="bbox 213 5721 1771 5800">
     <span class='ocr_line' id='line_1_117' title="bbox 213 5721 1771 5800; baseline 0.003 -21"><span class='ocrx_word' id='word_1_901' title='bbox 410 5721 494 5780; x_wconf 80' lang='lat' dir='ltr'><strong>ubi</strong></span> <span class='ocrx_word' id='word_1_902' title='bbox 507 5721 873 5800; x_wconf 66' lang='lat' dir='ltr'><strong>dedentibus,</strong></span> <span class='ocrx_word' id='word_1_903' title='bbox 899 5743 1042 5800; x_wconf 88' lang='lat' dir='ltr'><strong>quos</strong></span> <span class='ocrx_word' id='word_1_904' title='bbox 1073 5731 1347 5798; x_wconf 88' lang='lat' dir='ltr'><strong>accepisse</strong></span> <span class='ocrx_word' id='word_1_905' title='bbox 1374 5728 1733 5786; x_wconf 81' lang='lat' dir='ltr'><strong>lietninemait</strong></span> <span class='ocrx_word' id='word_1_906' title='bbox 1757 5770 1771 5797; x_wconf 92' lang='lat'><strong>,</strong></span> 
     </span>
    </p>
   </div>
   <div class='ocr_carea' id='block_1_110' title="bbox 213 5781 1435 5870">
    <p class='ocr_par' dir='ltr' id='par_1_112' title="bbox 213 5781 1435 5870">
     <span class='ocr_line' id='line_1_118' title="bbox 213 5781 1435 5870; baseline 0.012 -28"><span class='ocrx_word' id='word_1_907' title='bbox 213 5781 404 5848; x_wconf 62' lang='lat' dir='ltr'><strong>duris</strong></span> <span class='ocrx_word' id='word_1_908' title='bbox 422 5781 666 5855; x_wconf 54' lang='lat' dir='ltr'><strong>magna</strong></span> <span class='ocrx_word' id='word_1_909' title='bbox 679 5781 971 5868; x_wconf 56' lang='lat' dir='ltr'><strong>sireis-2,5;</strong></span> <span class='ocrx_word' id='word_1_910' title='bbox 987 5781 1435 5870; x_wconf 46' lang='lat' dir='ltr'><strong>agamagam:</strong></span> 
     </span>
    </p>
   </div>
   <div class='ocr_carea' id='block_1_111' title="bbox 1964 5373 3477 5458">
    <p class='ocr_par' dir='ltr' id='par_1_113' title="bbox 1964 5373 3477 5458">
     <span class='ocr_line' id='line_1_119' title="bbox 1964 5373 3477 5458; baseline 0.015 -32"><span class='ocrx_word' id='word_1_911' title='bbox 1964 5373 2202 5458; x_wconf 51' lang='lat' dir='ltr'><strong>(c)-_Qu_is</strong></span> <span class='ocrx_word' id='word_1_912' title='bbox 2238 5377 2374 5458; x_wconf 73' lang='lat' dir='ltr'><strong>enim</strong></span> <span class='ocrx_word' id='word_1_913' title='bbox 2403 5381 2786 5458; x_wconf 75' lang='lat' dir='ltr'><strong>negabi_tDeum</strong></span> <span class='ocrx_word' id='word_1_914' title='bbox 2812 5389 3119 5458; x_wconf 85' lang='lat' dir='ltr'><strong>corpus?V.</strong></span> <span class='ocrx_word' id='word_1_915' title='bbox 3152 5390 3206 5447; x_wconf 92' lang='lat' dir='ltr'><strong>In</strong></span> <span class='ocrx_word' id='word_1_916' title='bbox 3228 5394 3369 5448; x_wconf 90' lang='lat' dir='ltr'><strong>hunc</strong></span> <span class='ocrx_word' id='word_1_917' title='bbox 3397 5393 3477 5448; x_wconf 80' lang='lat' dir='ltr'><strong>lo-</strong></span> 
     </span>
    </p>
   </div>
   <div class='ocr_carea' id='block_1_112' title="bbox 1888 5444 3530 5532">
    <p class='ocr_par' dir='ltr' id='par_1_114' title="bbox 1888 5444 3530 5532">
     <span class='ocr_line' id='line_1_120' title="bbox 1888 5444 3530 5532; baseline 0.012 -35"><span class='ocrx_word' id='word_1_918' title='bbox 1888 5444 2124 5532; x_wconf 22' lang='lat' dir='ltr'><strong>cumuli:</strong></span> <span class='ocrx_word' id='word_1_919' title='bbox 2142 5445 2215 5532; x_wconf 73' lang='lat' dir='ltr'><strong>Le</strong></span> <span class='ocrx_word' id='word_1_920' title='bbox 2237 5446 2453 5532; x_wconf 50' lang='grc' dir='ltr'><strong>μαψ-ιν</strong></span> <span class='ocrx_word' id='word_1_921' title='bbox 2467 5444 2876 5532; x_wconf 42' lang='lat' dir='ltr'><strong>iit-Tertulliani</strong></span> <span class='ocrx_word' id='word_1_922' title='bbox 2903 5444 3205 5532; x_wconf 40' lang='lat' dir='ltr'><strong>Apologet:</strong></span> <span class='ocrx_word' id='word_1_923' title='bbox 3527 5487 3530 5498; x_wconf 77' lang='grc' dir='ltr'><strong>ι</strong></span> 
     </span>
    </p>
   </div>
   <div class='ocr_carea' id='block_1_113' title="bbox 1885 5513 3422 5604">
    <p class='ocr_par' dir='ltr' id='par_1_115' title="bbox 1885 5513 3422 5604">
     <span class='ocr_line' id='line_1_121' title="bbox 1885 5513 3422 5604; baseline 0.011 -34"><span class='ocrx_word' id='word_1_924' title='bbox 1885 5529 1934 5570; x_wconf 90' lang='grc' dir='ltr'>ε.</span> <span class='ocrx_word' id='word_1_925' title='bbox 1956 5513 2085 5604; x_wconf 48' lang='lat' dir='ltr'><strong>vlt,</strong></span> <span class='ocrx_word' id='word_1_926' title='bbox 2107 5519 2288 5604; x_wconf 47' lang='lat' dir='ltr'><strong>me.</strong></span> <span class='ocrx_word' id='word_1_927' title='bbox 2327 5529 2368 5604; x_wconf 56' lang='grc' dir='ltr'><strong>ιἰ</strong></span> <span class='ocrx_word' id='word_1_928' title='bbox 2391 5513 2439 5604; x_wconf 33' lang='grc' dir='ltr'>,ις</span> <span class='ocrx_word' id='word_1_929' title='bbox 2470 5521 2867 5604; x_wconf 51' lang='grc' dir='ltr'>ῃιιῂιεοεοειίιη</span> <span class='ocrx_word' id='word_1_930' title='bbox 2896 5513 3422 5604; x_wconf 54' lang='grc' dir='ltr'>ιιῖειιᾜὸζμιῗῖίέρζ</span> 
     </span>
    </p>
   </div>
   <div class='ocr_carea' id='block_1_114' title="bbox 1955 5585 3471 5674">
    <p class='ocr_par' dir='ltr' id='par_1_116' title="bbox 1955 5585 3471 5674">
     <span class='ocr_line' id='line_1_122' title="bbox 1955 5585 3471 5674; baseline 0.015 -38"><span class='ocrx_word' id='word_1_931' title='bbox 1955 5585 2250 5674; x_wconf 61' lang='lat' dir='ltr'><strong>(IAI’.VIII.</strong></span> <span class='ocrx_word' id='word_1_932' title='bbox 2265 5619 2333 5628; x_wconf 92' lang='lat'><strong><em>——</em></strong></span> <span class='ocrx_word' id='word_1_933' title='bbox 2350 5591 2430 5661; x_wconf 88' lang='lat' dir='ltr'><strong>(tl)</strong></span> <span class='ocrx_word' id='word_1_934' title='bbox 2459 5585 2720 5674; x_wconf 61' lang='lat' dir='ltr'><strong>Putaverit</strong></span> <span class='ocrx_word' id='word_1_935' title='bbox 2746 5613 2824 5674; x_wconf 75' lang='lat' dir='ltr'><strong>me</strong></span> <span class='ocrx_word' id='word_1_936' title='bbox 2847 5585 3079 5674; x_wconf 41' lang='lat' dir='ltr'><strong>sileam</strong></span> <span class='ocrx_word' id='word_1_937' title='bbox 3101 5585 3471 5674; x_wconf 43' lang='lat' dir='ltr'><strong>aliquandi—har</strong></span> 
     </span>
    </p>
   </div>
   <div class='ocr_carea' id='block_1_115' title="bbox 1886 5657 3471 5740">
    <p class='ocr_par' dir='ltr' id='par_1_117' title="bbox 1886 5657 3471 5740">
     <span class='ocr_line' id='line_1_123' title="bbox 1886 5657 3471 5740; baseline 0.009 -30"><span class='ocrx_word' id='word_1_938' title='bbox 1886 5657 2023 5740; x_wconf 83' lang='lat' dir='ltr'><strong>hanc</strong></span> <span class='ocrx_word' id='word_1_939' title='bbox 2047 5672 2338 5740; x_wconf 71' lang='lat' dir='ltr'><strong>vocemseu</strong></span> <span class='ocrx_word' id='word_1_940' title='bbox 2358 5657 2722 5740; x_wconf 78' lang='lat' dir='ltr'><strong>prolationem</strong></span> <span class='ocrx_word' id='word_1_941' title='bbox 2753 5668 2801 5720; x_wconf 91' lang='lat' dir='ltr'><strong>id</strong></span> <span class='ocrx_word' id='word_1_942' title='bbox 2822 5657 3055 5740; x_wconf 60' lang='lat' dir='ltr'><strong>t-x&#39;plicat</strong></span> <span class='ocrx_word' id='word_1_943' title='bbox 3086 5657 3224 5740; x_wconf 54' lang='lat' dir='ltr'><strong>quo&#39;d</strong></span> <span class='ocrx_word' id='word_1_944' title='bbox 3366 5657 3471 5726; x_wconf 55' lang='lat' dir='ltr'><strong>Ila-</strong></span> 
     </span>
    </p>
   </div>
   <div class='ocr_carea' id='block_1_116' title="bbox 1883 5729 3476 5810">
    <p class='ocr_par' dir='ltr' id='par_1_118' title="bbox 1883 5729 3476 5810">
     <span class='ocr_line' id='line_1_124' title="bbox 1883 5729 3476 5810; baseline 0.009 -28"><span class='ocrx_word' id='word_1_945' title='bbox 1883 5739 1992 5783; x_wconf 84' lang='lat' dir='ltr'><strong>tres</strong></span> <span class='ocrx_word' id='word_1_946' title='bbox 2014 5729 2414 5810; x_wconf 78' lang='lat' dir='ltr'><strong>generationem</strong></span> <span class='ocrx_word' id='word_1_947' title='bbox 2438 5747 2653 5810; x_wconf 78' lang='lat' dir='ltr'><strong>vocant,</strong></span> <span class='ocrx_word' id='word_1_948' title='bbox 2673 5739 2758 5791; x_wconf 91' lang='lat' dir='ltr'><strong>ubi</strong></span> <span class='ocrx_word' id='word_1_949' title='bbox 2799 5739 2867 5794; x_wconf 88' lang='lat' dir='ltr'><strong>de</strong></span> <span class='ocrx_word' id='word_1_950' title='bbox 2899 5729 3036 5796; x_wconf 72' lang='lat' dir='ltr'><strong>Filio</strong></span> <span class='ocrx_word' id='word_1_951' title='bbox 3067 5729 3159 5798; x_wconf 79' lang='lat' dir='ltr'><strong>seu</strong></span> <span class='ocrx_word' id='word_1_952' title='bbox 3199 5729 3377 5800; x_wconf 86' lang='lat' dir='ltr'><strong>Verbo</strong></span> <span class='ocrx_word' id='word_1_953' title='bbox 3397 5746 3476 5795; x_wconf 84' lang='lat' dir='ltr'><strong>Io-</strong></span> 
     </span>
    </p>
   </div>
   <div class='ocr_carea' id='block_1_117' title="bbox 1884 5807 3470 5881">
    <p class='ocr_par' dir='ltr' id='par_1_119' title="bbox 1884 5807 3470 5881">
     <span class='ocr_line' id='line_1_125' title="bbox 1884 5807 3470 5881; baseline 0.011 -27"><span class='ocrx_word' id='word_1_954' title='bbox 1884 5809 2148 5872; x_wconf 85' lang='lat' dir='ltr'><strong>quuntur,</strong></span> <span class='ocrx_word' id='word_1_955' title='bbox 2171 5807 2260 5872; x_wconf 88' lang='lat' dir='ltr'><strong>qui</strong></span> <span class='ocrx_word' id='word_1_956' title='bbox 2289 5807 2496 5876; x_wconf 72' lang='grc' dir='ltr'><strong>γὶνστός,</strong></span> <span class='ocrx_word' id='word_1_957' title='bbox 2527 5821 2650 5864; x_wconf 85' lang='grc' dir='ltr'>ευιιι</span> <span class='ocrx_word' id='word_1_958' title='bbox 2679 5810 2904 5881; x_wconf 86' lang='lat' dir='ltr'><strong>Spiritus</strong></span> <span class='ocrx_word' id='word_1_959' title='bbox 2945 5813 3176 5870; x_wconf 88' lang='lat' dir='ltr'><strong>Sanctus</strong></span> <span class='ocrx_word' id='word_1_960' title='bbox 3217 5816 3286 5873; x_wconf 90' lang='lat' dir='ltr'><strong>sit</strong></span> <span class='ocrx_word' id='word_1_961' title='bbox 3324 5821 3470 5872; x_wconf 69' lang='grc' dir='ltr'><strong>ἐκπο-</strong></span> 
     </span>
    </p>
   </div>
   <div class='ocr_carea' id='block_1_118' title="bbox 106 6071 302 6155">
    <p class='ocr_par' dir='ltr' id='par_1_120' title="bbox 106 6071 302 6155">
     <span class='ocr_line' id='line_1_126' title="bbox 106 6071 302 6155; baseline 0 0"><span class='ocrx_word' id='word_1_962' title='bbox 106 6071 302 6155; x_wconf 52' lang='lat' dir='ltr'><strong>iul-iiii.</strong></span> 
     </span>
    </p>
   </div>
  </div>
