3902 6312
342 204 449 263 tos
1568 208 1587 215 ‘
1766 200 2226 283 TER'I‘ULLIANI
3238 178 3289 213 "
3589 209 3698 264 tot

346 314 713 383 introducere,
758 316 815 371 id
858 325 961 382 est,
994 316 1347 388 prolationem
1394 318 1470 373 rei
1499 318 1719 374 alterius
1763 334 1830 375 ex
1860 319 1939 373 al-
1966 321 2017 380 A
2044 330 2127 376 est
2155 320 2375 391 spiritus
2396 336 2427 376 a
2460 321 2570 377 Deo
2595 333 2650 378 et
2675 322 2832 391 Filio,
2865 321 3002 377 sicut
3031 321 3222 377 tertius
3241 336 3271 377 a
3294 323 3505 379 radice
3536 323 3701 378 truc-

347 415 482 474 tera,
539 406 681 479 quod
743 405 869 463 facit
919 407 1255 475 Valentinus,
1330 410 1494 464 alium
1549 418 1710 481 atque
1774 409 1937 464 alium
2046 422 2131 469 tus
2155 430 2225 470 ex
2255 400 2460 470 frutice.
2501 406 2569 470 Et
2618 415 3060 483 tertiusafonte,
3090 416 3240 472 rivus
3285 433 3348 473 ex
3406 416 3694 474 ﬂumine.

348 498 578 556 Eouem
632 498 698 555 de
741 499 917 555 {Eone
947 499 1272 570 produccns;
1319 501 1491 571 primo
1521 501 1738 571 quidem
1765 501 1939 584 dicam
2045 506 2112 561 Et
2142 508 2328 563 tertius
2357 522 2387 562 a
2414 506 2550 573 sole,
2584 523 2721 585 apex
2760 522 2827 563 ex
2857 508 3027 564 radio.
3072 508 3215 564 Nihil
3247 520 3435 565 tamen
3476 526 3512 563 a
3573 526 3697 564 nia-

349 592 467 656 tibi,
500 608 604 648 non
632 590 751 648 ideo
772 608 879 648 non
911 593 1077 650 utitur
1108 594 1185 668 (i)
1210 604 1263 649 et
1294 595 1491 650 veritas
1522 595 1783 650 vocabulo
1812 596 1935 660 ist-0,
2047 599 2181 655 trice
2208 600 2492 666 alienatur,
2520 615 2551 654 a
2578 615 2680 671 qua
2708 600 3065 672 proprietates
3089 614 3214 657 suas
3248 601 3422 659 ducit.
3454 603 3547 658 Ita
3583 602 3694 658 tri-

348 696 480 742 etre
508 701 568 743 ac
597 701 763 742 censu
786 687 923 757 ejus,
947 689 1071 759 quia
1101 688 1401 744 etliaeresis
1427 688 1603 758 potius
1624 704 1690 743 ex
1717 689 1941 744 veritate
2048 693 2186 747 nitas
2237 709 2331 764 per
2381 704 2663 750 consertus
2712 704 2769 750 et
2813 710 3098 751 connexos
3146 696 3344 768 gradus
3406 712 3447 752 a
3516 696 3698 754 Patre

350 782 577 852 accepit,
595 781 738 851 quod
768 781 833 836 ad
858 781 1196 838 mendacium
1223 796 1378 837 suum
1402 788 1659 838 strueret.
1693 780 1945 840 Prolatos
2047 785 2362 855 decurrens,
2382 796 2437 842 et
2458 788 2781 844 monarchiae
2800 787 2934 843 nihil
2956 788 3240 861 obstrepit,
3258 798 3314 846 et
3333 791 3697 847 inconexum

351 885 435 928 est
459 890 639 929 sermo
674 874 788 939 Dei,
815 875 1038 929 annon?
1083 874 1183 930 Hic
1211 889 1423 930 mecum
1449 875 1674 945 gradum
1715 875 1834 945 tige.
1887 872 1947 929 Si
2050 888 2247 937 statum
2273 881 2525 953 protegit.

354 967 597 1038 prolatus
624 974 727 1032 est,
758 980 1022 1039 cognosce
1068 968 1346 1038 probolam
1377 968 1642 1033 veritatis,
1665 975 1721 1022 et
1755 967 1947 1022 viderit
2672 974 2902 1032 CAPUT
2930 974 3023 1031 IX.

353 1056 576 1114 lunt-esis
624 1058 669 1114 si
716 1058 843 1129 quid
885 1058 953 1115 de
992 1060 1221 1115 veritate
1263 1059 1468 1114 imitata
1503 1069 1604 1114 est.
1644 1057 1760 1113 Jam
1806 1072 1947 1114 nunc
2123 1065 2272 1122 Hanc
2320 1081 2406 1124 me
2435 1067 2676 1139 regulam
2721 1069 3044 1138 professum,
3087 1082 3190 1138 qua
3222 1068 3590 1141 inseparatos
3622 1070 3697 1126 ab

352 1161 627 1231 quat-ritur,
658 1161 779 1231 quis
802 1159 1074 1231 quomodo
1096 1169 1275 1214 utatur
1300 1159 1476 1229 aliqua
1506 1174 1585 1223 re,
1610 1165 1668 1213 et
1689 1157 1949 1212 vocabulo
2056 1157 2318 1215 alterutro
2347 1159 2561 1215 Patrem
2595 1168 2653 1216 et
2680 1158 2876 1216 Filium
2906 1168 2962 1216 et
3003 1160 3262 1231 Spiritum
3292 1170 3500 1227 testor,
3556 1171 3699 1219 tene

352 1254 490 1325 ejus.
520 1254 836 1312 Valentinus
870 1255 1122 1323 proboias
1167 1268 1293 1309 suas
1343 1252 1603 1307 discernit
1630 1260 1687 1306 et
1730 1257 1948 1321 separat
2054 1252 2272 1323 ubique;
2300 1263 2355 1310 et
2378 1255 2468 1319 ita,
2493 1254 2621 1324 quid
2646 1254 2916 1325 quomodo
2940 1253 3171 1322 dicatur,
3195 1269 3494 1326 agnosces.
3535 1256 3693 1313 Ecce

351 1349 418 1404 ab
448 1358 665 1404 auctore
692 1366 706 1402 :
735 1357 792 1403 et
812 1349 882 1402 ita
908 1347 1066 1417 longe
1103 1347 1171 1402 ab
1196 1362 1261 1402 co
1290 1346 1464 1416 ponit,
1495 1356 1552 1399 ut
1572 1342 1713 1399 IEon
1744 1355 1949 1413 patrem
2054 1347 2196 1401 enim
2237 1345 2359 1402 dico
2405 1347 2571 1402 alium
2601 1362 2727 1403 esse
2763 1347 2998 1415 Patrem,
3030 1358 3086 1404 et
3125 1349 3292 1404 alium
3343 1349 3593 1416 Filium,
3627 1359 3686 1406 et

353 1442 577 1498 nesciat.
613 1440 878 1511 Denique,
912 1439 1185 1496 desiderat
1215 1442 1400 1506 nosSe,
1441 1453 1540 1493 nec
1565 1446 1796 1509 potest;
1843 1437 1953 1491 into
2054 1437 2219 1493 alium
2244 1439 2523 1509 Spiritum.
2559 1439 2696 1496 Male
2719 1439 2915 1510 accipit
2945 1440 3137 1496 idiotes
3158 1443 3387 1512 quisque
3412 1451 3526 1497 aut
3548 1457 3686 1512 per-

351 1544 405 1589 et
433 1550 568 1605 perte
583 1533 894 1601 devoratur,
918 1542 970 1588 et
997 1512 1308 1588 dissolvitur
1335 1532 1386 1584 in
1416 1530 1679 1602 reliquam
1704 1530 1954 1585 substan—
2057 1544 2247 1586 versus
2287 1531 2387 1587 hoc
2432 1530 2655 1599 dictum,
2697 1533 2849 1604 quasi
2889 1532 3255 1592 diversitatem
3302 1544 3488 1600 sonet,
3526 1543 3590 1591 et
3618 1551 3687 1592 ex

352 1629 501 1685 tiam.
558 1627 713 1699 Apud
762 1642 861 1682 nos
906 1637 1084 1681 autem
1135 1624 1274 1680 solus
1328 1624 1493 1679 Filius
1562 1623 1772 1678 Patrem
1816 1624 1954 1678 uouit
2058 1621 2368 1677 diversitate
2394 1624 2790 1692 separationem
2814 1624 3099 1694 protendat
3120 1623 3224 1698 (4),
3249 1624 3428 1681 Patris
3460 1636 3525 1681 et
3552 1625 3684 1681 Filii

364 1721 556 1794 (Matt.
589 1721 685 1789 XI,
716 1720 851 1791 2⁵1),
878 1731 930 1775 et
958 1722 1125 1776 sinum
1152 1720 1320 1775 Patris
1349 1719 1456 1787 ipse
1484 1706 1718 1788 exposuit
1775 1718 1951 1789 (Joan.
1986 1716 2034 1778 B
2063 1723 2116 1768 et
2163 1714 2417 1784 Spiritus.
2450 1714 2778 1771 Necessitate
2817 1726 2997 1771 autem
3028 1715 3130 1771 hoc
3172 1716 3316 1781 dico,
3350 1734 3483 1773 cum
3518 1730 3688 1775 eum-

355 1813 413 1880 Ι,
450 1813 564 1885 18),
598 1824 653 1870 et
680 1814 858 1869 omnia
885 1813 1023 1884 apud
1058 1813 1269 1868 Patrem
1299 1810 1487 1866 audivit
1508 1820 1555 1865 et
1592 1810 1739 1877 uidit,
1767 1818 1811 1864 et
1845 1807 1952 1881 (ﬂ)
2062 1805 2183 1861 dem
2214 1804 2430 1861 Patrem
2461 1817 2516 1860 et
2546 1804 2740 1862 Filium
2779 1816 2834 1861 et
2862 1807 3121 1875 Spiritum
3163 1809 3539 1879 contendunt,
3592 1809 3695 1865 ad-

352 1924 467 1978 qua:
510 1908 781 1962 nmndatus
806 1916 878 1962 est
917 1923 947 1960 a
972 1904 1152 1973 Patre,
1182 1921 1245 1961 ea
1276 1916 1321 1960 et
1347 1905 1568 1976 loquitur
1600 1902 1794 1977 (Jac-2.
1816 1902 1952 1972 VIII,
2062 1900 2248 1953 versus
2277 1900 2633 1955 meonomiam
2660 1900 2991 1956 monarchia:
3014 1902 3312 1966 adulantes,
3348 1917 3461 1957 non
3498 1913 3693 1959 tamen

359 2000 430 2056 26
453 2003 492 2069 ).
519 1999 630 2055 Nec
655 2016 819 2065 suam,
843 1999 931 2055 sed
961 1997 1132 2052 Patris
1161 1999 1368 2069 perfecit
1393 1998 1700 2052 uoluntatem
1758 1995 1777 2062 (
1795 1994 1952 2049 Joan.
2059 1988 2375 2045 diversitate
2401 1991 2568 2046 alium
2616 1990 2809 2046 Filium
2840 2006 2869 2046 a
2916 1992 3093 2053 Patre.
3121 1993 3216 2049 scd
3253 1994 3687 2058 distributione;

353 2091 445 2157 Vl,
475 2092 543 2148 58
567 2090 802 2163 ),quam
863 2091 928 2146 de
977 2091 1230 2158 proximo,
1277 2090 1385 2165 imo
1438 2089 1502 2143 de
1545 2090 1690 2143 initio
1726 2097 1952 2143 noverat.
2062 2100 2163 2140 nec
2189 2084 2689 2171 divisimt'talium,
2731 2085 2825 2170 sed
2870 2085 3236 2171 distinctione;
3268 2088 3392 2159 quia
3446 2104 3569 2143 non
3615 2088 3690 2143 sit

357 2184 483 2249 Quis
513 2184 646 2238 enim
667 2184 761 2237 scit
789 2199 902 2253 qua:
918 2184 1018 2239 sint
1041 2184 1093 2236 in
1128 2181 1254 2246 Deo,
1281 2163 1387 2236 nisi
1408 2182 1619 2251 spiritus
1647 2182 1735 2251 qui
1760 2182 1814 2236 in
1843 2182 1955 2251 ipso
2062 2176 2202 2232 idem
2228 2177 2384 2232 Pater
2404 2163 2679 2243 lciiiilius,
2712 2167 2799 2233 vel
2829 2165 3211 2234 modulo‘alius
3235 2178 3305 2234 ab
3332 2180 3465 2234 alio.
3514 2179 3688 2234 Pater

355 2288 426 2332 est
462 2276 519 2350 (Ι
556 2275 677 2332 Cor.
713 2276 779 2343 ll,
812 2277 874 2332 H
896 2276 937 2346 ).
970 2275 1153 2330 Sermo
1182 2285 1353 2329 autem
1387 2276 1573 2347 spiritu
1599 2284 1821 2329 structus
1859 2285 1953 2341 est,
2060 2268 2201 2323 enim
2247 2278 2357 2324 tota
2409 2269 2707 2325 substantia
2739 2278 2824 2325 est
2860 2287 2874 2324 :
2906 2266 2982 2343 (ι)
3012 2269 3179 2326 Filius
3223 2286 3359 2327 vero
3399 2271 3687 2328 derivatio

358 2379 411 2426 et
441 2379 499 2424 ut
523 2369 595 2423 ita
616 2368 863 2434 dixerim,
886 2360 1152 2424 sermonis
1176 2383 1371 2437 corpus
1397 2376 1482 2423 est
1505 2370 1743 2438 spiritus.
1765 2368 1899 2424 Sern

2144 2363 2225 2419 ius
2272 2371 2328 2419 et
2376 2363 2575 2433 portio,
2625 2363 2765 2419 sicut
2810 2364 2927 2435 ipse
2979 2363 3281 2434 proﬁtetur,
3316 2365 3457 2430 Quia
3515 2363 3684 2421 Pater

356 2478 486 2533 ergo
530 2472 584 2517 et
628 2462 682 2516 in
704 2461 862 2516 Patre
893 2476 1125 2531 semper,
1158 2461 1297 2517 sicut
1342 2461 1471 2517 dicit
1505 2480 1518 2516 :
1562 2460 1674 2534 Ego
1711 2464 1767 2518 in
1798 2463 1957 2519 Patre
2060 2456 2227 2525 maior
2255 2472 2333 2509 me
2359 2465 2434 2510 εει
2463 2454 2654 2528 (10ml-
2687 2455 2830 2520 ΧΙῩ.
2866 2455 2995 2528 28)-
3045 2458 3086 2513 Α
3118 2473 3227 2528 (illo
3265 2464 3320 2513 ει
3361 2458 3682 2514 minora“!!!
3712 2487 3737 2497 -

359 2554 541 2628 (Joan.
568 2552 710 2615 XIV,
746 2542 774 2608 ‘i
794 2555 863 2624 l).
894 2551 964 2607 Et
990 2553 1128 2622 apud
1155 2554 1318 2609 Deum
1348 2568 1585 2624 semper,
1618 2555 1755 2610 sicut
1783 2556 1900 2624 scrii

2172 2546 2427 2617 )canitur
2480 2547 2532 2601 in
2585 2548 2797 2603 Psalmo
2854 2546 2875 2621 (
2899 2548 3027 2617 VIII,
3058 2547 3153 2621 6),
3214 2548 3489 2604 Modicum
3560 2548 3584 2623 (
3606 2548 3688 2620 ὃ)

357 2654 470 2701 tttm
498 2653 581 2700 est
610 2662 623 2699 :
653 2642 719 2699 Et
741 2643 941 2699 .Sermo
976 2654 1083 2699 erat
1107 2644 1246 2714 apud
1272 2643 1437 2700 Deum
1465 2644 1658 2718 (Joau.
1693 2645 1734 2710 Ι,
1762 2648 1790 2702 1
1824 2648 1863 2715 ).
1887 2647 1898 2702 ]

2137 2639 2180 2692 id
2227 2640 2354 2693 citra
2398 2638 2628 2711 angelos.
2675 2640 2765 2694 Sic
2806 2649 2861 2694 et
2892 2640 3052 2693 Pater
3078 2640 3218 2695 alius
3253 2655 3283 2693 a
3316 2640 3485 2706 Filio,
3543 2641 3678 2696 dum

357 2752 632 2807 nunquam
659 2745 938 2807 separatus
970 2751 999 2788 a
1033 2736 1209 2803 Patre,
1236 2746 1327 2791 aut
1363 2735 1499 2790 alius
1533 2751 1563 2789 a
1595 2737 1772 2802 Patre,
1804 2738 1950 2808 quia,
2060 2730 2198 2786 Filio
2242 2729 2434 2801 major;
2464 2732 2605 2809 dum.
2638 2730 2776 2785 alius
2815 2731 2903 2801 qui
2933 2739 3178 2802 generat,
3211 2732 3346 2786 alius
3377 2733 3472 2802 qui
3505 2747 3678 2803 gene-

355 2827 472 2901 Ego
500 2837 547 2883 et
591 2826 748 2881 Pater
786 2843 942 2881 unum
982 2843 1157 2882 sumus
1201 2828 1380 2898 (Joatt.
1422 2827 1492 2893 Χ,
1525 2828 1639 2902 50).
1686 2828 1813 2884 Ηίιεθ
1849 2831 1955 2886 erit
2058 2832 2245 2887 ratur;
2305 2821 2432 2876 dum
2486 2822 2627 2877 alius
2681 2822 2773 2891 qui
2821 2822 3026 2887 mittit,
3073 2823 3209 2877 alius
3250 2823 3343 2893 qui
3387 2824 3671 2889 mittitur;

356 2921 578 2994 probola
608 2921 869 2988 veritatis,
899 2930 1081 2977 custos
1113 2922 1352 2989 unitatis,
1385 2938 1487 2992 qua
1517 2923 1786 2993 prolatum
1818 2923 1954 2979 dici-
2056 2914 2187 2994 dum
2242 2915 2379 2969 alius
2430 2914 2521 2983 qui
2553 2914 2700 2983 faeil,
2749 2914 2888 2970 alius
2930 2918 3026 2984 pcf
3058 2930 3216 2985 quem
3245 2915 3324 2970 ﬁt.
3348 2912 3501 2973 Bene
3528 2915 3677 2987 Quod

355 2990 475 3072 nius
499 3015 694 3071 Filium
716 3030 746 3069 a
775 3014 956 3082 Patre,
984 3014 1062 3086 (a)
1084 3013 1179 3070 sed
1211 3030 1315 3070 non
1343 2990 1648 3085 separatum
1680 3016 1785 3089 (ὅ),
1816 3016 1953 3071 Pro-
2058 3016 2112 3062 et
2130 2990 2387 3061 Dominus
2416 3021 2542 3061 usus
2569 3005 2672 3061 hoc
2698 3005 2866 3061 verbo
2887 3004 2942 3061 in
2968 3021 3196 3077 persona
3231 3008 3495 3064 Paracleti
3518 3051 3535 3074 ,
3563 3024 3675 3064 non

357 3108 477 3163 tulit
513 3109 655 3163 enim
709 3108 849 3163 Deus
892 3108 1230 3174 Sermonem,
1286 3107 1735 3178 quemadmodum
1785 3110 1947 3164 etiam
2058 3097 2374 3154 diViSionem
2415 3098 2737 3181 significavit
2771 3139 2785 3161 ,
2818 3097 2914 3154 sed
2961 3098 3416 3169 dispositionem:
3452 3100 3677 3174 Rogabo

305 3220 329 3234 ί
356 3200 664 3258 Paracletus
681 3199 857 3265 docet,
880 3199 1018 3255 sicut
1032 3198 1181 3254 radix
1212 3198 1477 3265 fruticem,
1497 3208 1553 3255 et
1571 3199 1691 3255 fons
1707 3200 1947 3267 ﬂuvium,
1977 3214 2022 3276 ο
2054 3192 2189 3248 enim
2212 3235 2228 3258 ν
2272 3191 2443 3262 inquit
2484 3190 2686 3273 (η-Ῐοαη·
2731 3189 2850 3245 XIV
2896 3231 2911 3257 ν
2964 3190 3097 3259 ιδ),
3130 3191 3373 3260 Palmm.
3415 3205 3465 3249 ει
3506 3195 3672 3249 "(iam

355 3300 411 3349 et
454 3290 533 3347 sol
585 3290 812 3346 radium.
855 3288 991 3345 Nam
1034 3298 1088 3345 et
1128 3289 1247 3345 ista:
1291 3290 1499 3359 species
1544 3291 1785 3361 probolae
1827 3309 1896 3347 su

2130 3294 2359 3337 vocatum
2393 3283 2552 3336 mittet
2592 3282 2753 3349 vobis,
2796 3280 3049 3352 Spiritum
3077 3284 3317 3338 ueritatis.
3365 3286 3458 3340 Sic
3500 3286 3671 3340 alium

356 3373 541 3443 earum
567 3385 1012 3451 substantiarum,
1038 3400 1102 3440 ex
1130 3383 1324 3453 quibus
1349 3384 1635 3455 prodeunt.
1662 3385 1772 3441 Nec
1794 3385 1951 3441 dum-
2055 3389 2086 3427 a
2108 3390 2167 3430 se
2189 3373 2822 3445 Paraeletum,quomodo
2842 3382 2898 3429 et
2918 3388 3061 3429 nosa
3085 3373 3242 3431 Patre
3258 3375 3423 3430 alium
3442 3376 3666 3440 Filium,

357 3480 579 3535 taverim
611 3478 805 3532 Ftlium
835 3477 1038 3542 dicere,
1071 3485 1125 3532 et
1155 3476 1349 3532 radicis
1379 3477 1653 3544 fruticem,
1692 3487 1747 3532 et
1791 3477 1898 3533 font

2144 3470 2359 3524 tertium
2386 3468 2609 3539 gradum
2676 3467 2987 3523 ostenderet
3051 3468 3107 3523 in
3153 3467 3433 3525 Paracleto
3461 3512 3487 3535 ,
3528 3470 3670 3525 sicut

356 3572 602 3635 ﬂuvium,
629 3580 683 3625 et
702 3568 831 3624 solis
854 3568 1085 3634 radium;
1113 3568 1234 3638 quia
1262 3568 1438 3625 omnis
1455 3569 1608 3639 origo
1636 3579 1824 3638 patens
1846 3586 1897 3626 es

2124 3577 2157 3617 is
2185 3562 2482 3618 secundum
2514 3562 2565 3615 in
2599 3544 2736 3616 Filio
2755 3601 2770 3625 ,
2800 3571 3020 3630 propter
3054 3562 3374 3617 mcoaomite
3398 3562 3665 3618 observa-

357 3668 412 3712 et
440 3670 599 3712 omne
624 3653 765 3725 quod
809 3669 876 3708 ex
922 3652 1128 3724 origine
1174 3653 1461 3723 profertur,
1507 3655 1785 3726 progenies
1828 3666 1948 3722 est,
2060 3656 2280 3711 tionem.
2304 3655 2482 3726 ipsum
2510 3654 2651 3725 quod
2684 3654 2842 3708 Pater
2865 3662 2920 3708 et
2950 3652 3119 3710 Filius
3159 3654 3448 3722 dicuntur,
3481 3670 3669 3714 nonne

360 3750 528 3805 multo
575 3747 742 3818 magis
771 3744 962 3802 Sermo
1010 3746 1126 3808 Dei,
1155 3745 1246 3814 qui
1290 3745 1450 3799 etiam
1495 3747 1709 3815 proprie
1756 3760 1952 3803 nomen
2057 3747 2202 3802 aliud
2234 3748 2303 3802 ab
2328 3747 2436 3801 alio
2460 3746 2578 3802 est?
2606 3744 2799 3816 Utique
2824 3744 2973 3802 enim
2998 3746 3177 3802 omnia
3207 3747 3352 3817 quod
3379 3758 3663 3812 vocantur,

361 3839 481 3895 Filii
514 3839 720 3909 accepit
745 3857 759 3894 :
783 3851 884 3892 nec
912 3834 1088 3891 frutex
1118 3843 1293 3890 tamen
1322 3852 1351 3890 a
1388 3835 1589 3904 radice,
1622 3851 1721 3892 nec
1761 3838 1955 3895 ﬂuvius
2060 3839 2164 3896 hoc
2186 3849 2379 3895 erunt:
2413 3836 2632 3909 etquod
2660 3846 2857 3903 erunt,
2905 3836 3011 3894 hoc
3049 3837 3429 3894 vocabuntur:
3461 3851 3519 3895 et
3549 3852 3670 3910 per-

360 3918 395 3988 a
423 3932 588 3998 fonte,
635 3944 737 3986 nec
776 3928 958 3984 radius
998 3943 1026 3981 a
1077 3928 1193 3983 sole
1218 3927 1561 3996 discernitur,
1596 3930 1733 3985 sicut
1783 3945 1882 3985 nec
1924 3946 1954 3986 a
2059 3932 2289 3988 miscere
2307 3946 2366 3986 se
2389 3930 2672 3985 diversitas
2690 3928 3073 3985 vocabulorum
3097 3939 3397 4000 nonpotest
3414 3932 3661 3997 omnino,

362 4022 474 4078 Deo
497 4023 708 4077 Sermo.
735 4019 900 4091 igitur
927 4018 1222 4075 secundum
1242 4019 1433 4074 horum
1450 4021 1815 4091 exemplorum
1845 4021 1955 4078 for-
2059 4026 2182 4096 quia
2212 4040 2313 4080 nec
2347 4037 2549 4086 rerum,
2582 4037 2809 4092 quarum
2837 4031 2995 4077 erunt
3018 4021 3294 4077 vocabula.
3320 4020 3417 4077 Esi
3438 4035 3534 4090 est,
3562 4039 3665 4077 non

363 4130 526 4179 mam,
556 4112 808 4184 proﬁteor
833 4127 923 4167 me
941 4111 1078 4175 duos
1103 4111 1305 4177 dicere,
1341 4112 1510 4167 Deum
1549 4121 1606 4169 et
1633 4114 1957 4170 Sermonem
2060 4134 2165 4173 non
2193 4132 2211 4171 :
2238 4132 2360 4171 nam
2392 4115 2527 4187 quod
2563 4115 2784 4187 amplius
2834 4123 2935 4179 est,
2976 4115 3072 4170 hoc
3096 4130 3130 4169 a
3168 4114 3304 4170 malo
3328 4125 3402 4172 est
3439 4114 3656 4190 (Matth.

363 4206 497 4278 ejus,
518 4205 725 4260 Patrem
757 4213 811 4260 et
842 4202 1033 4258 Filium
1057 4204 1242 4273 ipsius.
1272 4203 1407 4258 Nam
1432 4213 1488 4260 et
1514 4205 1662 4261 radix
1694 4217 1748 4262 ct
1776 4207 1954 4264 frutex
2063 4209 2104 4265 V
2138 4251 2154 4279 ,
2184 4209 2300 4281 57).
2714 4204 2943 4263 CAPUT
2981 4205 3053 4263 Χ.

363 4299 482 4356 dua:
513 4313 597 4354 res
628 4307 773 4361 sunt,
806 4297 902 4354 sed
928 4295 1251 4368 conjunctaz.
1281 4297 1345 4352 Et
1371 4297 1492 4353 fons
1519 4309 1571 4354 et
1594 4297 1793 4355 ﬂumen
1835 4301 1958 4357 duze
2166 4303 2241 4360 ita
2305 4313 2397 4359 aut
2470 4303 2630 4358 Pater
2666 4302 2764 4357 ‘aut
2824 4300 2992 4357 Filius
3033 4312 3116 4358 est
3155 4344 3168 4367 ,
3220 4310 3275 4359 et
3297 4318 3476 4377 neque
3549 4306 3663 4363 dies

362 4394 571 4468 species
588 4400 730 4471 sunt,
756 4392 851 4448 sed
881 4390 1137 4447 indit-isse.
1161 4390 1331 4447 Etsol
1354 4402 1409 4447 et
1438 4392 1618 4448 radius
1636 4392 1959 4451 dumforma:
2061 4400 2248 4457 eadem
2278 4410 2332 4455 et
2371 4413 2475 4455 nox
2496 4440 2512 4465 ,
2546 4413 2722 4469 neque
2755 4397 2917 4453 Pater
2945 4397 3086 4454 idem
3132 4406 3187 4454 et
3222 4397 3391 4455 Filius
3414 4442 3428 4463 ,
3462 4409 3521 4455 ut
3560 4401 3665 4456 sint

363 4496 510 4551 sunt,
541 4483 636 4539 sed
663 4483 1018 4538 coharrentes.
1049 4481 1221 4538 Omne
1249 4482 1393 4554 quod
1434 4485 1612 4555 prodit
1640 4502 1704 4540 cx
1732 4486 1914 4557 aliquo
1935 4528 1950 4556 ,
2061 4494 2220 4548 ambo
2246 4507 2383 4547 unus
2406 4500 2461 4547 et
2481 4500 2771 4561 utrumque
2798 4490 2974 4547 alter:
3000 4490 3145 4562 quod
3172 4489 3246 4564 (ε)
3270 4492 3548 4548 mitissimi
3576 4490 3661 4547 isti

365 4578 657 4635 secundum
703 4578 772 4632 sit
821 4577 937 4647 ejus
976 4591 1198 4633 necesse
1243 4588 1327 4634 est
1353 4578 1422 4633 de
1469 4596 1576 4650 quo
1618 4581 1812 4651 prodit,
1847 4596 1952 4638 non
1982 4607 2036 4668 Ι)
2063 4584 2429 4641 mooarchiani
2459 4585 2661 4640 volunt.
2699 4584 2816 4653 Ipse
2842 4598 2936 4651 se,
2984 4585 3270 4656 inquiunt,
3316 4585 3511 4641 Filium
3562 4584 3662 4642 sibi

365 4672 487 4729 ideo
514 4682 687 4727 tamen
715 4680 795 4726 est
824 4680 1155 4740 separatum.
1186 4669 1466 4729 Secundus
1481 4684 1674 4737 autem
1687 4676 1787 4733 ubi
1830 4686 1914 4731 est
1938 4718 1952 4743 ,
2064 4677 2215 4734 fecit.
2245 4678 2443 4747 Atquin
2476 4676 2633 4732 Pater
2659 4675 2850 4731 Filium
2880 4675 3038 4743 facit,
3064 4685 3119 4733 et
3144 4676 3353 4732 Patrem
3376 4675 3663 4735 Filius.'Et

364 4764 473 4823 duo
498 4772 643 4819 sunt.
673 4761 741 4818 Et
775 4764 965 4818 tertius
1003 4762 1091 4818 ubi
1119 4772 1222 4832 est,
1255 4773 1363 4821 tres
1391 4774 1535 4820 sunt.
1559 4765 1773 4821 Tertius
1814 4769 1957 4824 enim
2061 4772 2154 4841 qui
2209 4785 2276 4824 ex
2320 4768 2580 4825 alterutro
2603 4769 2758 4837 ﬁunt,
2791 4785 2820 4824 a
2868 4770 3174 4840 semetipsis
3219 4770 3319 4826 sibi
3352 4772 3467 4827 ﬁeri
3514 4771 3658 4827 nullo

1597 4860 1980 4923 LECTIONES
2018 4864 2428 4923 VARIANTES.

2091 2156 2383 2167 ——-—————___.

430 4952 503 5020 (1)
541 4951 716 5020 Utatur
740 4951 895 5020 Frqn.
915 4949 1083 5020 Paris.
1099 4950 1267 5003 utetur
1288 4952 1392 5005 Lat.
2137 4958 2210 5020 (.t)
2236 4959 2506 5009 Pertendat
2524 4968 2635 5012 Jun.

429 5013 503 5079 β)
540 5017 610 5079 Ad
634 5013 780 5065 ξηδεν,
814 5013 976 5079 ματίῃ,
1438 5068 1454 5078 ε
1578 5034 1579 5037 η
2139 5013 2211 5079 (5)
2247 5022 2403 5072 Minor
2427 5029 2541 5071 natu
2561 5022 2715 5074 Rhea.
2757 5022 2907 5074 Seml.
2936 5023 3132 5077 Oberth.

430 4953 472 5015 (‘l
541 4952 716 5024 Utatur
740 4952 895 5000 Fratt.
915 4952 1083 5020 Paris.
1099 4952 1267 5003 ηιθιώ
1288 4952 1392 5005 Lat.
2137 4961 2187 5019 (.i
2236 4959 2506 5009 Pertendat
2524 4968 2635 5012 Jun.

429 4952 976 5145 euasisse
1438 5068 1454 5078 ε
1578 5034 1579 5037 τ
2137 4958 3037 5148 si

1751 5164 2306 5227 COMMENTARIUS.

361 5261 555 5329 ριῦτος.
580 5253 703 5311 Rte.
1376 5337 1381 5343 .
2077 5262 2315 5343 lianum,
2332 5269 2517 5343 utpote
2541 5262 2632 5333 qui
2650 5303 2666 5329 ,
2690 5277 2812 5319 cum
2849 5265 2961 5343 jam
2988 5262 3193 5343 dudum
3230 5273 3357 5321 ante
3407 5265 3650 5343 μυθεῖαι

443 5346 522 5473 (a)
552 5346 659 5401 Sed
679 5363 780 5401 non
809 5356 1123 5415 separatum.
1152 5347 1308 5405 Unde
1333 5337 1411 5406 tot
1441 5354 1765 5419 qntestioucs
1790 5363 1967 5411 utrum

464 5438 490 5471 υ
520 5418 609 5473 iud
636 5433 667 5472 a
698 5418 876 5473 Patre:
906 5418 1052 5473 auod
1094 5436 1201 5473 non
1245 5421 1579 5473 conceditur.
1609 5428 1856 5473 utimnvis
1899 5428 1970 5473 sit

2106 5333 2187 5387 tl'ii
2210 5331 2506 5403 scripserit,
2521 5331 2628 5388 non
2653 5349 2818 5405 usque
2841 5331 2979 5391 adeo
2999 5334 3159 5395 verba
3176 5351 3273 5391 sua
3292 5340 3647 5396 trutinaverit.

2106 5403 2351 5459 enteutia
2368 5419 2498 5459 vero
2526 5404 2664 5473 ejus,
2683 5406 3080 5473 quodejusdem
3105 5409 3211 5463 sint
3232 5407 3523 5465 subtantize
3550 5412 3647 5473 Pa-_

372 5404 609 5503 sit‘aiiu't‘l
636 5433 667 5472 a
698 5404 876 5485 Patre;
906 5418 1052 5489 quod
1094 5404 1201 5476 non
1245 5404 1913 5499 editoeditdéfq'oainli's":

2109 5404 2501 5503 vero
2526 5404 2827 5503 Ejus-Lquod
2838 5406 3080 5503 ejusdem
3093 5409 3211 5503 [sint
3232 5407 3523 5465 subtantize
3550 5412 3650 5477 Pa:

371 5473 531 5548 ilius.
563 5487 685 5545 Rw.
840 5473 876 5485 ν.
925 5473 1051 5543 η
1251 5473 1579 5490 π--νν-η--ι
1613 5473 1856 5499 “ι““·”·”’“
1899 5473 1970 5483 "'
2076 5484 2239 5561 terea
2260 5473 2426 5561 Filius
2453 5486 2507 5531 et
2528 5473 2759 5547 Spiritus
2785 5473 3170 5561 miﬂifeﬁﬂmv
3198 5489 3315 5561 εξεηι,
3346 5495 3413 5535 ⁸⁸
3454 5473 3648 5561 Ρτὲθοθέ

494 5544 503 5545 ’
646 5544 651 5545 ’
968 5606 979 5617 .
1010 5606 1022 5618 .
1184 5568 1191 5571 τ
1308 5576 1327 5591 η
2072 5544 2344 5601 dentibus.
2381 5556 2492 5601 tum
2523 5544 2588 5602 ei
2615 5551 2962 5619 sequentibus
3002 5544 3163 5618 hujus
3199 5549 3316 5605 libri
3354 5544 3483 5620 cap;
3513 5554 3642 5610 Pan.

723 5603 896 5691 ᾤ)
912 5603 1083 5662 Filius
1094 5623 1211 5664 vero
1224 5610 1675 5691 deriuatio._Rec_te
1693 5615 1968 5691 annotavit
2142 5616 2295 5672 CAP.
2309 5614 2473 5691 ΑΧᾼ-τ-
2498 5616 2576 5691 (c)
2600 5615 2873 5681 Vanissimi
2897 5622 2980 5675 isti
3016 5622 3384 5676 muarchiui.
3404 5623 3647 5679 Nonnulli

373 5678 442 5740 ad
469 5676 769 5752 marginem
794 5676 1086 5738 Rhenanus
1109 5693 1266 5741 caute
1294 5684 1383 5741 hic
1403 5684 1510 5759 tegi
1534 5685 1735 5745 debere
1754 5685 1965 5744 Tertul-
2070 5687 2327 5765 praxeani
2360 5676 2678 5750 Trinitatem
2697 5676 2892 5766 negare
2902 5676 3649 5766 videbanturgconteudehant
