1951 3156
111 130 156 158 165

657 128 735 156 LIBE
742 129 761 156 ll
782 127 966 156 ADVERSUS
987 128 1162 156 PRAXEAM.

1679 131 1731 160 l66

108 188 183 216 tnodo
197 191 321 223 possunt,
337 191 368 214 ιιι
381 187 455 214 Pater
467 192 494 213 se
507 185 556 213 sibi
571 185 668 213 Filium
682 186 780 220 faciat,
796 191 824 214 et
838 185 881 214 Fi-
896 190 922 219 Α
935 193 1104 221 quocumque
1115 194 1168 214 non
1185 186 1294 221 fecerit,
1311 195 1363 214 non
1379 187 1439 223 quia
1467 195 1519 215 non
1534 180 1650 224 potuerit
1661 209 1668 222 ,
1683 187 1733 217 sed

107 234 153 261 lius
165 241 193 261 se
201 234 245 261 sibi
257 233 364 260 Patrem
378 237 489 268 pnestet.
502 233 566 266 Quae
578 232 691 259 instituit
703 232 788 266 Deus,
800 232 880 261 etiam

106 280 159 315 ipse
174 279 288 307 custodit.
310 278 416 306 Habeat
430 285 535 306 necesse
548 283 589 305 est
614 277 694 306 Pater
716 277 831 312 Filium,
854 283 882 306 ut

108 327 180 355 Pater
192 327 238 360 sit;
252 330 275 353 et
289 324 378 353 Filius
390 325 491 353 Patrem
512 345 519 357 ,
533 329 563 352 ιιι
577 324 661 352 Filius
675 325 729 358 sit;
753 324 824 352 aliud
840 328 882 352 est

106 378 187 400 autem
200 371 288 399 habere
303 392 311 405 ,
326 370 399 398 aliud
419 378 486 399 esse.
509 369 590 398 Verbi
605 371 689 406 gratia
703 391 710 404 ,
726 375 754 398 ιιι
770 371 881 398 maritus

100 405 169 450 sui,
193 418 293 450 habeam
317 421 424 453 oportet
448 425 554 445 uxorem
568 438 575 450 ,
593 425 645 444 non
671 418 726 453 ipse
747 417 812 445 mihi
834 424 881 445 ero

107 471 176 491 uxor.
192 463 230 491 Sic
242 462 318 491 etiam
333 484 340 497 ,
359 467 386 490 ut
408 469 481 498 paler
500 463 568 497 sint,
592 463 676 491 ﬁlium
700 463 803 496 habeo;
827 471 881 491 tton

107 511 156 545 ipse
167 510 223 537 milti
235 518 276 538 ero
289 509 370 537 ﬁlius.
383 509 419 538 Et
433 509 539 538 utﬁlius
567 510 617 538 sint
631 531 638 543 ,
652 514 754 545 patrem
783 509 880 543 habeo,

107 564 152 583 non
170 557 221 591 ipse
240 555 300 584 mihi
322 564 369 584 ero
387 560 470 591 paler.
497 556 562 590 Quae
576 556 648 584 enim
671 564 714 584 me
740 556 839 584 faciunt
858 556 881 584 si

106 603 301 634 habuero,tunc
322 610 369 630 ero
384 608 467 637 pater,
491 603 514 630 si
536 602 618 629 ﬁlium
650 602 787 635 habeam;
810 602 881 630 ﬁlius

105 657 161 683 ero,
175 649 197 677 si
210 654 315 684 patrem.
337 648 421 676 Porro
445 649 467 676 si
480 648 537 684 ipse
549 656 596 676 ero
619 649 682 684 quid
703 657 812 681 eorutn,
825 649 881 684 jam

105 703 150 723 non
162 695 237 723 habeo
249 695 318 731 quod
331 696 388 731 ipse
400 702 447 723 ero
461 704 467 722 :
480 703 529 722 nec
549 700 651 730 patrcnt
667 716 674 728 ,
687 695 749 730 quia
764 696 819 730 ipse
834 702 881 723 ero

105 747 184 776 pater;
200 748 241 770 nec
271 741 355 769 ﬁlium
372 762 379 775 ,
397 742 457 777 quia
470 741 527 776 ipse
543 749 590 769 ero
607 742 692 769 filius-
705 742 733 769 ln
753 747 880 776 quantum

104 791 182 815 autem
194 787 297 815 alterunt
321 796 353 816 ex
371 787 411 816 his
432 787 530 815 habere
554 795 596 815 me
611 793 737 823 oportet,
766 788 880 816 alterunt

103 841 155 862 esse
168 843 174 866 ;
189 834 211 861 in
224 838 322 861 tantum
336 833 359 861 si
373 837 515 869 utrumque
526 833 612 868 fuero,
624 834 738 862 alterum
751 842 805 862 non
819 843 877 869 ero,

103 880 158 908 dum
178 880 282 908 alterum
297 888 351 908 non
373 881 469 908 ltabeo.
487 880 514 908 Si
533 882 603 908 enint
619 881 678 916 ipse
692 889 738 909 ero
752 881 822 909 illius
835 882 880 917 qui
895 891 919 921 Β

103 927 281 962 etpater,jam
298 935 352 954 nott
377 927 466 955 habeo
487 928 589 962 ﬁlittttt,
613 927 660 955 sed
686 928 743 964 ipse
758 936 817 956 sum
850 929 882 956 ﬁ-

104 972 155 998 lius.
169 971 221 999 Non
243 972 366 1000 habendo
380 979 468 1000 autern
495 973 578 1000 ﬁliuttt
594 994 601 1006 ,
618 973 680 1001 dum
705 974 762 1008 ipse
777 982 837 1002 suttt
852 975 880 1001 fl-

103 1017 145 1045 lius
158 1038 164 1051 ,
176 1020 299 1053 quomodo
314 1024 390 1055 pater
403 1019 461 1047 ero?
473 1019 576 1047 llabere‘
598 1021 668 1048 euiut
682 1020 764 1048 filiutn
784 1021 880 1055 debeo,

103 1067 126 1090 ut
147 1068 214 1099 pater
235 1066 292 1092 sim.
318 1064 378 1093 Non
404 1073 463 1093 sum
488 1074 553 1101 ergo
574 1066 643 1094 ﬁlius
658 1087 665 1099 ,
691 1067 752 1102 quia
777 1072 881 1102 patreut

103 1115 147 1137 non
159 1109 246 1144 habeo,
261 1111 306 1146 qui
323 1111 386 1138 facit
400 1111 494 1139 ﬁlium.
508 1111 596 1147 Eque
619 1112 642 1139 si
662 1113 718 1147 ipse
732 1120 790 1140 sum
806 1118 882 1148 pater

101 1157 137 1191 qui
146 1162 170 1184 et
182 1157 318 1193 ﬁlitts,jant
330 1167 388 1186 non
397 1158 484 1186 habeo
496 1164 612 1194 patrem,
627 1159 673 1187 sed
687 1159 744 1194 ipse
759 1167 817 1187 sum
831 1168 881 1195 pa-

101 1208 142 1236 ter;
157 1212 204 1231 non
217 1204 340 1232 ltabettdo
354 1210 441 1232 autem
454 1205 640 1240 patrem,dum
653 1206 708 1240 ipse
722 1212 781 1232 SUIII
794 1211 879 1241 pater,

100 1250 217 1285 quomodo
233 1251 303 1279 ﬁlius
316 1252 376 1278 ero?
389 1251 493 1279 Habere
504 1253 574 1280 enint
587 1253 792 1287 patremdebeo,
810 1258 837 1280 ut
849 1253 880 1280 ﬁ-

102 1297 144 1323 lius
155 1298 211 1325 siut.
225 1297 281 1326 Non
298 1306 362 1333 ergo
376 1306 423 1326 ero
437 1303 523 1334 pater,
539 1299 600 1334 quia
616 1298 697 1325 ﬁlium
713 1306 766 1326 non
782 1298 879 1334 habeo,

101 1343 137 1379 qui
149 1344 205 1371 facit
219 1350 330 1380 patreut.
351 1344 407 1372 Hoc
423 1346 474 1373 erit
490 1350 575 1373 totum
599 1345 733 1381 ingenium
758 1346 856 1374 diaboli
871 1367 878 1379 ,

99 1390 197 1418 alterum
221 1399 251 1420 cx
291 1392 378 1419 altero
410 1391 575 1426 excludere,
600 1392 663 1419 dum
689 1397 829 1428 utrumque
853 1393 880 1420 iu

100 1444 166 1464 unum
191 1438 237 1465 sub
250 1438 415 1466 monarcbize
435 1438 524 1466 favore
548 1438 730 1473 concludens,
757 1444 880 1466 neutrum

99 1481 175 1511 haberi
189 1483 257 1511 facit.
273 1483 348 1511 Utet
370 1490 446 1519 pater
471 1491 524 1511 non
539 1483 582 1517 sit,
602 1485 646 1518 qui
671 1484 774 1511 scilicet
796 1484 879 1512 lilium

99 1535 141 1555 non
155 1529 250 1563 habet;
271 1534 299 1557 et
323 1529 392 1557 ﬁlius
413 1537 465 1557 non
481 1530 525 1563 sit,
541 1530 585 1565 qui
606 1537 682 1565 atque
704 1536 806 1565 patrem
825 1539 879 1558 non

98 1574 173 1611 habet,
188 1576 251 1604 Dum
265 1577 338 1604 euittt
353 1582 429 1612 pater
443 1583 484 1604 est
498 1597 507 1610 ,
523 1576 593 1604 ﬁlius
607 1584 661 1604 non
675 1577 735 1604 erit.
763 1578 808 1606 Sic
821 1585 878 1605 tuo-

934 234 995 267 quia
1011 233 1136 260 noluerit.
1166 233 1211 260 Dei
1227 234 1298 261 enirn
1325 241 1402 268 posse
1416 255 1423 267 ,
1452 235 1523 262 velle
1545 241 1605 267 est;
1630 240 1656 263 et
1679 242 1733 263 non

907 273 1246 318 igitggLﬂtqteﬁigumt
1260 273 1450 307 autemrvoluit
1462 272 1611 315 ,bct‘potnit

934 325 1028 364 tendit.
1043 324 1115 360 Ergo
1128 326 1189 361 quia
1203 326 1226 354 si
1239 326 1320 353 voluit
1334 327 1509 361 semetipsum
1522 327 1572 354 sibi
1580 326 1676 355 Filiunt
1694 328 1733 355 fa-

934 380 996 400 cere
1010 393 1018 407 ,
1035 374 1139 408 potuit;
1154 378 1181 401 et
1194 374 1255 408 quia
1270 374 1292 401 si
1309 375 1415 409 potuit,
1432 373 1496 401 fecit
1510 382 1516 401 :
1529 378 1593 401 tuttc
1608 375 1734 409 probabis

934 418 1009 446 illum
1018 423 1044 447 et
1051 419 1170 454 potuisse
1178 424 1205 447 et
1213 419 1338 452 voluisse,
1349 420 1370 446 si
1381 419 1617 455 probaverisillum
1625 420 1731 448 fecisse.

1248 480 1363 516 CKPUT
1383 486 1428 515 XI.

970 552 1088 581 Probare
1102 559 1191 581 autent
1205 558 1258 581 tam
1270 558 1361 589 aperte
1382 554 1493 583 debebis
1514 563 1546 584 ex
1567 556 1732 592 Scripturis,

933 608 1012 635 quam
1027 609 1076 628 nos
1088 601 1232 636 probamus
1245 601 1318 628 illum
1333 601 1382 629 sibi
1399 601 1494 629 Filium
1509 602 1604 630 fecisse
1624 603 1734 632 Sermo-

934 654 995 674 nem
1011 654 1099 674 suuut.
1114 647 1143 674 Si
1156 648 1227 674 enittt
1251 646 1347 674 Filium
1371 648 1511 682 nominat,
1534 648 1617 675 Filius
1641 654 1732 677 autem

934 701 986 720 non
1002 693 1069 720 alius
1084 694 1136 720 erit
1149 701 1229 728 quant
1244 694 1287 728 qui
1304 701 1336 720 cx
1360 694 1417 728 ipso
1433 694 1551 729 prodiit;
1567 694 1663 723 Sermo
1684 703 1731 723 au-

934 742 986 765 tent
1001 737 1097 772 prodiit
1109 746 1141 766 ex
1158 740 1215 773 ipso
1230 760 1236 772 ,
1256 739 1299 766 ltic
1313 740 1362 767 erit
1377 739 1460 767 Filius
1472 760 1479 773 ,
1495 748 1549 768 non
1564 741 1620 775 ipse
1632 741 1667 769 de
1678 750 1733 777 quo

934 784 1042 819 prodiit.
1056 784 1113 812 Non
1127 785 1199 812 enim
1216 785 1273 820 ipse
1289 786 1388 821 prodiit
1403 793 1435 813 ex
1457 787 1611 821 Semetipso.
1625 787 1709 815 Porro
1724 808 1732 821 ,

933 832 978 865 qui
991 831 1116 859 eumdem
1129 831 1234 859 Patrem
1247 831 1314 859 dicis
1326 837 1353 859 ct
1367 831 1462 859 Filium
1472 853 1479 866 ,
1496 833 1621 860 eumdem
1632 838 1658 860 et
1671 841 1733 868 pro-

934 877 1026 905 tulisse
1038 886 1069 905 ex
1085 879 1230 913 semetipso
1242 878 1307 906 facis
1320 900 1327 913 ,
1343 883 1369 906 et
1383 879 1503 914 prodisse
1515 880 1584 914 quod
1600 880 1668 907 Deus
1680 884 1733 910 est.

933 924 960 953 Si
974 925 1059 961 potuit
1070 925 1184 958 fecisse,
1201 934 1253 953 non
1271 933 1358 954 tamen
1371 925 1445 954 fecit.
1461 928 1513 954 Ant
1529 927 1626 955 exhibe
1640 927 1734 962 proba-

934 972 1032 999 tionem
1049 980 1128 1007 qttam
1157 973 1299 1008 expostulo
1321 981 1387 1001 metu
1403 973 1538 1007 similent;
1564 974 1590 1002 id
1610 980 1669 1007 est,
1693 975 1734 1003 sic

932 1019 1084 1053 Scripturas
1110 1021 1233 1048 eumdem
1255 1019 1350 1047 Filium
1380 1025 1407 1047 et
1441 1020 1544 1048 Patrem
1569 1022 1732 1056 Ostendere,

932 1065 1157 1099 quemadmodum
1172 1065 1242 1101 apud
1256 1074 1306 1093 nos
1318 1066 1442 1094 distincte
1455 1066 1534 1095 Pater
1546 1071 1574 1094 et
1587 1067 1670 1094 Filius
1684 1068 1732 1095 de—

932 1115 1136 1144 ntonsuantur;
1151 1111 1277 1139 distincte
1289 1133 1296 1144 ,
1313 1111 1422 1146 ittquam
1436 1133 1443 1144 ,
1467 1119 1520 1139 non
1543 1112 1627 1140 divise
1642 1133 1649 1144 ,
1664 1114 1733 1141 sicut

932 1164 982 1192 ego
993 1157 1098 1192 profero
1111 1157 1211 1185 dictum
1222 1166 1236 1184 tt
1254 1158 1307 1185 Deo
1320 1158 1465 1186 :Eructavit
1479 1167 1522 1186 cor
1535 1167 1616 1186 nteant
1629 1158 1733 1187 Sermo-

932 1211 989 1230 nem
1016 1204 1139 1238 optimum
1164 1202 1223 1239 (1‘s.
1241 1203 1339 1237 XLIV,
1360 1203 1400 1238 i).
1421 1205 1474 1235 Sic,
1493 1210 1520 1232 tu
1533 1210 1625 1232 contra
1648 1213 1733 1240 oppo-

932 1257 981 1277 nas
997 1271 1004 1283 ,
1021 1250 1117 1278 alicubi
1133 1250 1232 1278 dixisse
1249 1250 1331 1277 Deum
1345 1271 1352 1285 ,
1371 1250 1501 1278 Eructavit
1516 1260 1560 1278 cor
1580 1260 1664 1278 meum
1679 1260 1731 1279 ser-

932 1299 1031 1322 monem
1046 1296 1181 1331 optimum,
1198 1301 1226 1323 ut
1240 1296 1298 1332 ipse
1313 1296 1348 1323 sit
1359 1297 1404 1332 qui
1420 1302 1447 1325 et
1460 1298 1599 1332 eructavit,
1612 1302 1639 1326 et
1658 1298 1731 1334 quod

933 1342 1063 1369 eruetavit
1077 1350 1083 1375 ;
1097 1347 1124 1369 ct
1138 1342 1195 1377 ipse
1210 1342 1254 1377 qui
1270 1342 1427 1377 protulerit,
1443 1348 1471 1371 et
1484 1344 1528 1379 qui
1544 1344 1664 1379 prolatus
1677 1345 1729 1378 sit,

932 1388 953 1415 si
969 1388 1027 1422 ipse
1040 1394 1082 1415 est
1097 1394 1121 1415 et
1137 1388 1232 1416 Sermo
1246 1394 1273 1416 et
1287 1389 1367 1417 Dctts.
1384 1389 1452 1418 Ecce
1475 1398 1525 1426 ego
1539 1399 1661 1427 propono
1681 1391 1731 1419 Pa-

932 1436 999 1460 trem
1014 1433 1081 1461 Filio
1093 1434 1210 1462 dixisse:
1227 1434 1312 1462 Filius
1325 1444 1394 1462 meus
1409 1444 1435 1463 es
1450 1441 1476 1463 tu
1489 1457 1497 1469 ,
1510 1444 1554 1471 ego
1569 1437 1644 1464 hodie
1656 1445 1731 1473 gene-

931 1480 985 1506 ravi
1009 1485 1032 1507 te
1048 1479 1106 1516 (Ps.
1130 1480 1171 1515 ll,
1188 1480 1228 1517 7).
1251 1482 1278 1509 Si
1294 1482 1362 1509 velis
1389 1487 1418 1509 ttt
1437 1483 1544 1510 credam
1562 1484 1646 1518 ipsunt
1670 1491 1731 1512 esse

932 1525 1037 1554 Patrem
1053 1531 1079 1553 et
1094 1526 1190 1554 Filium
1207 1548 1214 1560 ,
1230 1528 1343 1555 ostende
1363 1528 1403 1556 sic
1422 1530 1623 1563 prortuntiatum
1645 1529 1728 1564 alibi,

934 1582 944 1599 ι
959 1573 1087 1601 Dominus
1101 1574 1168 1601 dixit
1182 1575 1214 1602 ad
1229 1564 1277 1608 se;
1296 1575 1379 1602 Filius
1399 1582 1475 1603 meus
1497 1583 1557 1603 sunt
1581 1584 1631 1612 ego
1644 1597 1652 1611 ,
1678 1585 1729 1614 ego

97 1623 214 1650 narcltiam
228 1629 329 1657 tenent,
343 1624 387 1659 qui
399 1631 449 1651 nec
463 1628 564 1659 patrem
572 1631 621 1651 nec
630 1624 712 1651 ﬁlium
727 1625 875 1652 continent.

930 1619 1009 1647 ltodie
1024 1621 1149 1655 generavi
1164 1628 1207 1648 me
1221 1630 1230 1647 ι
1247 1642 1253 1654 ,
1271 1621 1385 1656 proinde
1405 1626 1431 1658 et
1446 1630 1452 1648 :
1473 1630 1482 1647 ‹
1499 1622 1568 1649 Ante
1590 1622 1729 1651 luciferum

96 1668 139 1697 Sed
152 1667 213 1698 nihil
236 1672 291 1699 Deo
317 1671 437 1698 difﬁcile.
453 1670 519 1704 Quis
533 1671 583 1698 hoc
596 1671 719 1698 nesciat?
733 1677 759 1698 et
779 1672 875 1706 impos-

95 1715 164 1742 sibilia
175 1717 241 1752 apud
265 1717 386 1744 saeculum
399 1738 407 1750 ,
423 1716 555 1753 possibilia
578 1717 648 1752 apud
662 1716 744 1744 Deum
768 1717 874 1753 (Matth.

97 1760 145 1789 XIX
158 1783 165 1795 ,
177 1763 223 1799 26)
237 1764 297 1799 quis
306 1764 437 1801 ignoret?
467 1763 500 1791 Et
513 1764 591 1791 stulta
606 1764 693 1791 mundi
709 1764 781 1799 elegit
794 1764 873 1798 Deus,

95 1809 255 1845 utconfundat
267 1811 419 1844 sapientiam
436 1810 462 1846 (Ι
485 1808 546 1838 Cor.
562 1809 591 1843 l,
616 1809 662 1846 27)
685 1810 724 1846 (l)
741 1819 748 1838 :
764 1811 876 1846 legimus

94 1855 177 1883 omnia.
192 1856 271 1891 Ergo,
290 1856 423 1891 inquiunt,
440 1856 550 1884 difficile
564 1865 617 1887 non
632 1856 682 1884 fuit
697 1857 753 1885 Deo
765 1878 772 1890 ,
789 1858 874 1892 ipsum

94 1907 148 1929 seet
160 1908 259 1937 patrem
274 1907 301 1930 et
313 1903 396 1930 filium
412 1902 502 1931 facere
513 1924 521 1936 ,
535 1903 665 1931 adversus
681 1904 805 1931 traditam
822 1904 874 1932 for-

95 1953 150 1974 mam
169 1949 248 1976 rebus
261 1948 398 1981 humanis,
414 1957 474 1976 naut
492 1954 519 1976 et
532 1949 650 1977 sterilem
666 1954 873 1984 parcrc,coutra

94 1999 206 2030 naturam,
222 1996 331 2023 difficile
346 1996 402 2023 Deo
416 2004 467 2022 ιιοιι
489 1996 548 2030 fuit,
571 1995 640 2024 sicut
655 2003 705 2023 nec
731 1997 871 2032 virginem.

94 2038 160 2069 Plane
171 2042 235 2070 nihil
251 2043 307 2070 Deo
322 2042 441 2070 difﬁcile.
465 2042 519 2070 Sed
545 2043 568 2070 si
585 2047 637 2070 tam
656 2043 694 2079 (‘2)
707 2043 819 2079 abrupte
845 2045 872 2072 in

94 2089 328 2123 pmutnptionibus
336 2089 433 2115 nostris
443 2088 492 2116 hac
503 2089 634 2116 sententia
642 2095 757 2122 utantur,
768 2089 873 2125 quidvis

93 2132 120 2160 de
130 2134 176 2163 Deo
187 2135 342 2171 conﬁngere
358 2136 505 2170 poterimus
517 2156 524 2169 ,
539 2136 615 2171 quasi
630 2136 742 2169 fecerit,
759 2137 820 2171 quia
835 2137 872 2163 fa-

94 2186 142 2208 cere
154 2183 274 2216 potuerit.
291 2181 349 2209 Non
366 2187 453 2209 autem
477 2183 537 2217 quia
553 2183 642 2209 omnia
663 2187 751 2217 potest
764 2182 852 2210 facere
864 2204 871 2215 ,

94 2225 141 2254 ideo
153 2229 282 2264 utique(5)
299 2228 463 2256 credendum
480 2235 519 2256 est
544 2229 619 2256 illutn
648 2227 743 2256 fecisse
756 2250 763 2262 ,
790 2231 871 2256 etiam

93 2273 148 2306 quod
161 2283 208 2302 non
227 2276 340 2307 fecerit;
357 2275 402 2302 sed
417 2281 450 2301 an
466 2274 578 2306 fecerit,
605 2274 806 2309 requirendum.
821 2274 871 2302 Po-

94 2318 131 2345 tuit
142 2319 176 2356 (ι)
193 2343 200 2354 ,
217 2322 253 2348 ita
268 2321 357 2348 salvus
370 2320 421 2348 sint
435 2343 441 2353 ,
463 2321 532 2348 Deus
555 2321 650 2356 pennis
676 2322 813 2349 hominem
837 2320 870 2348 ad

93 2363 210 2395 velandum
227 2367 388 2394 instruxisse
402 2388 408 2399 ,
425 2367 496 2401 quod
512 2372 538 2394 et
548 2367 636 2394 ntilvis
647 2367 792 2403 praestitit;
815 2375 868 2394 non

94 2414 235 2450 lamen,quia
250 2415 345 2449 potuit,
360 2415 447 2440 statim
460 2419 486 2442 et
499 2413 571 2442 fecit.
587 2414 713 2443 Potuitet
726 2414 867 2448 Praxeaut,

93 2459 112 2483 et
123 2465 202 2488 omnes
216 2461 318 2495 pariter
341 2460 482 2488 haireticos
506 2460 597 2487 statim
622 2460 790 2492 extinxisse;
816 2468 868 2488 non

93 2506 234 2543 Meu,quia
244 2508 342 2543 potuit,
351 2507 475 2534 extinxit.
490 2506 638 2541 Oportebat
649 2506 720 2534 enim
733 2511 760 2534 et
772 2506 869 2534 milvos

93 2554 139 2579 αιο
150 2572 157 2586 ,
168 2558 194 2581 et
204 2553 350 2582 haereticos
363 2562 370 2581 :
395 2552 538 2588 oportebat
557 2558 583 2580 et
606 2552 722 2587 Patrem;
736 2552 866 2587 cruciﬁgi.

93 2593 136 2627 the
150 2601 250 2630 ratione
263 2601 316 2630 erit
329 2599 432 2636 aliquid
447 2604 474 2628 et
486 2599 594 2629 difﬁcile
621 2600 676 2628 Deo
689 2608 696 2633 ;
712 2599 738 2626 id
765 2598 869 2627 scilicet

927 1667 1053 1702 generavi
1069 1675 1111 1695 me
1135 1666 1195 1703 (Ps.
1212 1667 1270 1695 CIX
1295 1689 1302 1701 ,
1319 1668 1334 1695 3
1347 1667 1372 1703 ),
1387 1672 1414 1696 et
1432 1677 1441 1694 ι
1458 1668 1587 1695 Dominus
1610 1668 1729 1696 condidit

928 1719 971 1739 tne
985 1712 1089 1739 initium
1105 1713 1206 1740 viarum
1222 1713 1248 1740 itt
1263 1721 1344 1748 opera
1360 1721 1417 1740 utea
1431 1720 1438 1745 ;
1455 1717 1516 1741 ante
1530 1721 1623 1741 omnes
1638 1719 1729 1742 autem

927 1758 1009 1785 colles
1023 1760 1148 1793 generari
1161 1767 1204 1786 tne
1218 1758 1295 1795 (Sep.
1305 1758 1425 1794 Vlll,22)
1438 1768 1445 1793 ;
1465 1769 1474 1786 ι
1492 1763 1519 1787 ct
1532 1760 1553 1787 si
1568 1768 1619 1795 qua
1633 1760 1683 1787 alia
1698 1761 1724 1788 in

927 1803 1283 1840 hunctuodtnnsunt.Quent
1296 1811 1386 1834 autem
1398 1806 1539 1834 verebatur
1552 1807 1622 1834 Deus
1636 1807 1726 1834 Domi-

927 1860 976 1880 ttus
990 1854 1172 1881 universitatis
1183 1854 1219 1880 ita
1232 1853 1445 1888 pronuntiare,si
1458 1854 1543 1881 itares
1555 1858 1668 1886 erat;au
1682 1862 1728 1882 ve-

926 1899 1034 1925 rebatur
1042 1907 1075 1926 rte
1084 1906 1137 1926 tton
1145 1899 1311 1932 crederetur,
1320 1900 1341 1926 si
1354 1900 1511 1935 simpliciter
1518 1907 1547 1926 se
1554 1899 1694 1927 etl‘atreru
1700 1904 1728 1928 et

927 1943 1022 1970 Filium
1039 1946 1256 1979 pronuntiasset?
1267 1945 1355 1973 Unuut
1368 1951 1455 1973 tattten
1469 1945 1570 1973 veritus
1582 1950 1633 1978 est,
1648 1953 1725 1973 men-

926 1990 978 2016 tiri.
991 1990 1097 2018 Veritus
1111 1995 1199 2017 autent
1216 1992 1389 2026 semetipsum
1401 1995 1427 2018 et
1442 1999 1517 2018 suain
1529 1992 1678 2018 veritatem.
1691 1991 1727 2019 Et

926 2035 986 2062 ideo
999 2043 1120 2063 veracent
1139 2036 1221 2063 Deutn
1238 2037 1350 2064 credens
1365 2057 1373 2069 ,
1394 2038 1450 2064 scio
1473 2036 1546 2066 illum
1559 2044 1610 2064 non
1647 2037 1726 2065 aliter

930 2089 1010 2117 quant
1041 2082 1172 2117 disposuit
1187 2083 1385 2118 pronuntiasse,
1403 2090 1452 2111 nec
1465 2083 1543 2111 aliter
1557 2083 1726 2119 disposuisse

925 2137 1004 2164 quant
1030 2131 1221 2165 pronuntiavit.
1243 2130 1282 2157 'l‘u
1303 2138 1383 2165 porro
1416 2138 1476 2158 euut
1504 2132 1661 2158 mendacem
1685 2130 1725 2158 ef-

930 2176 1006 2204 ficias
1020 2182 1046 2204 et
1060 2177 1181 2204 fallacem
1196 2183 1223 2205 et
1238 2177 1409 2213 deccptorcnt
1437 2178 1498 2206 fidei
1512 2178 1603 2213 hujus,
1626 2179 1648 2206 si
1662 2186 1724 2207 cunt

925 2225 982 2260 ipse
994 2230 1066 2252 esset
1080 2225 1131 2252 sibi
1146 2225 1239 2259 Filius,
1253 2225 1298 2252 alii
1311 2225 1392 2252 dabat
1404 2225 1464 2252 Filii
1475 2233 1723 2261 personam,quan-

924 2270 959 2298 do
980 2271 1123 2306 Scriptura:
1145 2279 1240 2299 omnes
1253 2276 1281 2299 et
1295 2271 1553 2299 demortstrationem
1579 2275 1606 2299 et
1628 2271 1724 2299 distin-

925 2317 1040 2345 ctiouem
1064 2318 1190 2345 trinitatis
1206 2318 1359 2345 ostendant.
1371 2318 1393 2345 A
1407 2318 1504 2353 quibus
1528 2322 1555 2345 et
1582 2318 1724 2353 prtescrip-

923 2365 978 2399 ptio
991 2368 1080 2392 nostra
1095 2365 1237 2393 deducitur
1247 2387 1254 2398 ,
1268 2373 1321 2393 non
1345 2373 1424 2400 posse
1439 2374 1519 2393 unuut
1542 2371 1623 2401 atque
1645 2373 1723 2394 eum-

922 2411 983 2438 dem
999 2411 1081 2439 videri
1097 2412 1141 2448 qui
1156 2412 1273 2447 loquitur
1286 2434 1293 2446 ,
1316 2418 1343 2440 et
1357 2413 1390 2440 de
1405 2421 1458 2448 quo
1480 2413 1614 2448 loquitur.
1638 2419 1665 2441 ct
1688 2414 1723 2443 ad

923 2465 1003 2492 quem
1017 2458 1133 2493 loquitur
1149 2468 1156 2485 :
1174 2459 1234 2494 quia
1250 2467 1336 2495 tthue
1360 2460 1521 2495 perversitas
1537 2481 1544 2493 ,
1569 2468 1656 2495 neque
1670 2460 1723 2488 fal-

922 2504 988 2531 lacia
1003 2505 1057 2532 Deo
1076 2511 1224 2541 congruat:
1239 2511 1266 2534 ut
1280 2515 1340 2534 etttn
1364 2507 1421 2543 ipse
1445 2512 1517 2535 esset
1529 2507 1561 2535 ad
1584 2516 1663 2544 quettt
1682 2508 1723 2536 lo-

921 2551 1068 2585 quebatur,
1091 2552 1124 2579 ad
1138 2552 1218 2579 aliuut
1238 2554 1326 2588 potius
1340 2574 1347 2586 ,
1361 2560 1388 2581 et
1410 2562 1463 2582 non
1488 2553 1521 2581 ad
1546 2555 1722 2590 semetipsum

921 2597 1044 2633 loquatur
1059 2597 1111 2635 (5).
1127 2600 1225 2635 Accipe
1245 2599 1325 2636 igitur
1340 2605 1367 2629 et
1379 2601 1448 2630 alias
1472 2608 1553 2629 voces
1576 2601 1663 2629 Patris
1686 2601 1722 2630 de

686 2658 878 2688 LECTIONES
896 2658 1103 2687 VARIANTES.

203 2719 278 2745 ieutia
288 2718 374 2745 Illum,
386 2716 464 2743 Serui.
482 2717 578 2743 Obcrth.

245 2757 259 2775 e
270 2751 349 2775 sensi.
361 2748 421 2774 Tam
434 2748 509 2774 Seml.

125 2713 135 2739 i

125 2713 135 2739 ἰ
158 2716 278 2774 meum:
288 2718 374 2745 Illum,
386 2716 464 2756 Sunt.
482 2717 553 2743 Obcf!

115 2713 554 2814 tim:

954 2715 989 2747 (i)
1011 2716 1036 2740 Si
1049 2716 1166 2742 voluisset
1177 2718 1237 2743 add.
1250 2718 1323 2744 Rhea.

956 2747 991 2778 (5)
1009 2747 1167 2779 Loquebalut‘
1175 2749 1253 2775 then.
1265 2749 1340 2775 Seml.
1352 2748 1449 2775 Oberth.
1458 2749 1604 2782 loqueretur
1616 2754 1672 2775 Jun.

750 2820 1030 2850 COMMENTARIUS.

95 2862 174 2903 ιαὶνμ
180 2867 373 2915 Deum_Patrem
380 2867 478 2898 Filium
483 2867 518 2905 Lse
526 2867 633 2904 fecisse,
642 2866 714 2905 quod
724 2866 769 2896 Dei
776 2879 867 2905 μρναρ-

925 2872 980 2904 κίειν
993 2867 1179 2904 appellabant,
1196 2869 1266 2897 unde
1278 2875 1375 2898 nomen
1390 2871 1563 2908 sortiti_suttt.
1581 2869 1681 2909 LE_PR.

1744 1488 1833 1510 Δεῳψψ
1867 1505 1869 1507 .

1747 1514 1769 1526 »ιῆ
1784 1511 1868 1525 ww
1890 1520 1894 1524 ν
