4008 6280
176 355 259 412 169
1270 343 1478 400 LIBER
1501 338 1880 401 ‘ADVERSUS
1916 340 2272 399 PRAXEMI.
3312 338 3416 399 170

179 470 326 524 ritum.
357 463 428 539 (Ι)
456 463 633 536 Ipsum
665 461 783 532 plus
807 468 909 525 est,
938 455 1076 530 quod
1103 456 1155 513 in
1185 454 1476 526 Evangelia
1502 453 1720 511 totidem
1747 457 1800 519 Α
1826 470 1944 528 quae
1965 456 2017 511 in
2041 457 2319 513 materiam
2347 454 2469 512 lidei
2494 466 2774 529 prospecta
2795 465 2957 529 atque
2983 457 3289 528 diSpensata
3309 466 3411 513 est.

181 562 420 628 invenies;
449 559 513 614 In
544 556 796 629 principio
821 562 924 609 erat
947 552 1141 619 Sermo,
1166 560 1213 606 et
1233 550 1417 607 Sermo
1437 559 1546 605 erat
1569 546 1712 620 apud
1823 549 1894 605 At
1934 548 2022 605 ubi
2052 549 2198 606 venit
2223 546 2492 615 Christus,
2527 558 2584 606 et
2612 550 2858 621 cognitus
2893 560 2974 607 est
3003 565 3032 605 a
3066 551 3240 616 nobis,
3273 548 3416 620 quod

177 654 327 717 Deum,
360 662 402 707 et
440 650 573 705 Deus
613 644 940 703 erat‘Senno
996 642 1194 718 (Joan.
1229 642 1271 709 Ι,
1312 640 1393 715 I).
1444 640 1595 698 Unus
1628 640 1717 710 qui
1823 638 1938 710 ipse
1966 642 2038 696 sit
2067 638 2146 713 (5)
2177 641 2264 712 qui
2297 657 2577 696 numerum
2607 650 2751 697 retro
2778 641 3002 709 fecerat,
3032 640 3202 697 factus
3227 656 3418 697 secun-

176 757 288 812 erat,
314 756 366 800 et
388 745 521 798 alius
550 756 717 814 penes
739 755 892 809 quem
915 748 1045 794 erat.
1073 736 1177 794 Sed
1205 747 1261 793 et
1288 751 1484 792 nomen
1508 735 1717 791 Domini
1823 732 1925 789 dus
1957 750 1986 789 a
2009 733 2190 801 Patre,
2219 724 2419 790 etcum
2452 734 2658 806 Spiritu
2682 735 2891 803 tertius,
2922 744 2977 791 et
2999 735 3107 804 jam
3137 734 3295 789 Pater
3325 750 3418 805 per

174 838 216 892 in
246 836 429 891 duobus
448 835 597 905 lego;
631 831 778 888 Dixit
804 829 1048 885 Dominus
1064 827 1288 883 Domino
1317 843 1447 882 meo.
1483 825 1619 882 Sede
1650 823 1720 878 ad
1826 825 1999 894 ipsum
2029 825 2240 896 plenius
2271 825 2663 893 tnanifrstatus,
2690 827 2964 884 redactum
2986 837 3064 883 est
3083 826 3194 898 jam
3220 820 3416 882 nomen

173 932 393 984 dexteram
419 900 577 981 meum
619 923 640 998 (
668 924 759 979 Ps.
799 922 931 991 CIX,
970 920 1050 993 I).
1085 921 1156 977 Et
1185 919 1375 976 Esaias
1408 919 1523 974 haec
1555 916 1718 973 dicit:
1826 916 1918 973 Dei
1960 927 2016 974 et
2058 919 2265 974 Domini
2299 921 2349 973 in
2384 921 2667 987 unionem;
2702 929 2777 982 ut.
2816 919 2899 994 (6)
2922 921 3058 998 quia
3102 920 3348 995 nationes
3388 900 3449 975 av

172 1023 372 1085 Domine,
403 1022 510 1092 quis
533 994 743 1074 credidit
762 1016 961 1071 auditni
999 1023 1169 1069 nostro
1192 1015 1218 1068 ?
1243 1023 1290 1068 et
1320 1012 1583 1067 brachium
1612 1008 1721 1064 Do-
1825 1010 2165 1068 multitudine
2191 1012 2454 1067 idolorum
2487 1013 2777 1069 transirent
2797 1013 2863 1069 ad
2889 994 3105 1069 unicum
3140 1015 3331 1082 Deum,
3359 1024 3422 1070 et

175 1116 283 1170 mini
301 1116 376 1168 cui
398 1113 661 1169 revelatum
687 1120 759 1165 est
778 1111 805 1166 .9
835 1105 935 1181 (Is.
977 1107 1114 1175 LIIl,
1157 1104 1236 1178 I.)
1267 1104 1542 1160 Brachium
1575 1103 1719 1159 enim
1829 1099 1907 1173 (7)
1936 1101 2234 1158 dilferentia
2282 1105 2703 1161 constitueretur
2735 1105 2876 1161 inter
2894 1106 3132 1163 cultores
3154 1106 3333 1171 unius,
3362 1115 3421 1163 ct

172 1222 287 1264 luunt
311 1206 407 1281 (2),
445 1221 545 1262 non
574 1203 786 1260 Domini
814 1201 1056 1268 dixisset,
1086 1200 1130 1256 si
1176 1215 1283 1255 non
1307 1198 1589 1253 Dominum
1620 1196 1722 1251 Pa-
1828 1197 2071 1265 plurima:
2106 1196 2420 1262 divinitatis.
2452 1199 2584 1253 Nam
2611 1209 2666 1254 et
2705 1200 2887 1256 lucere
2914 1199 2970 1255 in
3005 1200 3205 1255 mundo
3234 1199 3418 1256 Chris-

175 1311 287 1358 trem
306 1310 353 1357 et
375 1299 645 1354 Dominum
669 1295 860 1351 Filium
887 1292 1106 1362 intelligi
1129 1292 1309 1347 vellet.
1338 1290 1513 1345 Etiam
1543 1287 1722 1343 adhuc
1826 1289 2001 1343 tianos
2025 1290 2304 1360 oportebat
2330 1303 2385 1346 ut
2408 1292 2547 1346 lilios
2574 1292 2729 1357 lueis,
2761 1292 2937 1349 lumen
2964 1293 3149 1349 mundi
3174 1310 3336 1349 unum
3363 1304 3420 1350 et

167 1391 394 1462 antiquior
415 1387 635 1445 Genesis
667 1404 680 1441 :
710 1384 778 1439 Et
815 1383 946 1455 pluit
980 1381 1230 1436 Dominus
1266 1396 1418 1451 super
1439 1378 1722 1435 Sodomam
1827 1379 1994 1443 Deum
2024 1390 2081 1437 et
2123 1382 2408 1438 Dominum
2449 1384 2710 1450 colentes,
2738 1394 2793 1441 et
2836 1386 3196 1442 nominantes.
3242 1385 3420 1442 Czrte-

169 1481 516 1537 etb‘omorrlzam
535 1476 751 1550 sulphur
776 1485 822 1530 et
846 1476 1016 1547 ignem
1036 1473 1099 1529 de
1117 1474 1243 1528 caelo
1262 1488 1295 1526 a
1321 1470 1544 1527 Domino
1564 1467 1717 1542 (Gen.
1825 1488 1967 1537 rmn,
1995 1473 2040 1528 si
2068 1490 2132 1528 ex
2162 1476 2493 1531 conscientia
2519 1491 2623 1547 qua
2654 1476 2853 1531 scimus
2879 1474 2971 1533 Dei
3002 1493 3195 1534 nomen
3227 1483 3284 1533 et
3314 1478 3424 1532 Do-

166 1574 285 1643 XIX,
306 1573 412 1644 Ἃ).
446 1572 567 1628 IIzec
595 1580 689 1626 aut
714 1585 846 1639 nega
871 1567 1095 1638 scripta,
1129 1575 1223 1622 aut
1245 1566 1367 1638 quis
1394 1580 1475 1631 es,
1514 1575 1572 1620 ut
1612 1579 1719 1618 non
1826 1564 1954 1619 mini
1983 1576 2035 1620 et
2066 1564 2208 1620 Patri
2239 1575 2295 1622 et
2335 1565 2468 1639 Filio
2506 1576 2562 1623 et
2586 1567 2818 1639 Spiritui
2853 1569 3161 1635 convenire,
3201 1569 3334 1626 deos
3363 1578 3421 1625 et

168 1677 294 1738 putes
316 1663 623 1736 accipienda
644 1660 1101 1733 quemadmodum
1128 1659 1331 1731 scripta
1344 1667 1511 1725 sunt,
1543 1655 1717 1711 maxi-
1826 1657 2076 1713 dominos
2108 1658 2534 1726 nominaremus,
2573 1661 2992 1719 extinxissemus
3034 1663 3180 1719 fares
3210 1674 3421 1718 nostras

168 1776 237 1815 me
261 1775 363 1829 qua:
400 1772 502 1812 non
528 1756 580 1811 in
602 1753 878 1826 allegoriis
909 1761 962 1808 et
990 1751 1285 1822 parabblis,
1314 1749 1409 1806 sed
1441 1748 1495 1805 io
1519 1746 1717 1804 deliui-
1764 1806 1769 1813 ,
1826 1750 1988 1804 etiam
2014 1749 2081 1807 ad
2112 1751 2365 1823 martyrio
2411 1751 2732 1819 timidiores,
2766 1753 3256 1824 quibus'evadeudi
3288 1771 3420 1824 quo-

169 1852 362 1907 tionibus
387 1862 437 1907 et
471 1848 551 1923 (5)
580 1848 746 1905 certis
773 1855 827 1902 et
853 1844 1189 1917 simplicibus
1216 1842 1418 1899 habent
1458 1840 1718 1898 sensum?
1751 1860 1797 1920 Β
1828 1857 1932 1912 que
1978 1840 2059 1915 (8)
2118 1852 2325 1911 pateret
2363 1841 2444 1916 (9)
2485 1845 2697 1899 occasio
2760 1844 3068 1916 jurantibus
3107 1846 3290 1901 statim
3327 1862 3424 1917 per

169 1943 293 2013 Quod
315 1945 357 1999 si
384 1960 443 2000 ex
472 1944 578 1998 illis
609 1957 669 1997 es
699 1940 789 2012 qui
837 1950 965 1995 tunc
1010 1938 1292 1995 Dominum
1332 1951 1438 1992 non
1482 1934 1716 2007 sustiue-
1833 1933 1966 1990 deos
1995 1942 2051 1991 et
2073 1933 2341 2003 dominos,
2369 1945 2427 1991 ut
2454 1937 2667 2008 quidam
2697 1938 2953 2003 ha-retiei,
2985 1938 3058 2012 (b)
3092 1956 3318 2012 quorum
3348 1942 3421 1997 dii

170 2038 275 2092 bant
310 2036 393 2092 Dei
418 2050 475 2090 se
502 2033 695 2090 Filium
729 2031 1129 2097 ostendentem,
1161 2043 1259 2085 nec
1286 2042 1408 2085 eum
1437 2026 1719 2083 Dominum
1827 2031 2028 2101 plures.
2057 2031 2241 2101 Itaque
2262 2031 2394 2087 deos
2416 2032 2635 2087 omnino
2662 2048 2767 2088 non
2789 2034 2985 2100 dicam,
3018 2051 3118 2093 nec
3138 2036 3420 2102 dominos;

174 2129 431 2193 crederent,
457 2126 747 2183 recordare
778 2134 834 2178 tu
862 2138 984 2179 eum
1017 2123 1123 2177 illis
1141 2124 1401 2193 scriptum
1433 2133 1587 2175 esse:
1614 2117 1725 2189 Ego
1826 2122 1921 2178 sed
1952 2123 2268 2193 Apostolum
2307 2138 2524 2197 sequar,
2555 2134 2613 2180 ut
2659 2126 2702 2180 si
2734 2126 2933 2196 pariter
2962 2129 3270 2184 nominandi
3302 2130 3425 2186 fue-

170 2222 271 2289 αἰεί,
302 2220 390 2276 Vos
416 2222 484 2275 dii
510 2220 650 2285 estis,
676 2229 724 2273 et
752 2218 850 2287 ﬁlii
879 2216 1124 2272 Altissimi
1168 2212 1187 2287 (
1213 2214 1308 2270 Ps.
1342 2211 1604 2277 LXXXII,
1640 2211 1721 2281 6).
1753 2222 1767 2239 '
1828 2211 1936 2267 rint
1958 2212 2118 2269 Pater
2136 2222 2192 2270 et
2215 2213 2400 2280 Filius,
2428 2214 2593 2270 Deutn
2617 2214 2831 2272 Patrem
2853 2217 3141 2288 appellem,
3164 2217 3420 2275 ctJesutn

170 2314 251 2369 Et:
271 2314 407 2370 Stetit
431 2311 569 2367 Deus
593 2311 645 2367 in
662 2309 890 2365 ecclesia
915 2307 1160 2373 deorum;
1185 2315 1242 2361 ut
1265 2305 1311 2362 si
1335 2304 1600 2373 homines,
1631 2316 1727 2373 per
1827 2301 2100 2360 Christum
2124 2305 2405 2361 Dominum
2429 2308 2721 2363 nominem;
2745 2306 2929 2364 Sulmo
2952 2319 3129 2364 autem
3151 2310 3419 2367 Christum

172 2406 301 2461 ﬁdem
319 2404 444 2461 lilios
467 2405 562 2460 Dei
586 2402 779 2468 factos,
799 2401 933 2457 deos
955 2401 1227 2471 Scriptura
1251 2398 1596 2469 pronuntiare
1617 2410 1724 2451 non
1831 2404 2018 2465 potero
2042 2395 2207 2452 Demn
2232 2398 2433 2465 dicere,
2462 2399 2599 2453 sicut
2620 2398 2760 2455 idem
2789 2390 3114 2471 Apostolus}
3142 2401 3224 2457 Ea:
3244 2404 3428 2475 quibus

171 2501 330 2567 timuit,
358 2499 490 2557 scias
513 2498 667 2553 illam
697 2496 869 2552 multo
898 2493 1069 2565 magis
1101 2508 1231 2549 vero
1253 2501 1309 2549 et
1333 2492 1492 2547 unico
1514 2489 1614 2561 Dei
1638 2488 1729 2546 Fi-
1832 2492 2085 2560 Christus,
2115 2492 2203 2563 qui
2241 2502 2335 2559 est,
2368 2491 2559 2564 inquit,
2593 2490 2728 2547 Deus
2752 2510 2904 2563 super
2933 2495 3106 2550 omnia
3136 2497 3423 2554 benedictus

170 2591 227 2645 lio
250 2591 329 2646 Dei
349 2606 537 2647 nomen
563 2588 689 2660 jure
710 2585 1026 2643 contulisse.
1061 2603 1080 2636 ‹
1107 2584 1266 2654 Ergo,
1297 2582 1496 2654 inquis,
1526 2596 1727 2653 provo-
1830 2585 1885 2640 in
1910 2601 2072 2640 rerum
2125 2599 2273 2639 omne
2324 2581 2518 2655 (Rom.
2550 2582 2593 2652 Ι,
2627 2585 2717 2656 7).
2746 2584 2878 2642 Nam
2926 2597 2981 2643 et
3026 2586 3234 2644 radium
3293 2589 3428 2645 solis

169 2682 276 2737 eabo
316 2692 382 2751 te,
451 2692 510 2738 ut
551 2680 715 2737 hodie
765 2693 981 2750 quoque
1023 2693 1089 2733 ex
1139 2676 1458 2733 auctoritate
1502 2675 1726 2730 istarum
1831 2692 2075 2735 seorsum
2101 2676 2270 2734 solem
2302 2677 2534 2744 vocabo;
2558 2677 2727 2734 solem
2750 2689 2931 2736 autem
2958 2681 3243 2738 nominans
3271 2683 3428 2756 cujus

172 2773 516 2845 Scripturarum
547 2782 865 2828 consranter
894 2770 1030 2825 duos
1071 2768 1204 2824 deos
1229 2776 1285 2823 et
1318 2767 1454 2824 duos
1482 2766 1730 2823 dominos
1832 2779 1914 2825 est
1950 2768 2149 2836 radius,
2195 2784 2299 2825 non
2341 2768 2521 2825 statim
2560 2778 2615 2825 et
2656 2770 2865 2826 radium
2905 2765 3074 2829 saleni
3118 2774 3423 2849 appellabo.

171 2866 404 2937 pra-dices.
424 2862 770 2921 )AbSII.NOS
794 2863 937 2918 enim
957 2863 1049 2933 qui
1078 2874 1134 2917 et
1159 2870 1399 2930 tempora
1426 2868 1482 2916 et
1508 2874 1730 2915 οειιιεςειε
1832 2862 1963 2917 Nam
1993 2864 2091 2918 etsi
2113 2863 2258 2919 soles
2279 2861 2415 2918 duos
2440 2879 2546 2919 non
2571 2863 2786 2932 faciam,
2816 2865 2933 2939 (10)
2968 2876 3144 2924 tamen
3174 2878 3230 2924 et
3254 2871 3423 2926 solem
3448 2874 3475 2895 ν

173 2955 652 3029 ὃςτὶριυτπτυηιιρϐτ
670 2956 765 3012 Del
788 2953 1371 3026 ςτπιὶιυιιὶηερὶείωυε,
1395 2950 1473 3024 (ιι)
1499 2951 1732 3008 maXime
1833 2966 1887 3015 et
1909 2956 2121 3012 radium
2151 2956 2268 3027 ejus
2307 2965 2414 3013 tam
2452 2957 2588 3013 duas
2618 2973 2724 3025 res,
2766 2969 2820 3014 et
2846 2959 2983 3015 duas
3020 2960 3229 3031 species
3268 2963 3427 3020 unius

173 3048 413 3117 Paracleti,
444 3067 553 3106 non
586 3049 870 3103 hominum
902 3045 1171 3118 discipuli,
1205 3046 1337 3100 duos
1362 3044 1576 3115 quidem
1599 3041 1734 3100 drll-
1834 3050 2079 3105 indivisa:
2119 3048 2431 3107 substantia:
2475 3049 2793 3117 numerabo,
2830 3067 2989 3123 quam
3031 3051 3148 3128 (ll)
3180 3053 3348 3111 Deum
3372 3065 3431 3113 et

169 3140 329 3210 nimus,
363 3143 572 3200 Patrem
613 3149 670 3197 et
728 3139 946 3204 Filium,
988 3146 1043 3193 et
1073 3136 1181 3206 jam
1222 3144 1333 3192 tres
1367 3150 1489 3192 cum
1530 3134 1731 3206 Spiritu
1834 3142 2151 3201 Sermonem
2181 3139 2319 3212 ejus,
2351 3156 2510 3213 quam
2539 3142 2751 3199 Patrem
2778 3152 2832 3200 ct
2851 3143 3066 3201 Filium,

170 3248 340 3303 sancto.
360 3236 658 3295 secundum
688 3235 951 3289 rationem
974 3229 1315 3333 ceconomiae,
1339 3245 1459 3300 qua:
1483 3227 1610 3284 facit
1634 3242 1732 3282 nu-
2431 3272 2664 3333 CAPUT
2690 3275 2811 3332 xw

171 3340 370 3383 merum:
402 3344 509 3397 ne,-
529 3338 591 3382 ut
616 3335 799 3382 vestra
839 3322 1162 3395 perversitas
1205 3320 1386 3394 infert,
1420 3321 1578 3377 I’ater
1617 3320 1732 3391 ipse
1759 3316 1804 3333 υ
2434 3316 2549 3331 ““”’
2574 3316 2654 3333 ’³⁵
2692 3316 2763 3332 ⁴“
2785 3316 2799 3332 ’
2819 3318 2835 3336 ⁸

134 3428 149 3447 '
169 3418 375 3475 croiamr
404 3430 562 3476 natus
587 3427 649 3476 et
676 3431 900 3488 passus;
933 3415 1204 3489 quodnon
1232 3414 1361 3470 licet
1388 3412 1556 3480 credi,
1595 3428 1733 3483 quo-
1909 3409 2098 3466 Adhuc
2133 3419 2189 3465 et
2218 3408 2306 3489 illa
2335 3408 2491 3465 nobis
2520 3409 2705 3482 regula
2742 3410 2953 3467 adsistit
2983 3411 3122 3471 duos
3148 3416 3425 3474 vindican.

170 3508 287 3566 niam
308 3527 407 3567 non
433 3513 506 3567 ita
533 3510 796 3567 traditum
824 3518 928 3565 est.
959 3508 1105 3563 Duos
1142 3517 1319 3562 tamen
1352 3505 1492 3561 Deos
1516 3515 1572 3561 et
1599 3504 1737 3561 duos
1840 3502 1985 3558 tibus
2013 3501 2224 3558 Patrem
2267 3512 2320 3557 et
2350 3499 2569 3568 Filium,
2594 3518 2714 3573 quae
2753 3501 2871 3572 (l2)
2903 3504 3229 3564 invisibilem
3259 3509 3428 3566 Deum

170 3599 379 3660 Dominus
414 3604 698 3674 nunquam
740 3615 806 3656 ex
848 3615 944 3656 ore
987 3608 1173 3655 nostro
1217 3597 1573 3670 proferimus:
1622 3612 1728 3652 non
1835 3593 2241 3651 determinavit.
2283 3592 2416 3649 Cum
2460 3594 2603 3649 enim
2662 3593 2871 3667 Moyses
2929 3595 3125 3666 (Exod.
3183 3597 3426 3669 XXXIII,

169 3695 287 3763 quasi
311 3712 408 3757 non
437 3706 493 3755 et
527 3697 699 3754 Pater
730 3695 892 3758 Deus,
933 3707 999 3750 et
1023 3692 1192 3749 Filius
1225 3691 1387 3760 Deus,
1414 3701 1470 3748 et
1495 3690 1728 3762 Spiritus
1840 3688 1931 3750 15,
1961 3685 2055 3758 29)
2089 3685 2161 3759 (c)
2188 3685 2240 3742 in
2263 3683 2496 3758 Egypto
2530 3685 2892 3743 desiderasset
2920 3688 3130 3746 Domini
3165 3708 3429 3765 conspec—

168 3798 341 3846 ﬂwtts
362 3789 522 3859 Deus,
550 3797 614 3846 et
644 3786 791 3842 Deus
815 3785 1214 3855 unusquisque;
1244 3784 1340 3840 sed
1367 3784 1619 3855 quoniam
1641 3798 1730 3839 re.
1839 3779 1976 3839 tum,
2003 3771 2225 3827 dicens:
2246 3771 2307 3828 Si
2333 3788 2451 3846 ergo
2470 3772 2637 3827 inveni
2650 3768 2870 3843 gratiam
2890 3786 3140 3846 coramte,
3157 3779 3432 3853 manifesta

171 3886 236 3933 lto
256 3892 304 3937 et
330 3881 434 3938 duo
458 3882 539 3938 dii
571 3890 634 3937 et
655 3877 768 3934 duo
806 3876 1007 3932 domini
1038 3875 1500 3946 praedicabantur;
1526 3885 1605 3945 ut,
1640 3874 1733 3931 ubi
1837 3866 1962 3921 mihi
1990 3878 2060 3936 te,
2083 3874 2137 3921 ut
2165 3873 2524 3938 coguoscenter
2558 3866 2756 3921 videam
2796 3876 2879 3923 te:
2910 3867 3034 3925 Non
3070 3880 3210 3942 potes
3238 3873 3427 3944 videre,

169 3974 361 4032 venisset
389 3975 675 4038 Christus,
701 3978 757 4027 et
788 3970 930 4026 Deus
958 3975 1364 4041 agnosceretur,
1394 3976 1450 4023 et
1477 3967 1735 4022 Dominus
1836 3959 2029 4032 inquit,
2074 3960 2259 4041 facient
2295 3976 2497 4027 meam;
2536 3976 2640 4016 non
2675 3961 2808 4015 enim
2839 3961 3021 4017 videbit
3060 3964 3210 4021 homo
3246 3969 3431 4040 {aciem
3526 4034 3529 4037 η

168 4076 423 4132 vocaretur,
444 4066 571 4138 quia
599 4064 778 4120 Filius
806 4060 896 4116 Dei
918 4069 972 4116 et
995 4058 1460 4133 Domini.Sicnim
1483 4074 1588 4115 una
1612 4074 1735 4130 per-
1837 4069 2034 4120 meum,
2069 4062 2118 4108 et
2144 4040 2308 4118 vive‘t;
2348 4051 2398 4108 id
2427 4061 2530 4117 est,
2567 4053 2829 4109 morietur
2854 4054 2944 4126 qui
2974 4055 3184 4113 viderit.
3214 4058 3436 4117 Inveni-

172 4166 343 4217 δοῦλοι
370 4158 457 4235 Dei
480 4170 539 4217 et
566 4156 792 4214 Domini
825 4156 879 4210 in
908 4154 1202 4226 Scripturis
1230 4153 1579 4218 inveniretur,
1615 4166 1732 4207 me-
1837 4161 1958 4202 mus
1978 4148 2120 4202 enim
2142 4154 2197 4202 et
2216 4162 2245 4198 a
2269 4144 2450 4200 multis
2475 4144 2640 4200 Deum
2662 4145 2857 4211 visum,
2880 4156 2933 4203 et
2956 4150 3427 4210 neminenrtamen

173 4250 253 4305 tito
272 4250 503 4311 Christus
527 4267 648 4308 non
673 4258 821 4305 esset
844 4246 1111 4304 admissus
1134 4246 1202 4302 ad
1231 4261 1426 4302 nomen
1455 4245 1545 4303 Dei
1572 4254 1625 4301 et
1654 4242 1734 4317 (4)

1865 4253 2041 4305 orum,
2085 4236 2174 4308 qui
2205 4252 2329 4293 eum
2358 4236 2623 4304 viderant,
2663 4237 3171 4314 mortuum.1i_s_um
3209 4245 3448 4316 quidem-

171 4339 359 4401 Domini.
386 4342 559 4405 Nemo
585 4343 741 4401 enim
770 4340 910 4396 alius
944 4351 1141 4412 printer
1171 4354 1309 4395 unus
1336 4339 1481 4395 Deus
1510 4347 1567 4395 et
1598 4352 1736 4395 unus

1955 4328 2655 4407 r_r_iymtduntultomillum
2672 4331 3047 4407 capacitatem,
3089 4350 3197 4408 non
3228 4351 3429 4409 iseeuny
3464 4406 3485 4411 Δ

174 4433 389 4495 Dominus
414 4435 842 4513 praedicabatur,
874 4442 931 4491 et
958 4432 1193 4489 futurum
1217 4442 1335 4490 erat
1358 4440 1418 4487 ut
1439 4432 1552 4502 ipse
1576 4431 1738 4487 Pater
1800 4418 2880 4495 Wuﬂimmﬂi‘jﬂihﬂﬁﬂmm
2910 4422 3228 4494 Pallia“!th
3260 4428 3426 4487 Deum

174 4524 473 4591 demeruisse
496 4530 808 4595 videretur,
835 4526 961 4599 quia
981 4543 1119 4582 unus
1149 4526 1294 4582 Deus
1316 4535 1371 4582 et
1393 4540 1529 4581 unus
1554 4524 1736 4581 Domi-
1837 4517 2037 4579 vidisse
2058 4514 2380 4580 referuntur,
2404 4522 2460 4569 ut
2478 4513 2748 4569 Abraham
2771 4514 3004 4573 etJacob
3019 4559 3035 4585 ,
3058 4527 3113 4574 ct
3129 4520 3428 4593 prephetae,
3468 4531 3472 4536 ‘

171 4630 250 4674 nus
267 4619 567 4695 legaretur;
598 4627 667 4678 et
695 4629 802 4675 tota
829 4618 1131 4676 ceconomia
1155 4618 1277 4689 ejus
1297 4616 1733 4680 obumbraretur.
1759 4608 1813 4669 D
1841 4620 1900 4668 ut
1930 4609 2118 4678 Isaias,
2175 4617 2236 4665 ut
2272 4607 2557 4677 Ezechiel;
2585 4617 2643 4665 et
2679 4619 2859 4670 tamen
2899 4616 3096 4672 mortui
3138 4632 3244 4674 non
3283 4630 3429 4678 sunt.

1379 4728 1763 4787 LECTIONES
1795 4721 2212 4786 VAIIIANTES.

2970 4307 3117 4314 ψ

1819 4398 2007 4406 ——-——.—-——

552 4842 600 4880 ε.
646 4824 952 4900 Plus‘pntin.
968 4826 1016 4875 in
1044 4824 1249 4900 Christo
1272 4838 1339 4877 ex
1384 4822 1437 4875 S.
1471 4822 1590 4875 Plus
1620 4829 1736 4874 Jun.

334 4875 599 4955 ἧῖιιῖιιῶ
622 4875 730 4955 non
750 4875 992 4951 arsisset,
1018 4875 1235 4941 sl'Setnt.
1281 4875 1314 4877 ’⁷
1903 4875 1977 4955 (ἓξ
2001 4875 2418 4955 ,ριξειςιιξρᾼερηιιη

296 4940 687 5009 musculi.
950 4940 991 4951 "
1084 4940 1100 4941 ί
1925 4940 1977 5005 9)
2001 4940 2151 4993 Patet
2165 4940 2316 5015 Sani.

240 4940 724 5129 Elaeam
1064 5105 1077 5113 .
1902 4940 2544 5129 intersum;

221 5066 724 5205 amem
1064 5105 1077 5113 ·
1902 5066 2007 5196 itit
2041 5066 2387 5191 33.13%.

438 5220 457 5235 ’
516 5264 527 5267 -
1527 5214 2083 5276 COMMENTARIUS.

236 5312 542 5391 ωεξω.
562 5346 644 5360 -—
667 5314 755 5391 (ξι)
774 5315 1000 5391 Maxime
1024 5313 1286 5391 Paracteti
1305 5356 1321 5383 ,
1348 5329 1450 5369 non
1475 5313 1738 5391 hominum

1919 5307 1994 5384 (c)
2018 5307 2233 5391 oyses
2251 5307 2313 5389 in_
2327 5303 2574 5391 ﬁgayptoh
2586 5306 2928 5391 desiderasset
2950 5310 3157 5391 Domini
3162 5360 3183 5391 ,_
3195 5333 3436 5391 conspec-

128 5452 131 5461 ι
647 5363 998 5463 ιςῑῑειῑῑιῑῑδςς
1019 5363 1736 5463 ausisausisnon;
1843 5363 1991 5463 ita:
2004 5382 2071 5436 Αι
2095 5363 2272 5462 seque
2379 5363 2638 5463 enim.
2665 5379 2760 5463 sed
2796 5363 3440 5463 ίιὶέειῐιι⁷έίῖὲὲῐίίτῖε⁷ἓὶῖὸὖῖἐ

504 5447 522 5533 ξ
588 5447 734 5533 iet"!
750 5447 1321 5533 ἣίοιιιῆηἱδείὲβεὶιοτθε,
1344 5472 1405 5513 se
1425 5447 1531 5511 non
1560 5447 1737 5511 homi-
1843 5453 2054 5533 M‘U's‘fs
2093 5447 2403 5533 ipss-rere?
2438 5447 2703 5533 έῇδὲῖῐηθῶ
2731 5465 2790 5506 se
2816 5453 3137 5533 (En-"aqqium
3174 5447 3439 5524 cum

184 5469 271 5513 ιιι.
292 5469 567 5533 m
588 5474 727 5517 vero
750 5469 983 5525 Montani
1003 5471 1321 5525 sectatores,
1344 5472 1405 5513 se
1425 5471 1531 5511 nou
1560 5469 1737 5511 ltotnt-
1843 5469 2054 5578 mores
2093 5469 2208 5521 Ipse
2229 5469 2403 5529 .retert
2438 5469 2703 5518 ejusmodi
2731 5469 2790 5506 se
2816 5469 3137 5524 colloquium
3174 5475 3294 5517 cum
3332 5469 3438 5524 [leo

184 5522 738 5609 395‘
761 5530 1037 5609 Ρέιπιάειὶο
1071 5531 1251 5586 ίῖιιευ·
1275 5599 1320 5609 ..
1424 5548 1429 5558 ‘
1543 5597 1558 5609 .
1858 5524 1928 5609 δῖε
1948 5519 2710 5609 “"55”:.I’I‘."!¥PE‘B'1‘_}E“E‘IPP
2728 5523 2911 5609 1'0"“
2941 5526 3166 5609 νξάειητρ
3198 5535 3352 5609 (ιιιοέ
3372 5555 3438 5593 ne

238 5589 581 5733 Ξ.
603 5589 714 5665 Dii
752 5603 949 5674 plures.
990 5604 1220 5671 Propter
1254 5599 1487 5656 Eonum
1525 5597 1749 5653 deorutu
1856 5597 1998 5677 ullus
2036 5591 2251 5676 quidem
2287 5591 2552 5659 interpres
2577 5589 2704 5671 sive.
2720 5604 3113 5675 commentator
3143 5589 3284 5658 hunc
3310 5589 3442 5664 Ter:

446 5732 449 5733 ν
488 5668 818 5733 ﬁrmittem
857 5672 1264 5731 Valentinianos
1291 5670 1615 5733 subindicat,
1659 5669 1750 5733 qui
1857 5668 2056 5723 tulhant
2102 5676 2366 5724 errorem,
2399 5669 2736 5733 quantuuwls
2763 5662 3000 5728 olwntm.
3042 5667 3109 5723 ad
3139 5682 3321 5732 nostra
3352 5693 3441 5733 us.

324 5662 818 5745 ﬂihﬂgiuem
857 5662 1264 5745 Valentinianus
1291 5670 1615 5735 subindicat,
1659 5669 1750 5739 qui
1857 5662 2065 5723 tulliani
2102 5676 2366 5745 errorem,
2399 5662 2736 5745 quanto-ruris
2763 5662 3000 5728 obvium.
3042 5667 3109 5723 ad
3139 5682 3321 5732 nostra
3352 5662 3441 5736 us-

192 5729 726 5827 Maeli“
745 5729 975 5814 surculi,
996 5729 1071 5804 et
1098 5742 1242 5803 rami
1267 5758 1336 5803 ex
1360 5729 1616 5816 corrupta
1653 5729 1743 5798 ι’ἒι-
1855 5754 1960 5813 que
1986 5729 2637 5827 temperatobserralterit.
2670 5729 2805 5787 Eoo.

128 5804 149 5895 ξ
196 5804 518 5895 ἡμέρη

128 5871 875 6159 nitentum:
922 5910 998 5977 II.
1378 5871 1391 5893 ⁸
2799 5887 3000 5977 (δίκα)

3458 4311 3631 4320 mg-
