4008 6280
235 281 322 339 175
1336 282 1543 340 LIBER
1583 282 1818 340 ADVEB

1901 283 1949 340 lS
1986 284 2341 341 PRAXEAM.
2430 276 2461 317 λ
3381 289 3484 348 1ῗ4

232 396 509 467 ιῑειιςῖ,Αι1
539 397 684 454 banc
717 397 1072 454 diversitatem
1114 395 1216 452 visi
1241 404 1297 453 et
1325 398 1482 454 invisi
1528 399 1579 454 in
1610 414 1772 452 unum
1802 402 1855 463 Α
1881 398 2095 464 litatem,
2125 409 2171 452 et
2194 399 2355 453 lucem
2384 398 2579 453 habitat
2607 399 3023 454 inaccessibilem.
3059 400 3134 455 De
3158 415 3264 471 quo
3296 408 3350 455 et
3376 416 3469 455 sn-

233 492 598 558 conferendam,
646 493 768 563 quis
796 507 860 547 ex
903 491 1114 549 diverso
1149 507 1258 549 non
1300 494 1776 565 argumentabitur,
1887 503 1982 559 pra
2019 488 2227 544 dixerat
2262 487 2340 560 (a)
2377 506 2389 543 :
2424 487 2551 561 Regi
2595 499 2763 543 autem
2791 489 3130 557 saeculorum,
3164 491 3477 557 immortali,

232 598 357 643 recte
396 593 671 657 utrumque
699 584 899 643 dictum
931 601 945 637 :
980 584 1243 641 visibilem
1274 584 1488 656 quidem
1520 587 1571 642 in
1598 601 1779 655 carne,
1884 580 2141 646 invisibili,
2170 581 2266 636 soli
2290 579 2399 636 Deo
2427 596 2446 635 :
2475 568 2530 636 ut
2557 589 2613 637 et
2651 582 2919 637 contraria
2963 583 3061 653 ipsi
3100 581 3240 638 Filio
3278 583 3482 637 adscri~

232 680 518 735 invisiliilem
564 695 696 736 vero
749 689 870 735 ante
913 694 1162 746 carnem;
1216 690 1274 734 nt
1327 678 1470 736 idem
1514 679 1586 735 sit
1624 680 1784 735 Pater
1887 674 2177 743 heremus,
2210 675 2591 732 mortalitatem
2637 674 2753 750 (9),
2782 676 3286 744 accessibilitatem;
3319 693 3479 746 quem

232 772 483 828 invisibilis
525 783 649 829 ante
696 788 936 840 carnem,
993 773 1085 845 qui
1139 783 1193 829 et
1239 771 1410 829 Filius
1458 772 1686 828 visibilis
1728 772 1784 828 in
1890 777 2142 824 mortuum
2166 778 2497 826 contestatur
2523 770 2799 827 secundum
2828 768 3478 843 Scripturas(lCor.XV,

232 866 408 923 carne?
458 868 651 936 Atquin
676 909 689 933 ,
736 867 781 923 si
826 867 964 923 idem
1018 874 1142 922 ante
1193 880 1410 921 carnem
1460 864 1742 922 invisibilis
1764 905 1780 932 ,
1889 860 1947 932 ὃ)
1974 877 1989 929 ;
2018 872 2072 918 et
2095 878 2126 918 a
2153 876 2213 919 se
2240 864 2533 922 novissime
2561 866 2760 935 visum,
2782 882 2878 938 per
2905 865 3270 924 acccssibilem
3298 867 3478 938 utique

231 960 469 1031 quomodo
505 960 649 1014 visus
686 960 848 1015 etiam
878 948 1024 1014 retro
1058 957 1328 1013 invenitur
1364 967 1489 1012 ante
1525 957 1786 1014 carnem?
1890 957 2067 1014 iurem
2099 975 2115 1013 :
2145 964 2448 1029 quanquam
2493 970 2547 1015 et
2575 958 2721 1017 illam
2751 976 2928 1031 neque
2952 959 3064 1033 (10)
3097 961 3211 1030 ipse
3241 960 3358 1014 sine
3386 974 3479 1029 pc-

233 1049 384 1121 Eque
402 1050 445 1105 si
466 1050 599 1106 idem
622 1059 745 1121 post
765 1065 922 1122 quem
949 1058 1003 1105 et
1029 1059 1178 1105 retro
1205 1039 1376 1104 visum
1406 1049 1459 1104 in
1480 1050 1782 1119 aenigmate,
1892 1049 2062 1106 riculo
2103 1051 2320 1107 luminis
2365 1060 2619 1123 expertus
2663 1061 2745 1123 est
2772 1093 2786 1118 ,
2838 1050 2913 1131 (ὁ)
2963 1066 3135 1121 neque
3186 1051 3376 1106 Petrus
3432 1058 3489 1106 et

234 1143 411 1214 plenius
461 1142 720 1197 visibilem
765 1156 892 1197 caro
945 1140 1155 1208 effecit;
1204 1155 1385 1198 sermo
1431 1141 1654 1206 scilicet,
1697 1141 1788 1212 qui
1891 1141 2124 1198 Joannes
2166 1152 2223 1198 et
2261 1141 2496 1200 Jacobus
2533 1144 2653 1200 sine
2690 1143 2912 1200 rationis
2959 1142 3071 1217 (11)
3117 1154 3170 1198 et
3214 1143 3485 1209 amentia;

237 1244 279 1291 ct
319 1250 433 1291 caro
459 1235 645 1311 lactus,
674 1242 759 1290 est
787 1234 943 1302 alius,
989 1248 1151 1304 quem
1194 1249 1466 1304 nunquam
1505 1232 1787 1304 quisquam
1893 1235 1982 1306 qui
2028 1234 2075 1290 si
2121 1250 2228 1291 non
2254 1236 2477 1308 .pa'ssuri
2510 1236 2628 1292 Filii
2655 1236 2919 1309 gloriam,
2952 1235 3048 1291 sed
3078 1235 3290 1291 Patrem
3317 1234 3486 1290 vidis-

235 1326 362 1391 vidit,
399 1326 495 1381 nisi
532 1326 710 1393 Pater,
743 1325 949 1381 scilicet
976 1323 1129 1397 cuius
1155 1334 1241 1381 est
1277 1339 1480 1380 sermo.
1524 1325 1788 1395 Denique,

1902 1340 2034 1395 sent,
2058 1327 2244 1397 credo,
2261 1329 2505 1385 morituri
2530 1328 2746 1385 ibidem.
2766 1327 2934 1384 Deum
2955 1329 3096 1383 enim
3115 1343 3260 1381 nemo
3280 1326 3485 1397 videbit,

238 1421 551 1491 inspiciamus
607 1436 768 1491 quem
822 1418 1069 1491 Apostoli
1121 1418 1376 1474 viderint.
1430 1417 1582 1488 Quod
1653 1416 1790 1472 vidi-

1906 1436 1942 1480 ιι
1968 1425 2114 1491 vivet.
2143 1421 2199 1478 Si
2231 1421 2347 1477 haec
2381 1422 2453 1476 ita
2489 1430 2652 1487 sunt,
2682 1428 2895 1477 constat
2920 1433 3043 1500 eum
3075 1434 3288 1489 semper
3315 1418 3489 1474 visum

234 1529 355 1581 mus,
401 1513 561 1584 inquit
606 1512 843 1569 Joannes
894 1510 939 1581 (I
987 1509 1144 1566 Joan.
1181 1509 1232 1580 l,
1285 1510 1364 1583 1),
1408 1509 1543 1583 quod
1588 1509 1790 1564 audivi-

1908 1520 1963 1576 ιι)
1994 1519 2166 1582 initio,
2199 1516 2291 1588 qui
2321 1513 2467 1570 visus
2499 1513 2664 1570 fuerit
2694 1515 2744 1569 in
2779 1511 2917 1578 line;
2947 1522 3002 1569 et
3026 1528 3147 1567 eum
3180 1527 3279 1569 nec
3306 1512 3356 1566 in
3385 1512 3491 1566 line

238 1625 331 1663 nius
351 1649 365 1673 ,
394 1608 548 1662 oculis
579 1608 767 1662 nostris
791 1606 1027 1671 vidimus,
1056 1619 1102 1661 et
1129 1622 1310 1660 manus
1347 1614 1534 1659 nostra:
1568 1614 1791 1659 contrec-
1897 1612 2092 1676 visum,
2122 1608 2211 1680 qui
2242 1621 2342 1663 nec
2367 1606 2439 1661 ab“
2462 1606 2615 1661 initio
2647 1604 2743 1660 fuit
2766 1605 2912 1659 visus
2937 1621 2952 1672 ;
2987 1613 3039 1660 et
3082 1604 3151 1659 ita
3181 1604 3316 1659 duos
3345 1619 3493 1670 esse,

232 1708 432 1755 laverunt
464 1700 525 1754 de
567 1699 819 1755 Sermone
856 1699 989 1753 υἰιίε-
1041 1698 1233 1754 Scrmo
1276 1697 1420 1753 enim
1449 1696 1572 1751 vitat
1599 1695 1791 1763 factus,
1899 1703 2072 1756 visum
2103 1708 2159 1756 et
2192 1699 2445 1753 invisum.
2476 1695 2643 1753 Filius
2684 1711 2814 1768 ergo
2856 1697 3003 1751 visus
3041 1705 3125 1752 est
3162 1709 3397 1766 semper,
3445 1705 3502 1751 ct

228 1803 272 1849 et
293 1793 507 1859 auditus,
536 1802 591 1849 et
617 1801 1008 1858 contrectatus,
1038 1793 1164 1863 quia
1204 1805 1352 1855 caro,
1385 1790 1473 1861 qni
1512 1800 1638 1844 ante
1671 1803 1792 1844 car-
1823 1801 1871 1863 Β
1899 1792 2066 1848 Filius
2090 1798 2440 1846 conversatus
2469 1799 2553 1844 est
2583 1803 2820 1857 semper,
2854 1797 2908 1843 et
2941 1786 3111 1841 Filius
3133 1792 3385 1858 operatus
3415 1797 3500 1842 est

239 1902 341 1941 nem
376 1885 561 1943 Sermo
608 1894 814 1941 tantum
865 1885 918 1941 in
963 1885 1253 1955 primordio
1299 1883 1437 1955 apud
1485 1883 1648 1939 Deum
1689 1883 1793 1939 Pa-
1898 1900 2136 1956 semper,
2165 1897 2235 1937 ex
2267 1882 2587 1937 auctoritate
2618 1879 2792 1935 Patris
2817 1888 2874 1935 et
2902 1878 3370 1950 voluntate;qnia
3404 1878 3496 1933 Fi-

238 1990 369 2046 trem,
408 1996 509 2035 non
560 1980 722 2034 Pater
760 1978 900 2049 apud
940 1977 1278 2034 Sermonem.
1327 1976 1459 2045 Nam
1501 1975 1606 2032 etsi
1652 1975 1797 2045 Deus
1900 1977 2000 2032 lius
2038 1974 2167 2029 nihil
2190 1990 2220 2027 a
2250 1972 2517 2043 semetipso
2550 1979 2712 2042 potest
2738 1973 2927 2043 facere,
2960 1970 3059 2023 nisi
3083 1956 3261 2025 viderit
3290 1967 3502 2024 Patrem

228 2054 709 2149 Sermonsed’apud
734 2070 1067 2141 Deum,quia
1091 2086 1157 2125 ex
1186 2070 1298 2126 Deo
1331 2070 1492 2138 Deus,
1525 2070 1647 2139 quia
1670 2083 1793 2123 cum
1901 2072 2210 2144 facientem;
2268 2068 2322 2123 in
2371 2068 2534 2123 Sensu
2582 2066 2790 2122 scilicet
2832 2064 3118 2122 facientem
3161 2063 3299 2139 (ιὲ).
3345 2065 3503 2119 Pater

228 2166 359 2222 Patre
398 2148 557 2236 apud
589 2166 830 2220 Patrem.
861 2162 929 2218 Et
969 2164 1185 2218 vidimus
1229 2162 1446 2234 gloriam
1492 2162 1603 2237 ejus
1628 2201 1643 2228 ,
1684 2169 1798 2216 tan-
1902 2164 2046 2220 enim
2075 2177 2235 2218 sensu
2272 2160 2389 2235 (1'5)
2416 2160 2544 2231 agit.
2575 2158 2746 2216 Filius
2773 2174 2903 2216 vero
2938 2159 3081 2233 quod
3111 2158 3226 2232 (14)
3250 2160 3303 2213 in
3330 2158 3505 2215 Patris

231 2275 359 2329 quam
417 2257 664 2329 unigeniti
708 2272 739 2310 (ι
780 2255 936 2310 Patre
977 2253 1156 2327 (Joan.
1187 2252 1398 2324 1,14);
1438 2253 1621 2324 utique
1648 2250 1792 2319 Filii.
1902 2274 2064 2316 sensu
2097 2267 2179 2315 est
2209 2257 2397 2314 videns
2424 2255 2652 2330 perlicit.
2687 2256 2777 2311 Sic
2804 2255 2976 2310 omnia
3014 2272 3103 2327 per
3142 2253 3340 2310 Filium
3366 2257 3506 2326 facta

228 2350 404 2407 scilicet
429 2350 677 2412 visibilis,
724 2348 1008 2420 gloriticati
1036 2364 1067 2403 a
1092 2348 1247 2404 Patre
1277 2347 1551 2403 invisibili.
1582 2346 1650 2401 Et
1680 2345 1801 2401 ideo
1904 2360 2042 2420 sunt,
2071 2361 2118 2406 et
2141 2351 2251 2407 sine
2274 2351 2365 2406 illo
2390 2350 2585 2423 factum
2605 2360 2676 2404 est
2703 2347 2860 2404 nihil.

230 2442 444 2515 quoniam
481 2442 560 2516 (1)
621 2441 943 2497 Sermonem
989 2439 1083 2498 Dei
1129 2439 1295 2495 Deum
1342 2439 1570 2502 dixerat,
1610 2453 1678 2493 ne
1721 2435 1799 2511 (2)
1950 2476 1977 2493 .
2498 2440 2727 2499 CAPUT
2766 2440 2907 2498 XVI.

231 2534 471 2605 adiuvaret
495 2533 936 2589 adversariorum
967 2531 1442 2602 praesumptionem
1470 2571 1486 2596 ,
1518 2531 1670 2600 quasi
1703 2529 1805 2584 Pa-
1979 2531 2089 2589 Nec
2114 2544 2268 2605 putes
2296 2533 2410 2589 sola
2437 2548 2601 2604 opera
2629 2532 2811 2588 mundi
2838 2547 2932 2604 per
2961 2531 3156 2588 Filium
3189 2532 3325 2589 facta
3351 2575 3365 2598 ,
3405 2534 3502 2590 sed

235 2635 346 2681 trem
371 2627 536 2697 ipsum
566 2624 817 2691 vidisset,
840 2623 908 2678 ad
935 2623 1371 2695 distinguendum
1396 2623 1536 2677 inter
1564 2621 1806 2677 invisibi-
1911 2634 1966 2680 ct
1992 2641 2111 2694 qum
2135 2640 2164 2677 a
2198 2624 2313 2681 Deo
2339 2625 2534 2680 exinde
2554 2634 2704 2696 gesta
2733 2635 2879 2680 sttnt.
2909 2623 3073 2681 Pater
3099 2626 3241 2681 enim
3273 2625 3362 2697 qui
3389 2626 3513 2681 dili-

232 2717 318 2772 lem
341 2718 563 2785 Patrem,
590 2727 649 2772 et
675 2714 873 2770 Filium
901 2715 1186 2778 visibilem.
1216 2714 1511 2785 superdicit
1538 2728 1605 2770 ex
1633 2714 1808 2768 abun-
1911 2702 1983 2790 git
2010 2713 2228 2784 Filium,
2256 2727 2303 2771 et
2330 2717 2501 2772 omnia
2528 2716 2741 2771 tradidit
2782 2716 2836 2770 in
2883 2734 3040 2772 manu
3088 2718 3199 2789 (15)
3231 2722 3381 2789 ejus;
3412 2719 3518 2772 uti-

234 2810 377 2875 danti,
406 2810 567 2867 Deum
596 2827 749 2866 nemo
775 2810 898 2864 vidit
930 2826 1157 2881 unquam
1183 2809 1389 2881 (toan,
1418 2807 1459 2877 1,
1490 2807 1604 2882 18).
1636 2808 1806 2879 Quem
1912 2824 2017 2880 que
2045 2824 2072 2861 a
2102 2806 2394 2879 primordio
2420 2809 2632 2881 diligit,
2676 2818 2730 2864 et
2770 2824 2798 2863 a
2841 2810 3137 2880 primordio
3167 2811 3401 2866 tradidit.
3431 2813 3510 2866 lix

237 2904 420 2973 Deum?
446 2903 816 2960 Sermonem?
847 2904 1067 2975 Atquin,
1117 2901 1349 2958 Vidimus
1373 2945 1388 2969 ,
1421 2912 1467 2957 et
1496 2904 1807 2974 audivimus,
1913 2920 2042 2975 quo,
2075 2921 2106 2958 a
2134 2905 2416 2975 primordio
2447 2906 2628 2961 Sermo
2655 2916 2765 2960 erat
2790 2906 2931 2976 apud
2960 2908 3143 2973 Deum,
3168 2918 3212 2961 et
3240 2907 3381 2961 Deus
3407 2917 3519 2961 erat

234 3006 273 3052 et
295 3000 727 3065 contrectavimns,
752 2995 843 3052 de
889 2996 1154 3052 Sermone
1191 2996 1317 3052 vita)
1362 2995 1671 3067 praedictum
1704 3004 1806 3052 est.
1917 2997 2099 3052 Sermo
2127 2996 2335 3069 (Joan.,
2360 2995 2402 3064 1,
2433 2997 2510 3067 1),
2544 2995 2629 3051 cui
2661 2995 2784 3051 data
2810 3008 2882 3053 est
2909 2999 3073 3051 omnis
3102 2980 3320 3068 potestas
3344 3014 3374 3051 a
3405 2996 3517 3053 Pa-

234 3090 321 3148 Sed
346 3108 496 3162 quem
518 3093 694 3155 Deum
718 3090 744 3144 Ἰ
768 3090 991 3146 Scilicet
1017 3089 1257 3155 Patrem,
1289 3090 1428 3161 apud
1449 3106 1608 3161 quem
1641 3091 1812 3146 Deum
1918 3098 1992 3144 tre
2015 3089 2067 3142 in
2094 3089 2232 3143 caelis
2249 3098 2305 3143 'et
2329 3089 2383 3143 in
2407 3098 2544 3143 terra
2571 3086 2809 3158 (Matth,
2846 3088 3089 3154 XXVIII,
3113 3091 3192 3162 8).
3225 3088 3346 3144 Non
3365 3090 3516 3162 judi-

238 3184 306 3255 (3)
326 3196 432 3241 erat
457 3188 677 3251 Sermo,
708 3185 1004 3256 unigenitus
1042 3185 1253 3252 scilicet
1278 3183 1358 3259 (4)
1393 3184 1561 3241 Filius
1581 3226 1596 3250 ,
1636 3188 1724 3259 qui
1757 3189 1813 3241 in
1841 3197 1886 3261 ρ
1919 3190 2001 3235 cat
2024 3180 2185 3236 Pater
2208 3196 2543 3252 quamquam;
2570 3181 2659 3236 sed
2686 3182 3106 3253 omnejudicinm
3135 3183 3346 3237 tradidit
3378 3182 3519 3237 Filio

236 3277 378 3332 sinum
397 3280 479 3350 (5)
499 3277 682 3334 Patris
707 3279 826 3348 ipse
846 3277 1099 3332 disseruit.
1118 3276 1237 3350 lpse
1254 3275 1621 3341 ctanditus,et
1639 3278 1781 3333 visus
1801 3319 1817 3346 ,
1925 3276 2133 3350 (Joan.,
2160 3275 2228 3344 ν,
2256 3276 2371 3350 22);
2402 3293 2433 3332 a
2456 3278 2751 3348 primordio
2775 3288 2974 3334 tamen.
3007 3277 3234 3335 Omnem
3263 3279 3407 3335 enim
3434 3278 3524 3346 di-

240 3376 288 3422 ct
334 3384 397 3425 ne
447 3366 775 3441 phantasma
819 3368 1132 3425 crederetur
1156 3411 1171 3435 ,
1222 3369 1384 3425 etiam
1435 3377 1818 3427 contrectatus.
1926 3383 2057 3426 cens
2082 3379 2424 3441 potestatem,
2448 3379 2504 3426 et
2522 3370 2977 3440 omnejudicium,
2999 3381 3052 3426 et
3077 3372 3252 3426 omnia
3279 3388 3374 3443 per
3398 3387 3525 3428 cum

240 3458 369 3517 illinc
389 3472 443 3517 et
461 3461 674 3518 Paulus
714 3460 1022 3532 conspexit,
1071 3475 1173 3517 nec
1210 3471 1391 3517 tamen
1419 3460 1634 3517 Patrem
1664 3460 1818 3518 vidit.
1926 3464 2091 3531 facta,
2124 3471 2181 3520 et
2204 3464 2383 3520 omnia
2410 3462 2683 3519 tradita'in
2713 3480 2874 3519 manu
2915 3463 3033 3536 ejus
3056 3505 3072 3531 ,
3116 3464 3315 3520 nullam
3353 3479 3520 3519 exce-

239 3547 420 3617 Nme,
460 3553 666 3625 inquit,
695 3550 801 3606 vidi
826 3549 1005 3607 Iesum
1045 3549 1109 3625 (Ι
1135 3550 1254 3606 Cor.
1285 3550 1376 3618 IX,
1408 3552 1467 3623 1)
1491 3551 1516 3605 ‘t
1543 3540 1821 3608 Christum
1925 3557 2167 3628 ptionem
2216 3558 2475 3628 temporis
2519 3555 2818 3627 permittit:
2846 3557 2970 3627 quia
3000 3557 3179 3611 omnia
3209 3572 3315 3611 non
3343 3565 3525 3631 erunt,
3590 3611 3599 3621 ,
3630 3609 3643 3621 κ

243 3650 467 3700 ιιιωιιθι
487 3644 609 3716 ipse
636 3643 805 3698 Deum
824 3639 904 3714 (6)
921 3641 1352 3714 cognominavit:
1376 3642 1606 3709 Quorum
1628 3654 1820 3715 patres,
1929 3647 1975 3704 si
2005 3664 2113 3704 non
2143 3648 2320 3704 omnis
2352 3647 2608 3720 temporis
2655 3646 2871 3704 fuerint.
2898 3646 3067 3704 Filius
3096 3650 3277 3720 itaque
3303 3658 3388 3705 est
3438 3649 3587 3722 qui’

242 3742 283 3791 st
303 3751 362 3792 cs
382 3738 559 3811 quibus
589 3736 832 3794 Christus
854 3737 1143 3792 secundum
1168 3734 1373 3791 carnem
1395 3778 1411 3805 ,
1438 3724 1524 3809 qui
1558 3747 1630 3795 est
1673 3753 1829 3811 super
1931 3739 2047 3813 (16)
2066 3741 2133 3796 ab
2158 3739 2308 3796 initio
2324 3739 2607 3812 judicavit,
2634 3740 2821 3796 turrim
2838 3734 3284 3812 superbissimam
3302 3743 3527 3810 elidens,

252 3826 510 3901 Meuania
554 3830 706 3886 Deus
753 3829 1039 3884 benedictus
1076 3829 1132 3884 in
1175 3844 1339 3885 tecum
1387 3828 1564 3902 (Rom.
1603 3831 1705 3897 1X,
1750 3832 1827 3906 5).
1932 3832 2247 3904 linguasque
2277 3831 2602 3902 diSpertiens
2646 3830 2784 3905 (17),
2826 3833 3011 3889 orbem
3056 3842 3225 3890 totum
3271 3849 3534 3904 aquarum

245 3918 467 3979 “tendit
511 3931 567 3981 et
593 3922 719 3993 ipse
746 3918 827 3995 (8)
852 3920 1112 3978 visibilem
1146 3922 1241 3979 Dei
1265 3921 1491 3990 Filium,
1516 3922 1568 3979 id
1592 3934 1676 3980 est
1702 3923 1830 3982 Ser-
1935 3924 2186 3980 violentia
2218 3924 2462 3993 puniens,
2497 3923 2689 3994 pluens
2718 3939 2882 3995 super
2905 3924 3195 3980 Sodomam
3227 3934 3281 3980 ct
3305 3924 3533 3982 Gomor-

245 4022 433 4071 Icncni
473 4013 596 4079 Dei,
654 4013 777 4081 quia
829 4029 947 4068 caro
995 4017 1162 4086 {actus
1207 4022 1304 4081 est,
1353 4013 1599 4070 Christus
1638 4015 1819 4074 dictus
1939 4015 2092 4073 rham
2126 4019 2306 4089 ignem
2334 4025 2387 4073 et
2413 4016 2728 4091 sulphurem
2760 4016 2910 4091 (18);
2941 4017 3192 4073 Dominus
3220 4017 3333 4093 (l9)
3358 4037 3391 4074 a
3417 4020 3530 4075 Do-

248 4112 339 4161 su.
360 4104 433 4162 De
460 4105 625 4162 Patre
650 4112 830 4159 autem
862 4103 931 4160 ad
958 4104 1298 4161 Timetlieum
1320 4121 1335 4159 :
1359 4105 1521 4173 Quem
1537 4123 1683 4161 nemo
1708 4108 1835 4165 vidit
1939 4108 2077 4164 mino
2103 4104 2284 4180 (Gem,
2312 4105 2456 4173 XIX,
2485 4106 2602 4181 24).
2633 4106 2753 4180 Ipse
2780 4109 2925 4165 enim
2951 4118 3005 4166 et
3030 4110 3098 4165 ad
3126 4109 3357 4167 humana
3388 4127 3539 4168 sem-

254 4192 529 4265 unum,
570 4194 673 4252 sed
712 4188 805 4249 nec
844 4197 1009 4251 videre
1065 4206 1229 4269 potest
1274 4195 1319 4267 (1
1363 4196 1523 4279 Tinn,
1556 4198 1655 4269 γι,
1715 4200 1839 4272 16).
1938 4216 2035 4274 per
2071 4200 2335 4271 colloquia
2363 4200 2672 4271 descendit,
2707 4204 2776 4260 ab
2803 4202 2972 4259 Adam
2997 4219 3170 4276 usque
3196 4204 3264 4261 ad
3298 4206 3533 4263 Patriar—
3578 4208 3627 4262 ἓν

248 4280 573 4361 Mensis
602 4284 848 4358 amplius
876 4284 1089 4362 (ibim):
1118 4288 1225 4358 Qui
1247 4288 1390 4346 solus
1406 4289 1555 4345 habet
1573 4291 1836 4349 immorta-
1937 4294 2068 4351 chas
2107 4300 2166 4351 ‘et
2199 4290 2536 4366 Prophetas,
2585 4295 2639 4352 in
2689 4297 2918 4367 visione,
2968 4298 3024 4354 in
3068 4299 3281 4356 somnio
3313 4299 3450 4374 (20),
3482 4300 3539 4361 in

1358 4426 1363 4430 ”
1444 4426 1831 4490 LECTIONES
1863 4426 2280 4488 VARIANTES.

250 5344 346 5395 δΐιι
430 5358 439 5367 ’
488 5370 530 5402 ..

250 5418 272 5488 ι
325 5439 341 5494 ι)
355 5415 364 5460 ~.
381 5439 394 5464 ;
616 5392 714 5500 ..ω
709 5398 735 5492 Ι

313 5679 316 5684 _
568 5594 745 5673 iam

273 5691 284 5758 ’ἢ
585 5682 745 5795 λ’.ιῖ

322 4557 368 4620 1)
402 4557 667 4620 Quomodo
688 4557 842 4612 Seml.
1938 4570 2054 4614 Jun.
2078 4562 2280 4613 rationis
2303 4573 2365 4612 ex
2389 4564 2605 4615 amentia
2629 4565 2819 4620 Wouw.

448 4618 661 4675 tSeml.
692 4682 704 4687 Α
814 4660 829 4683 ,.
2007 4623 2107 4687 (12)
2137 4625 2447 4676 Sentientem
2466 4626 2610 4682 scml.

328 4682 373 4761 it
1860 4691 1916 4753 1)
2004 4682 2109 4761 (ἐξ)
2143 4687 2370 4761 iure?“
2405 4695 2520 4761 tua:

403 4746 608 4812 §cilicet
632 4744 770 4797 abest
800 4746 938 4812 sentt.
1860 4744 1907 4753 ⁷
2003 4744 2110 4812 (11)
2146 4750 2241 4811 Qui
2270 4753 2438 4802 Venet.
2462 4751 2612 4804 Rhea.

401 4807 706 4882 ruinam
730 4807 904 4882 .semL-
990 4871 1003 4882 .
2006 4807 2113 4882 lt§l
2146 4807 2443 4882 suum.

522 4871 858 4949 Etan
878 4871 1019 4925 sm.
2008 4871 2114 4949 (te)
2149 4874 2526 4949 ξιαάάιεεηιι·

458 4945 517 4999 με
742 4992 747 4997 ,
2010 4933 2116 5065 (17)
2148 4937 2454 5002 DiSperdens
2475 4935 2650 5002 Senle

458 5008 525 5065 ise
669 4994 850 5047 tsemt.
2038 5000 2096 5065 Ψ
2150 5000 2531 5065 ξιιιριιιιιμψιιιι.Δ

493 5052 653 5112 ἧκα.
671 5065 789 5109 Just.
2016 5052 2120 5117 319')
2154 5052 2293 5114 Deus
2312 5075 2339 5113 a
2362 5060 2472 5114 Deo
2492 5063 2648 5117 86ml.

342 5117 891 5196 ξέὶέιεάάίεςωὲπ.
977 5183 1010 5196 ..
1359 5194 1368 5196 Α
1462 5186 1495 5196 ..
1627 5184 1678 5196 -.
1831 5191 1841 5196 _

977 5183 1010 5196 ..
1359 5194 1368 5196 Α
1462 5186 1495 5196 ,,
1627 5184 1678 5196 λ,
1831 5191 1841 5196 _
2018 5117 2508 5190 (20)SomnoSemt.

369 5178 421 5238 11
444 5178 694 5236 lationes
710 5179 854 5234 sentt.
876 5183 1112 5237 irratione
1147 5180 1305 5233 Fran.
1346 5186 1596 5238 ert-titione
1619 5184 1768 5238 Men.
1797 5191 1852 5236 et

1608 5268 2170 5335 COMMENTARIUS.

250 5344 351 5490 :bl
488 5370 1848 5490 -ΞαιωιἚιέδοτὲεέῧῗὲαέηηῌὶίὶρὶέξῖἓῇ
1952 5378 2128 5490 inq‘r‘e
2147 5387 2308 5490 gtiam
2332 5389 2386 5490 ig
2407 5389 2502 5490 illo
2527 5391 2689 5490 nimis
2712 5394 2879 5459 libera
2903 5395 3065 5490 Cl'arii
3081 5399 3383 5490 castigatio.
3405 5402 3557 5464 Pus.

269 5450 1851 5548 Μίνῳικξηηράοβθέβιυμτοηεθξοῑι;ξι

1997 5456 2112 5548 ita
2138 5450 2526 5548 Νεςηςρςιναιε
2552 5473 2598 5518 ει
2621 5450 2849 5548 nam
2866 5450 2931 5521 τοί
2946 5450 3580 5548 1’sgstjs;;a_;;;_;.aa;;;,

516 5524 837 5607 agnuam
851 5529 1037 5599 Apost.
1050 5524 1226 5607 ΙΤίιιιτ
1242 5525 1288 5607 1.
1306 5529 1553 5595 citantes,
1578 5528 1751 5607 sedet
1765 5530 1852 5586 hic
1955 5538 2004 5607 et
2031 5524 2099 5589 an

1971 5538 2004 5607 et
2031 5524 2272 5607 amentia.
2305 5530 2422 5587 Hoc
2446 5541 2752 5607 estheque
2777 5539 2893 5591 sine
2919 5524 3155 5607 periculo
3174 5524 3554 5605 manus};

228 5571 1220 5727 ﬁudtagiitiu'smsoli
1233 5571 1433 5663 demes
1449 5571 1555 5726 qut;
1567 5600 1853 5672 colligitur,
1957 5604 2063 5727 q’ue
2083 5571 2224 5656 'sinc
2263 5571 3098 5667 amentia."Peritu‘iuaniui‘aliidiii:
3106 5571 3552 5683 111ιὲίὲυάῗέὐὲῗὲ

250 5691 280 5727 -
313 5679 331 5718 ἲ
407 5689 425 5716 δν
668 5682 738 5727 ex
764 5670 950 5727 armis
1007 5671 1251 5727 odiernis
1267 5686 1461 5727 exemn
1485 5671 1854 5727 aribusinter-
2010 5670 2256 5727 ericulum
2275 5670 2499 5727 luminis.
2525 5674 2626 5727 lmc
2645 5686 2749 5727 est.
2769 5677 3209 5727 damnummtmr
3230 5680 3422 5727 limini.
3442 5687 3552 5727 si...

407 5670 738 5821 Νι
776 5682 779 5683 ν
826 5670 835 5677 "
904 5670 916 5683 ‘
962 5670 1251 5751 humanis
1267 5670 1666 5801 exemglarihus
1684 5670 1854 5730 inter-4
1965 5670 2256 5727 Periculum
2275 5670 2499 5739 luminis,
2525 5674 2626 5728 hoc
2645 5686 2749 5741 est,
2769 5677 3209 5743 daitinum.Liber
3230 5670 3425 5739 Ursini.
3442 5670 3561 5744 sine

602 5754 617 5815 ὲ
700 5682 1004 5821 1mm
1024 5756 1240 5817 ego"
1258 5743 1409 5807 calce
1468 5745 1598 5821 Pist,
1618 5745 1681 5803 ad
1698 5745 1854 5805 κοίη,
1960 5745 2172 5819 mam
2193 5744 2475 5817 minentis
2489 5762 2509 5815 ,-
2524 5744 2739 5815 Pitliuti,
2754 5747 2863 5811 sine
2880 5751 3074 5815 ratione
3093 5760 3140 5809 et
3156 5754 3396 5811 amentia.
3421 5754 3550 5821 Bis.

602 5743 1004 5855 N’W
1024 5743 1240 5817 σηοω
1258 5743 1409 5807 calce
1424 5743 1598 5844 Epist.
1618 5745 1681 5803 ad
1698 5745 1854 5805 nom.
1960 5745 2172 5819 satiaris

1966 5745 2172 5819 rationis
2193 5744 2475 5817 minantia
2489 5762 2509 5815 .'
2524 5744 2739 5815 Ptianii,
2754 5747 2863 5811 sine
2880 5751 3074 5827 ratione
3093 5754 3396 5811 clamantia.
3421 5743 3549 5824 Bis.

266 5838 337 5887 ἶ...
452 5838 471 5859 δ
858 5838 887 5882 Ι,
1476 5838 1483 5844 ‘

274 5900 297 5929 Ι

1688 5972 1717 5991 \

374 6006 397 6025 ι
446 6000 465 6019 Ι

746 6032 773 6043 ο
