4008 6280
446 337 557 395 175

1866 335 2326 393 TEBTULLIANI

3627 336 3752 394 176

441 450 685 523 speculo,
718 449 769 505 in
795 436 1112 521 aenigmate,
1144 450 1388 506 ordinem
1419 465 1572 504 sumn
1610 457 1934 520 praistroens
1964 450 2032 505 ab
2058 449 2113 510 Α
2137 449 2310 524 depda
2362 449 2527 505 fuisse
2553 449 2650 522 (8),
2681 451 2724 505 si
2756 450 2954 521 scripta
2985 466 3090 505 non
3119 459 3330 517 essent;
3362 450 3585 506 fortasse
3625 467 3744 505 non

440 543 597 598 initio
619 557 854 612 semper,
875 558 1034 612 quem
1051 551 1167 598 erat
1190 548 1568 613 persecuturus
1586 542 1637 596 in
1663 543 1822 597 linem
1842 540 1942 614 (1).
1965 543 2035 596 Ita

443 650 659 705 semper
702 635 976 691 edisccbat
1023 635 1123 706 (a),
1171 644 1227 691 et
1276 636 1420 690 Deus
1469 636 1521 689 iu
1571 634 1726 690 terris
1767 649 1889 690 cum
1937 635 2036 689 ho-

440 730 676 785 minibus
698 730 1006 786 conversari
1027 745 1131 784 non
1155 728 1289 783 alius
1317 729 1484 798 potuit
1517 728 1598 798 (2)
1645 743 1804 798 quam
1822 728 2034 794 Sermo,

441 821 532 890 qui
558 836 686 876 caro
711 831 829 877 erat
862 822 1087 877 futurus.
1117 820 1402 876 Ediscebat
1447 831 1624 876 autem
1647 861 1661 886 ,
1705 829 1762 874 ut
1793 819 1944 875 nobis
1975 820 2039 873 ii-

440 916 567 970 dem
615 925 922 980 sterneret,
964 924 1022 968 nt
1068 913 1272 969 facilius
1308 911 1654 968 crederenms
1703 911 1893 965 Filiqu
1945 911 2036 966 Dei

440 1006 788 1064 descendisse
819 1008 867 1061 in
913 1005 1188 1072 srcculum,
1237 1005 1281 1058 si
1329 1003 1406 1076 (5)
1463 1014 1518 1059 et
1571 1014 1717 1059 retro
1764 1003 1866 1057 tale
1908 1002 2037 1072 quid

439 1106 648 1169 gestum
677 1112 1144 1166 cognosceremus.
1179 1095 1408 1165 Propter
1431 1109 1530 1150 nos
1559 1093 1701 1148 enim
1729 1093 1868 1148 sicut
1905 1095 2038 1147 seri-

437 1201 529 1264 pta
560 1200 704 1254 sunt,
735 1191 804 1244 ita
834 1199 889 1246 et
914 1200 1065 1261 gesta
1099 1199 1244 1254 sunt,
1275 1189 1325 1242 in
1354 1204 1489 1257 quos
1515 1204 1750 1242 :evorum
1785 1189 1917 1241 lines
1941 1187 2037 1241 tle-

437 1291 809 1340 eucnrrcrunt.
863 1284 954 1339 Sic
1001 1285 1164 1339 etiam
1223 1281 1452 1337 afl'cctus
1522 1283 1785 1336 humanos
1831 1281 2038 1337 sciebat

435 1375 545 1447 jam
580 1385 704 1430 tunc
728 1415 743 1440 ,
771 1383 1119 1445 suscepturus
1145 1374 1306 1428 etiam
1338 1374 1480 1443 ipsas
1506 1373 1834 1428 substantias
1862 1373 2037 1428 homi-

439 1469 544 1533 nis,
597 1483 813 1522 carnem
865 1475 922 1522 et
967 1468 1244 1529 animam;
1295 1467 1628 1537 interrog-ms
1673 1467 1838 1522 Adam
1885 1468 2034 1538 quasi

435 1563 705 1626 nesciens,
733 1560 834 1616 Ubi
854 1577 906 1616 es
932 1560 1138 1615 Adam?
1161 1561 1407 1629 paenitens
1435 1561 1570 1629 quod
1597 1561 1851 1616 hominem
1877 1564 2031 1629 fecis-

437 1665 532 1717 set,
581 1654 733 1724 quasi
779 1668 884 1706 non
928 1653 1260 1721 przesriens;
1306 1662 1504 1707 tcnIans
1543 1653 1834 1720 Abraham,
1883 1656 2033 1725 quasi

375 1773 386 1790 >
435 1747 693 1817 ignorans
721 1745 848 1814 quid
878 1745 949 1798 sit
980 1746 1030 1798 iu
1062 1743 1279 1800 homine
1306 1762 1319 1810 ;
1351 1743 1609 1812 offensus,
1656 1747 2034 1802 reconciliatus

2141 542 2407 598 credenda
2435 541 2504 598 de
2547 542 2728 609 Patre,
2771 543 2895 598 licet
2941 543 3161 612 scripta,
3206 559 3366 614 quem
3409 543 3495 597 isti
3524 543 3575 597 in
3620 543 3740 596 vnl-

2145 647 2269 687 vain
2301 632 2478 688 Marha
2503 631 2797 700 deducunt,
2821 643 2874 688 et
2901 633 2952 688 in
2978 633 3132 688 Pilati
3168 633 3398 688 tribunal
3431 632 3741 703 imponunt,

2141 733 2195 779 et
2221 724 2274 777 iu
2307 714 2657 779 monumento
2693 722 2772 797 (9)
2801 725 3004 795 Juseph
3033 725 3381 781 concludunt.
3413 725 3549 780 Ilinc
3577 725 3740 796 igitur

2140 826 2361 886 apparet
2388 833 2541 871 error
2571 817 2807 872 illorum.
2839 817 3150 888 Ignorantes
3179 818 3349 885 enim,
3381 833 3412 872 a
3443 817 3739 888 primordio

2140 922 2354 963 omnem
2375 909 2616 963 ordinem
2639 907 2840 963 divinae
2860 908 3228 978 dispositionis
3249 925 3343 980 per
3361 908 3556 964 Filium
3577 909 3745 964 decu-

2140 1001 2398 1068 currisse,
2449 1001 2622 1070 ipsum
2667 999 2896 1056 credunt
2932 1001 3144 1056 Patrem
3192 1009 3248 1056 et
3289 1001 3486 1064 visum,
3523 1011 3575 1055 ct
3612 1018 3742 1054 (τυηο

2139 1108 2404 1163 gressum,
2446 1104 2500 1149 et
2543 1105 2844 1164 operatum,
2887 1105 2941 1149 et
2971 1093 3116 1149 sitim
3146 1102 3200 1149 et
3229 1095 3468 1150 esuriem
3503 1110 3737 1165 passum,

2139 1184 2399 1240 adversus
2448 1183 2772 1255 Prophetam
2813 1185 3128 1242 dicentem:
3182 1183 3326 1240 Deus
3367 1196 3585 1241 wternus
3627 1201 3752 1240 ποκ’

2139 1281 2292 1345 sitiet,
2323 1296 2414 1335 nec
2441 1281 2626 1335 esuriat
2653 1282 2858 1335 omnino
2900 1283 3136 1350 (quanto
3176 1281 3348 1351 magis
3387 1295 3488 1336 nec
3539 1282 3729 1335 morie-

2141 1382 2248 1439 tur,
2301 1388 2400 1428 nec
2433 1374 2726 1444 sepelietur
2755 1375 2768 1428 !
2802 1373 2819 1444 )
2850 1390 2866 1441 ;
2907 1382 2961 1429 et
2998 1373 3068 1428 ita
3116 1390 3278 1428 ltlttltlt
3329 1375 3496 1429 Deum
3527 1389 3739 1444 semper

2141 1465 2338 1537 egisse,
2365 1465 2418 1522 id
2446 1477 2529 1522 est
2557 1465 2795 1530 Patrem,
2828 1481 2948 1536 qua:
2980 1481 3074 1535 per
3103 1463 3298 1520 Filium
3325 1473 3477 1537 gesta
3504 1476 3644 1520 sunt.

2718 1557 2947 1614 CAPUT
2989 1555 3156 1612 XVII.

2216 1649 2445 1706 Facilius
2488 1651 2936 1707 existimaverunt
2985 1651 3197 1706 Patrem
3244 1649 3296 1704 in
3347 1649 3466 1704 Filii
3523 1650 3738 1704 nomine

2143 1743 2340 1814 egisse,
2367 1759 2529 1814 quam
2562 1743 2754 1799 Filium
2780 1742 2831 1796 in
2865 1743 3058 1809 Patris;
3085 1743 3300 1798 dicente
3330 1743 3448 1812 ipso
3480 1742 3733 1797 DOIIIIIIOZ

3779 678 3866 709 κ

3815 788 3864 998 ξ

3813 1023 3848 1086 ξ

3809 1087 3844 1179 ξ

437 1837 662 1894 eisdem.
701 1837 764 1891 Et
793 1837 834 1891 si
871 1852 972 1906 qua
1022 1835 1259 1891 luerctici
1304 1837 1714 1906 apprehenduut
1741 1838 1890 1908 quasi
1923 1839 2030 1893 Dea
2061 1845 2109 1905 Β
2138 1825 2254 1905 Ego
2283 1837 2394 1891 veni
2425 1837 2480 1891 in
2511 1835 2686 1890 Patris
2730 1837 2827 1890 mei
2876 1835 3078 1890 nomine
3129 1833 3306 1906 (Joan.
3339 1833 3380 1889 V
3406 1875 3422 1900 ,
3454 1835 3570 1906 45).
3605 1835 3735 1889 Item

437 1930 679 1998 indigna,
708 1928 774 1983 ad
809 1928 1225 1983 destructionem
1254 1927 1547 1995 Creatoris,
1580 1929 1888 1999 ignorantes
1914 1930 2031 1986 Ιιωο

436 2024 493 2078 in
525 2022 716 2077 Filium
745 2023 1086 2090 competisse,
1117 2009 1204 2092 qui
1246 2023 1406 2076 etiam
1442 2023 1718 2091 passiones
1747 2023 2028 2089 humanas,

435 2124 493 2169 et
519 2114 660 2167 sitim
688 2155 702 2180 ,
731 2123 785 2166 et
812 2113 1066 2176 esuriem,
1099 2121 1153 2166 cl
1182 2111 1466 2183 lacryinas,
1499 2123 1554 2167 et
1586 2114 1754 2183 ipsam
1785 2115 2032 2168 nativita-

434 2215 544 2260 tem
569 2246 586 2271 ,
616 2206 890 2275 ipsamque
921 2213 1150 2258 mortem
1182 2213 1298 2259 erat
1325 2203 1646 2271 subiturus".
1692 2203 1909 2274 l’rOpIcr
1938 2207 2034 2261 hoc

434 2299 716 2352 minoratus
757 2315 787 2351 a
828 2295 986 2352 Patre
1059 2297 1312 2350 modicum
1360 2297 1480 2367 quid
1541 2298 1618 2371 (4)
1660 2299 1786 2352 citra
1828 2300 2034 2372 angelos

435 2389 557 2463 (Ps.
594 2390 726 2457 Vill,
757 2391 836 2460 6).
869 2390 975 2445 Sed
1008 2390 1244 2445 hazretici
1274 2391 1490 2460 quidem
1522 2406 1622 2445 nec
1652 2391 1792 2447 Filio
1822 2393 1911 2448 Dei
1939 2395 2034 2448 de-

432 2483 700 2557 putabunt
733 2485 1056 2552 convenire,
1089 2501 1208 2554 quae
1237 2494 1288 2539 tu
1325 2483 1426 2554 ipsi
1479 2484 1558 2558 (5)
1621 2485 1762 2542 Patri
1803 2489 2032 2555 inducis,

433 2576 590 2646 quasi
621 2576 737 2645 ipse
761 2591 822 2631 se
850 2576 1282 2632 denominaverit
1314 2586 1529 2647 propter
1559 2594 1689 2643 nos;
1721 2595 1840 2634 cum
1887 2581 2037 2637 Scri-

433 2679 593 2740 ptura
619 2668 783 2722 alium
812 2667 956 2722 dieat
984 2669 1053 2724 ab
1081 2669 1188 2723 alio
1231 2669 1554 2724 minoratum
1583 2711 1595 2733 ,
1631 2686 1734 2725 non
1784 2671 1956 2742 ipsum
2007 2690 2033 2727 a

432 2761 750 2832 semetipso.
782 2762 918 2830 Quid
956 2762 1000 2817 si
1046 2773 1102 2818 et
1142 2763 1278 2816 alius
1305 2763 1394 2832 qui
1424 2764 1763 2818 coronabatur
1799 2765 1959 2836 gloria
1987 2777 2036 2822 et

435 2855 627 2910 honore
651 2854 753 2927 (6),
776 2857 914 2911 alius
942 2855 1031 2927 qui
1059 2857 1373 2919 coronabat,
1401 2857 1582 2927 utique
1606 2857 1799 2914 Filium
1833 2859 2034 2916 Pater?

434 2948 726 3018 Cancrum,
759 2950 918 3020 quale
947 2960 1068 3016 est,
1100 2959 1156 3004 ut
1186 2950 1323 3004 Deus
1349 2949 1690 3020 onmipoteus
1736 2952 1825 3007 ille
1853 2953 2034 3009 invisi-

434 3041 580 3107 bilis,
611 3059 758 3113 quem
784 3059 931 3096 nemo
976 3043 1100 3096 vidit
1149 3042 1452 3107 hominum,
1503 3060 1595 3096 nec
1635 3044 1803 3098 videre
1831 3054 2031 3114 potest:

434 3137 529 3193 ille
555 3136 644 3207 qui
675 3136 1070 3190 inaccessibilem
1099 3135 1258 3189 lucem
1291 3135 1524 3189 habitat:
1557 3135 1648 3192 ille
1675 3137 1764 3206 qui
1806 3154 1904 3192 non
1934 3138 2032 3192 hu—

2133 1930 2202 1986 ad
2231 1931 2404 2000 ipsum
2436 1930 2647 1984 Patrem
2676 1947 2687 1982 :
2718 1928 2918 1983 Nomen
2943 1938 3085 1983 tuum
3107 1928 3427 1998 manifestam
3453 1927 3739 1982 hominibus

2137 2023 2318 2094 (Joan.
2350 2023 2510 2086 XVII,
2543 2022 2622 2095 6).
2654 2021 2727 2095 (b)
2753 2021 3080 2078 Coudicenle
3101 2023 3261 2077 etiam
3289 2021 3564 2090 Scriptura
3593 2038 3606 2072 :
3635 2011 3706 2075 Bc
3727 2051 3740 2062 ο

2135 2117 2364 2170 nedictus
2387 2116 2472 2185 qui
2493 2115 2627 2170 venit
2647 2116 2702 2169 in
2723 2118 2926 2169 nomine
2949 2114 3156 2168 Domini
3178 2113 3356 2186 (Matt.
3373 2113 3514 2177 XXI,
3538 2114 3614 2185 6),
3631 2117 3736 2170 uti-

2134 2224 2240 2278 que
2263 2209 2495 2264 Filiusin
2511 2209 2686 2264 Patris
2709 2210 2942 2265 nomine.
2960 2208 3066 2264 Sed
3089 2220 3142 2264 et
3164 2208 3376 2262 nomina
3393 2207 3512 2278 (10)
3540 2208 3732 2271 Patris,

2137 2302 2280 2358 Dens
2293 2303 2658 2374 omnipotens,
2679 2301 2988 2356 Altissimus
3013 2302 3156 2372 (11),
3181 2301 3437 2355 Dominus
3457 2299 3736 2364 virtutum,

2138 2393 2254 2448 Rex
2289 2393 2524 2476 lsraelis,
2553 2394 2655 2460 Qui
2682 2403 2783 2450 est.
2807 2393 3084 2461 Quatenus
3110 2394 3180 2447 ita
3207 2391 3490 2463 scriptus-5e
3516 2391 3736 2455 docent,

2138 2487 2253 2542 inec
2279 2487 2509 2542 dicimus
2531 2496 2583 2541 et
2609 2488 2660 2541 in
2699 2486 2892 2541 Filium
2916 2485 3258 2556 competisse,
3282 2495 3338 2541 et
3359 2486 3410 2539 in
3441 2485 3524 2540 his
3545 2485 3740 2541 Filium

2140 2580 2375 2648 venisse,
2407 2591 2463 2636 et
2492 2581 2542 2634 iu
2572 2579 2656 2636 his
2693 2595 2906 2650 semper
2935 2579 3128 2650 egisse,
3163 2587 3218 2633 ct
3246 2577 3324 2632 sic
3354 2592 3416 2632 ea
3448 2578 3500 2632 in
3529 2592 3591 2633 se
3631 2578 3735 2630 ιιι»-

2137 2671 2370 2727 minibus
2394 2671 3017 2741 manifeslassc"Omnia,
3047 2669 3237 2740 inquit,
3268 2669 3442 2725 Patris
3466 2687 3576 2724 mea
3595 2680 3740 2725 sunt.

2135 2761 2246 2818 Cur
2261 2781 2366 2819 non
2383 2773 2438 2820 et
2452 2765 2701 2819 nomina?
2723 2764 2853 2820 Cum
2875 2763 2988 2836 (12)
3009 2779 3137 2835 ergo
3154 2762 3286 2834 legis
3306 2764 3471 2820 Deum
3485 2764 3740 2834 omnipo-

2139 2868 2375 2925 tentem,
2405 2869 2457 2915 et
2488 2859 2841 2923 Altissimum,
2874 2867 2929 2914 et
2958 2859 3123 2913 Demn
3153 2856 3430 2923 virtutum,
3454 2865 3510 2914 et
3530 2857 3737 2929 Regem

2138 2949 2389 3016 lsraelis,
2438 2961 2492 3006 ct
2541 2951 2612 3022 (c)
2656 2950 2756 3018 Qun
2802 2965 2937 3015 ssr;
2980 2949 3100 3004 vide
3157 2964 3224 3005 ne
3271 2965 3364 3018 per
3407 2949 3526 3004 Il.th
3571 2948 3747 3005 Filius

2137 3044 2298 3100 etiam
2325 3043 2747 3109 demonstretur,
2785 3057 2884 3097 suo
2909 3041 3030 3112 jure
3056 3040 3196 3096 Deus
3228 3041 3570 3110 omnipotens
3595 3040 3766 3120 (133),.

2138 3152 2242 3208 qua
2274 3136 2466 3192 Sermo
2510 3134 2603 3190 Dei
2629 3134 3036 3204 omnipotentis,
3066 3149 3275 3203 quaque
3303 3135 3544 3188 omnium
3575 3148 3736 3188 accc-

437 3230 560 3286 bitat
588 3231 640 3284 in
669 3229 1005 3300 manufactis,‘
1030 3245 1060 3282 a
1093 3228 1246 3298 cujus
1273 3238 1544 3298 conspectu
1572 3238 1706 3282 terra
1732 3231 2030 3285 contremis-
2059 3232 2216 3300 Cpit
2241 3239 2592 3300 potestatem;
2622 3227 2950 3292 Altissimus,
2982 3241 3085 3296 qua
3113 3225 3319 3280 dextera
3345 3223 3442 3280 Dei
3464 3225 3743 3292 exaltatus,

438 3326 529 3391 cit,
562 3334 754 3378 montes
781 3323 1061 3393 liquescunt
1092 3330 1146 3376 ut
1182 3338 1332 3387 cera;
1365 3322 1457 3392 qui
1494 3332 1650 3376 totum
1681 3325 1854 3378 orbem
1879 3343 2034 3380 manu

439 3415 783 3487 apprehendit
814 3414 944 3469 velut
973 3415 1151 3468 nidum
1173 3429 1192 3477 ;
1217 3414 1300 3469 cui
1339 3415 1518 3468 cazlum
1547 3416 1758 3470 thronus
1779 3458 1792 3481 ,
1827 3429 1872 3472 et
1901 3430 2037 3475 term

437 3507 752 3571 scabcflum;
781 3507 832 3561 in
864 3522 968 3577 quo
994 3506 1172 3561 omnis
1204 3505 1372 3571 locus,
1403 3522 1508 3561 non
1538 3506 1652 3577 ipse
1679 3509 1729 3562 in
1757 3508 1874 3564 loco
1899 3529 1914 3577 ;
1943 3513 2035 3582 qui

440 3599 809 3654 univcrsitatis
850 3607 1087 3652 extrema
1134 3597 1273 3652 linea
1309 3607 1426 3656 est:
1475 3597 1566 3654 ille
1613 3599 1938 3669 Altissimus,
1984 3604 2037 3658 in

439 3689 696 3762 paradiso
717 3688 783 3743 ad
807 3704 1082 3757 vesperam
1109 3687 1549 3754 deainbulaverit,
1570 3706 1816 3760 quaerens
1845 3693 2036 3762 Adam;

439 3792 499 3837 et
521 3795 700 3834 arcam
765 3788 886 3850 post
948 3778 1219 3833 introitum
1273 3777 1387 3833 Noe
1449 3778 1734 3846 clauserit;
1787 3792 1839 3837 et
1899 3786 2038 3857 apud

439 3871 713 3931 Abraham
760 3871 862 3926 sub
910 3885 1111 3941 quercu
1157 3869 1595 3940 refrigeraverit;
1629 3883 1683 3927 et
1724 3874 1939 3946 Moysen
1971 3877 2039 3934 de

440 3967 582 4024 rubo
610 3965 815 4021 ardenti
846 3965 1089 4032 voearit;
1121 3977 1179 4021 et
1223 3967 1274 4022 in
1327 3966 1550 4024 fornace
1589 3967 1865 4040 Babylonii
1898 3974 2039 4045 regis

440 4067 665 4129 quartus
702 4058 1012 4128 apparuerit
1066 4062 1418 4128 (quanquam
1471 4059 1638 4114 Filius
1686 4061 1916 4118 hominis
1957 4075 2040 4120 est

441 4147 663 4219 dictus),
693 4149 746 4203 ni
779 4149 892 4203 haec
924 4149 977 4202 in
1009 4148 1238 4218 imagine
1273 4147 1393 4221 (7),
1424 4159 1480 4204 et
1504 4153 1723 4220 speculo
1752 4196 1766 4220 ,
1816 4165 1869 4210 ct
1906 4158 2035 4212 ami-

444 4251 590 4300 mate
618 4241 879 4298 fuissent?
908 4239 1130 4298 Scilicet
1157 4251 1212 4298 et
1244 4241 1359 4298 haec
1384 4258 1486 4299 nec
1515 4243 1582 4300 de
1608 4245 1750 4302 Filio
1788 4247 1884 4303 Dei
1924 4265 2031 4306 cre-

2139 3326 2277 3381 sicut
2307 3326 2497 3380 Petrus
2542 3325 2595 3379 iu
2628 3324 2774 3378 Actis
2799 3321 2864 3395 (ll
2887 3362 2901 3385 ,
2931 3321 3023 3392 22)
3054 3321 3442 3385 cunciouatur;
3477 3318 3745 3375 Dominus

2141 3418 2418 3483 virtutmu,
2447 3415 2570 3486 quia
2597 3415 2781 3470 omnia
2811 3413 3051 3482 subjecta
3083 3421 3209 3468 sunt
3237 3411 3309 3466 illi
3339 3427 3368 3466 a
3399 3421 3549 3481 patre
3575 3427 3590 3476 ;
3621 3411 3740 3466 Rex

2141 3507 2381 3576 Israelis,
2409 3508 2530 3579 quia
2575 3507 2663 3561 ille
2694 3506 2906 3578 proprie
2936 3504 3134 3561 excidit
3167 3501 3286 3576 (14)
3315 3518 3433 3559 sors
3456 3501 3636 3575 gentis
3667 3504 3747 3559 is-

2141 3603 2282 3666 tius;
2315 3606 2462 3665 item,
2493 3601 2594 3668 Qur
2637 3615 2756 3666 usr,
2794 3598 3046 3670 quoniam
3083 3597 3233 3654 multi
3261 3596 3353 3650 ﬁlii
3394 3596 3512 3667 (15)
3547 3596 3746 3670 dicun-

2145 3704 2254 3761 tur,
2283 3703 2339 3750 et
2364 3709 2468 3749 non
2503 3702 2648 3750 sunt.
2682 3692 2741 3748 Si
2767 3704 2948 3747 autem
2986 3689 3177 3745 volunt
3218 3700 3272 3744 et
3311 3688 3508 3745 Christi
3544 3705 3747 3746 nomen

2143 3787 2314 3843 Patris
2350 3804 2490 3854 esse,
2523 3786 2741 3842 audient
2775 3785 2892 3856 (16)
2927 3798 3025 3839 suo
3054 3783 3193 3839 loco.
3221 3781 3462 3846 Interim,
3496 3780 3583 3838 hic
3610 3783 3747 3838 mihi

2143 3890 2446 3954 promotum
2496 3881 2567 3935 sit
2610 3893 2929 3948 responsum
2987 3875 3246 3932 adversus
3300 3875 3352 3930 id
3393 3874 3536 3945 quod
3580 3883 3635 3930 et
3678 3875 3750 3941 de

2141 3971 2462 4042 Apocalypsi
2500 3969 2724 4026 Joannis
2771 3966 3050 4039 proferunt
3092 3983 3106 4019 :
3166 3966 3277 4036 Ego
3327 3964 3440 4036 (17)
3490 3964 3750 4022 Dominus
3785 4005 3812 4015 ρ

2141 4071 2229 4139 qui
2257 4077 2328 4121 est
2360 4063 2502 4137 (18),
2529 4075 2576 4119 et
2601 4065 2686 4134 qui
2715 4064 2833 4134 fuit,
2865 4072 2911 4116 et
2942 4062 3074 4116 venit
3102 4061 3458 4131 omnipotens;
3489 4069 3542 4115 et
3568 4060 3743 4116 sicubi

2140 4162 2266 4218 alibi
2291 4161 2381 4216 Dei
2403 4159 2788 4229 omnipotentis
2807 4155 3214 4226 appellationem
3244 4168 3349 4207 non
3375 4162 3564 4222 putant
3584 4153 3748 4207 etiam

2142 4251 2278 4309 Filio
2305 4252 2597 4308 convenire
2623 4269 2636 4307 ε
2666 4249 2817 4322 quasi
2849 4248 2939 4320 qui
2969 4256 3225 4304 venturus
3253 4256 3358 4314 est,
3392 4261 3498 4300 non
3525 4244 3595 4301 sit
3625 4245 3752 4316 (19)

1654 4366 2034 4428 LECTIONES
2073 4367 2482 4428 VAlllAN'I-‘ES.

536 4479 582 4542 1)
621 4479 740 4538 Qua!
763 4483 872 4542 erat
895 4486 1247 4542 persecuturus
1270 4479 1451 4530 inliuita
1474 4481 1651 4536 Seml.‘

531 4540 583 4594 2)
620 4542 788 4592 Potuit
810 4540 941 4594 abeat
957 4544 1108 4594 Seml.

2232 4488 2308 4554 11)
2342 4486 2616 4554 Altissimus
2637 4482 2767 4554 a_bcst
2788 4481 2938 4534 Seml.

2233 4549 2306 4602 l2)
2343 4550 2438 4601 Cur
2464 4549 2614 4598 Fran.
2642 4549 2805 4597 Paris.

528 4603 578 4679 ξ)
614 4603 990 4679 ἓίςιένεδὲερηθι·
1037 4666 1048 4679 .
2061 4618 2114 4679 D
2202 4603 2990 4679 (151οωηἱῡοιεηεαὺεδιδεηιιε
3028 4667 3057 4679 .,

529 4665 577 4744 ξ)
614 4667 738 4744 Quid
756 4665 889 4744 ἕρξῃς(
914 4666 1062 4728 Seml.
1244 4739 1258 4744 _
2061 4665 2111 4679 υ
2205 4665 2307 4744 (11)
2345 4665 2886 4744 Δξςρῡόῖι..ζιιηζριδοριαὶει
2910 4667 3064 4719 exivit
3087 4665 3244 4717 Latin.

530 4729 580 4802 ξξ)
616 4729 901 4802 mseﬁemt.
928 4791 942 4802 _
1308 4791 1319 4802 .
2206 4729 2309 4802 (15)
2345 4733 2619 4802 Dii_coniic_.
2646 4729 2869 4802 Ciaccon.

529 4790 580 4850 6)
617 4790 829 4840 Gloriam
856 4798 909 4839 et
928 4791 1162 4840 honorem
1187 4791 1336 4842 Seml.
2207 4790 2308 4850 (16)
2343 4790 2558 4848 Audtunt
2579 4795 2732 4847 Seml.

529 4851 580 4923 Ῑ)
612 4851 1192 4923 Dictus,et_inimagiue
1211 4853 1362 4906 Seml.
2205 4851 2310 4923 (17)
2343 4859 2476 4923 Ergo
2497 4859 2648 4910 Seml.
2721 4920 2765 4923 __
2825 4921 2843 4923 Α
2933 4919 2943 4923 _
3020 4922 3024 4923 ί
3124 4916 3133 4923 _
3253 4920 3260 4923 _
3329 4919 3338 4923 _
3429 4910 3438 4921 ,
3571 4911 3580 4920 ,

527 4910 579 4986 ἓ)
612 4910 842 4986 Ξυίεδθίη
865 4915 994 4986 19‘";
1077 4910 1104 4986 ἶ
2205 4910 2309 4986 (18)
2343 4910 2508 4986 11ιῖιυὶ
2537 4930 2643 4986 erat.
2663 4920 2783 4986 add.
2809 4919 2961 4986 Sensi.
2980 4922 3034 4971 et
3053 4916 3138 4982 qui
3163 4920 3271 4968 erat
3293 4919 3347 4966 et
3361 4910 3444 4977 qui
3467 4911 3610 4962 venit
3628 4918 3746 4962 αισι.

507 4974 593 5090 (9))
615 4975 944 5049 Monumentts
958 4976 1110 5027 Seml.
1285 5041 1294 5050 ο
2207 4974 2311 5051 (19)
2345 4974 2458 5049 Est;
2476 4998 2572 5036 non
2593 4983 2722 5037 abest
2743 4981 2893 5036 Seml.

507 5038 557 5090 (1
592 5035 612 5090 i
645 5037 837 5090 Nouum
863 5052 875 5088 :
903 5048 956 5090 et
973 5053 1151 5090 nomen
1173 5047 1324 5090 patris
1344 5039 1496 5090 Seml.

507 5035 612 5105 (10)
645 5037 837 5090 Nemini
863 5052 875 5088 :
903 5048 956 5090 et
973 5053 1151 5090 nomen
1173 5041 1324 5105 patris
1344 5039 1496 5092 Seml.

1824 5151 2385 5211 COMMENTARIUS.

381 5275 388 5281 '
447 5265 470 5271 ’
515 5263 671 5320 CAP.
701 5259 1016 5333 X\'I.—(a)
1041 5261 1125 5315 Ita
1151 5278 1347 5333 semper
1367 5261 1738 5322 edisccbat.Sic
1763 5267 1812 5322 in
1834 5267 1970 5324 libro
1983 5269 2046 5324 de

441 5335 611 5393 Carne
627 5333 846 5391 Christi:
876 5352 894 5386 ι
919 5333 981 5388 Ει
1015 5333 1260 5394 liberare,
1295 5335 1484 5403 inquit,
1509 5345 1560 5387 et
1577 5335 1817 5404 judicare
1848 5339 2042 5396 huma-

443 5423 573 5478 num
586 5422 754 5478 genus
766 5404 1036 5478 ediscchat
1051 5406 1101 5458 in
1117 5405 1294 5478 carnis
1309 5404 1488 5478 habitu
1514 5423 1618 5460 non
1639 5423 1773 5462 natm
1795 5412 1988 5465 adhuc.
2016 5431 2034 5464 ι

441 5476 676 5535 Rursum
700 5519 713 5532 .
742 5480 806 5530 de
836 5477 1041 5531 Resurr.
1074 5492 1180 5528 car.
1211 5494 1230 5526 ι
1269 5476 1660 5533 lmmunitateut
1690 5483 1868 5538 carnis
1897 5482 2040 5538 edis-

439 5559 590 5605 cunt.
633 5567 651 5601 ι
687 5548 756 5603 Ει
789 5546 874 5602 hic
903 5562 1062 5601 mox:
1101 5566 1118 5598 ε
1158 5546 1442 5602 Ediscebat
1475 5557 1673 5605 autem.
1714 5573 1731 5605 ›
1767 5553 1823 5608 1η
1858 5553 2038 5610 libello

442 5622 510 5675 ad
542 5619 830 5690 Martyres:
867 5638 884 5670 ι
934 5615 1102 5690 Etiam
1139 5619 1192 5672 in
1237 5635 1364 5690 pace
1386 5661 1401 5685 ,
1427 5618 1630 5690 inquit,
1663 5623 1844 5680 labore
1872 5635 1926 5680 et
1952 5626 2030 5680 iu-

439 5689 740 5749 commodis
769 5689 965 5745 bellum
995 5689 1098 5755 pati
1123 5689 1524 5758 jamedisutut.
1561 5711 1578 5744 ι
1615 5693 1788 5754 Ιὶιιεω.

470 5760 954 5835 CAP.XVIl.-—(b)
968 5759 1270 5818 Condicente
1281 5763 1431 5818 etiam
1444 5763 1719 5836 scriptura.
1736 5765 2030 5826 Condicere

2152 5285 2289 5326 nove
2310 5277 2538 5340 usurpat
2552 5283 2646 5338 pro
2664 5265 2910 5340 similiter
2921 5263 3122 5340 dicere,
3140 5260 3254 5340 sive
3266 5255 3534 5340 assentiri.
3558 5254 3737 5340 “una.

2225 5343 2305 5411 (c)
2335 5327 2566 5406 Qui'est:
2595 5346 2682 5410 ἐγὼ
2708 5342 2806 5406 εἲμὶ
2834 5339 2959 5411 δ-ὦν,
3001 5327 3131 5390 dicit
3159 5332 3415 5411 Dominus
3458 5327 3600 5410 Deus
3624 5346 3646 5411 ;_
3686 5338 3740 5381 et

2147 5402 2254 5467 alio
2285 5402 2402 5467 loco
2426 5429 2437 5463 :
2471 5411 2571 5477 Qui
2597 5402 2667 5482 est
2696 5402 2775 5463 me
2800 5402 2957 5482 misit,
2985 5415 3115 5470 ctc.;
3142 5403 3209 5482 ad
3229 5402 3381 5470 cujus
3405 5402 3552 5482 vocis
3575 5402 3740 5482 inter:

2146 5470 2513 5554 prelationeui
2529 5481 2807 5551 subjicitur
2833 5470 3035 5554 statim,
3065 5476 3154 5547 qui
3186 5483 3258 5554 est
3279 5515 3293 5540 ,
3322 5472 3564 5554 quoniam
3590 5470 3735 5554 multi

2143 5546 2241 5625 filii
2270 5555 2510 5625 dicuntur
2534 5594 2549 5613 .
2580 5546 2643 5606 et'
2663 5568 2762 5625 non
2785 5559 2922 5625 sunt.
2950 5546 3484 5625 Qmeesplieatioan
3514 5553 3638 5625 vera
3667 5546 3735 5625 sit

2145 5609 2252 5681 iton
2283 5627 2455 5681 ausim
2483 5609 2684 5679 dicere.
2723 5622 2799 5676 Ibi
2824 5609 3286 5689 enim—significari
3317 5614 3436 5684 quis
3487 5609 3733 5690 crederet

2139 5680 2334 5752 nomen
2366 5680 3116 5765 leuigratnmatonJehpvaJn
3133 5680 3617 5765 quo_tot'hmystcria
3650 5680 3728 5734 la-

2139 5777 2251 5828 tent
2283 5780 2338 5825 ut
2363 5756 2581 5824 tradunt
2601 5764 2806 5822 rahbini
2826 5774 2882 5822 et
2903 5756 3210 5821 Cabalista’.
3241 5758 3318 5815 Ls
3344 5756 3439 5813 Pa.
3506 5763 3553 5823 ει
