4008 6280
237 266 332 325 177

190 376 193 383 ’
231 383 578 453 omnipotens,
605 398 729 440 cum
760 394 808 441 et
831 386 990 444 Filius
1011 389 1394 460 omnipotentis
1425 403 1531 451 tam
1556 400 1803 470 omnipo-

233 488 340 533 tens
361 479 426 531 sit
449 476 550 549 (I),
576 494 736 549 quam
768 480 902 536 Deus
931 483 1018 538 Dei
1044 484 1227 540 Filius.

782 573 1006 632 CAPUT
1052 577 1242 636 XVIII.

289 661 388 719 Sed
419 662 558 721 hanc
576 666 887 725 societatem
915 671 1190 750 nominum
1222 683 1569 744 paternorum
1596 678 1649 736 in
1675 678 1811 737 Filio

227 773 289 813 ne
328 756 479 813 facile
518 761 875 831 perspiciam,
920 765 1200 835 perturbat
1247 768 1372 825 illos
1418 770 1718 843 Scriptura,
1759 777 1806 832 si

227 851 426 920 quando
454 852 669 909 unicum
716 854 883 912 Deum
911 859 1134 923 statuit;
1181 862 1332 931 quasi
1379 864 1484 918 no‘n
1529 865 1718 922 eadem
1756 877 1810 923 et

223 942 345 999 deos
365 953 418 999 et
441 943 692 1001 dominos
716 945 854 1004 duos
879 953 1254 1022 proposuerit,
1285 962 1346 1008 ut
1373 970 1535 1027 supra
1556 960 1809 1019 ostendi-

223 1050 350 1089 mus.
380 1035 520 1106 Ergo
544 1038 666 1106 quia
720 1038 858 1095 duos
895 1050 950 1096 et
1001 1056 1149 1108 cum,
1181 1045 1447 1116 inquiunt,
1479 1050 1803 1122 invenimus,

224 1127 336 1184 ideo
377 1128 537 1185 ambo
575 1146 740 1200 unus,
768 1142 933 1206 atque
982 1136 1145 1202 idem,
1205 1148 1260 1195 et
1307 1141 1474 1198 Filius
1522 1154 1578 1200 et
1623 1147 1802 1206 Pater.

226 1218 398 1284 Porro,
429 1235 536 1277 non
558 1224 914 1294 .perielitatur
943 1227 1245 1302 Scriptura,
1278 1243 1338 1289 ιη
1380 1236 1454 1291 illi
1496 1238 1566 1294 de
1596 1251 1683 1295 tua
1712 1257 1804 1298 ar-

217 1313 597 1381 gumentatione
635 1331 955 1389 succurras,
985 1337 1054 1377 ne
1091 1322 1194 1377 sibi
1224 1328 1492 1382 contraria
1535 1332 1799 1390 videatur.

217 1402 370 1459 llabet
441 1405 726 1474 rationem,
775 1418 831 1465 ct
869 1425 990 1467 cum
1031 1414 1250 1470 unicum
1296 1417 1461 1474 Deum
1503 1425 1706 1485 statuit.
1748 1435 1804 1481 et

216 1511 321 1552 cum
372 1497 508 1554 duos
559 1500 780 1558 Patrem
824 1508 879 1560 et
921 1504 1118 1563 Filium
1165 1511 1438 1578 ostendit;
1496 1524 1551 1569 et
1606 1517 1803 1583 sufﬁcit,

214 1587 320 1643 sibi.
356 1587 546 1644 Filium
576 1593 843 1649 nominari
868 1594 937 1650 ab
962 1612 1023 1652 ca
1052 1608 1283 1656 constat.
1315 1601 1483 1659 Salvo
1523 1606 1667 1662 enim
1711 1607 1801 1663 Fi-

216 1677 278 1733 lio
303 1690 441 1736 recte
462 1682 679 1738 unicum
716 1684 886 1741 Deum
909 1696 1083 1756 potest
1102 1689 1517 1761 determinasse,
1547 1697 1697 1767 cujus
1717 1707 1800 1755 est

213 1767 375 1826 Filius.
390 1771 501 1826 Non
523 1774 667 1830 enim
686 1775 885 1832 desinit
899 1792 1020 1835 esse
1039 1782 1128 1851 qui
1149 1781 1310 1839 habet
1331 1785 1524 1842 Filium
1542 1788 1661 1859 ipse
1679 1790 1797 1845 uni-

211 1875 309 1924 cus,
325 1876 417 1917 suo
430 1864 637 1922 scilicet
659 1868 895 1936 nomine,
913 1872 1160 1942 quotiens
1176 1874 1293 1932 sine
1307 1875 1441 1932 Filio
1462 1881 1791 1949 nominatur;
1826 1896 1874 1956 Β

210 1955 309 2009 sine
324 1953 449 2009 Filio
462 1965 643 2013 autem
663 1961 991 2027 nominatur,
1014 1978 1135 2018 cum
1160 1966 1522 2039 principaliter
1546 1972 1798 2031 determi-

211 2055 343 2101 natur
357 2056 411 2102 ut
424 2049 590 2119 prima
609 2066 861 2120 persona.
880 2070 1000 2127 qua:
1019 2067 1145 2114 ante
1164 2059 1284 2138 F_‘tlii
1308 2077 1501 2119 nomen
1523 2077 1640 2122 erat
1665 2083 1765 2138 pro
1776 2100 1795 2112 ιο

212 2141 447 2209 ponenda;
460 2143 584 2213 quia
610 2144 770 2202 Pater
781 2157 906 2204 ante
916 2130 1340 2221 cognoscit'ur,et
1355 2165 1473 2226 post
1489 2130 1699 2215 Patrem
1716 2161 1796 2216 Fi-

209 2230 295 2288 lius
314 2235 629 2319 nominatur.
644 2237 813 2310 Igitur
830 2256 964 2297 unus
982 2242 1124 2299 Deus
1142 2244 1318 2314 Pater,
1341 2258 1396 2302 et
1427 2251 1564 2306 alius
1592 2253 1795 2324 absque

210 2339 266 2379 eo
291 2312 487 2399 (1)nou
542 2341 649 2387 est.
704 2331 859 2401 Quod
888 2334 1003 2406 ipse
1042 2336 1282 2396 inferens
1304 2312 1434 2413 (5),
1463 2357 1568 2399 non
1598 2312 1793 2403 Filium

208 2431 369 2492 negat,
395 2425 487 2480 sed
506 2425 679 2482 alium
700 2427 870 2484 Deum
896 2447 911 2484 :
936 2439 1192 2489 cmterum
1223 2435 1360 2491 alius
1383 2451 1413 2491 a
1442 2437 1600 2495 Patre
1630 2440 1794 2497 Filius

216 2529 306 2568 non
335 2524 413 2570 est
465 2515 569 2590 (4).
621 2518 884 2591 Denique.
916 2522 1119 2594 inspice
1168 2525 1461 2596 {sequentia
1492 2529 1794 2601 hujusmodi

211 2608 705 2678 prouuntiationum,
738 2620 793 2666 et
824 2611 1066 2671 invenies
1094 2615 1207 2672 fere
1235 2617 1303 2673 ad
1330 2620 1596 2676 idolorum
1636 2622 1795 2680 lacti-

211 2707 385 2755 tatorrs
406 2710 566 2771 atque
591 2703 835 2762 cultores
859 2706 1232 2767 deﬁnitionem
1257 2727 1444 2770 earum
1475 2716 1786 2786 pertinere;

211 2801 256 2844 ut
295 2794 681 2863 multitudinem
722 2795 981 2855 falsorum
1030 2800 1258 2859 deorum
1311 2806 1442 2861 unio
1492 2807 1790 2866 divinitatis

211 2887 434 2956 “pellat,
464 2888 674 2947 habens
703 2898 885 2949 tamen
916 2892 1113 2950 Filium
1138 2908 1341 2967 quanto
1367 2898 1701 2957 individuum
1735 2913 1791 2959 et

212 2977 540 3052 inseminatam
563 2999 596 3038 a
625 2982 807 3050 Patre,
839 2994 988 3042 tanto
1015 2988 1066 3043 in
1094 2988 1263 3046 Patre"
1284 2991 1662 3062 reputandum,
1687 2995 1787 3050 etsi

210 3088 299 3128 non
334 3076 689 3133 inominatum.
720 3080 919 3152 Atquin
965 3081 1011 3138 si
1046 3083 1380 3140 nominasset
1422 3086 1597 3154 illum,
1634 3102 1791 3161 sepa-

210 3175 375 3232 rasset,
419 3169 487 3224 ita
529 3168 748 3237 dicens,
776 3189 796 3224 ‹
832 3170 987 3228 Alius
1022 3184 1223 3243 przeter
1267 3191 1354 3232 me
1402 3192 1507 3233 non
1546 3189 1652 3245 est,
1686 3181 1786 3235 nisi

1366 276 1567 335 LIBER
1607 277 1973 343 ADVERSUS
2009 285 2364 354 PRAXEAM.
2808 301 2813 305 ’
2875 304 2878 308 ’
3405 317 3513 376 I78

1909 406 2079 463 ritatis
2099 413 2355 485 arripient
2375 415 2836 498 :Exlcudi,ioquit,
2858 430 3041 487 caelum
3059 433 3219 490 solus.
3237 435 3508 506 Quantum

1829 503 1885 565 Α
1911 500 1975 556 ad
1993 516 2214 562 emtoras
2230 510 2475 585 virtutes,
2496 516 2662 587 solus,
2687 533 3010 587 praestruens
3024 528 3281 587 adversus
3296 535 3513 607 conjec-

1916 603 2064 653 turas
2093 601 2488 678 lno‘reticorum,
2512 612 2600 683 qni
2626 616 2884 673 mundum
2910 620 2979 676 ab
2998 624 3205 695 angelis
3231 624 3308 698 (α)
3333 601 3513 701 et'po-

1917 693 2194 751 testatibus
2240 697 2699 763 diversis'volnnt
2739 719 3033 780 structum;
3077 693 3170 788 qui
3218 693 3298 776 et:
3325 693 3505 793 ipsum

1911 779 2223 843 Creatorem
2254 800 2346 846 aut
2373 795 2621 866 angelum
2652 800 2873 867 faciunt,
2906 813 2998 862 aut
3023 779 3234 866 rati-alia
3269 779 3359 887 (9).
3380 830 3507 887 qua:
3544 877 3593 899 κ

1912 876 2274 945 extrinsecus,
2306 892 2366 939 ut
2394 901 2554 957 opera
2584 892 2787 960 mundi,
2821 894 3156 966 ignorantem
3183 876 3507 977 qudquesu-

1911 964 2217 1053 bornatum.
2248 975 2350 1031 Ant
2376 977 2420 1033 si
2451 980 2530 1036 sic
2554 983 2705 1039 solus
2733 964 2927 1045 caelum
2952 964 3217 1065 extendit,
3237 964 3508 1068 quomodo

1912 1057 1995 1113 isti
2016 1077 2365 1131 praesumunt
2404 1071 2456 1125 in
2485 1087 2799 1143 perversum
2830 1079 3088 1151 haeretici,
3120 1088 3273 1157 quasi
3305 1089 3496 1161 singn.

1909 1148 2039 1206 laris
2070 1170 2174 1211 non
2203 1157 2516 1219 admittatur
2543 1164 2742 1236 Sapinia
2772 1170 2860 1225 illa
2887 1148 3112 1233 dicens:
3140 1148 3271 1235 Cum
3295 1148 3503 1251 pararet

1907 1244 2060 1301 cmlos
2084 1247 2197 1323 (I0)
2215 1269 2304 1320 ego
2327 1255 2538 1312 aderunt
2564 1260 2642 1314 illi
2660 1263 2818 1319 siniul
2846 1264 2984 1340 (Η).
3015 1269 3151 1327 Etsi
3180 1244 3313 1331 dixit
3336 1279 3508 1347 Apos-

1908 1340 2049 1395 tolus
2069 1360 2081 1395 :
2102 1342 2229 1410 Quis
2242 1352 2475 1419 cognovit
2488 1369 2689 1409 sensum
2705 1355 2936 1427 Domini,
2955 1371 3003 1417 et
3029 1364 3145 1433 quis
3172 1366 3251 1427 illi
3278 1340 3498 1427 consilio

1907 1433 2005 1503 fuit
2030 1433 2431 1536 (I-Cor.-ll,15)i?
2459 1443 2538 1518 (ὁ)
2566 1448 2752 1518 utique
2775 1463 2968 1520 praeter
2987 1454 3240 1528 Sophiam
3260 1462 3334 1515 ait
3358 1461 3503 1536 (1‘2).

1905 1540 2025 1595 qua:
2067 1529 2138 1584 illi
2169 1530 2374 1589 aderat.
2406 1535 2460 1591 In
2503 1555 2619 1607 Ipso
2646 1548 2827 1599 tamen
2857 1553 2913 1600 ct
2952 1561 3071 1602 cum
3121 1550 3212 1606 illo
3249 1529 3501 1610 universa

1903 1622 2278 1694 compingebat
2297 1670 2312 1693 ,
2343 1644 2450 1684 non
2478 1629 2757 1702 ignorante
2780 1636 2904 1707 quid
2929 1638 3148 1697 faceret.
3176 1643 3378 1700 Pratter
3395 1647 3497 1702 So-

1908 1712 2085 1779 pltiam
2115 1726 2315 1780 autem,
2343 1730 2544 1791 prteter
2580 1723 2773 1781 Filium
2811 1727 2961 1797 dicit,
2997 1734 3197 1803 quiest
3227 1736 3499 1807 Christus,

1900 1802 2100 1875 SOphia
2149 1816 2203 1865 et
2255 1809 2440 1869 Virtus
2489 1816 2582 1872 Dei
2630 1820 2925 1878 secundum
2971 1802 3309 1896 tapostolum,
3349 1802 3501 1888 solus

1901 1900 2080 1957 sciens
2122 1918 2340 1961 sensum
2386 1912 2597 1979 patris:
2635 1912 2764 1981 Quis
2805 1917 2948 1973 enim
2995 1921 3090 1975 scil
3132 1938 3248 1993 quae
3288 1934 3404 1978 sunt
3444 1927 3502 1980 in

1904 1990 2012 2047 Deo
2047 1995 2149 2049 nisi
2176 1999 2387 2065 spiritus
2427 2003 2515 2073 qui
2541 2004 2594 2058 in
2624 2006 2743 2078 ipso
2786 2011 2906 2065 est?
2947 2010 3062 2066 Non
3095 1990 3185 2085 qui
3228 2024 3379 2072 extra
3409 2018 3496 2088 ip-

1900 2098 2017 2138 sum
2036 2084 2173 2160 (l5).
2206 2087 2334 2146 Erat
2358 2107 2487 2164 ergo
2516 2097 2604 2167 qui
2633 2113 2737 2152 non
2764 2101 2939 2157 solum
2964 2084 3131 2160 Deum
3158 2105 3376 2176 faceret,
3394 2084 3500 2166 nisi

1899 2192 1929 2232 a
1969 2182 2179 2237 ett-toris
2209 2184 2404 2242 solum.
2435 2186 2541 2244 Sed
2572 2202 2626 2246 et
2667 2191 2780 2266 (14)
2809 2195 3151 2268 Evangelium
3193 2211 3497 2269 recusetur,

1898 2271 2041 2340 quod
2070 2273 2211 2330 dicat
2250 2279 2423 2334 omnia
2454 2298 2544 2350 per
2571 2282 2868 2341 Sermonem
2903 2305 2936 2342 a
2970 2288 3080 2344 Deo
3107 2295 3245 2363 facta
3270 2310 3413 2361 esse,
3443 2304 3494 2349 et

1824 2407 1833 2421 ,
1898 2364 2008 2418 sine
2031 2381 2090 2419 eo
2113 2367 2246 2422 nihil
2264 2371 2474 2441 factum.
2507 2371 2617 2428 Nisi
2644 2376 2786 2430 enim
2810 2376 2987 2445 fallor,
3010 2389 3065 2437 et
3083 2381 3207 2439 alibi
3233 2385 3493 2455 scriptum

1898 2463 1980 2509 est
2006 2474 2018 2509 :
2049 2454 2298 2515 Sermone
2316 2464 2425 2532 ejus
2445 2465 2561 2518 cmli
2577 2466 2767 2535 [irntati
2783 2481 2920 2535 sunt,
2948 2480 2998 2526 et
3016 2473 3209 2545 _spirilu
3237 2454 3355 2532 oris
3372 2476 3492 2551 (i5)

1898 2546 2010 2616 rjus
2036 2565 2210 2605 omnes
2232 2553 2440 2609 virtutes
2464 2572 2658 2611 eorum.
2688 2557 2757 2614 Et
2780 2559 2971 2617 Sermo
2996 2575 3194 2632 autem,
3228 2546 3411 2624 Virtus
3439 2582 3497 2626 et

1897 2636 2120 2709 Sophia,
2151 2642 2264 2713 ipse
2290 2645 2392 2699 erit
2421 2646 2512 2701 Dei
2546 2647 2735 2705 Filius.
2766 2651 2840 2705 Ita
2872 2654 2915 2707 si
2946 2668 3043 2724 per
3070 2656 3263 2713 Filium
3286 2661 3494 2725 omnia,

1894 2730 2090 2787 coelum
2120 2749 2334 2805 quoque
2377 2752 2473 2809 per
2502 2739 2693 2797 Filium
2724 2746 3058 2815 extendens,
3098 2764 3202 2805 non
3230 2753 3376 2808 solus
3398 2770 3497 2810 ex-

1897 2826 2088 2891 tendit,
2119 2828 2218 2884 nisi
2250 2830 2335 2885 illa
2368 2832 2574 2889 ratione
2604 2851 2704 2905 qua
2733 2836 2805 2909 ξιξ(
2817 2838 2901 2910 16)
2932 2841 3141 2896 cazteris
3177 2843 3345 2899 solus.
3388 2847 3495 2901 Λι-

1894 2935 1997 2989 que
2031 2921 2169 2977 adeo
2197 2922 2377 2979 statim
2409 2924 2477 2981 de
2516 2925 2654 2983 Filio
2683 2928 2921 3000 loquitur
2951 2948 2966 2991 :
3000 2933 3128 3000 Quis
3152 2935 3286 2991 alius
3310 2935 3496 3008 defecit

1893 3012 2038 3083 signa
2068 3016 2517 3084 venti-iloquorum,
2546 3028 2592 3073 et
2621 3019 2958 3089 divinationes
2987 3026 3027 3077 α’
3052 3026 3229 3093 corde,
3259 3040 3493 3084 avertens

1892 3107 2145 3177 sapientes
2172 3116 2467 3172 retrorsum.
2496 3121 2543 3165 et
2567 3113 2837 3168 consilium
2860 3131 3036 3171 eorum
3059 3100 3322 3190 infamous
3340 3122 3364 3175 ?
3383 3120 3496 3178 Sis-

1895 3204 2011 3253 tens
2044 3198 2199 3253 verba
2217 3198 2336 3256 Filii
2360 3201 2739 3267 sui,discéndo
2769 3206 2980 3263 scilicet
3010 3225 3024 3262 :
3063 3208 3164 3264 Hic
3205 3220 3280 3267 est
3319 3211 3498 3269 Filius

211 3255 353 3314 Filius
394 3276 566 3317 meus.
607 3281 628 3317 ι
677 3263 857 3318 Alium
898 3264 1051 3321 enim
1092 3267 1253 3323 etiam
1310 3269 1504 3326 Filium
1546 3269 1785 3340 fecisset,

211 3364 342 3376 ,κω
383 3354 438 3376 Δ,
980 3358 1022 3376 η
1063 3369 1100 3376 .,
1208 3361 1220 3376 .
1374 3364 1408 3376 ..
1679 3366 1718 3376 .-

1898 3306 2033 3344 meus
2060 3291 2313 3357 dilectus;
2333 3293 2468 3348 [tunc
2487 3295 2683 3352 audite.
2711 3296 2786 3351 Ita
2816 3297 3009 3375 Filium
3027 3300 3356 3373 subjungens
3379 3305 3497 3376 ipse
3546 3338 3553 3345 -

209 3364 344 3421 quem
377 3354 443 3411 de
484 3356 607 3413 aliis
655 3358 949 3433 ex‘cepiset.
980 3358 1112 3415 Puta
1141 3361 1310 3418 solem
1356 3364 1536 3420 dicere
1569 3381 1583 3419 :
1623 3384 1641 3418 ι
1678 3366 1790 3438 Ego

209 3443 296 3511 sol,
321 3453 372 3501 et
396 3446 531 3502 alius
563 3456 766 3519 praeter
791 3464 880 3506 me
905 3464 1011 3505 non
1045 3460 1128 3506 est
1154 3493 1170 3515 ,
1198 3453 1301 3508 nisi
1340 3454 1522 3511 radius
1549 3471 1722 3523 meus,
1764 3476 1783 3511 ι

211 3547 366 3593 nonne
399 3538 720 3595 denotasses
768 3538 848 3613 (5)
881 3528 1170 3599 vanitatem
1229 3543 1347 3618 (6),
1388 3547 1543 3616 quasi
1598 3564 1704 3605 non
1732 3558 1788 3606 et

208 3625 365 3684 radius
376 3628 425 3684 in
436 3630 551 3687 sole
571 3631 862 3701 deputetur
876 3632 902 3685 ?
921 3633 1102 3705 Itaque
1118 3645 1313 3706 praeter
1335 3637 1414 3712 (7)
1438 3642 1788 3713 semetipsum

212 3730 301 3773 non
346 3735 461 3777 esse
488 3723 659 3778 alium
684 3724 876 3790 Deum,
910 3723 1012 3781 hoc
1041 3737 1257 3799 propter
1289 3729 1644 3788 idololatriam
1679 3744 1788 3790 tam

213 3809 453 3869 nationum
481 3830 647 3885 quam
673 3813 912 3881 Israclis,
930 3816 1092 3873 etiam
1113 3821 1789 3909 propterlgreticoslqni,
1820 3902 1859 3907 __

170 3894 1788 3985 Malnmstmmugmﬂéﬁﬁﬁéaﬁg

144 3996 727 4065 ~_Jm.'c.itl_est..alinut.
738 4000 1591 4073 DeuWumjbristum.
1626 4010 1792 4082 Igitur

214 4092 387 4144 etcum
407 4105 467 4148 se
494 4107 667 4147 unum
709 4094 1093 4164 pronuntiabat
1118 4137 1132 4161 ,
1171 4095 1307 4153 Filio
1334 4099 1492 4157 Pater
1528 4092 1793 4172 procura-

213 4172 306 4245 lnt.
334 4195 397 4238 ne
420 4184 489 4241 ab
516 4184 633 4240 alio
672 4185 786 4241 Deo
828 4185 1075 4242 Christus
1109 4190 1321 4246 venisse
1370 4192 1641 4261 credatur,
1695 4196 1791 4252 sed

213 4268 270 4325 sit
286 4270 371 4329 illo
388 4275 476 4346 qui
503 4275 833 4348 prmdixerat
861 4295 878 4336 :
911 4277 1021 4350 Ego
1038 4279 1188 4335 'Deus
1208 4324 1224 4349 ,
1253 4290 1301 4336 et
1328 4283 1462 4339 alius
1486 4286 1676 4358 absque
1711 4305 1792 4346 me

215 4377 299 4447 ιρι
318 4376 416 4433 at;
445 4370 536 4442 qui
565 4386 633 4427 se
655 4373 871 4428 unicum
896 4417 913 4440 ,
940 4374 1036 4431 sed
1060 4390 1183 4432 cum
1210 4376 1346 4435 Filio
1375 4381 1633 4452 ostendit,
1664 4399 1788 4442 cum

215 4467 303 4525 quo
319 4459 502 4518 omium
529 4462 681 4521 solus
708 4465 970 4527 extendit.

781 4560 1008 4620 CAPUT
1045 4562 1192 4621 XIX.

1895 3384 2280 3455 interpretator
2308 3396 2388 3441 est
2413 3429 2428 3454 ,
2461 3389 2731 3457 quomodo
2761 3390 2959 3446 etclam
2988 3392 3135 3448 solos
3164 3396 3491 3464 extenderit,

1893 3477 2095 3532 scilicet
2118 3492 2237 3533 cum
2260 3478 2396 3533 Filio
2412 3480 2580 3547 solus,
2604 3482 2741 3537 sicut
2759 3498 2879 3539 cum
2899 3483 3037 3539 Filio
3056 3500 3238 3541 unum.
3257 3486 3494 3544 Proinde

1892 3578 1947 3623 et
1987 3567 2079 3623 lilii
2117 3569 2221 3624 erit
2256 3586 2377 3632 vox.
2413 3569 2843 3645 Emtendirtclum
2875 3575 3052 3642 solus;
3081 3576 3203 3648 quia
3243 3577 3494 3641 Sermone

1893 3661 2007 3717 mli
2056 3664 2344 3729 con/innati
2394 3676 2533 3721 sunt.
2574 3666 2707 3737 Quia
2740 3667 2939 3739 Sophia
2960 3710 2978 3735 ,
3007 3669 3057 3724 id
3087 3680 3168 3725 est
3192 3669 3333 3744 (I7),
3361 3671 3496 3728 Ser—

1896 3770 2055 3811 mone
2098 3760 2406 3824 assismnte,
2445 3769 2688 3830 parattun
2731 3769 2814 3815 est
2851 3762 3074 3829 etclam,
3107 3771 3163 3819 et
3201 3763 3374 3818 omnia
3401 3781 3496 3835 per

1862 3849 2194 3909 "Semproniam
2220 3860 2336 3906 sunt
2366 3856 2524 3924 facta,
2556 3855 2814 3925 competit
2842 3863 2898 3909 et
2931 3854 3126 3911 Filium
3157 3854 3272 3929 (I8)
3307 3856 3485 3912 solum

1818 3942 2198 3999 “extendisse
2235 3943 2457 4011 ccelum,
2496 3945 2620 4016 quia
2657 3945 2803 4000 SoItlS
2841 3946 3139 4017 operationi
3178 3946 3350 4002 Patris
3390 3947 3494 4004 mi-

1896 4035 2158 4091 nistravit.
2202 4036 2344 4092 Idem
2390 4038 2493 4092 erit
2522 4038 2709 4093 dicens
2739 4055 2752 4091 :
2785 4035 2899 4110 Ego
2939 4039 3170 4109 primus,
3204 4050 3251 4094 et
3279 4039 3492 4110 insuper

1892 4137 2101 4183 ventum
2131 4127 2244 4201 (l9)
2278 4145 2370 4201 ego
2399 4146 2533 4184 sum.
2567 4128 2804 4185 Primum
2831 4129 3042 4187 scilicet
3064 4130 3329 4198 omnium,
3356 4130 3490 4188 Ser-

1894 4236 1983 4276 mo
2014 4238 2027 4274 :
2062 4217 2130 4274 In
2170 4220 2428 4292 principio
2456 4230 2565 4276 erat
2595 4221 2776 4278 Sermo
2799 4239 2819 4289 ;
2851 4223 2903 4277 in
2933 4238 3039 4294 quo
3069 4224 3335 4295 principio
3362 4239 3492 4294 pro-

1872 4313 2035 4370 latus
2054 4329 2083 4369 a
2112 4314 2271 4370 Patre
2292 4323 2394 4370 est.
2419 4312 2685 4372 Caeterum
2711 4315 2867 4372 Pater
2892 4331 2998 4372 non
3024 4316 3230 4373 habens
3255 4318 3492 4387 initium,

1894 4414 2003 4461 uta
2035 4405 2183 4461 nullo
2210 4406 2469 4478 prolatus,
2497 4416 2555 4463 ut
2577 4408 2814 4471 innatus.
2839 4422 2944 4463 non
2972 4416 3151 4479 potest
3170 4409 3361 4465 videri.
3388 4409 3495 4478 Qui

1895 4499 2043 4557 solus
2071 4489 2169 4557 fuit
2192 4514 2428 4572 semper.
2459 4500 2708 4558 ordinem
2736 4500 2937 4557 habere
2967 4516 3072 4558 non
3103 4502 3296 4573 potuit.
3330 4501 3497 4573 igitur

1895 4594 1942 4651 si
1991 4601 2272 4667 propterea
2319 4593 2567 4651 eumdem
2607 4603 2664 4650 et
2708 4592 2922 4650 Patrem
2951 4604 3004 4650 et
3042 4593 3238 4650 Filium
3266 4594 3494 4650 creden-

270 4644 394 4716 Quin
417 4648 498 4724 (8)
528 4651 907 4713 ethocdictum
928 4658 1065 4728 eius.
1093 4660 1146 4716 in
1164 4664 1791 4738 argumentumsingulaé
1818 4682 1874 4744 ι)
1895 4644 2663 4758 ξιὶυῖιζιῖῶζιὲὲυιῖῐ,’ἶιῖἷὲίυιὶί
2689 4644 3491 4757 ὁὲιίέιῖἶίιῖεἰίέοὶὶὶξέὲιῖἑᾷξὲό)

1427 4775 1725 4836 LEC’I‘ION
1731 4780 1813 4841 ES
1845 4778 2258 4840 VARIANTES.

291 4849 333 4915 υ
359 4851 449 4906 Dei
470 4855 606 4910 illius
626 4856 745 4909 add.
769 4860 921 4915 Seml.

359 4916 557 4984 ᾼιιεςυθ
582 4933 648 4972 eo
670 4920 792 4984 alius
808 4925 957 4978 Seml.

340 4975 593 5034 ’Inseiens
610 4981 762 5034 Seml.

368 5158 613 5219 “nitatem
632 5158 738 5222 alii.
858 5165 871 5172 ⁷

366 5223 465 5278 Per
478 5228 634 5281 Bentl.
648 5252 651 5255 λ

358 5348 644 5407 Ama-Mt.

382 5409 738 5470 mm.

252 5580 427 5719 ’ἥρ
440 5586 676 5671 ιιι-
687 5595 763 5673 (a)
785 5598 886 5670 Qui
903 5600 1155 5658 mundum
1170 5599 1235 5655 ab
1252 5598 1474 5684 angelis,
1491 5611 1599 5657 etc.
1625 5601 1787 5660 Notat

238 5680 255 5723 Α
286 5716 323 5723 ,.
382 5722 395 5723 ,
618 5671 890 5723 etsimiles
917 5675 1087 5723 alios.
1122 5682 1175 5723 ut
1195 5671 1371 5723 Proch
1392 5680 1686 5723 sectatores
1721 5690 1786 5723 ac

136 5650 155 5683 ‘
314 5716 323 5725 ,
382 5722 399 5731 κ
444 5662 447 5671 τ
534 5650 565 5651 έν
596 5650 1371 5793 ἕὶὶἶηῖἷέέἶῆδξῖῖιήῥτᾶἷί
1392 5650 1686 5731 sectatores
1721 5690 1786 5732 ac

130 5756 133 5787 π
235 5718 567 5803 mtas.
642 5750 762 5796 πη.
848 5762 868 5774 ‘
977 5772 990 5784 κ

294 5750 571 5901 ml;
804 5762 1076 5888 supinam.
1109 5814 1315 5871 Sensus
1336 5820 1421 5869 est
1447 5830 1462 5869 :
1491 5828 1613 5872 cum
1642 5815 1753 5872 Pau

130 5840 131 5849 ,
294 5840 399 5901 Ψ.

130 5928 377 6119 Im.

1984 4870 2062 4944 11)
2086 4869 2396 4944 ἓίιημιὶαυερε
2422 4869 2572 4923 Seml-

1986 4934 2043 4984 12
2092 4933 2204 4984 Fuit
2226 4932 2379 4985 Seml.
2519 4986 2525 4991 ,

1985 4932 2062 5071 ei
2088 4995 2256 5071 ξρευειῑ
2274 4994 2555 5071 erat-tergo
2571 4994 2726 5069 εεηίι

1987 5057 2062 5133 tu
2087 5057 2301 5133 ιέιμοερς
2323 5057 2471 5133 δορα.

1981 5119 2062 5232 :a

1978 5368 2057 5482 19)
2083 5369 2140 5419 In
2163 5375 2520 5432 superventura
2542 5368 2696 5420 Seml.
2722 5369 2778 5420 In
2799 5369 2931 5422 abest
2954 5370 3108 5423 Fran.

1976 5430 2036 5482 ii
2061 5431 2254 5482 Salvus
2275 5429 2427 5482 Seml.

1498 5576 1503 5579 τ
1567 5509 2131 5572 COMMENTARIUS.

1892 5607 1974 5663 ius
1999 5606 2162 5688 dicit,
2198 5623 2229 5688 ι.
2251 5606 2363 5688 quis
2401 5606 2483 5660 illi
2513 5605 2725 5688 consilio
2759 5606 2903 5677 fuit?
2925 5623 2967 5688 ﬁt
3003 5605 3250 5688 intelligit
3293 5599 3486 5688 astu-ig

1893 5688 2085 5751 praeter
2105 5668 2357 5747 SOttItiattl
2387 5676 2610 5731 consilio
2636 5668 2898 5747 fuit,'qnze
2922 5668 3485 5801 Sophianilv'lzgderat?
