2004 3140
245 165 298 193 179

951 163 1182 193 TERTULLIANI
1828 167 1872 195 180

245 229 287 251 cst
303 224 365 252 unio
376 224 443 260 ejus,
457 223 502 260 qui
526 231 586 252 cum
604 224 638 252 sit
651 231 737 257 unus,
748 223 826 252 habet
845 223 884 261 (1)
896 222 1038 254 etFilium,
1055 221 1082 252 Δ
1095 221 1168 249 nihil.
1185 222 1251 250 Nam
1267 223 1289 250 si
1303 222 1360 251 haec
1375 230 1429 251 non
1442 223 1520 251 aliter
1533 223 1617 259 accipi
1633 223 1705 256 licet,
1726 231 1799 260 quam
1812 234 1870 261 qun-

249 278 325 305 a-que
339 275 365 297 et
382 270 468 307 ipsum
484 269 584 298 eisdem
599 270 746 306 Scripturis
760 270 996 304 comprehensum.
1011 268 1041 297 Si

248 317 343 344 Filium
359 318 452 345 nolunt
466 318 611 345 secundum
631 325 645 345 a
659 318 739 345 Patre
753 318 882 353 reputari,
898 325 932 344 ne
945 324 1044 344 secun-

248 363 296 390 dus
308 363 375 390 duos
387 363 466 391 iaciat
476 364 541 391 deos
553 363 615 397 dici,
628 364 795 392 ostendimus
807 363 887 391 etiam
899 363 966 391 ducs
977 363 1043 391 deos

247 412 273 437 in
288 409 425 445 Scriptura
440 410 537 438 relatos
548 431 555 444 ,
570 415 597 437 ct
615 409 682 437 duos
697 410 838 442 dominos;
854 414 880 437 et
901 414 989 437 tamen
1010 417 1043 436 ne

251 456 288 484 de
312 457 363 484 isto
396 456 610 484 scandalizentur
633 455 684 493 (“2),
707 457 838 484 rationem
865 455 1042 488 reddidimus,

248 511 298 537 qua
315 503 360 530 Dei
379 510 432 530 non
447 501 499 530 duo
515 503 647 537 dicantur,
664 510 712 530 nec
729 502 832 530 Domini
851 502 903 539 (5),
928 502 975 530 scd
992 510 1043 538 qua

249 548 328 576 Pater
340 553 366 576 et
380 548 463 575 Filius
478 548 548 581 duo;
566 553 593 576 et
612 550 663 576 lioc
676 557 728 577 non
748 557 781 576 ex
796 549 966 585 separatione
980 549 1044 577 sub-

249 595 363 628 stantim,
381 594 428 622 sed
442 602 474 622 ex
489 595 675 630 dispositione,
701 603 762 622 cum
784 595 947 622 individuum
965 600 991 622 et
1005 596 1045 623 in-

248 647 400 676 separatum
414 641 510 668 Filium
526 650 539 668 a
555 641 634 669 Patre
649 642 868 677 pronuntiamus;
885 650 935 669 nec
955 646 1043 676 statu,

247 688 293 715 sed
310 687 394 722 gradu
410 688 508 720 alium;
525 689 569 723 qui
584 689 633 716 etsi
654 688 723 716 Deus
739 686 853 722 dicatur,
873 688 979 723 quando
994 696 1044 716 no-

249 724 366 760 minatur
382 733 541 768 singularis,
563 741 614 761 non
636 733 697 761 ideo
712 733 778 761 duos
800 733 866 761 deos
881 733 976 768 faciat,
998 734 1045 762 sed

248 786 340 811 unum,
356 779 408 807 hoc
421 780 478 815 ipso
491 779 562 815 quod
575 784 602 808 et
614 780 685 808 Deus
696 788 729 808 ex
741 780 843 810 unitate
856 780 943 809 Patris
955 780 1045 809 vocari

249 825 356 853 Italical.

554 872 668 901 CAPUT
686 871 746 901 XX.

1094 268 1176 296 modo
1187 269 1287 304 scripta
1299 274 1371 302 sunt,
1389 270 1569 297 indubitanter
1583 270 1652 298 alius
1667 271 1819 304 ostenditur,
1834 273 1872 307 qui

1095 315 1174 342 fuerit
1194 322 1209 342 a
1223 315 1365 351 principio,
1386 316 1455 343 alius
1469 316 1538 351 apud
1552 324 1630 352 quem
1646 316 1695 344 fuit
1710 327 1716 344 ε
1731 319 1805 346 alium
1817 319 1879 346 Ser-‘

1095 369 1202 389 mOnem
1216 369 1287 394 esse,
1301 362 1381 390 alium
1398 363 1482 391 Deum
1499 363 1556 399 (10)
1570 364 1643 398 (licet
1659 369 1685 391 et
1698 365 1765 392 Deus
1779 365 1871 399 Seruio,

1095 407 1142 435 sed
1156 416 1206 444 qua
1222 409 1269 436 Dei
1284 409 1377 443 Filius,
1394 418 1447 437 non
1463 418 1514 446 qua
1532 411 1640 445 Pater):
1655 412 1735 439 alium
1750 421 1792 447 per
1802 410 1878 449 queui

1095 455 1291 494 omniahalium
1311 463 1325 482 a
1348 464 1402 491 quo
1416 457 1515 484 omnia.
1540 457 1630 485 Alium
1651 463 1741 485 autent
1755 460 1875 494 quamodo

1096 499 1226 534 dicamus,
1242 508 1313 536 saepe
1325 501 1380 536 jam
1392 502 1540 536 edidimus;
1554 511 1607 538 quo
1621 504 1703 531 alium
1715 504 1826 531 dicamus
1837 514 1877 532 uc-

1096 554 1172 574 ces$e
1185 552 1227 575 est
1237 568 1244 580 ,
1261 555 1293 575 ne
1305 548 1446 582 eumdem;
1457 549 1539 577 alium
1553 554 1653 584 autem,
1666 559 1719 577 non
1732 552 1800 585 quasi
1811 560 1877 587 sepi-

1097 598 1194 625 ralum,
1211 594 1257 622 sed
1289 594 1467 629 dispositione
1483 596 1539 632 (11)
1562 597 1655 629 alium,
1672 606 1725 625 non
1750 598 1874 627 divisione.

1097 639 1147 667 Hic
1161 648 1225 675 ergo
1239 642 1322 675 factu:
1337 646 1373 668 est
1393 649 1462 672 caro,
1481 650 1533 669 non
1550 643 1606 677 ipse
1620 643 1697 678 cujus
1717 649 1773 671 erat
1785 645 1877 681 Sermo.

1098 684 1183 720 Hujus
1199 686 1281 721 gloria
1291 688 1344 713 vita
1359 691 1395 714 est
1421 687 1458 723 (ιγ)
1476 692 1600 723 tanquam
1631 689 1701 717 unici
1717 698 1731 716 a
1746 690 1878 722 Pnlre,nuu

1099 736 1223 767 tanquam
1240 732 1338 759 Patris.
1350 732 1399 760 Hic
1409 741 1477 761 unus
1488 733 1547 769 (12)
1558 734 1645 761 sinum
1660 735 1747 762 Patris
1758 735 1879 769 disseruit,

1099 785 1151 805 non
1167 778 1254 805 sinum
1269 786 1346 806 suum
1364 779 1452 807 Pater.
1470 779 1602 807 Praecedit
1620 781 1710 810 cnim;
1730 781 1806 808 Deum
1820 790 1881 808 nemo

1097 824 1158 851 vidit
1173 824 1382 867 unquamnldem
1395 830 1422 852 et
1432 825 1490 860 (15)
1503 833 1587 860 agnus
1602 825 1650 853 Dei
1663 826 1697 853 ab
1709 826 1808 854 Joanne
1818 827 1881 855 desi-

1099 876 1207 906 gnatur,
1222 879 1274 898 non
1291 871 1348 907 ipse
1363 871 1439 907 cujus
1459 877 1499 899 est
1514 872 1638 900 dilectus.
1651 872 1731 900 Certe
1746 873 1824 901 Filius
1843 874 1881 901 Dei

286 917 338 945 Sed
357 919 631 953 argumentationibus
648 927 742 947 eorum
762 918 851 948 adhuc
871 920 1045 949 retundendis
1059 919 1084 951 B
1098 924 1215 953 semper,
1231 918 1278 945 sed
1293 924 1345 945 non
1360 917 1417 951 ipse
1429 918 1506 953 cujus
1520 923 1561 946 est
1583 919 1678 946 Filius.
1694 917 1750 946 Hoc
1763 927 1819 946 eum
1837 920 1882 946 Na-

251 972 332 998 opera
347 965 489 999 pra‘benda
505 970 556 998 est,
571 966 593 993 si
606 966 668 1001 quid
682 966 715 994 de
729 966 873 1002 Scriptnris
889 967 922 995 ad
936 973 1047 995 senten—

251 1011 314 1038 tiam
329 1018 403 1038 suam
418 1017 571 1047 excerpent,
584 1017 680 1041 cratera
694 1014 815 1042 nolentes
830 1015 938 1048 intueri,
951 1023 1011 1051 quae
1021 1020 1049 1043 et

251 1057 306 1091 ipsa
321 1057 438 1092 regulam
451 1063 569 1091 servant,
581 1064 607 1087 et
616 1059 723 1094 quidem
733 1060 805 1087 salva
819 1061 915 1088 unione
925 1060 1049 1089 divinita-

252 1104 296 1138 tis,
313 1109 340 1132 ct
361 1105 523 1133 monarchite
538 1106 710 1134 souitu.Nam
721 1107 790 1135 sicut
802 1107 827 1135 in
838 1108 973 1135 veteribus
982 1108 1048 1136 nihil

250 1150 321 1178 aliud
336 1155 426 1178 tenent
441 1159 519 1186 quam
530 1172 537 1184 ,
554 1151 609 1188 Ego
633 1151 713 1191 Deus,
728 1158 749 1180 et
763 1153 829 1181 alius
842 1159 934 1189 prwter
946 1163 985 1181 me
998 1163 1048 1182 non

251 1202 286 1223 est
300 1196 358 1232 (Ps.
370 1196 451 1227 XLV,
464 1196 504 1233 5);
519 1197 553 1224 ita
568 1199 593 1224 in
609 1198 763 1234 Evangelia,
777 1201 980 1235 responsionem
998 1202 1049 1229 Do-

252 1243 316 1269 mini
338 1236 370 1269 αἱ]
391 1243 543 1278 Philippum
566 1249 680 1277 tuentur,
698 1245 754 1281 Ego
773 1251 794 1273 ct
815 1246 894 1274 Pater
913 1256 992 1275 unum
1006 1257 1049 1276 su-

251 1297 308 1315 mus
323 1288 419 1325 (Joan;
434 1289 525 1325 XIV);
540 1294 584 1324 et,
612 1291 661 1324 Qui
686 1300 726 1320 me
751 1294 854 1327 viderit,
870 1295 935 1322 videt
959 1295 997 1332 (4)
1026 1302 1049 1324 et

251 1334 371 1367 Patrem;
389 1340 432 1368 et,
450 1336 505 1372 lt‘go
516 1337 543 1363 in
560 1336 646 1369 Patre,
663 1343 686 1365 et
704 1338 779 1366 Pater
798 1341 824 1367 in
839 1349 885 1369 me.
904 1341 949 1369 His
964 1343 1048 1371 tribus

251 1380 374 1415 capitulis
390 1386 472 1409 totum
499 1383 704 1412 instrumentum
728 1387 867 1423 utriusque
883 1388 1047 1418 Tcstamenti

252 1427 344 1454 volunt
355 1428 453 1456 cedere
467 1428 518 1465 (5'),
533 1437 593 1457 cum
621 1436 744 1469 oporteat
759 1433 904 1461 secundum
919 1435 991 1470 plura
1007 1437 1047 1474 in;

236 1473 481 1509 Jellinguucinm,
497 1472 547 1509 sed.
558 1477 699 1512 proruunt
705 1478 761 1513 .1399
766 1485 815 1514 est
825 1472 1049 1519 emitialtutsetét
1060 1517 1069 1520 ν,

245 1519 375 1552 deorum.
392 1521 458 1548 Nam
477 1522 536 1557 quia
559 1531 640 1557 pauca
663 1529 724 1552 sunt
746 1534 805 1560 qua!
828 1527 853 1553 in
877 1528 950 1563 sylva
976 1530 1049 1557 inrc-

250 1566 301 1593 niri
325 1568 362 1603 (6)
389 1574 511 1603 possunt,
525 1577 607 1604 pauca
621 1571 748 1599 adversus
764 1574 837 1608 plura
852 1574 1009 1610 defendunt,
1022 1582 1048 1604 et

252 1614 399 1647 posteriora
414 1614 543 1642 adversus
559 1616 646 1651 priora
661 1619 820 1653 suscipiunt.
839 1620 938 1655 Regula
958 1627 1046 1651 :mtem
1061 1613 1083 1645 Ο

250 1659 323 1686 omni
341 1661 377 1687 rei
393 1667 500 1696 Semper
515 1662 555 1697 (7)
571 1663 603 1689 ab
625 1662 700 1691 initio
711 1666 853 1694 constituta
865 1675 897 1694 cx
915 1668 1048 1702 prioribus

252 1709 279 1732 et
292 1713 324 1732 cx
348 1706 468 1741 pluribus
483 1708 508 1735 in
530 1710 679 1743 p05leriora
696 1712 856 1746 prmscribil,
873 1714 964 1750 utique
979 1720 1005 1743 et
1021 1715 1048 1744 in

250 1753 377 1787 pauciora
406 1753 445 1790 (8)
452 1774 458 1781 .

385 1830 388 1832 γ
546 1793 659 1830 CAPUT
670 1803 751 1832 -Χχι,

288 1845 403 1881 Adspice
418 1848 506 1882 itaque
518 1847 554 1885 (α)
569 1855 667 1883 quanta
688 1851 843 1885 pratscribat
860 1852 954 1890 (9)1ibi
967 1856 1047 1884 etiam

250 1890 278 1919 in
304 1891 464 1929 Evaugciio,
480 1899 542 1922 ante
557 1895 670 1931 Philippi
686 1898 911 1928 consultationem
922 1922 928 1934 ,
945 1907 971 1929 ct
986 1908 1048 1932 ante

250 1946 357 1967 onmem
377 1941 636 1975 argumentationem
661 1948 743 1971 tuam.
765 1946 798 1974 Et
819 1946 844 1973 in
862 1948 973 1983 primis,
991 1950 1048 1986 ipsa

250 1987 340 2014 statim
355 1987 476 2022 prirfatio
492 1989 601 2017 Joannis
617 1990 849 2026 Evangelizatoris
863 1994 1046 2030 demonstrat,

249 2033 319 2067 quod
336 2038 406 2061 retro
422 2033 512 2067 fuerit,
532 2036 577 2069 qni
592 2044 655 2063 caro
669 2038 724 2065 lieri
745 2038 862 2067 habebat.
880 2049 886 2068 ε
903 2041 937 2068 1η
951 2044 1048 2077 princi-

249 2079 291 2114 pia
302 2086 354 2106 erat
368 2079 458 2107 Sermo
470 2080 559 2116 (Joan.
576 2082 594 2113 l.
608 2083 645 2117 1),
658 2087 681 2110 et
697 2083 787 2112 Seruio
801 2091 854 2113 erat
868 2088 939 2121 apud
954 2088 1046 2125 Deum,

250 2129 271 2151 et
289 2124 356 2153 Deus
376 2132 429 2153 erat
443 2135 535 2154 sermo.
554 2127 604 2155 llic
620 2134 673 2156 erat
688 2130 713 2156 in
729 2131 854 2167 principia
870 2135 940 2168 apud
953 2134 1046 2164 Deum.

251 2167 344 2200 Omnia
360 2182 404 2209 per
418 2174 502 2209 ipsum
522 2177 593 2211 facta
611 2181 687 2210 sunt,
711 2182 736 2204 et
756 2177 810 2205 sine
828 2179 884 2214 ipso
900 2183 997 2215 factum
1010 2179 1047 2211 ait

1102 964 1208 992 tliauael
1226 965 1316 992 statim
1337 966 1420 992 sensit
1433 985 1441 998 ,
1461 965 1531 992 sicut
1551 969 1579 992 et
1598 965 1660 992 alibi
1678 966 1771 993 Petrus
1788 975 1793 993 :
1814 966 1849 992 Tu
1862 974 1884 992 cs

1101 1009 1185 1037 Filius
1207 1010 1265 1038 Dei.
1289 1009 1379 1045 (Joan.
1405 1011 1423 1042 I.
1450 1009 1600 1044 50;.Matt.
1622 1011 1694 1044 XVI,
1714 1012 1771 1047 16).
1793 1012 1843 1039 Hoc
1861 1017 1884 1039 ct

1100 1057 1158 1092 ipse
1177 1062 1250 1084 recte
1274 1057 1392 1085 srnsisse
1413 1057 1472 1084 illos
1498 1057 1818 1091 confirmat,Nathanaeli
1834 1058 1884 1093 (11)

1100 1104 1207 1140 quidem
1228 1104 1394 1138 respondens
1409 1113 1415 1131 ε
1432 1104 1499 1137 Quia
1515 1104 1569 1131 dixi
1584 1104 1655 1139 (15),
1672 1104 1729 1131 Vidi
1739 1105 1810 1131 tesub
1823 1106 1883 1138 ﬁru,

1100 1151 1158 1177 ideo
1171 1151 1252 1177 credis
1268 1150 1399 1186 (JoanJl,
1415 1151 1481 1185 50);
1501 1151 1610 1178 Petrum
1627 1158 1691 1178 vero
1703 1151 1801 1178 beatum
1820 1148 1886 1178 afﬁr-

1100 1205 1188 1230 malis,
1203 1197 1244 1225 cui
1257 1206 1306 1224 non
1320 1206 1392 1229 caro,
1408 1205 1488 1233 neque
1502 1198 1608 1233 sanguis
1628 1197 1762 1225 revelasset
1774 1198 1849 1233 (quod
1863 1203 1886 1225 et

1102 1244 1206 1272 Patrem
1227 1244 1369 1279 senserat).
1390 1244 1434 1271 scd
1458 1242 1539 1271 Pater
1559 1244 1601 1279 qui
1618 1244 1644 1270 in
1665 1244 1735 1271 rmtis
1752 1250 1786 1271 ρει
1805 1244 1884 1279 (Matt.

1100 1290 1170 1323 XVI,
1186 1290 1238 1327 17).
1254 1290 1313 1324 Quo
1323 1290 1394 1317 dicto
1407 1290 1544 1326 utriusque
1558 1298 1678 1325 personzc
1689 1291 1823 1317 constituit
1835 1290 1887 1317 dis-

1101 1338 1268 1369 tinctionem,
1283 1342 1311 1364 et
1325 1335 1386 1363 Filii
1400 1337 1425 1364 in
1442 1336 1532 1369 terris,
1546 1344 1624 1371 quem
1640 1336 1736 1363 Petrus
1754 1341 1888 1371 agnoverat

1101 1384 1146 1411 Dci
1159 1384 1264 1415 Filium,
1279 1388 1305 1411 et
1322 1383 1406 1410 Patris
1416 1383 1460 1418 qui
1473 1382 1565 1417 (16)1η
1579 1382 1716 1417 οωιὶδιῑμιί
1734 1383 1810 1410 Petro
1821 1390 1889 1410 rere—

1101 1430 1203 1457 larcrat
1216 1429 1286 1464 quod
1303 1429 1397 1456 Petrus
1413 1433 1559 1464 agnoverat
1570 1429 1617 1456 Dei
1636 1429 1732 1456 Filium
1748 1428 1887 1456 Christum.

1100 1479 1166 1505 Cum
1181 1478 1206 1504 in
1220 1477 1346 1512 templum
1359 1475 1415 1512 (17)
1429 1475 1627 1507 intruiit,a'd0m
1637 1474 1852 1510 Patrisappellat,
1864 1480 1889 1502 ut

1100 1526 1194 1554 Filius.
1216 1525 1281 1552 Cum
1304 1524 1336 1551 ad
1358 1522 1532 1551 Nicodcmum
1553 1522 1617 1550 dicit
1635 1531 1641 1548 :
1664 1521 1705 1548 Ita
1720 1522 1808 1549 dilexit
1826 1521 1889 1549 Dens

1100 1573 1241 1604 mundum,
1257 1577 1284 1599 ut
1309 1570 1405 1597 Filium
1426 1578 1499 1597 suum
1523 1570 1625 1595 unicum
1640 1568 1755 1602 dederit,
1778 1570 1804 1595 in
1823 1577 1890 1604 quem

1100 1621 1181 1648 omnis
1194 1620 1237 1654 qui
1248 1619 1393 1648 crediderit,
1410 1625 1459 1644 non
1474 1622 1570 1652 pereat,
1585 1616 1628 1642 sed
1639 1616 1731 1643 [tabent
1743 1617 1818 1643 vitam
1831 1624 1891 1642 smit-

1101 1669 1225 1704 pitcrnam
1240 1666 1329 1702 (Joan.
1356 1664 1400 1696 lII,
1422 1664 1478 1697 16).
1494 1663 1527 1690 Et
1543 1670 1635 1690 rursus
1653 1662 1734 1698 (Ibid.
1752 1664 1797 1698 17)
1812 1672 1818 1689 z
1837 1662 1891 1690 Non

1100 1714 1168 1742 enim
1187 1713 1254 1740 misit
1269 1712 1338 1739 Deus
1353 1711 1451 1738 Filium
1469 1718 1543 1737 suum
1564 1710 1591 1737 in
1610 1710 1743 1741 mundum,
1761 1715 1788 1737 ut
1799 1710 1891 1745 juditet

1100 1761 1234 1793 mundum,
1249 1760 1293 1788 sed
1309 1764 1334 1786 ut
1353 1758 1437 1786 salvus
1454 1758 1487 1785 sit
1507 1758 1618 1784 mundus
1634 1765 1679 1792 per
1692 1765 1759 1784 eum.
1779 1757 1828 1791 Qui
1843 1765 1892 1784 cre-

1102 1808 1194 1834 diderit
1208 1808 1235 1833 in
1249 1806 1337 1839 illum,
1361 1813 1412 1832 non
1424 1805 1575 1840 judicatur;
1588 1804 1638 1839 qut"
1652 1812 1702 1830 mm
1716 1804 1851 1831 crediderit
1867 1805 1891 1830 in

1100 1856 1183 1887 illum,
1200 1855 1251 1884 iam
1261 1853 1394 1893 judicatus
1406 1857 1443 1879 est
1453 1871 1461 1884 ,
1481 1851 1540 1887 quia
1561 1859 1611 1878 non
1632 1850 1739 1877 credidit
1754 1851 1781 1877 in
1796 1851 1892 1878 nantine

1100 1902 1168 1929 unici
1181 1900 1244 1928 Filii
1255 1899 1312 1927 Dei.
1326 1898 1601 1935 (18)Joannesautem
1612 1903 1671 1923 cum
1686 1897 1892 1932 interrogaretur

1100 1946 1198 1982 qnidde
1210 1946 1245 1982 (ε)
1256 1945 1512 1979 .Iesncontingeret:
1528 1942 1616 1975 Pater,
1629 1942 1726 1977 inquit,
1739 1942 1822 1977 diligit
1838 1942 1891 1978 (I‘J)

1101 1994 1208 2026 Filium,
1221 1992 1334 2020 elomnla
1346 1991 1450 2018 tradidit
1467 1990 1493 2017 in
1508 1998 1584 2016 manu
1597 1990 1662 2023 ejus.
1680 1988 1730 2022 Qui
1748 1989 1827 2015 credit
1838 1987 1891 2023 (20)

1099 2042 1126 2069 in
1146 2041 1250 2072 Filium,
1270 2039 1342 2065 habet
1358 2039 1434 2064 vitam
1446 2041 1584 2068 wternam;
1596 2035 1639 2069 qui
1655 2043 1705 2062 non
1715 2035 1795 2061 credit
1806 2035 1830 2061 in
1846 2034 1892 2061 Fi-

1099 2089 1162 2116 lium
1176 2086 1238 2122 (21)
1254 2085 1301 2113 Dei
1311 2105 1317 2116 ,
1332 2092 1383 2111 non
1399 2083 1489 2110 videbit
1503 2081 1596 2114 Deum,
1610 2082 1655 2108 sed
1669 2082 1707 2108 ira
1723 2080 1771 2108 Dei
1787 2081 1891 2108 manebit

1099 2142 1176 2171 super
1189 2141 1246 2162 eum
1259 2132 1349 2167 (Idan.
1362 2131 1406 2165 lll,
1424 2131 1470 2164 55,
1485 2130 1543 2165 36).
1562 2130 1646 2163 Quem
1664 2137 1729 2157 vero
1742 2128 1891 2157 Samarltidi

1098 2182 1234 2212 ostendit?
1247 2180 1276 2209 Si
1286 2178 1411 2208 Metisiam
1423 2178 1468 2213 qui
1482 2177 1579 2205 dicitur
1591 2176 1724 2211 Christus,
1740 2176 1835 2204 Filium
1847 2176 1893 2204 uti-

865 2246 1055 2280 LECTIONES
1073 2247 1283 2280 VARIANTES.

278 2302 312 2337 (1)
326 2297 505 2337 paneatsi’mt.
581 2334 595 2337 η

291 2336 312 2364 :3)
326 2334 550 2358 Seandalitarentur
562 2334 613 2359 alii.

291 2336 312 2364 εἶ)
326 2334 550 2358 Seandalitarentur
562 2334 613 2359 alii.

288 2367 301 2388 ὅ
327 2365 352 2389 In
367 2373 412 2393 qua
429 2366 521 2390 Domini
542 2368 595 2390 criti.
620 2366 713 2391 Wouw.

328 2396 393 2433 [tulit
406 2398 490 2433 Frini,
505 2397 596 2433 Paris,
612 2397 663 2430 Rig.

277 2397 311 2433 (4)
331 2397 393 2433 ψη
406 2398 490 2426 From,
505 2397 596 2427 Paris,
612 2397 663 2430 Rig.

326 2428 434 2467 (irridere
449 2428 523 2467 85ml.

278 2458 313 2490 (Η)
333 2458 445 2483 invenire
458 2460 518 2483 Jun.

324 2490 587 2527 Setnpervaiestst’ml.
633 2525 637 2527 _
673 2523 678 2527 I
826 2522 865 2527 ____
909 2524 914 2527 _
997 2525 999 2527 ι

287 2491 311 2515 7)
324 2490 427 2519 Semper
439 2493 503 2515 abest
514 2491 587 2515 Sami.

276 2489 311 2553 is)
328 2520 353 2544 tu
366 2522 502 2551 prioribus,
517 2526 542 2547 ct
552 2524 575 2547 in
589 2523 723 2553 posteriora
734 2522 869 2554 prtescriblt
880 2524 966 2557 utique
979 2525 1006 2551 et
1018 2527 1042 2551 tn

276 2553 398 2575 umoribus
413 2552 485 2575 tilum.

243 2553 398 2582 paucioribus
410 2553 485 2577 Rhea.

274 2584 310 2643 ἓςι)
328 2583 488 2628 Praiscribant
501 2583 576 2620 Sami.

287 2615 325 2643 10)
339 2614 396 2643 Det,
409 2615 481 2640 alium
495 2616 576 2640 Domir

287 2616 314 2640 10
339 2614 396 2644 Dei,
409 2615 481 2640 alium
495 2616 623 2640 Dominum
635 2615 709 2642 89ml.

288 2615 325 2679 lii
337 2646 447 2672 Necesse
458 2650 496 2672 est
506 2654 553 2672 nou
564 2647 678 2673 eumdem
690 2650 786 2679 autem.
797 2648 857 2679 non:

273 2644 324 2679 (11)
337 2646 447 2672 Necesse
458 2650 496 2672 est
506 2654 553 2672 nou
564 2647 678 2673 eumdem
690 2650 786 2679 autem.
797 2648 927 2682 nonfqussl
939 2650 1041 2682 separa-

1055 2318 1082 2348 Β
1095 2313 1156 2348 tum,
1169 2308 1326 2348 dispositione
1354 2304 1428 2330 Scml.
1459 2303 1569 2329 Necesse
1589 2305 1627 2328 est
1646 2309 1693 2328 non
1709 2303 1834 2333 eumdem,
1847 2310 1891 2329 non

1094 2340 1177 2365 iutcm
1206 2339 1255 2363 nasi
1267 2342 1324 2361 Jun.

1130 2346 1270 2394 (miluinis
1282 2370 1324 2394 Set:

1144 2371 1181 2396 1Ξ)
1195 2366 1270 2394 Unius
1282 2366 1357 2394 St’ntl.

1143 2398 1180 2427 15)
1194 2401 1253 2426 inde
1266 2401 1311 2425 etsi
1325 2398 1400 2424 Seml.

1144 2430 1180 2458 14)
1194 2431 1327 2457 Natlianael
1342 2430 1413 2455 ulte".

1142 2463 1180 2489 151
1195 2464 1260 2487 Dixit
1273 2463 1347 2487 tthrn.

1141 2494 1180 2523 16)
1194 2496 1238 2523 Qui
1251 2494 1324 2518 omitt.
1332 2497 1390 2517 Jun.

1142 2523 1179 2556 17)
1192 2525 1294 2556 'l‘cmplo
1309 2523 1383 2556 St’ntl.

1140 2555 1178 2582 181
1192 2558 1229 2581 De
1241 2555 1315 2581 oinitt.
1330 2555 1440 2580 Ciaccon.

1139 2587 1177 2613 19)
1192 2588 1284 2613 Dilexit
1297 2587 1371 2611 Scml.

1137 2616 1177 2645 aut
1190 2618 1298 2645 Credidit
1309 2616 1383 2643 Seml.

1137 2646 1177 2676 21$
1189 2650 1297 2676 Credidit
1308 2649 1334 2674 in
1344 2648 1394 2675 ﬁlio
1405 2646 1481 2674 Seml.

932 2708 1212 2752 COMMENTARIUS.

274 2783 351 2813 CAP.
366 2782 522 2824 IUL—la)
532 2782 634 2824 Quanta
643 2783 806 2824 praescribunt
816 2783 870 2811 tibi.
879 2783 981 2824 Quanta
990 2789 1039 2818 pro

240 2827 318 2855 quam
332 2820 423 2848 multa.
434 2823 464 2846 ut
474 2819 535 2846 ante
544 2819 569 2846 in
583 2819 765 2854 superioribus
778 2820 836 2853 plus
844 2819 937 2847 semel.

238 2853 254 2885 .1"
276 2856 315 2892 (b)
324 2855 456 2892 Tanquam
473 2855 540 2892 unici
554 2864 570 2882 a
582 2858 973 2892 palrre,flbvay€:logcri15ﬁdaféc.
987 2853 1039 2892 Per

239 2889 331 2919 vorem
355 2890 424 2919 unici
441 2891 539 2926 quippe
554 2889 673 2920 reddidit
691 2889 762 2927 quod
777 2891 993 2953 liabiléiq;n.loati.
1009 2889 1037 2926 _l.

851 2934 865 2953 Ε
881 2933 928 2953 I’R.

1129 2782 1282 2820 (c)Joamtes
1293 2787 1443 2820 nutantium
1454 2782 1665 2820 interrogaretur.
1675 2779 1808 2820 Joannem
1820 2778 1885 2814 Bap-

1091 2815 1181 2846 tistain
1195 2818 1326 2852 intelliait.
1342 2819 1417 2852 cuius
1430 2823 1490 2844 sunt
1504 2815 1585 2846 verba
1600 2817 1679 2844 etiam
1693 2815 1771 2843 Joan.
1788 2817 1816 2848 5,
1832 2823 1887 2848 qua:

1091 2861 1247 2889 sequuntur,
1266 2854 1341 2881 Ριηυι·
1351 2855 1433 2889 diligit
1448 2853 1553 2886 Filium,
1568 2858 1627 2885 ctr.;
1642 2852 1678 2879 sic
1691 2851 1763 2878 enim
1776 2854 1887 2888 castiga-

1090 2890 1188 2924 viiuus,
1206 2899 1263 2926 pro,
1280 2891 1379 2918 dilexit.
1393 2891 1459 2917 Pw.
