4008 6280
461 227 573 288 iss
1158 208 1169 211 ’
1884 207 2357 271 TERTULLIANI
3210 202 3221 211 ‘
3322 220 3333 237 ι
3726 197 3827 254 iss

462 345 633 418 inquit
660 386 676 413 ,
705 357 820 417 gnte
859 342 964 400 vidi
990 357 1138 414 penes
1169 340 1377 399 Patrem
1411 351 1577 395 meum
1597 380 1612 405 ,
1644 336 1826 407 loquor
1845 350 1864 400 ;
1891 342 1937 387 et
1966 347 2051 387 vos
2078 327 2130 389 A
2155 338 2210 383 et
2229 325 2421 399 jungit.
2470 325 2620 381 Adeo
2666 321 2813 378 addit
2840 321 3043 418 etiam
3066 320 3249 418 multa
3284 331 3356 374 se
3397 330 3581 418 operit
3617 329 3645 366 a
3674 315 3822 373 P..tro

464 409 602 513 quod
628 409 818 494 vidistis
849 409 1001 505 penes
1029 446 1222 509 patrem
1243 442 1463 490 vestrum
1483 474 1497 498 ,
1520 431 1575 487 id
1596 431 1766 504 facitis
1797 448 1810 484 :
1843 437 1891 484 et
1921 443 2056 481 nunc
2108 418 2115 423 ’
2160 422 2462 479 ostendisse
2483 463 2497 484 ,
2529 435 2756 492 quorum
2780 416 2921 513 nihil
2937 414 3163 513 lapid-ari
3190 420 3499 469 meretur.
3525 409 3607 513 -Et
3633 424 3700 513 ne
3730 425 3820 480 pu-

464 503 619 591 tntltis
653 503 880 587 occidere
903 503 1425 585 Itominemveritatem
1448 526 1585 581 vobis
1602 503 1864 589 locutum,
1902 537 2057 592 quam
2162 525 2336 572 tareut
2365 514 2490 570 ideo
2518 529 2578 571 se
2605 514 2754 567 illum
2781 510 3021 581 lapidare
3060 508 3280 564 debere
3313 549 3329 567 .
3363 503 3538 577 quasi
3569 517 3634 558 se
3663 503 3818 557 Deum

462 624 657 681 audivit
681 641 713 677 a
735 623 845 681 Deo
863 641 880 688 ;
900 632 951 679 et
983 642 995 678 :
1027 621 1090 679 Si
1112 621 1248 681 Deus
1267 630 1395 677 esset
1422 630 1568 692 pater
1586 627 1760 683 vester,
1790 614 2057 671 dilexisse-
2162 610 2368 681 ipsum,
2396 606 2449 664 id
2470 615 2555 662 est
2572 604 2787 661 Patrem
2806 603 3069 658 voluisset
3092 598 3339 692 intelligi
3373 614 3391 660 ;
3425 594 3565 692 quia
3588 594 3816 692 (lix—erat,

461 718 529 772 tis
552 733 649 771 me.
681 713 794 786 Ego
820 714 953 769 enim
992 730 1054 768 ea:
1082 711 1192 767 Deo
1217 712 1349 767 exivi
1384 688 1434 767 et
1455 710 1567 765 veni
1593 709 1673 783 (et
1714 716 1894 763 tamen
1948 719 2054 761 non
2163 703 2274 776 Ego
2317 712 2365 757 et
2415 700 2572 758 Pater
2612 715 2771 755 unum
2816 709 3161 764 suntus,‘qua
3220 691 3457 786 Filium
3524 688 3625 786 Dei
3661 688 3817 786 Deum

463 779 784 881 separantur
815 804 894 880 (l)
917 849 932 873 ,
963 805 1089 861 licet
1116 805 1313 861 exiisse
1335 801 1555 869 dixerit,
1583 779 1642 858 ut
1671 799 1888 873 quidam
1915 798 2055 855 arri-
2084 830 2093 837 ι
2161 792 2453 851 ostendens
2472 835 2487 852 .
2519 806 2627 847 non
2650 804 2751 861 qna
2780 789 2952 881 ipsum
2987 787 3174 881 Deum.
3206 783 3284 881 Si
3313 783 3378 837 in
3413 782 3539 851 lege
3563 822 3579 844 ,
3610 779 3814 849 inquit,

467 876 621 972 piunt
648 876 965 971 hujus-dicti
994 896 1334 954 occasionem
1366 913 1382 963 ;
1413 895 1578 952 exivit
1604 902 1783 951 autem
1814 908 1844 949 a
1874 893 2055 959 Patre,
2160 887 2407 959 scriptum
2431 893 2540 951 est,
2567 902 2587 937 ι
2617 881 2732 955 Ego
2768 880 2877 936 άὶπὶ
2896 919 2915 948 ο
2945 895 3031 934 υοε
3071 877 3144 931 τίῑί
3178 876 3314 931 ε³¹ί³
3334 917 3352 941 ς
3452 882 3507 928 ετ
3533 889 3640 928 ηοη
3664 881 3819 972 Ρίξίεξί

355 984 365 997 ’
402 966 428 1024 ⁷
468 966 525 1048 ut
546 966 735 1047 radius
754 1006 820 1045 ex
847 989 960 1045 sole
981 1031 998 1056 ,
1028 1001 1086 1045 ut
1109 988 1263 1044 rivus
1295 1003 1361 1043 ex
1388 986 1569 1053 fonte,
1603 995 1662 1041 nt
1686 984 1866 1041 frutex
1886 1000 1953 1042 ex
1980 999 2061 1040 sc-
2163 982 2288 1039 solvi
2328 979 2602 1050 Scriptura
2627 993 2648 1044 ;
2674 992 2824 1045 quem
2869 974 3024 1029 Pater
3065 969 3439 1041 sanctificata“!
3462 1011 3479 1035 ,
3512 977 3564 1021 et
3605 967 3740 1020 misit
3765 966 3815 1019 in

468 1084 661 1158 mine).
694 1082 804 1156 Ego
832 1084 1140 1138 daemonium
1159 1098 1263 1138 non
1290 1082 1448 1136 habeo
1467 1123 1484 1149 ,
1511 1080 1600 1135 sed
1626 1082 1820 1158 honoro
1850 1077 2060 1133 Patrem
2164 1074 2411 1130 mundum
2431 1116 2448 1141 ,
2478 1087 2567 1127 vos
2595 1086 2708 1126 eum
2740 1068 3092 1140 blasphemare
3128 1064 3315 1158 dicitis
3338 1102 3355 1126 ,
3385 1061 3523 1158 quia
3569 1059 3683 1158 dixi
3798 1102 3815 1123 ,

467 1151 635 1233 meum
658 1193 677 1241 ;
698 1151 759 1231 et
780 1193 795 1232 :
827 1175 890 1231 Si
924 1192 1016 1246 ego
1050 1191 1131 1229 me
1162 1175 1273 1243 ipse
1297 1173 1579 1245 gloriﬁcent
1598 1214 1614 1238 ,
1648 1154 1869 1226 niltitest
1895 1169 2061 1242 gloria
2167 1165 2216 1221 F
2219 1166 2336 1222 ilius
2369 1163 2463 1219 Dei
2485 1179 2602 1219 sum
2638 1162 2663 1217 ?
2693 1160 2755 1217 Si
2784 1177 2885 1215 non
2910 1158 3044 1232 facio
3073 1171 3229 1226 Opera
3264 1153 3471 1209 Patris
3505 1151 3611 1246 mei
3634 1194 3652 1246 .4
3673 1151 3817 1246 nolite

467 1284 599 1323 mea.
622 1266 714 1322 Est
734 1268 922 1338 quinte
939 1243 1192 1337 glori/ica
1221 1243 1401 1331 Pater,
1429 1243 1579 1336 quem
1599 1279 1687 1318 nos
1706 1263 1874 1318 dicitis
1896 1261 2060 1317 Deum
2163 1258 2368 1313 credere
2387 1274 2408 1323 ;
2426 1256 2472 1312 si
2505 1270 2622 1309 vero
2666 1254 2801 1327 facio
2829 1294 2845 1319 ,
2871 1261 2915 1307 et
2950 1250 3076 1304 mihi
3105 1248 3325 1303 credere
3358 1262 3476 1338 non
3520 1243 3709 1338 uultis,
3736 1243 3814 1338 rel

465 1377 576 1415 esse
599 1334 817 1415 vestrum
836 1400 851 1422 ,
872 1334 964 1413 nec
994 1334 1156 1413 nostis
1180 1356 1327 1412 illum
1345 1399 1362 1425 ,
1388 1334 1450 1410 at
1466 1372 1559 1427 ego
1597 1357 1715 1411 novi
1753 1372 1887 1412 eum.
1917 1353 1988 1409 Et
2016 1355 2062 1410 si
2167 1358 2373 1423 propter
2397 1364 2552 1419 apera
2572 1345 2780 1401 credite.
2822 1342 2891 1398 Et
2922 1343 3097 1398 scitote
3116 1338 3258 1427 quod
3292 1354 3400 1408 ego
3432 1337 3491 1390 in
3529 1334 3689 1427 ιξαιιξ
3707 1335 3809 1427 fit".

466 1451 672 1515 dicant,
727 1466 747 1501 ι
781 1448 902 1504 Νοιι
963 1449 1120 1517 novi,
1151 1467 1171 1500 ι
1226 1464 1312 1503 ero
1349 1422 1540 1503 similis
1595 1447 1747 1503 vestri
1795 1446 2063 1513 mendax;
2167 1451 2216 1498 et
2244 1442 2403 1495 Pater
2425 1440 2480 1495 in
2510 1455 2607 1495 me.
2642 1438 2746 1494 Per
2792 1449 2953 1507 opera
2995 1422 3129 1505 ergo
3171 1438 3301 1486 erat
3348 1428 3532 1484 Pater
3559 1425 3615 1481 itt
3647 1424 3808 1489 Filio,

467 1546 558 1599 sed
608 1545 726 1599 novi
762 1544 907 1599 illaut
927 1584 943 1607 ,
965 1552 1012 1597 et
1048 1558 1329 1598 sermonem
1355 1544 1466 1613 ejus
1490 1557 1655 1597 servo.
1682 1541 1760 1596 Ac
1782 1557 1905 1603 cum
1938 1539 2065 1596 snb-
2168 1543 2224 1591 et
2249 1533 2417 1590 Filius
2443 1532 2494 1587 in
2525 1531 2720 1595 Patre;
2745 1537 2801 1585 et
2825 1528 2896 1582 ita
2926 1541 3020 1596 per
3039 1538 3205 1594 opera
3232 1519 3626 1613 intelligimus
3656 1531 3807 1570 unum

467 1638 683 1710 jungit:
719 1635 978 1690 Abraham
1024 1634 1161 1690 diem
1201 1611 1385 1690 meum?
1410 1634 1573 1701 vidit,
1605 1643 1654 1689 et
1694 1634 1898 1691 [alatus
1942 1644 2015 1690 est
2044 1648 2065 1699 ;
2169 1640 2290 1683 esse
2316 1625 2525 1681 Patrem
2551 1633 2608 1680 et
2632 1621 2826 1678 Filium
2864 1619 2974 1691 (5).
3006 1615 3157 1672 Adeo
3189 1623 3382 1710 totum
3422 1611 3537 1666 hoc
3566 1622 3811 1710 perseve-

470 1705 666 1801 nempe
706 1728 1039 1784 demonstrat
1059 1726 1253 1784 Filium
1283 1727 1520 1783 Abrahae
1541 1736 1688 1783 retro
1719 1710 2064 1795 νίειιιιιξιιῖη
2094 1726 2144 1788 Β
2171 1721 2322 1777 rabat
2366 1717 2621 1775 inducere
2645 1758 2660 1783 ,
2690 1725 2750 1770 ut
2799 1712 2917 1769 dno'
2954 1723 3130 1767 tamen
3179 1709 3570 1765 crederentur
3620 1705 3688 1801 in
3713 1718 3807 1801 una

474 1795 716 1880 Patrem.
750 1821 879 1876 Item
906 1861 920 1886 ,
950 1835 1113 1892 super
1137 1836 1340 1878 ciccum
1388 1820 1535 1876 illum
1562 1819 1740 1876 Patris
1759 1837 1917 1891 opera
1936 1819 2067 1877 dicit
2183 1815 2379 1870 virtute
2406 1829 2422 1879 ;
2454 1813 2580 1880 quia
2608 1811 2768 1868 aliter
2790 1808 2959 1864 Filius
2983 1805 3128 1863 credi
3159 1819 3270 1861 non
3307 1809 3554 1892 posset,
3588 1798 3690 1855 nisi
3713 1795 3809 1853 duo

469 1932 525 1971 se
547 1904 718 1987 facere
755 1924 1006 1985 oportere.
1052 1912 1150 1968 Cui
1183 1923 1300 1983 post
1333 1913 1727 1969 restitutionem
1756 1913 2018 1969 luminum
2046 1931 2061 1969 :
2169 1906 2541 1965 crederentur.

474 2005 586 2070 Τιι,
621 2005 791 2077 inquit
819 2004 1002 2076 (Joan.
1034 2004 1109 2061 IX
1129 2046 1144 2071 .
1177 2006 1271 2077 55)
1295 2048 1310 2071 ,
1338 2006 1503 2061 credis
1526 2007 1583 2060 in
1616 2005 1810 2061 Filium
1843 2005 1943 2062 Dei
1965 2006 1989 2062 ?
2011 2016 2066 2063 et
2737 1992 2969 2051 CAPUT
3011 1988 3201 2048 XXIII.

472 2099 823 2169 interroganti
866 2099 987 2170 quis
1031 2106 1179 2155 esset
1227 2098 1364 2165 iste,
1392 2098 1510 2170 ipse
1537 2112 1599 2155 se
1644 2098 2055 2167 demonstrans,

2246 2111 2376 2169 Post
2415 2109 2534 2166 tunc
2560 2118 2737 2166 autem
2763 2106 2970 2164 Martha
2998 2105 3193 2162 Filium
3224 2102 3328 2160 Dei
3361 2116 3499 2159 eum
3530 2098 3766 2156 confessa
3787 2140 3800 2162 ,

469 2191 655 2262 utique
697 2190 893 2247 Filium
916 2240 919 2243 .
943 2186 1371 2258 demonstratiit,
1399 2206 1560 2262 quem
1590 2191 1917 2248 credendum
1945 2206 2067 2250 esse
2173 2221 2280 2263 ηοη
2327 2204 2496 2275 magis
2535 2203 2768 2267 erravit,
2820 2215 2980 2272 quam
3018 2198 3209 2255 Petrus
3238 2195 3497 2266 (Matth.
3539 2189 3798 2257 Χν1,161

469 2282 700 2339 dixerat.
752 2282 983 2351 Dehinc,
1015 2283 1266 2353 cognosci
1310 2297 1371 2338 se
1413 2281 1699 2355 proﬁtetur
1722 2299 1753 2338 a
1781 2283 1939 2341 Patre
1965 2327 1980 2352 ,
2012 2297 2052 2341 e1

2214 2296 2572 2362 LNatltauael;
2603 2309 2907 2368 quanquam
2929 2292 3028 2349 etsi
3045 2297 3317 2355 errasset,
3347 2289 3546 2345 statim
3592 2283 3797 2339 didicis-

472 2374 685 2431 Patrem
708 2391 740 2430 a
762 2391 843 2431 se.
878 2375 941 2432 Et
968 2375 1089 2431 ideo
1114 2374 1345 2460 sediligi
1372 2390 1402 2430 a
1432 2374 1591 2433 Patre
1611 2415 1627 2441 ,
1655 2375 1800 2446 quod
1831 2377 2066 2433 animam
2171 2399 2273 2447 εει,
2299 2390 2436 2446 Ecce
2449 2388 2611 2453 enim,
2631 2387 2698 2444 ad
2725 2384 3086 2443 suscitandum
3103 2382 3328 2438 fratrem
3354 2382 3534 2449 ejusa
3552 2376 3788 2437 mortuis.

470 2479 625 2521 suam
659 2475 819 2536 ponat
849 2483 866 2530 ;
898 2467 1022 2539 quia
1065 2466 1170 2524 hoc
1214 2477 1539 2538 prteceptum
1586 2467 1890 2539 accepisset
1910 2485 1940 2524 a
1970 2470 2053 2526 Pal

2205 2481 2238 2539 d
2262 2482 2455 2539 coelum
2486 2490 2540 2537 et
2565 2478 2632 2536 ad
2662 2480 2876 2535 Patrem
2919 2477 3175 2533 Dominus
3214 2474 3544 2546 suspiciens
3575 2490 3589 2526 :
3624 2468 3788 2533 Pater,

472 2565 576 2614 tre.
610 2558 675 2614 Et
702 2558 1061 2630 interrogatus
1090 2574 1119 2614 a
1154 2558 1389 2623 Judaeis,
1415 2559 1459 2614 si
1492 2558 1608 2630 ipse
1652 2569 1798 2617 esset
1820 2561 2069 2618 Christus
2173 2573 2344 2645 ειιίμιίι
2384 2572 2563 2647 (Jama.
2608 2570 2714 2639 XI,
2747 2570 2838 2643 42)
2889 2570 3094 2644 [utique
3147 2567 3389 2641 Filius],
3450 2566 3652 2638 gratias
3705 2576 3792 2632 ago

475 2649 684 2723 (utique
708 2652 800 2708 Dei
828 2651 907 2726 (2)
933 2694 949 2720 ,
978 2666 1100 2707 nam
1121 2667 1287 2723 usque
1309 2652 1361 2707 in
1379 2651 1699 2709 hodiernum
1715 2652 1885 2710 Jndmi
1908 2654 2058 2732 Chrj-

2207 2666 2263 2721 ibi
2285 2708 2301 2733 ,
2331 2665 2468 2737 quod
2510 2680 2591 2719 me
2621 2678 2816 2735 semper
2853 2661 3118 2717 exaudias.
3157 2657 3243 2729 (6)
3276 2659 3521 2729 Propter
3545 2656 3671 2708 istas
3697 2661 3790 2754 tatr-

473 2751 617 2799 stum
663 2744 813 2812 Dei,
847 2760 953 2801 non
998 2744 1172 2815 ipsum
1221 2744 1436 2800 Patrem
1489 2754 1745 2816 sperant,
1773 2746 1897 2817 quia
1938 2762 2056 2802 nuu-

2203 2760 2669 2815 ascircnmstantes
2695 2755 2806 2810 dixi
2824 2797 2841 2823 ,
2871 2764 2924 2809 ιιι
2953 2752 3164 2808 credunt
3192 2750 3340 2819 quod
3372 2760 3431 2804 tu
3465 2764 3549 2801 me
3587 2743 3786 2799 miseris.

474 2854 636 2910 (Nam
667 2838 914 2896 Chrisuls
941 2839 1102 2897 Ρθῑθν
1128 2839 1360 2910 εενίῐηυ8
1385 2848 1471 2896 θεῖ
1496 2837 1775 2913 νοηιιιιίιε)
1799 2859 1812 2896 ε
1839 2839 2067 2913 ιοιιιιυνο
2118 2860 2121 2861 ⁷
2174 2850 2282 2909 Sed
2310 2862 2362 2908 et
2390 2852 2442 2907 in
2471 2847 2883 2907 conturbatione
2911 2845 3105 2900 anima:
3128 2861 3143 2899 :
3181 2842 3248 2897 Et
3282 2842 3419 2909 quid
3442 2838 3662 2895 dicant?
3688 2833 3786 2887 Pa-

478 2930 652 3003 lnqnit
677 2973 694 3002 ,
726 2932 893 2999 vobis,
918 2942 965 2987 et
994 2948 1097 2987 non
1141 2931 1367 2987 creditis.
1402 2930 1574 3004 Opera
1591 2948 1708 3004 quo:
1734 2949 1826 3006 ego
1854 2934 1989 3005 facio
2018 2934 2061 2989 in

2204 2962 2273 3011 er,
2304 2944 2502 3001 salvum
2540 2958 2619 2997 me
2663 2946 2751 3015 fac
2783 2941 2846 2995 de
2891 2940 2991 2994 ista
3036 2939 3183 2992 Itora.
3226 2936 3431 3006 Atquin
3471 2940 3680 3005 propter
3704 2928 3787 2981 hoc

475 3025 679 3080 nomine
708 3024 912 3091 Patris,
946 3025 1059 3095 ipsa
1087 3025 1274 3080 deme
1311 3026 1652 3081 testimonium
1690 3026 1888 3083 dicunt.
1934 3025 2072 3095 Quid
2176 3036 2288 3092 ueni
2328 3037 2381 3092 in
2415 3035 2566 3091 istam
2606 3035 2803 3089 horam.
2844 3030 3033 3087 Verum
3057 3072 3073 3098 ,
3108 3028 3285 3093 Pater,
3318 3026 3573 3100 glori/ica
3611 3035 3778 3077 nomen

475 3118 844 3175 testimonium
869 3120 894 3174 ι
923 3120 1097 3190 ipsum
1144 3119 1350 3176 scilicet
1396 3135 1556 3187 esse,
1587 3120 1657 3177 de
1702 3136 1813 3192 quo
1839 3122 2064 3178 interro-
2100 3115 2146 3179 C
2179 3137 2318 3183 tuum
2335 3127 2515 3197 (Joan.
2537 3126 2784 3196 Xll,27).
2807 3124 2863 3179 ln
2881 3137 2987 3195 quo
3006 3131 3123 3179 erat
3144 3131 3197 3178 et
3218 3121 3298 3192 (7)
3328 3120 3528 3176 Filius.
3558 3115 3687 3187 Ego,
3709 3113 3784 3167 in-

475 3212 677 3284 gabant
697 3254 713 3280 ,
738 3213 795 3270 id
824 3222 910 3270 est
950 3213 1372 3272 Cltristum‘Dei.
1407 3214 1482 3271 De
1509 3214 1702 3270 ovibus
1730 3216 1892 3271 etiam
1921 3217 2033 3271 suis
2054 3257 2071 3281 ,
2180 3220 2315 3292 quit,
2344 3219 2520 3291 (Joan.
2552 3217 2615 3285 ν,
2647 3218 2761 3289 15),
2793 3217 2906 3272 veni
2926 3216 2976 3270 in
2999 3213 3170 3268 Patris
3191 3215 3421 3267 nomine.
3446 3208 3577 3266 lude
3596 3203 3781 3261 scilicet

475 3305 621 3376 quod
651 3310 810 3362 nemo
838 3306 958 3362 illas
992 3305 1062 3362 de
1104 3321 1264 3362 manu
1291 3306 1408 3378 ejus
1437 3308 1673 3377 eriperet
1700 3324 1713 3363 :
1755 3306 1916 3364 Pater
1942 3308 2076 3363 enim
2134 3304 2139 3309 ’
2177 3310 2593 3368 Stttl'eceratFilii
2612 3310 2677 3365 ad
2707 3309 2919 3365 Patrem
2941 3323 3063 3363 vox.
3090 3306 3228 3362 Ecce
3250 3321 3316 3359 ex
3347 3299 3680 3360 almndanlia
3708 3292 3779 3366 (8)

477 3398 617 3470 quod
645 3400 770 3454 mihi
808 3400 984 3466 dedit,
1016 3400 1184 3470 majus
1218 3408 1295 3454 est
1328 3399 1558 3455 omnibus
1576 3397 1657 3474 (3)
1682 3416 1702 3465 ,°
1728 3411 1781 3457 et
1809 3397 1888 3474 (a)
1914 3418 1930 3456 :
1961 3398 2076 3472 Ego
2178 3405 2467 3476 respondet
2489 3403 2567 3475 (9)
2593 3403 2661 3458 de
2680 3403 2819 3459 ctelo
2837 3402 3015 3466 Pater,
3046 3400 3180 3455 Filio
3198 3404 3550 3455 contestatur
3570 3386 3771 3464 (Slattlt.

481 3499 531 3545 et
579 3489 736 3546 Pater
780 3508 938 3546 unum
981 3508 1177 3547 sumus.
1215 3490 1312 3547 ilic
1348 3506 1479 3562 ergo
1498 3490 1608 3562 jam
1637 3490 1860 3563 gradum
1890 3492 2078 3548 volunt
2179 3498 2351 3565 XVII,
2381 3500 2476 3570 5):
2509 3497 2609 3553 Hic
2656 3507 2727 3552 est
2770 3495 2939 3551 Filius
2978 3510 3118 3549 meus
3162 3492 3415 3553 dilectus.
3446 3493 3504 3544 in
3542 3502 3639 3560 quo
3667 3484 3773 3538 bene

480 3582 650 3653 ﬁgere
675 3584 822 3639 stulti
847 3625 864 3651 ,
892 3584 1000 3639 imo
1025 3584 1186 3651 caeci,
1217 3584 1305 3654 qni
1337 3597 1442 3639 non
1471 3583 1718 3647 videant,
1746 3583 2075 3657 pritno,Ego
2102 3576 2107 3583 ’
2163 3572 2312 3646 ἐειιεὶ
2333 3632 2349 3656 ,
2382 3589 2558 3645 audite
2583 3588 2751 3644 illum.
2784 3587 2858 3643 Ita
2889 3595 2944 3642 et
2970 3586 3021 3641 in
3052 3585 3154 3639 isto
3173 3626 3189 3650 ,
3226 3582 3537 3652 Gloriﬁeavi
3556 3621 3573 3647 ,
3604 3587 3650 3631 et
3671 3574 3771 3645 glo-

478 3683 531 3731 et
561 3674 741 3745 Pater,
771 3677 998 3734 duorum
1020 3692 1141 3734 esse
1165 3676 1608 3749 signiﬁcationem
1631 3694 1646 3742 ;
1671 3677 1869 3734 dehinc
1899 3678 1952 3734 in
1980 3693 2077 3734 no-
2176 3681 2388 3752 ri/icabo
2418 3699 2593 3738 rursus
2631 3680 2768 3751 (l0),
2796 3687 2929 3751 quot
2963 3690 3207 3750 personm
3238 3675 3331 3730 tibi
3357 3673 3632 3780 videntur:
3651 3679 3771 3780 ¹ρει*-

479 3768 702 3826 vissimo
724 3811 739 3838 τ
767 3786 943 3824 sumus
962 3811 979 3837 ,
1009 3784 1115 3825 non
1157 3784 1222 3845 es
1274 3768 1431 3826 unius
1471 3783 1592 3825 esse
1632 3784 1857 3842 persona
1882 3813 1898 3839 ,
1927 3770 2070 3843 quod
2177 3775 2486 3832 versissime
2509 3776 2743 3841 Praxea,
2772 3773 2873 3828 nisi
2900 3780 3032 3845 quot
3060 3779 3114 3825 et
3144 3782 3306 3825 voces
3334 3769 3359 3823 ?
3390 3767 3561 3824 habes
3589 3759 3767 3817 Filium

481 3859 759 3933 pluraliter
778 3861 979 3918 dictum
1005 3874 1087 3918 est
1115 3878 1130 3928 ;
1162 3873 1271 3918 tum
1297 3861 1440 3934 quod
1462 3903 1478 3928 ,
1505 3878 1666 3918 sutum
1694 3878 1871 3919 sumus
1892 3907 1908 3932 ,
1941 3880 2070 3931 non,
2178 3868 2233 3925 in
2263 3869 2455 3935 terris,
2488 3867 2654 3923 habes
2701 3865 2912 3921 Patrem
2954 3863 3007 3918 in
3035 3862 3209 3918 catis.
3241 3860 3359 3916 Non
3392 3869 3481 3916 est
3509 3849 3766 3925 separatio

487 3969 509 4003 s
540 3968 675 4008 unus
703 3968 910 4009 sumus.
945 3972 965 4007 ι
1001 3953 1058 4011 Si
1103 3956 1248 4011 enim
1287 3953 1541 4019 dixisset,
1579 3973 1599 4007 ι
1623 3968 1762 4010 unus
1789 3969 1974 4011 sumus
1999 3999 2014 4024 ,
2047 3974 2067 4010 ι
2177 3960 2279 4018 ista
2303 4002 2319 4026 ,
2349 3959 2443 4015 sed
2473 3958 2755 4030 dispositio
2798 3956 2997 4012 divina.
3027 3955 3292 4011 Czeternm
3313 3953 3570 4019 ,'scimus
3613 3946 3762 4030 Deum

479 4046 741 4117 potuisset
788 4045 1042 4116 adjuvare
1064 4046 1405 4102 sententiam
1455 4045 1689 4103 illorum.
1718 4045 1869 4104 Unus
1911 4049 2071 4104 etiam
2176 4051 2337 4107 etiam
2384 4051 2523 4106 intra
2566 4029 2794 4123 abyssos
2829 4062 2975 4115 esse,
3005 4055 3061 4102 et
3086 4046 3283 4115 ubique
3308 4043 3611 4101 consistere
3633 4079 3647 4103 ,
3676 4029 3761 4088 sed

479 4135 768 4208 singularis
818 4137 1027 4192 numeri
1069 4138 1392 4208 signiﬁcatio
1439 4137 1669 4195 videtnr.
1720 4139 1910 4195 Adlntc
1945 4155 2070 4197 cum
2175 4141 2228 4197 vi
2257 4150 2315 4198 et
2340 4149 2623 4213 potestate.
2650 4140 2844 4197 Filium
2875 4153 3088 4212 quoque
3110 4180 3126 4205 ,
3160 4151 3220 4192 ut
3257 4134 3620 4195 individuum,
3649 4137 3757 4181 cum

478 4231 589 4287 duo
609 4271 627 4299 ,
658 4230 936 4287 masculini
963 4229 1201 4300 generis.
1228 4229 1404 4286 Unum
1435 4229 1566 4287 dicit
1586 4272 1602 4298 ,
1628 4231 1852 4289 neutrali
1882 4233 2069 4303 verbo,
2176 4235 2293 4306 ipso
2322 4235 2538 4306 ubique.
2572 4234 2773 4289 Tamen
2817 4234 2870 4289 in
2898 4232 3010 4304 ipsa
3041 4230 3341 4288 (economia
3367 4273 3384 4298 ,
3421 4228 3585 4284 Pater
3609 4215 3762 4275 voluit

424 4337 446 4363 η
477 4325 621 4397 quod
666 4336 775 4380 non
809 4322 1039 4395 pertinet
1077 4322 1144 4378 ad
1187 4322 1610 4394 singularitatem
1635 4365 1652 4390 ,
1680 4324 1775 4381 sed
1802 4325 1870 4381 ad
1897 4326 2073 4385 unita-
2176 4326 2368 4383 Filium
2394 4320 2449 4382 “in
2470 4328 2628 4383 terris
2658 4324 2868 4393 haberi,
2889 4337 2948 4379 se
2975 4337 3102 4378 vero
3134 4323 3186 4377 in
3208 4322 3361 4377 coalis
3389 4336 3404 4386 ;
3438 4334 3546 4390 quo
3576 4308 3684 4387 (H)
3709 4314 3756 4360 ει

477 4425 585 4472 tem
604 4458 619 4483 ,
652 4416 720 4472 ad
759 4414 1159 4472 similitudinem
1184 4457 1199 4480 ,
1224 4413 1290 4469 ad
1336 4414 1799 4485 conjunctionem.
1825 4416 1894 4473 ad
1939 4417 2093 4476 dile-'
2175 4421 2290 4492 ipse
2317 4420 2483 4477 Filius
2522 4418 2825 4493 suspiciens
2849 4459 2864 4486 ,
2894 4427 2948 4473 et
2975 4416 3163 4473 orabat
3190 4426 3246 4472 et
3276 4412 3579 4484 postulabat
3604 4421 3632 4461 a
3661 4404 3754 4459 Pa-

473 4508 707 4564 ctionem
743 4506 915 4563 Patris
934 4549 949 4573 .
980 4506 1070 4578 qui
1108 4504 1298 4561 Filium
1330 4505 1503 4577 diligit
1531 4523 1546 4572 ;
1577 4516 1634 4562 et
1660 4506 1727 4562 ad
1752 4507 2068 4581 obsequium
2093 4511 2148 4572 D
2175 4521 2289 4578 tre,
2318 4527 2425 4584 quo
2452 4521 2507 4569 et
2536 4526 2636 4568 nos
2660 4521 2871 4568 erectos
2910 4509 3138 4564 docebat
3181 4522 3340 4562 orare
3370 4525 3383 4561 τ
3417 4503 3574 4558 pater
3599 4501 3754 4551 noster

478 4600 595 4658 Filii
620 4643 637 4670 ,
668 4601 757 4675 qui
783 4602 1041 4656 voluntati
1082 4599 1257 4656 Patris
1284 4599 1616 4669 obsequitur.
1656 4599 1827 4658 Unum
1854 4619 2065 4672 sumus,
2172 4608 2262 4678 qui
2288 4622 2341 4662 cs
2360 4606 2413 4661 in
2431 4606 2569 4662 caelis
2591 4603 2916 4677 (Matth.Vl,
2941 4601 3031 4674 19)
3058 4644 3072 4668 ,
3106 4610 3161 4657 et
3183 4598 3439 4670 cnm(l2)
3469 4597 3537 4654 sit
3561 4599 3613 4647 et
3642 4584 3748 4643 nbi-

408 4754 419 4763 ,
473 4695 692 4760 dicens,
719 4709 811 4765 ego
829 4702 878 4750 et
913 4692 1087 4760 Pater,
1114 4691 1351 4750 ostendit
1374 4690 1513 4748 duos
1535 4707 1656 4750 esse
1676 4734 1692 4762 ,
1727 4709 1864 4766 quos
1892 4705 2067 4768 a~quat
2172 4713 2277 4770 que
2301 4740 2316 4767 ,
2347 4697 2483 4754 hanc
2506 4695 2624 4772 (15)
2666 4697 2850 4755 sedem
2893 4710 3046 4753 suam
3074 4694 3242 4750 voluit
3292 4693 3453 4749 Pater
3482 4705 3497 4754 ;
3538 4685 3746 4740 minora-

1725 4804 2106 4901 LECTIONES
2131 4808 2548 4869 VARIANTES.

531 4924 605 4988 (1)
630 4925 927 4988 Separamtts
949 4919 1099 4973 Semt.
2230 4922 2306 4988 (7)
2328 4924 2393 4978 Et
2410 4924 2556 4979 omitt.
2583 4922 2734 4978 Seml.

533 4924 605 5047 (1)
630 4925 927 4988 Separamus
949 4922 1099 4973 Semt.

533 4989 586 5050 (2
630 4987 765 5038 Deus
784 4982 934 5035 Sami.

533 5050 606 5116 (5)
630 5051 781 5101 Pater
799 5047 929 5097 enim
925 5047 1036 5160 equi
1058 5044 1213 5108 major
1249 5048 1329 5096 est
1350 5044 1578 5096 omnibus
1597 5043 1738 5097 dedit
1774 5048 1894 5099 mihi
1926 5048 2015 5103 alii
2037 5063 2058 5114 ;

533 5122 610 5162 ter
634 5113 766 5162 enim
787 5112 869 5162 nui
891 5110 921 5157 d
990 5115 1027 5160 tt
1047 5110 1184 5162 mitti.
1208 5110 1359 5162 maior
1381 5115 1460 5159 est
1480 5122 1610 5159 omn.
1635 5115 1750 5161 Jun.
2050 5113 2061 5123 ‘

2253 4925 2281 4975 7
2328 4924 2393 4978 Et
2410 4924 2556 4979 omitt.
2583 4922 2734 4978 Seml.
2808 4983 2821 4995 ο

2254 4988 2285 5037 8
2331 4988 2404 5039 Ex
2425 4989 2688 5039 abundanti
2716 4987 2872 5039 Lana.

1289 5048 1329 5121 st
1350 5044 1578 5096 omnibus
1597 5043 1738 5097 dedit
1774 5048 1894 5099 mihi
1926 5048 2058 5114 alii;
2252 5050 2284 5100 9
2330 5050 2600 5114 Respondit
2622 5051 2776 5100 Fran.

1289 5120 1359 5162 tor
1381 5115 1460 5159 est
1480 5122 1610 5159 omn.
1635 5115 1750 5161 Jmt.
2050 5113 2061 5123 ’
2259 5113 2272 5161 1
2318 5111 2661 5162 )Glorilleabo.
2683 5125 2855 5162 rursus

532 5043 606 5125 (τε)
630 5051 781 5125 Pater
799 5043 1738 5125 etiamaeter_£?!_°e19ib:edsiit
1774 5048 1894 5099 mihi
1926 5048 2061 5123 ηιίεέ
2230 5043 2600 5125 (dissonas
2622 5051 2776 5100 Fran-

464 5107 610 5188 ραιςεῇ
628 5113 766 5188 ειιίιιι
787 5107 1027 5188 (ψωριξῆ
1047 5107 1184 5169 mitti,
1208 5110 1359 5174 major
1381 5115 1460 5159 est
1480 5122 1610 5159 omn.
1635 5115 1750 5161 Jmt.
2037 5107 2061 5123 ”
2353 5107 2661 5188 ρΙὸιξοεεὴρ,
2683 5125 2855 5162 rursus
2877 5107 3028 5171 senti.
3059 5112 3225 5163 Venet.

464 5169 482 5178 ’
551 5178 578 5227 ι
626 5169 837 5225 Dixerat
853 5169 1004 5223 Seml.
1283 5169 1298 5174 ⁷

462 5265 471 5298 ;
528 5176 603 5363 ἐξ
629 5237 690 5288 Et
708 5235 884 5287 Filium
915 5233 1047 5286 abest
1067 5233 1215 5285 Semt.

627 5300 726 5350 Sed
749 5297 870 5351 add.
901 5298 1006 5350 Lat.

2254 5301 2310 5350 l5
2360 5300 2559 5365 illique,
2585 5299 2709 5350 hanc
2728 5299 2832 5350 ain.

627 5300 726 5350 Sed
749 5297 870 5351 add.
901 5298 1006 5350 Lat.
2227 5297 2334 5365 (l5)
2360 5300 2559 5365 lltique,
2585 5299 2709 5350 hanc
2728 5297 2832 5350 alii.

1813 5427 2372 5488 COMMENTARIUS.

527 5573 679 5631 CAP.
703 5569 872 5647 XXII.
894 5602 965 5613 —
988 5571 1065 5647 (a)
1094 5570 1205 5647 Ego
1248 5582 1296 5628 et
1335 5582 1479 5647 pater
1508 5586 1667 5628 unum
1695 5588 1890 5647 sumas.
1921 5571 2045 5647 llaec
2150 5566 2549 5647 monarehiani,
2589 5567 2834 5647 qgijnde
2874 5566 3070 5647 factum
3097 5564 3347 5647 Ριιιθδτῖηί
3379 5568 3435 5616 ιιι
3474 5549 3719 5647 θ-Ψξῗξῗῖῗξ

454 5626 641 5703 eadem
667 5626 869 5699 Quid
904 5626 1022 5715 qua:
1044 5626 1468 5715 feriaioaufio,
1507 5626 1826 5714 assumpsit,
1848 5626 2040 5699 retulit
2145 5642 2308 5698 alitnn
2336 5626 2814 5715 ttOIIUGS'SE'FilitIIIt
2836 5655 2865 5693 a
2892 5638 3052 5693 Patre
3073 5626 3248 5715 {cum
3275 5645 3450 5690 tamen
3482 5626 3712 5683 nnilalvm

451 5698 671 5789 65.3.90
695 5698 714 5783 ,ν
740 5698 1015 5788 superius.
1040 5698 1133 5773 Illa
1171 5698 2037 5786 autemvdeiorqneltantvlimretici
2148 5713 2396 5769 essentne
2422 5712 2622 5778 dicant,
2668 5726 2772 5767 non
2801 5698 3176 5783 .msonmqm
3217 5707 3313 5762 Pa.
3748 5698 3755 5707 ’
