4008 6280
348 315 453 373 I85

1505 305 1711 363 LIBER
1751 303 2111 364 ADVI‘IRQUS
2152 301 2500 389 PIIAX‘EAII.

3546 299 3650 358 186

347 440 415 494 rit
447 438 530 508 (I)
561 434 764 492 Filium
804 435 994 491 modico
1028 437 1151 489 citra
1177 434 1384 504 angelos
1407 432 1525 508 (Ps.
1559 429 1701 497 VIII,
1735 430 1830 502 ti),
1862 429 1928 485 ad
1958 431 2008 486 Α
2037 421 2220 479 Deus?
2247 423 2427 492 utique
2457 435 2563 476 non
2595 420 2784 486 Pater,
2817 417 3132 476 sctl'Scrmo
3165 419 3367 489 Patris,
3401 422 3632 494 quierat

351 542 548 588 terram
569 528 945 594 dcmittendo;
967 527 1126 600 gloria
1147 536 1312 581 tamen
1333 535 1378 582 et
1402 528 1591 581 honore
1608 536 1944 581 coronaturus

349 624 531 686 illum,
559 624 612 677 iu
642 623 818 678 cmlos
862 619 1192 677 resumendo.
1227 619 1352 675 llam
1376 619 1486 690 jam
1514 619 1800 690 praestabat
1827 619 1900 675 illi
1925 661 1942 686 ,

349 715 536 771 dicens
555 757 569 782 ,
601 714 670 770 Et
700 715 986 787 gloriﬁcavi
1006 757 1022 782 ,
1047 721 1094 767 et
1139 713 1459 786 gloriﬁcabo.
1509 713 1751 768 Postulat
1775 711 1943 768 Filius

349 808 415 864 de
447 808 608 863 terris
629 850 643 872 ,
678 808 837 862 Pater
882 805 1137 879 promittit
1165 821 1194 860 a
1221 805 1396 862 caelis.
1446 805 1583 874 Quid
1631 805 1942 861 mendacem

354 899 485 954 lacis
515 910 571 956 et
601 900 815 956 Patrem
853 908 904 955 et
945 899 1136 955 Filium
1165 941 1181 968 ,
1209 900 1254 954 si
1285 907 1375 954 aut
1405 897 1482 972 (2)
1512 899 1668 954 Pater
1694 898 1763 954 de
1791 899 1946 955 caelis

354 992 672 1062 loquebatur
719 993 786 1047 ad
834 991 1059 1058 Filium,
1089 1006 1212 1048 cum
1256 991 1372 1061 ipse
1417 1001 1562 1048 esset
1608 992 1776 1050 Filius
1803 992 1944 1065 apud

355 1094 562 1145 terras;
595 1093 686 1139 aut
722 1085 887 1140 Filius
915 1084 979 1139 ad
1025 1085 1237 1140 Patrem
1288 1084 1627 1156 precabatur,
1657 1099 1779 1142 cum
1830 1085 1946 1156 ipse

352 1187 495 1231 esset
523 1176 680 1232 Pater
707 1177 846 1248 apud
872 1177 1082 1233 cwlos?
1110 1178 1276 1246 Quale
1303 1189 1384 1234 est
1412 1188 1469 1233 ut
1497 1178 1668 1234 Filius
1700 1179 1824 1235 item
1849 1194 1948 1250 po-

351 1269 573 1323 stularet
613 1269 692 1341 (5)
721 1285 748 1320 a
777 1270 1065 1341 semetipso
1085 1311 1100 1336 ,
1133 1270 1454 1342 postulando
1494 1287 1523 1326 a
1571 1271 1761 1339 Patre,
1792 1273 1835 1328 si
1867 1273 1946 1342 (4)

353 1363 521 1418 Filius
551 1374 665 1417 erat
689 1363 878 1429 Pater;
909 1375 998 1419 aut
1027 1365 1218 1422 iterum
1243 1366 1400 1421 Pater
1421 1367 1522 1422 sibi
1544 1368 1643 1440 ipsi
1667 1368 1948 1440 promitte-

352 1463 468 1518 ret,
514 1455 879 1525 promittendo
926 1455 1100 1525 Filio,
1129 1458 1172 1512 si
1219 1443 1388 1518 Pater.
1429 1459 1587 1515 erat?
1613 1461 1769 1516 utsic
1809 1461 1947 1518 duos

351 1546 554 1602 divisos
601 1546 906 1603 diceremus
930 1591 946 1615 ,
981 1550 1251 1620 quomodo
1288 1550 1548 1621 jactitatis
1572 1593 1586 1616 ,
1616 1552 1946 1611 tolerabilius

350 1648 464 1693 erat
511 1639 652 1694 duos
694 1641 934 1709 divisos,
963 1658 1122 1714 quam
1170 1659 1336 1700 unum
1392 1643 1560 1701 Deum
1609 1646 1944 1717 versipellem

351 1733 665 1803 priedicarc.
694 1733 876 1806 Itaque
901 1737 968 1792 ad
1002 1738 1131 1792 istos
1161 1745 1286 1794 tunc
1315 1738 1394 1813 (5)
1427 1740 1683 1798 Dominus
1711 1755 1946 1812 pronun-

2055 515 2110 570 in
2135 513 2245 570 lilio
2277 513 2506 568 botuinis
2530 557 2544 580 ,
2581 513 2629 567 id
2659 521 2742 567 est
2774 513 2824 566 in
2854 527 3017 568 carne
3040 555 3054 578 ,
3083 513 3134 568 in
3165 529 3268 584 qua
3297 520 3351 568 et
3379 514 3647 584 gloriﬁca-

2025 614 2134 660 .tus
2160 605 2311 676 jam;
2361 605 2558 661 virtute
2607 619 2735 660 vero
2773 614 2830 660 et
2867 619 3162 671 sermone,
3191 615 3246 660 et
3290 616 3415 661 ante
3463 605 3648 660 Jesum

2047 695 2166 766 (9):
2203 695 2268 750 Et
2320 694 2492 762 Deus,
2543 697 2748 767 inquit,
2781 697 3085 768 gloriﬁcavit
3117 696 3230 770 (I0)
3274 696 3422 752 illum
3451 698 3503 752 in
3557 713 3635 751 sec

2047 789 2260 860 metipso
2284 829 2299 854 ,
2331 788 2380 843 id
2419 797 2534 857 est,
2568 789 2730 845 Pater
2768 789 2959 845 Filium
2992 789 3108 862 (Η)
3132 791 3182 842 in
3225 789 3524 860 semetipso
3553 788 3650 842 ha-

2047 880 2178 936 bens
2202 921 2218 947 ,
2249 881 2347 936 etsi
2383 893 2690 952 porrectum
2731 881 2796 935 ad
2837 890 3037 937 terrain
3062 921 3078 948 ,
3111 896 3233 936 mox
3265 895 3359 952 per
3390 896 3636 937 resurre-

2046 974 2279 1029 ctionem
2315 973 2634 1046 glorilicavit
2664 972 2779 1054 (t2)
2804 1015 2818 1042 ,
2855 983 3028 1028 morte
3055 973 3291 1029 devicta.

2616 1086 2843 1146 CAPUT
2890 1085 3082 1142 XXIV.

2124 1204 2283 1260 Erant
2317 1204 2432 1279 (I5)
2488 1204 2646 1276 plane
2691 1205 2780 1277 qui
2829 1213 2884 1260 et
2929 1214 3055 1260 tunc
3106 1218 3210 1259 non
3263 1204 3646 1276 intelligerent.

2047 1297 2310 1368 Quoniam
2338 1309 2394 1355 et
2418 1298 2655 1354 Thomas
2697 1297 3008 1369 aliquandiu
3042 1296 3389 1352 incredulus:
3426 1297 3643 1352 Domine

2047 1391 2192 1446 enim
2214 1432 2229 1456 ,
2261 1391 2432 1460 inquit
2486 1388 2665 1462 (loon.
2722 1388 2837 1445 XVI
2857 1432 2872 1454 ,
2898 1389 2955 1461 5)
2976 1429 2988 1450 .
3016 1405 3118 1443 non
3161 1390 3349 1444 scimus
3395 1406 3494 1459 quo
3523 1406 3608 1444 eas
3631 1431 3648 1456 ,

2047 1495 2094 1540 et
2122 1485 2375 1556 quomodo
2400 1485 2532 1540 viam
2562 1487 2792 1538 novimus
2823 1485 2848 1538 Ξ)
2880 1483 2944 1539 Et
2985 1483 3140 1539 Jesus
3166 1502 3178 1538 :
3213 1482 3321 1554 Ego
3363 1500 3474 1538 sum
3520 1485 3600 1538 via
3627 1525 3644 1551 ,

2049 1579 2230 1632 veritas
2255 1589 2302 1632 et
2329 1579 2451 1632 vita.
2482 1575 2650 1632 Nemo
2674 1578 2806 1631 venit
2834 1575 2901 1630 ad
2944 1575 3152 1630 Patrem
3199 1577 3298 1630 nisi
3343 1593 3433 1644 per
3456 1583 3552 1630 me.
3587 1576 3653 1632 Si

2048 1669 2408 1739 cognovisselis
2461 1685 2574 1734 me,
2616 1669 2975 1740 cognovissetis
3023 1677 3070 1722 et
3130 1667 3497 1723 Patrcnt:scd
3525 1667 3643 1742 (14)

2049 1760 2233 1815 abhinc
2273 1763 2431 1815 nostis
2474 1761 2651 1826 illttm,
2685 1771 2732 1814 et
2771 1760 2970 1820 vidistis
3005 1760 3174 1815 illum.
3210 1761 3277 1815 Et
3308 1763 3650 1831 pervenimus

351 1828 496 1882 tiavit
527 1826 711 1900 (Joan.
748 1828 843 1884 XII
869 1871 884 1896 ,
911 1829 1003 1905 50)
1034 1849 1046 1886 :
1080 1830 1201 1888 Non
1223 1844 1430 1906 propter
1451 1851 1528 1889 me
1548 1835 1647 1889 ista
1667 1851 1764 1890 rex
1791 1837 1943 1903 venit,

2052 1855 2159 1927 jam
2192 1854 2256 1909 ad
2289 1855 2630 1926 Philippum,
2657 1855 2746 1926 qui
2776 1869 2872 1925 spe
2902 1855 3164 1910 excitatus
3195 1854 3405 1910 videndi
3436 1854 3644 1922 Patris,

349 1919 435 1971 sed
460 1930 674 1989 propter
700 1935 785 1976 vos
809 1937 830 1985 ;
860 1933 913 1975 ut
932 1924 1140 1978 credant
1179 1924 1268 1992 hi,
1302 1934 1356 1980 et
1387 1923 1600 1982 Patrem
1630 1937 1686 1983 et
1715 1927 1904 1984 Filium
1929 1970 1944 1995 ,

351 2009 399 2062 in
447 2011 562 2064 suis
612 2027 886 2085 quemque
931 2015 1238 2072 nominibus
1262 2057 1277 2084 ,
1309 2028 1362 2073 et
1403 2021 1648 2090 personis
1671 2063 1687 2088 ,
1717 2023 1944 2079 ctlocis.

349 2099 450 2154 Sed
482 2101 665 2158 adhuc
695 2106 957 2162 exclamat
989 2107 1145 2164 Jcsus
1172 2117 1226 2165 et
1254 2109 1385 2166 dicit
1411 2129 1424 2166 :
1457 2111 1560 2178 Qui
1582 2114 1740 2168 credit
1768 2116 1820 2170 in
1847 2133 1946 2184 nte,

351 2211 445 2249 non
468 2197 520 2250 in
547 2215 630 2252 me
657 2201 815 2254 credit
841 2203 973 2266 ;sed
997 2203 1048 2274 in
1070 2219 1182 2258 eunt
1207 2206 1368 2259 credit
1391 2208 1480 2278 qui
1509 2223 1588 2262 me
1631 2209 1764 2264 misit
1801 2208 1947 2282 (quia

353 2304 444 2359 per
489 2289 690 2346 Filium
737 2293 788 2348 iu
845 2293 1055 2350 Patrem
1100 2297 1336 2352 creditur
1363 2339 1378 2364 ,
1405 2307 1460 2354 et
1495 2301 1785 2356 auctoritas
1831 2317 1948 2359 cre-

351 2381 504 2435 tlendi
538 2381 681 2439 Filio
701 2427 714 2447 .
751 2385 906 2442 Pater
935 2397 1017 2442 est
1042 2387 1062 2460 )
1088 2405 1101 2451 ;
1131 2399 1176 2443 et
1208 2391 1295 2458 qui
1318 2391 1561 2476 conspicit
1591 2409 1669 2447 me
1694 2393 1797 2468 (6),
1829 2411 1948 2450 con-

356 2475 499 2542 spicit
522 2491 643 2531 eum
668 2477 755 2546 qui
785 2496 863 2534 nte
891 2479 1043 2533 ntisit.
1077 2480 1358 2549 Quomodo
1383 2483 1406 2537 ?
1439 2484 1689 2550 Quoniam
1711 2487 1896 2541 scilicet
1916 2505 1947 2542 a

263 2559 282 2570 “
352 2569 648 2639 nimnetipso
697 2587 798 2625 non
845 2589 958 2626 sunt
1003 2574 1242 2641 locutus;
1269 2575 1360 2629 sed
1393 2577 1578 2646 quinte
1608 2578 1740 2631 misit
1767 2577 1946 2646 Pater,

321 2699 326 2704 .
352 2657 456 2726 ipse
493 2662 627 2714 mihi
671 2663 966 2716 mandatum
993 2665 1128 2718 dedit
1153 2667 1274 2731 quid
1295 2667 1460 2721 dicunt
1484 2709 1498 2734 ,
1529 2677 1576 2721 et
1599 2670 1721 2740 quid
1747 2669 1946 2741 loquar,

357 2750 603 2807 Dominus
637 2756 780 2810 enini
824 2757 910 2809 dat
951 2756 1075 2810 ntihi
1117 2758 1348 2829 linguam
1383 2759 1704 2832 disciplinae,
1733 2764 1801 2818 ad
1824 2780 1946 2837 cog-

353 2848 663 2899 noscendum
690 2849 896 2917 quando
935 2860 1164 2918 aporlcitt
1194 2850 1362 2906 dicere
1384 2869 1663 2908 sermonem
1683 2872 1832 2926 queat
1856 2873 1948 2928 ego

352 2936 526 3005 loquor
557 2938 665 3011 (Is.
699 2939 786 3002 IV,
815 2940 894 3012 4).
946 2941 1093 2997 Sicut
1141 2945 1266 2998 mihi
1307 2944 1465 3000 Pater
1509 2947 1672 3014 dixit,
1701 2950 1772 3002 ita
1799 2959 1844 3004 et
1873 2951 1948 3004 lo-

351 3043 472 3095 quor
497 3027 689 3101 (Joan.
718 3029 838 3094 XII,
861 3031 975 3103 50).
1003 3032 1128 3089 Ilico
1152 3035 1422 3106 quomodo
1444 3037 1582 3092 dicta
1611 3039 1716 3094 sint
1737 3081 1751 3102 ,
1774 3038 1946 3096 Evan-

2053 1964 2154 2004 nec
2203 1949 2509 2018 intelligens
2559 1948 2828 2019 quomodo
2887 1949 3057 2002 visunt
3098 1948 3309 2003 Patrem
3368 1949 3647 2005 audisset:

2056 2042 2308 2106 Ostende,
2339 2043 2548 2112 inquit,
2601 2041 2750 2096 nobis
2798 2039 3048 2106 Patrem,
3075 2051 3124 2094 et
3168 2042 3348 2112 stt/ﬁcit
3389 2043 3551 2097 nobis.
3586 2042 3652 2097 Et

2055 2135 2312 2192 Dominus
2344 2153 2358 2192 :
2396 2135 2676 2205 Philippe,
2731 2143 2873 2188 tanto
2923 2144 3149 2204 tempore
3191 2136 3448 2190 vobiscum
3490 2154 3602 2190 sum
3631 2178 3646 2202 ,

2051 2235 2098 2284 et
2124 2244 2226 2284 non
2271 2230 2574 2300 cognovistis
2619 2228 2738 2282 me?
2767 2227 2937 2297 Quem
2991 2227 3123 2282 dicit
3167 2231 3418 2299 cognosci
3447 2230 3649 2286 abillis

2051 2321 2303 2380 debuisse
2328 2315 2456 2396 (hoc
2482 2323 2628 2378 enim
2659 2322 2831 2377 solum
2858 2321 3048 2377 discuti
3077 2320 3336 2394 oportet).
3365 2324 3516 2394 quasi
3542 2323 3647 2376 Pa-

2052 2424 2212 2484 trem,
2257 2431 2324 2472 an
2377 2415 2814 2488 quasi‘Filium?
2865 2417 2918 2470 Si
2971 2417 3120 2486 quasi
3181 2416 3414 2481 Patrem,
3461 2417 3651 2472 doceat

2052 2505 2284 2564 Praxeas
2310 2549 2324 2571 .
2355 2517 2504 2562 tanto
2534 2517 2776 2578 tempore
2831 2506 3101 2562 Christum
3155 2523 3276 2562 cum
3317 2510 3396 2563 cis
3421 2522 3650 2562 convcr~

2050 2610 2258 2670 satum,
2289 2600 2501 2656 Patrem
2546 2599 2864 2672 aliquando,
2899 2614 3003 2654 non
3035 2599 3156 2654 dico
3181 2599 3436 2669 intelligi,
3464 2615 3650 2654 verum

2051 2695 2135 2751 vel
2195 2694 2450 2750 aestimari
2520 2695 2776 2765 potuisse.
2830 2692 2946 2766 (ὁ)
3013 2692 3176 2748 Nobis
3226 2708 3415 2748 omnes
3458 2694 3647 2764 Scrip-
3681 2730 3716 2752 ι

2052 2795 2218 2853 turm,
2249 2797 2303 2840 et
2326 2797 2534 2842 veteres
2561 2785 2832 2841 Christum
2863 2784 2953 2840 Dei
2984 2825 2998 2849 ,
3031 2793 3086 2839 et
3137 2800 3288 2838 novae
3325 2784 3517 2838 Filium
3552 2784 3645 2838 Dei

2052 2877 2356 2948 prteliniunt
2410 2875 2510 2949 (ι).
2570 2875 2684 2932 Hoc
2733 2885 2790 2930 et
2843 2884 2986 2930 retro
3050 2874 3444 2944 praedicabatur
3477 2916 3490 2939 ,
3548 2874 3651 2928 hoc

2051 2980 2105 3027 et
2139 2970 2209 3024 ab
2248 2956 2372 3040 ipso
2420 2969 2642 3024 Christo
2691 2967 3174 3037 pronuntiabatur;
3220 2971 3327 3020 imo
3367 2967 3477 3038 jam
3504 2975 3557 3019 et
3584 2969 3652 3022 ab

2051 3061 2167 3132 ipso
2189 3061 2346 3115 Patre
2363 3075 2544 3116 coram
2573 3059 2642 3114 de
2662 3059 2816 3114 cmlis
2841 3058 3033 3113 Filiqu
3057 3057 3359 3128 profitente,
3381 3067 3433 3112 et
3456 3057 3649 3112 Filium

352 3119 604 3188 gi-tizator
656 3132 710 3176 et
759 3123 941 3196 u.ique
997 3135 1101 3181 tam
1148 3127 1324 3183 clarus
1373 3129 1670 3201 discipulus
1714 3131 1943 3190 Joannes

2052 3119 2381 3223 gloriﬁcante
2405 3167 2419 3206 :
2441 3150 2538 3206 llic
2563 3161 2635 3205 est
2654 3149 2822 3205 Filius
2843 3166 3004 3214 nteus,
3028 3119 3113 3204 cI:
3140 3119 3437 3217 Glori/icavi
3458 3159 3504 3202 et
3534 3150 3651 3220 glo-

353 3217 546 3314 Ijmsis.
578 3232 748 3286 quam
797 3217 1064 3314 Praxo-as.
1110 3231 1331 3278 noverat
1383 3223 1508 3297 (7);
1561 3225 1787 3297 ideoque
1833 3229 1947 3298 ipse
1974 3218 2017 3282 C
2052 3217 2283 3312 ;‘lﬁcabo.
2318 3243 2430 3300 lloc
2454 3252 2508 3300 et
2533 3258 2561 3296 a
2594 3241 2872 3314 discipulis
2911 3239 3255 3302 credebatur.
3283 3240 3386 3294 hoc
3414 3217 3647 3296 etaVJu-

351 3307 413 3361 de
437 3324 534 3363 suo
560 3324 732 3365 sensu
765 3329 777 3364 :
811 3312 937 3367 Ante
980 3323 1148 3368 autent
1179 3315 1549 3372 solemnitatem
1581 3318 1796 3374 Pascha:
1823 3321 1902 3392 (a)
1928 3364 1944 3391 ,

353 3399 513 3472 inquit
540 3402 732 3478 (Joan.
765 3403 882 3461 XIII
907 3447 921 3472 ,
958 3408 1039 3478 I),
1068 3411 1229 3464 sciens
1249 3410 1402 3465 Jesus
1431 3414 1601 3468 omnia
1639 3414 1733 3470 sibi
1759 3417 1946 3471 tradita

349 3509 379 3546 a
409 3493 558 3549 Patre
580 3513 732 3562 esse,
764 3507 810 3550 et
835 3515 889 3552 se
929 3515 992 3553 ea:
1035 3499 1146 3555 Deo
1185 3503 1369 3559 exiisse
1407 3504 1522 3577 (8),
1573 3507 1643 3561 ad
1670 3506 1834 3563 Deum
1860 3523 1946 3562 va-

349 3585 478 3639 dere.
507 3587 622 3644 Sed
655 3587 884 3642 Praxcas
911 3591 1079 3660 ipsum
1128 3592 1238 3648 vult
1284 3594 1494 3651 Patrem
1537 3599 1605 3652 de
1653 3600 1944 3669 semetipso

350 3678 538 3734 exiisse
564 3723 578 3745 ,
611 3692 669 3734 et
699 3681 764 3735 ad
796 3684 1140 3754 semetipsum
1163 3686 1380 3754 abiisse,
1409 3697 1468 3744 ut
1492 3689 1738 3748 diabolus
1766 3693 1815 3747 in
1848 3709 1943 3750 cor

348 3769 524 3838 Iudae,
558 3789 673 3828 non
708 3773 827 3830 Filii
872 3777 1210 3834 traditionem
1236 3821 1251 3844 ,
1281 3780 1376 3836 sed
1423 3781 1594 3837 Patris
1643 3783 1808 3854 ipsius
1840 3785 1941 3840 im.

351 3868 568 3925 miserit.
606 3867 724 3922 Nec
766 3870 979 3938 diabolo
1007 3872 1143 3928 bene.
1167 3915 1182 3942 ,
1217 3889 1315 3929 nec
1365 3874 1657 3944 hmrctico;
1691 3879 1812 3949 quia
1843 3896 1944 3936 nec

350 3955 562 4024 iniFiiio
589 3962 742 4016 bono
768 3975 868 4017 suo
897 3963 1138 4021 diabolus
1164 3975 1416 4036 operatus
1453 3977 1536 4022 est
1579 3969 1940 4028 traditionem.

353 4051 510 4107 Filius
547 4053 705 4109 enim
751 4053 978 4111 traditus
1003 4065 1084 4112 est
1129 4057 1256 4124 Dei,
1288 4059 1377 4129 qui
1409 4071 1526 4114 erat
1551 4061 1600 4114 in
1637 4061 1744 4116 lilio
1771 4063 1942 4118 homi-

351 4149 457 4213 nis,
485 4148 638 4204 sicut
661 4147 934 4220 Scriptura
959 4151 1232 4223 subjungit
1263 4169 1282 4207 :
1312 4152 1469 4208 Nunc
1515 4153 1838 4226 glori/icatus
1867 4169 1942 4214 est

351 4242 480 4311 ﬁlius
507 4243 740 4298 hominis
764 4283 780 4310 ,
811 4251 856 4297 et
894 4241 1031 4300 Deus
1078 4247 1400 4318 gloriﬁcatus
1443 4259 1516 4306 est
1560 4252 1614 4306 in
1657 4251 1769 4308 illo.
1799 4253 1938 4322 Quid

2052 3333 2186 3390 da-is
2228 3351 2332 3389 non
2378 3333 2722 3400 credebatur,
2768 3331 2870 3387 hoc
2902 3347 2961 3387 se
2987 3331 3176 3386 volens
3216 3330 3364 3399 credi
3404 3331 3474 3385 ab
3504 3330 3609 3386 illis
3633 3371 3650 3398 ,

2049 3429 2194 3483 omni
2219 3428 2346 3483 hora
2377 3427 2592 3482 Patrem
2621 3425 2958 3488 nominabat.
2978 3432 3033 3479 et
3063 3422 3278 3477 Patrem
3309 3422 3649 3492 pra-ferebat,

2048 3528 2104 3576 et
2137 3519 2350 3574 Patrem
2403 3517 2720 3574 honorabat.
2765 3515 2821 3572 Si
2862 3517 2931 3570 ita
2962 3523 3076 3582 est,
3107 3530 3236 3585 ergo
3281 3498 3387 3568 non
3437 3513 3652 3570 Patrem

2054 3619 2205 3665 tanto
2232 3618 2477 3680 tempore
2502 3623 2683 3664 secum
2709 3614 3084 3664 conversatum
3109 3605 3492 3676 ignoraverant
3512 3647 3525 3669 ,
3555 3605 3650 3660 sed

2047 3703 2264 3760 Filium.
2294 3703 2363 3760 Et
2409 3680 2670 3760 Dominus
2715 3718 2837 3758 eum
2883 3716 2942 3758 se
2989 3700 3252 3771 ignoranti
3282 3699 3651 3770 exprobrans,

2044 3813 2203 3869 quem
2255 3798 2676 3870 ignoraverant,
2719 3813 2842 3852 eum
2902 3796 3084 3866 utique
3129 3796 3346 3864 agnosci
3407 3793 3649 3859 volebat,

2046 3909 2206 3963 quem
2239 3903 2388 3948 tanto
2427 3901 2672 3962 tempore
2719 3907 2826 3946 non
2875 3888 3094 3958 agnosci
3122 3887 3566 3955 exprobraverat,
3601 3886 3654 3942 id

2045 3995 2128 4038 est
2173 3983 2388 4040 Filium.
2421 3985 2489 4039 Et
2517 3998 2780 4054 apparere
2820 3982 2931 4050 jam
2975 3988 3096 4049 post
3142 3977 3413 4048 quomodo
3441 3977 3642 4032 dictum

2045 4077 2146 4144 sit,
2182 4076 2282 4142 Qui
2329 4094 2406 4131 nte
2437 4076 2600 4140 ridet,
2638 4065 2768 4128 videt
2805 4073 2922 4148 (lii)
2953 4081 3000 4127 et
3029 4069 3262 4125 Patrem.
3305 4070 3522 4125 Scilicet
3547 4085 3655 4140 quo

2043 4177 2095 4224 ct
2124 4185 2281 4238 supra
2308 4210 2324 4236 ,
2363 4167 2473 4240 Ego
2505 4178 2551 4222 et
2582 4166 2740 4221 Pater
2779 4183 2938 4220 unum
2968 4181 3145 4218 smnus
3191 4162 3369 4235 (Joan.
3396 4161 3537 4228 XIV,
3570 4162 3653 4235 6).

2043 4259 2263 4327 Quare?
2289 4261 2412 4331 quia
2435 4301 2449 4324 ,
2487 4257 2595 4332 Ego
2623 4274 2697 4314 ειυ-
2733 4257 2839 4313 Deo
2866 4257 2996 4312 exivi
3024 4265 3070 4312 et
3100 4255 3214 4309 veni
3241 4263 3335 4322 ;et
3359 4297 3374 4322 ,
3406 4253 3515 4326 Ego
3541 4270 3653 4307 sum

1560 4363 1941 4427 LICC'I‘IONES
1980 4371 2424 4431 VARIANTES.'

433 4473 474 4526 II
500 4473 695 4524 Voluit.
719 4472 868 4524 Pater
890 4474 1146 4526 minoravit
1169 4472 1318 4526 Seml.
1401 4494 1404 4497 ·

425 4533 474 4589 3)
497 4540 688 4587 Autem
712 4533 861 4586 Seml.

425 4597 475 4660 5)
498 4597 733 4660 Postulat
756 4597 905 4660 Seml.
934 4615 946 4660 ε

427 4659 476 4712 ι)
501 4662 553 4712 Si
574 4659 734 4712 mnia.
759 4659 907 4712 Seml.

428 4723 478 4774 5)
502 4725 644 4774 Nunc
667 4723 820 4774 Seml.

429 4785 480 4837 6)
503 4788 586 4837 Me
608 4786 743 4837 abwt
767 4785 912 4835 Rhea.

465 4846 484 4912 )
503 4849 738 4912 Nominat
756 4846 903 4912 S_eml.

433 4908 485 4976 8)
506 4911 629 4964 Esse
654 4908 808 4963 Seml.

455 4473 480 4852 ξ

2136 4483 2189 4546 9)
2205 4483 2240 4546 ,J
2246 4498 2360 4534 esus
2385 4482 2534 4546 Seml.

2147 4545 2224 4598 l0)
2259 4545 2559 4598 Gloriﬁcabit
2585 4546 2711 4596 Jun.

2141 4606 2218 4669 II)
2244 4619 2394 4669 Quem
2417 4607 2537 4659 add.
2565 4606 2715 4659 Seml.
2861 4667 2867 4669 _
2983 4637 2989 4650 ι

2141 4667 2215 4723 BI
2242 4667 2541 4723 Glorillcabit
2561 4673 2707 4721 omitt.
2735 4667 2889 4720 Seml.

2143 4732 2221 4860 lii
2245 4733 2450 4848 sui
2638 4732 2802 4786 m-

2148 4856 2225 4924 15)
2245 4858 2378 4910 Vidit
2398 4856 2502 4910 alii.

1641 5039 1656 5056 ι’
1702 5023 2270 5089 COMMENTARIUS.

419 5138 571 5196 CAP.
592 5136 789 5211 XXIII.
806 5136 962 5211 —-(a)
976 5137 1288 5211 Anteautem
1308 5136 1675 5211 solemnitatem
1696 5137 1933 5197 Paschw.

359 5208 476 5268 Hice
494 5211 654 5267 verba
677 5210 830 5266 Joan.
860 5208 950 5276 I3,
979 5210 1308 5280 transposito
1331 5209 1459 5264 citat
1482 5208 1708 5274 ordine;
1739 5211 1937 5280 alioqui

358 5295 471 5338 cum
500 5283 718 5352 reliquis
742 5282 1028 5347 consentit,
1057 5281 1427 5352 legensretiam
1455 5296 1580 5336 cum
1609 5281 1822 5352 vulgato
1851 5283 1936 5337 in-

361 5360 586 5424 terprete
603 5351 627 5415 ζ
647 5354 986 5424 quantumvis
1008 5351 1188 5423 gra-ee
1215 5351 1284 5406 sit
1311 5358 1356 5406 Iv
1377 5355 1508 5424 eoi-qi
1527 5393 1544 5416 ,
1569 5353 1622 5406 in
1649 5351 1933 5424 semetipso.

357 5419 488 5479 Pus.
511 5423 637 5480 [Iac
666 5419 763 5479 vox
783 5467 799 5492 ,
830 5419 1060 5492 δναῦφί,
1102 5438 1210 5478 non
1238 5419 1502 5491 reperitur
1518 5425 1569 5478 in
1589 5431 1771 5478 nostro
1789 5419 1937 5480 certe

361 5495 663 5566 exemplari,
682 5494 893 5553 Parisiis
911 5498 1080 5561 edito,
1102 5510 1195 5549 an.
1216 5493 1380 5566 ιω,
1401 5493 1496 5566 sed
1523 5495 1690 5566 multo
1717 5494 1934 5562 rectius,

362 5569 404 5620 iv
425 5564 592 5637 ειυρᾡ,
618 5565 667 5621 id
685 5577 783 5631 est,
805 5568 856 5624 in
873 5569 1243 5637 semetipsotut
1261 5564 1555 5637 inVulgata
1582 5565 1731 5636 (κων.
1761 5573 1932 5634 Amm,

361 5647 412 5706 ν.
433 5635 736 5711 117341).
755 5639 932 5697 Potuit
956 5640 1118 5711 igitur
1145 5635 1507 5711 Tertullianus
1531 5635 1810 5692 leetiOnem
1841 5652 1935 5711 n07

2113 5145 2268 5202 CAP.
2302 5143 2496 5201 XXIV.
2519 5142 2694 5216 —-7(b)
2726 5141 2890 5198 Nobis
2915 5157 3090 5216 omnes
3119 5139 3409 5211 Scriptura:
3432 5148 3482 5194 et
3519 5150 3650 5216 uete-

2042 5233 2122 5271 res
2141 5258 2158 5283 ,
2186 5229 2282 5271 etc.
2315 5217 2516 5271 Allndit
2542 5215 2609 5270 ad
2637 5213 2826 5270 omnes
2851 5215 3152 5284 Se'ripturas
3178 5226 3270 5284 eas
3307 5220 3562 5284 veteres,
3595 5213 3649 5268 in

2041 5280 2242 5412 ﬁnibus
2269 5287 2500 5341 Christus
2533 5286 2627 5340 Dei
2663 5280 2985 5356 appellatur,
3010 5293 3191 5351 utpote
3220 5282 3360 5337 Psal.
3394 5280 3437 5337 Il
3461 5323 3477 5350 ,
3521 5280 3644 5339 Isai.

2096 5357 2205 5412 LV.
2237 5357 2500 5412 Threnor.
2524 5357 2613 5412 IV.
2636 5367 2689 5410 et
2719 5358 2850 5411 Dan.
2880 5355 2972 5410 IX.
3010 5355 3144 5410 Pu.

2096 5357 2205 5422 LV,
2237 5357 2500 5413 Threnor.
2524 5357 2613 5423 IV,
2636 5367 2689 5410 et
2719 5355 2850 5411 Dan.
2880 5355 2972 5410 IX.
3010 5355 3144 5410 Pu.

2116 5427 2194 5498 (ο)
2228 5427 2293 5481 Et
2320 5445 2463 5482 nocte
2486 5429 2649 5495 ﬁlium
2680 5425 2778 5498 Dei
2806 5424 3645 5498 prw/iniuntsSCijturasejus-

2043 5493 2187 5553 modi
2249 5499 2370 5553 novi
2417 5493 2747 5553 Téstamertl
2807 5493 2976 5549 babes
3026 5495 3176 5548 initio
3229 5493 3642 5562 Evangeliornm

2045 5569 2226 5631 Marci,
2257 5570 2410 5624 Luca:
2436 5585 2495 5622 ac
2513 5568 2669 5622 Joan.
2693 5582 2746 5619 et
2765 5568 2889 5620 alibi
2913 5565 3051 5630 apud
3072 5564 3308 5619 eosdem.
3341 5564 3527 5618 Matth.
3547 5565 3639 5622 IV.

2038 5643 2156 5695 Act.
2193 5637 2232 5693 II
2263 5649 2316 5694 et
2342 5637 2432 5703 IX,
2463 5651 2518 5694 et
2543 5638 2714 5705 Epist.
2738 5636 2802 5688 ad
2833 5636 3084 5700 Romam,
3115 5634 3310 5699 Galat,
3343 5633 3538 5700 Ephes.
3583 5647 3641 5691 et

363 5705 482 5782 [trp
501 5705 722 5782 similem
751 5705 1004 5769 habuisse
1030 5723 1142 5782 prae
1167 5707 1338 5782 oculis
1361 5707 1779 5782 etiamgrgcam
1800 5750 1815 5776 ,
1847 5709 1932 5766 cui
2035 5711 2221 5776 Hebr.;
2244 5709 2472 5780 denique
2501 5717 2553 5764 et
2583 5705 2800 5776 Apocal.
2830 5705 2896 5761 II.
2921 5705 3055 5760 [ιλιι.

369 5773 576 5852 Vulgata
606 5779 659 5836 in
683 5795 948 5855 posterum
973 5773 1380 5844 adcommodata
1409 5773 1584 5835 fuerit.
1618 5778 1752 5836 Eoo.
