2004 3140
134 157 186 186 187

841 158 1071 188 TERTULLIANI

1732 154 1791 186 188

133 218 174 244 via
186 217 278 254 (.Ioan.
290 217 325 250 Χ,
336 218 380 254 50)
396 226 404 246 ;
418 227 489 246 nemo
501 219 535 245 ad
547 218 650 246 Patrem
662 218 743 251 venit,
754 218 801 245 nisi
817 226 861 253 per
872 226 928 249 me;
943 218 967 248 A
982 218 1165 254 praemisimus
1178 217 1312 253 quomodo
1326 217 1417 245 alium.
1431 217 1564 245 Cieter'um
1581 226 1590 246 :
1604 217 1643 245 De
1664 225 1720 246 meo
1743 226 1790 245 sa-

134 270 162 292 et.
173 287 180 298 ,
196 265 278 293 Nemo
292 266 326 292 ad
337 274 375 292 me
388 266 453 293 venit
465 287 471 298 ,
489 266 537 293 nisi
548 264 625 292 Pater
635 274 690 292 cum
707 266 842 292 addamrit
857 273 866 296 ,'
879 270 906 292 et
918 285 926 297 ,

136 310 228 337 Omnia
243 311 303 338 mihi
318 311 397 338 Pater
410 312 516 338 tradidit
529 320 538 344 ,'
550 316 577 339 et
589 333 596 344 ,
612 312 684 339 Sicut
710 310 786 337 Pater
801 311 908 345 vivi/ictu
919 332 927 344 ,

96 367 99 369 -
134 356 170 382 ita
180 360 202 383 et
214 356 299 384 Filius
317 365 326 383 :
340 361 383 389 et,
401 357 431 384 Si
441 366 479 384 me
497 358 646 392 cognovistis
660 378 666 389 ,
680 361 703 383 ει
723 356 825 384 Patrem
837 365 929 392 cogno-

134 402 203 429 vistis
219 401 307 438 (Joan.
323 402 357 430 VI
370 424 377 435 ,
390 403 450 438 40).
461 403 612 430 Secundum
628 403 684 430 hzec
697 403 767 430 enim
782 425 789 435 ,
801 403 928 430 vicarium

135 455 163 476 se
172 449 259 476 Patris
270 449 433 479 ostenderat.
444 457 491 484 per
500 458 577 484 quem
590 450 667 476 Pater
678 454 703 476 et
715 449 851 476 videretur
861 449 885 475 ili
896 448 930 475 {a-

134 495 199 528 ctis,
217 500 244 523 et
255 496 392 523 audiretur
403 497 428 523 in
441 496 537 525 verbis.
549 501 576 523 et
587 501 795 532 cognosceretur
812 497 836 522 in
851 496 927 528 Filio,

135 542 202 570 facta
211 547 237 570 et
249 543 329 570 verba
341 543 424 570 Patris
435 543 639 571 administrante
649 553 654 574 ;
668 544 729 578 quia
740 542 879 570 invisibilis
889 550 931 577 pa-

135 593 186 621 ter,
202 589 272 624 quod
283 594 309 617 et
321 589 457 624 Philippus
469 590 601 617 didicerat
613 590 638 617 in
651 590 708 624 lege
717 611 724 623 ,
737 594 763 617 et
777 590 931 617 meminisse

134 635 357 663 debueratrbcum
367 645 438 663 nemo
450 637 539 664 uidebit
551 642 573 664 et
585 636 767 664 vivet.Ebideo
776 637 931 671 snggillatur

136 680 241 708 Patrem
257 682 347 708 videre
362 682 519 709 desiderans
533 683 608 717 quasi
620 682 749 709 visibilem
762 702 768 712 .
782 687 808 709 et
823 682 932 709 instrui-

136 732 177 754 tur
191 728 322 755 visibilem
339 736 399 755 eum
415 729 440 755 iu
455 728 523 755 Filio
538 729 594 755 ﬁeri
607 736 639 755 ex
651 728 794 755 virtutibus
805 749 812 760 ,
830 736 881 755 non
897 736 930 755 ex

135 780 256 807 personae
263 774 511 808 reprmsentatioue.
522 775 651 809 Denique,
659 775 681 802 si
695 775 799 801 Patrem
807 774 929 802 etuudem

136 819 230 847 Filium
241 821 319 847 vellet
329 820 448 855 intellligi
458 842 465 853 ,
475 820 587 847 dicendo
597 841 604 853 ,
618 820 666 853 Qui
680 829 719 847 me
733 821 809 852 videt,
827 820 930 847 Putrem

134 867 222 893 videt:
235 867 370 901 quomodo
384 868 505 902 subjicit,
523 867 582 894 Non
599 868 699 894 creditis
714 868 826 903 (I)quia
840 876 885 903 ego
905 868 931 894 in

981 270 1029 291 me!
1059 264 1152 299 (Jomt.
1177 264 1252 297 XVI,
1277 265 1329 300 4),
1352 265 1435 300 inquit
1459 273 1467 294 :
1493 266 1562 292 sicut
1587 266 1643 300 ipse
1670 265 1704 293 de
1736 265 1791 292 Pa-

961 331 967 338 ,
982 311 1029 338 tris
1043 311 1091 347 (a).
1110 312 1147 339 Ita
1160 319 1296 339 connexus
1309 311 1393 339 Patris
1406 312 1432 339 iu
1449 311 1528 345 Filio,
1545 317 1570 340 et
1584 312 1642 339 Filii
1655 313 1680 339 in
1701 312 1789 340 Para—

981 359 1060 391 cleto,
1077 363 1131 385 tres
1153 356 1428 391 el'licit'cobmreutes,
1444 359 1556 386 alterum
1571 367 1604 387 ex
1618 359 1721 392 altero,
1740 360 1790 394 qui

982 408 1037 432 tres
1063 412 1144 432 unum
1171 405 1234 438 sint,
1264 413 1316 432 non
1341 412 1421 433 unus.
1437 405 1496 439 Quo
1521 404 1600 433 modo
1623 405 1724 433 dictum
1745 410 1791 433 est:

984 451 1072 487 (Joan.
1089 451 1123 484 X,
1141 451 1188 487 50)
1203 460 1210 479 2
1230 451 1286 487 Ego
1308 456 1332 478 et
1353 451 1432 479 Pater
1455 459 1533 479 unum
1547 460 1652 484 sumus;
1669 452 1703 479 ad
1723 452 1792 478 sub—

981 499 1086 525 stantia:
1113 499 1263 529 unitatem.
1288 506 1340 525 non
1366 498 1398 525 ad
1426 498 1531 525 numeri
1560 497 1808 532 singular-intem;

982 544 1116 571 Percurre
1131 543 1227 576 adhuc,
1255 548 1282 571 et
1308 543 1429 571 invenies
1451 551 1530 578 quem
1555 543 1659 571 Patrem
1683 543 1789 575 credis,

981 591 1040 618 vice
1055 591 1142 618 Patris
1157 591 1266 618 dictum.
1285 590 1319 617 Et
1333 590 1439 617 Patrem
1460 588 1615 625 agricolam,
1636 589 1727 623 utique
1747 588 1791 623 (8)

983 636 1008 664 in
1024 641 1093 663 terra
1109 642 1135 663 tu
1153 642 1229 671 putas
1245 635 1339 663 fuisse.
1356 635 1433 662 Hunc
1445 642 1539 662 rursus
1559 634 1585 661 in
1599 634 1674 661 cretis
1688 641 1702 660 a
1717 633 1791 660 Filio

982 684 1102 720 agnosci,
1125 690 1185 710 cum
1209 683 1271 722 illuc
1285 676 1442 718 respiciens,
1459 680 1606 715 discipulos
1631 688 1695 708 suos
1712 680 1790 707 Patri

983 730 1063 758 tradit
1084 729 1135 765 (9).
1153 729 1205 757 Sed
1221 734 1247 756 et
1261 729 1283 756 si
1301 728 1326 755 in
1341 728 1392 755 isto
1406 727 1551 762 Evangelio
1569 734 1622 754 non
1643 731 1716 753 esset
1728 726 1791 762 (IO)

983 779 1152 804 reve’atum:
1177 775 1244 803 Deus
1284 783 1374 808 meus,
1400 775 1434 801 ad
1471 774 1533 810 quid
1563 782 1603 801 me
1630 773 1794 807 derrliquixti

984 816 1091 860 (Matth.
1104 822 1211 855 XXVII,
1229 822 1297 856 46)?
1310 826 1346 855 et,
1366 821 1454 854 Pater,
1470 822 1496 848 in
1508 821 1557 848 tuis
1571 820 1688 847 manibus
1703 820 1793 854 depo-

985 878 1017 896 no
1032 863 1149 903 spiritum
1165 876 1248 895 meum
1261 876 1269 900 ;
1286 872 1373 894 tamen
1385 872 1444 902 post
1454 867 1685 894 'resurrectiouem
1696 870 1723 892 et
1737 865 1794 892 de-

137 913 224 946 Patre,
237 919 259 940 et
276 913 351 940 Pater
365 915 390 941 in
404 923 442 941 me
451 915 505 941 est?
518 914 651 941 Debuerat
665 915 734 941 enim
750 914 929 949 subjuuxisse,
947 917 970 947 B
986 917 1062 942 vicue
1075 915 1186 950 gloriam
1212 914 1270 950 (II)
1286 914 1390 946 mortis,
1405 913 1526 948 exposita
1555 912 1717 940 necessitate
1729 911 1793 947 (12)

135 959 193 986 Non
209 960 317 987 creditis
331 959 369 995 (‘2)
383 961 444 995 quia
457 967 505 995 ego
520 968 577 987 sum
604 960 700 988 Pater?
716 962 767 987 Ant
781 968 833 995 quo
851 968 933 995 exag-

135 1005 248 1040 geravit,
268 1006 289 1032 si
310 1014 362 1032 non
379 1006 442 1032 illud
465 1007 643 1033 niauifestavit
663 1006 734 1041 quod
751 1007 871 1033 voluerat
893 1008 934 1033 Ill-

137 1053 228 1087 telligi,
251 1061 281 1080 se
302 1054 403 1080 scilicet
420 1053 513 1080 Filium
537 1054 613 1081 esse?
627 1054 709 1081 Porro
734 1054 858 1087 dicendo,
875 1054 933 1082 Non

136 1100 245 1127 creditis
260 1099 299 1136 (5)
315 1100 375 1134 quia
390 1096 439 1135 ego
450 1101 475 1127 in
491 1101 579 1133 Patre,
594 1106 621 1128 et
644 1101 722 1127 Pater
744 1101 769 1127 in
787 1109 829 1128 me
846 1109 853 1129 :
871 1108 934 1135 pro-

136 1151 227 1180 pterea
241 1148 328 1181 potius
337 1148 517 1182 exaggeravit,
531 1155 563 1174 ne
577 1148 637 1182 quia
647 1147 761 1179 dixerat,
774 1148 824 1181 Qui
843 1156 883 1174 me
895 1149 934 1175 vi-

136 1193 188 1225 det,
210 1197 232 1219 et
257 1193 360 1219 Patrem
383 1193 448 1220 videt
470 1193 519 1228 (4),
536 1192 615 1220 Pater
629 1194 846 1222 existimaretur:
864 1194 935 1229 quod

137 1245 271 1272 nunquam
300 1238 448 1266 existimari
476 1247 506 1266 se
530 1240 623 1272 voluit,
647 1241 818 1275 quiscniper
838 1249 867 1268 se
889 1241 935 1268 Fi-

137 1284 212 1316 lium,
226 1289 253 1311 et
268 1293 281 1310 a
296 1284 373 1312 Patre
389 1285 495 1313 venisse
509 1287 693 1320 prolitebatur.
708 1287 788 1321 Igitur
802 1291 829 1314 et
848 1288 935 1316 matti-

136 1329 230 1357 I'estam
246 1330 306 1357 fecit
319 1331 431 1358 duarum
455 1340 628 1366 personarum
652 1333 880 1367 conjunctionem,
903 1343 936 1362 ne

137 1372 349 1406 Palerseorsum
364 1377 439 1411 quasi
461 1378 573 1405 visibilis
595 1379 619 1405 in
640 1386 784 1413 conspectu
798 1380 936 1408 desidera-

137 1425 220 1453 retur,
236 1427 263 1448 et
285 1426 313 1448 ut
337 1421 419 1450 Filius
444 1429 652 1458 repraisentator
678 1425 763 1452 Patris
783 1425 935 1453 haberetur.

137 1468 172 1495 Et
185 1468 360 1496 nihilominus
377 1469 427 1496 hoc
440 1478 547 1505 quoque
562 1471 751 1505 interpretatus
762 1476 813 1503 est,
828 1480 939 1507 quomo-

136 1513 171 1541 do
196 1514 273 1541 Pater
294 1520 364 1542 esset
381 1515 405 1542 iu
427 1515 495 1542 Filio
511 1537 518 1549 ,
538 1521 565 1543 et
583 1516 664 1544 Filius
685 1518 710 1544 in
727 1518 823 1545 Patre:
845 1517 935 1552 Verba,

138 1560 238 1595 inquit,
256 1569 312 1596 quae
332 1569 378 1596 ego
394 1562 483 1596 loquor
496 1563 580 1596 vobis,
598 1573 648 1591 nou
670 1569 729 1591 sunt
752 1573 826 1598 mea;
847 1566 937 1600 utique

988 962 1080 989 omnis
1094 961 1264 993 humilitatis,
1280 968 1340 987 cum
1355 959 1409 995 jam
1426 960 1531 986 Patrem
1548 967 1577 986 se
1592 963 1683 993 posset
1696 963 1794 985 osten-

987 1008 1050 1035 dere
1062 1012 1114 1035 tam
1130 1007 1201 1035 tideli
1215 1007 1341 1038 imminuta,
1357 1014 1389 1034 cx
1403 1006 1559 1039 dilectione,
1573 1012 1624 1033 non
1641 1013 1674 1032 ex
1696 1005 1793 1032 curio-

986 1054 1076 1087 sitate,
1095 1061 1144 1080 nec
1171 1061 1203 1080 ex
1229 1052 1416 1080 incredulitate
1443 1051 1570 1084 Tbomtn,
1589 1055 1697 1086 tangere
1726 1059 1792 1078 eum

986 1107 1118 1135 aggressm
1144 1109 1152 1127 :
1177 1099 1227 1131 Ne,
1254 1100 1358 1134 inquit,
1377 1098 1468 1131 (Joan.
1485 1097 1552 1130 XX,
1569 1096 1625 1132 17),
1652 1097 1795 1132 contigeris

987 1154 1035 1177 me,
1051 1142 1163 1179 nondum
1179 1145 1281 1171 asceudi
1295 1145 1328 1171 ad
1345 1143 1447 1171 Patrem
1462 1151 1543 1170 meum
1555 1151 1564 1174 ,'
1577 1143 1641 1170 uade
1653 1148 1737 1170 autem
1756 1143 1794 1170 ad

991 1192 1081 1227 fratres
1089 1198 1155 1217 meos
1163 1191 1237 1226 (quin
1250 1195 1276 1217 et
1290 1191 1315 1217 in
1332 1189 1382 1216 hoc
1393 1197 1421 1216 se
1430 1187 1592 1224 Filium(l5)
1607 1188 1741 1220 ostendit;
1761 1188 1798 1215 Ii-

988 1238 1037 1264 lios
1049 1237 1121 1264 'cnim
1146 1237 1307 1271 appellasset
1329 1236 1398 1267 illos.
1416 1237 1437 1263 si
1453 1235 1533 1263 Pater
1549 1235 1664 1269 fuisset),
1681 1240 1704 1262 et
1721 1235 1796 1262 diro:

988 1285 1023 1311 eis
1039 1293 1045 1311 :
1064 1284 1178 1310 Asccndo
1193 1283 1227 1309 ad
1252 1282 1359 1310 Patrem
1384 1291 1466 1309 meum
1492 1287 1515 1309 rt
1540 1281 1645 1308 Patrem
1666 1287 1792 1315 vestrum,

988 1330 1069 1357 Deum
1082 1339 1163 1357 meum
1176 1335 1199 1357 et
1210 1330 1416 1356 Denmvestram.
1428 1329 1506 1356 Pater
1519 1328 1551 1356 ad
1566 1328 1670 1355 Patrem
1684 1328 1795 1355 etDens

988 1378 1021 1405 ad
1034 1378 1117 1405 Deum
1130 1386 1137 1408 ς
1153 1385 1186 1404 an
1203 1377 1285 1404 Filius
1299 1377 1331 1403 ad
1347 1376 1463 1410 Patrem,
1475 1380 1502 1403 et
1517 1375 1613 1403 Sermo
1628 1374 1660 1401 ad
1682 1374 1794 1402 Deum?

987 1423 1046 1459 Ipsa
1061 1431 1167 1459 quoque
1177 1423 1295 1450 clausula
1307 1422 1442 1457 Evangelii
1454 1426 1563 1456 propter
1576 1420 1639 1456 quid
1648 1421 1798 1457 consigpat

989 1470 1046 1496 huic
1058 1469 1167 1503 scripta,
1184 1469 1233 1496 nisi
1249 1477 1256 1496 :
1268 1473 1295 1495 ut
1315 1468 1433 1500 credatis,
1446 1468 1540 1502 inquit,
1553 1466 1643 1493 Jesum
1657 1465 1792 1494 Christum

991 1515 1086 1543 Filium
1101 1515 1168 1542 Dei?
1183 1515 1263 1550 Igitur
1283 1522 1456 1549 qumcumque
1479 1522 1512 1541 ex
1534 1514 1576 1541 his
1599 1514 1738 1548 putaveris
1756 1514 1794 1541 ad

989 1562 1244 1589 demonstrationem
1267 1561 1387 1596 ejusdem
1413 1561 1498 1588 Patris
1521 1567 1548 1588 et
1571 1560 1630 1588 Filii
1658 1560 1795 1595 prolicere

137 1608 198 1642 quia
213 1608 309 1635 Patris.
328 1608 407 1635 Pater
431 1615 514 1636 autem
533 1618 637 1636 "uinetis
651 1611 677 1637 in
693 1619 731 1638 me
743 1632 749 1642 ,
767 1613 828 1647 facit
849 1620 935 1647 Opera.
951 1615 972 1645 ρ
990 1609 1035 1636 tibi
1052 1616 1141 1643 posse,
1155 1609 1283 1636 adversus
1297 1608 1460 1635 deﬁnitivam
1474 1607 1611 1642 Evangelii
1625 1607 1791 1634 sententiam

138 1654 191 1682 Per
204 1662 285 1689 opera
299 1663 363 1690 ergo
375 1656 502 1685 virtutum
516 1678 523 1690 ,
542 1662 568 1684 et
582 1657 662 1685 verba
676 1658 805 1686 doctrinae
826 1666 937 1686 manens

138 1701 164 1728 in
178 1700 245 1728 Filio
261 1701 339 1728 Pater
353 1710 400 1737 per
413 1710 444 1730 ea
459 1703 564 1731 videtur
575 1725 581 1735 ,
601 1711 648 1738 per
659 1712 718 1739 qute
734 1710 832 1737 manet,
848 1709 875 1732 et
890 1713 938 1739 per

138 1754 198 1774 cum
214 1747 238 1774 iu
254 1755 307 1782 quo
321 1753 411 1775 manet
425 1758 431 1776 :
446 1756 480 1776 ex
497 1749 547 1776 hoc
571 1750 629 1784 ipso
649 1757 794 1785 apparente
817 1752 938 1786 proprie-

139 1798 192 1821 tate
206 1794 342 1829 utrinsque
358 1802 489 1829 personae,
503 1796 566 1823 dum
581 1796 645 1823 dicit
661 1807 667 1823 :
685 1797 738 1831 Ego
753 1806 809 1824 sum
834 1798 860 1824 in
883 1797 937 1824 Pa-

139 1844 187 1873 tre,
203 1846 226 1867 et
245 1840 321 1867 Pater
335 1841 419 1868 inme.
436 1843 523 1877 Atque
541 1843 625 1870 adeo:
638 1836 739 1871 Credite
750 1865 756 1876 ,
788 1844 834 1871 ait.
849 1845 938 1877 Qui“?

139 1887 180 1914 Mc
196 1892 295 1921 patrem
308 1889 453 1916 esse?Non
468 1894 530 1923 puto
546 1891 674 1924 scripttnn
691 1899 768 1924 esse;
783 1891 830 1919 sed
848 1901 854 1918 :
871 1893 938 1925 Quia

140 1940 185 1966 ego
198 1933 223 1959 in
237 1933 325 1965 Patre,
341 1939 363 1961 et
378 1934 456 1961 Pater
475 1935 501 1962 in
520 1944 568 1962 me.
578 1936 608 1963 Si
621 1936 765 1970 quominus,
783 1938 821 1964 vel
836 1944 939 1973 propter

139 1987 216 2013 opera
231 1980 333 2007 credite.
349 1981 383 2008 Ea
400 1981 490 2016 utique
502 1990 594 2017 opera,
614 1991 660 2017 per
675 1990 735 2017 qua:
749 1983 828 2011 Pater
850 1984 875 2011 in
891 1984 938 2011 Fi-

140 2025 187 2058 lio,
201 2034 252 2052 non
267 2026 335 2059 visu,
348 2027 394 2054 sed
409 2035 488 2054 sensu
503 2029 653 2056 videbatur.

433 2073 545 2102 CAPUT
560 2074 643 2102 XXV.

176 2116 240 2144 Post
253 2117 421 2153 Philippum,
441 2123 468 2146 et
482 2124 564 2147 totam
586 2120 761 2148 substantiam
784 2123 939 2157 quaestionis

121 2201 123 2205 π
140 2162 216 2189 istius
227 2184 233 2195 ,
249 2172 327 2198 quem
398 2165 428 2200 in.
445 2165 524 2193 tinent
545 2166 682 2201 Evangelii
708 2173 880 2201 perseverant
899 2169 938 2205 (6)

141 2209 168 2236 iu
180 2210 273 2236 eodem
288 2218 386 2245 genere
399 2213 541 2244 sermonis,
556 2221 608 2246 quo
624 2213 703 2240 Pater
714 2219 741 2241 et
755 2214 836 2243 Filiu<
853 2217 877 2243 in
892 2225 938 2245 sua

141 2256 303 2290 proprietate
322 2256 520 2292 distinguuntur
541 2258 593 2295 (7),
611 2260 777 2288 Paracletum
799 2270 905 2298 quoque
924 2272 939 2290 a

989 1657 1092 1685 niteris.
1107 1657 1162 1683 Non
1184 1657 1245 1684 ideo
1260 1656 1330 1683 enim
1347 1656 1445 1691 scripta
1459 1660 1521 1682 sunt
1532 1675 1538 1686 ,
1555 1659 1584 1682 ut
1604 1654 1711 1682 Patrem
1728 1661 1797 1684 cre-

989 1702 1035 1729 das
1052 1701 1110 1738 (M)
1124 1702 1214 1729 .lesum
1225 1701 1371 1732 Christum,
1384 1700 1430 1728 sed
1443 1705 1471 1728 ut
1486 1700 1592 1727 Filium.

1272 1756 1386 1785 CAPUT
1409 1756 1504 1785 XXVI.

1025 1804 1138 1839 Propter
1153 1811 1234 1830 unum
1259 1803 1373 1838 Philippi
1397 1810 1560 1836 sermonem,
1587 1805 1613 1830 et
1630 1801 1735 1829 Domini
1749 1810 1797 1830 re-

989 1850 1161 1883 Sponsioneui
1170 1850 1202 1877 ad
1210 1858 1282 1884 eum,
1289 1850 1411 1877 videmus
1419 1849 1443 1884 (1
1451 1850 1478 1885 5)
1491 1848 1602 1877 Joannis
1617 1848 1797 1884 Evangelium

990 1896 1185 1927 decucurrisse,
1201 1903 1235 1923 ne
1249 1900 1287 1923 tot
1301 1895 1442 1923 manifeste
1455 1896 1637 1930 preuuntiata,
1649 1899 1675 1921 et
1689 1899 1751 1921 ante
1770 1899 1800 1922 ct

989 1948 1080 1979 postea
1094 1951 1161 1969 unus
1175 1950 1264 1969 sermo
1288 1942 1424 1969 subvertal.
1451 1941 1602 1975 secundum
1625 1941 1714 1968 omnia
1745 1949 1798 1976 po-

990 1989 1052 2020 tius,
1066 1996 1144 2023 quam
1155 1988 1283 2016 adversus
1299 1988 1402 2021 omnia,
1418 1988 1499 2015 etiam
1514 1988 1642 2015 adversus
1656 1995 1719 2014 suos
1731 1993 1797 2015 scu-

990 2042 1035 2061 sus
1050 2034 1273 2069 intcrpretandus.
1287 2034 1419 2062 leerum
1435 2039 1463 2061 ut
1487 2035 1538 2062 alia
1562 2034 1704 2070 Evangelia
1733 2043 1790 2063 non

991 2081 1171 2116 interponam,
1189 2089 1248 2116 qua:
1262 2080 1296 2108 de
1323 2081 1462 2109 nativitate
1491 2081 1630 2108 Dominica
1647 2080 1716 2108 idem
1734 2081 1797 2118 (16)

990 2128 1159 2160 conﬁrmant,
1169 2127 1333 2156 sufﬂciteum
1343 2128 1401 2163 (i7)
1413 2129 1457 2163 qui
1472 2128 1545 2156 nasci
1558 2128 1673 2155 habebat
1685 2136 1719 2155 ex
1740 2129 1799 2156 vir~

990 2175 1062 2210 gine,
1079 2174 1112 2201 ab
1124 2175 1182 2209 ipso
1193 2175 1346 2202 annuutiari
1363 2175 1467 2210 angelo,
1484 2174 1582 2202 Filium
1601 2175 1646 2202 Dei
1660 2174 1795 2202 determi-

991 2226 1081 2248 natum
1099 2229 1105 2247 :
1122 2221 1235 2255 Spiritus
1252 2221 1299 2248 Dei
1319 2221 1474 2255 mperveaiet
1487 2221 1513 2248 in
1527 2226 1560 2254 te,
1576 2225 1600 2248 et
1621 2221 1700 2247 virtus
1714 2221 1799 2248 Altis-

991 2267 1047 2293 δίηιὶ
1071 2266 1227 2292 obnmbrabit
1251 2272 1274 2293 te
1303 2271 1457 2301 :propterea
1481 2266 1549 2301 quod
1573 2270 1690 2292 nascetur
1716 2273 1748 2292 ea:
1771 2270 1798 2293 te

141 2301 219 2330 Patre
235 2310 264 2330 se
277 2304 484 2337 postulaturum,
513 2313 572 2333 cum
589 2306 754 2335 ascendisset
769 2309 800 2335 ad
819 2309 933 2344 Patrem,
948 2312 974 2342 D
988 2318 1113 2344 sanctum,
1128 2312 1257 2339 vocabitur
1266 2312 1349 2339 Filius
1364 2312 1410 2339 Dei
1425 2312 1501 2349 (Luc.
1517 2312 1613 2347 1,5-5).
1623 2311 1721 2340 Volent
1734 2313 1800 2347 qui-

141 2352 168 2375 ct
186 2348 326 2376 missurum
351 2351 522 2386 repromittit,
537 2358 563 2379 et
588 2353 695 2388 quidem
715 2355 807 2388 aliutn,
824 2356 870 2383 sed
883 2356 938 2391 jam

186 2460 207 2488 ll
223 2460 310 2487 Credis
321 2461 398 2488 Seml.

184 2492 209 2518 2)
222 2493 265 2518 Id.

184 2523 211 2561 7?)
220 2523 284 2561 ζειν,
304 2556 328 2561 _.

184 2554 209 2625 ii
502 2600 505 2603 ρ

184 2618 210 2649 6)
225 2617 356 2649 Evangelia
369 2623 530 2649 perseverant
541 2622 618 2649 Seml.

185 2648 210 2681 ἶ)
224 2648 386 2681 Qistiiiguitur
398 2651 473 2677 Semt.

187 2679 212 2710 8)
227 2679 257 2704 Et
268 2679 342 2710 quém
353 2686 410 2707 etim.

186 2710 213 2742 9)
224 2710 333 2737 Tradidit
345 2713 418 2739 Seml.

992 2359 1052 2386 dem
1077 2364 1105 2387 et
1129 2359 1172 2386 hic
1196 2360 1398 2394 argumentari,
1430 2359 1477 2388 sed
1498 2360 1596 2388 veritas
1627 2359 1801 2395 prmvalebit.

764 2421 950 2451 LECTIONES
966 2424 1175 2453 VARIANTES.

1024 2471 1075 2503 (I0)
1089 2472 1130 2495 Est
1143 2471 1216 2496 Seml.

1038 2503 1079 2530 11)
1092 2503 1173 2527 Gloria
1187 2503 1261 2528 Strml.

1041 2534 1079 2559 l2)
1092 2534 1270 2559 Necessitatem
1284 2535 1359 2559 Semi.

1039 2565 1078 2594 15)
1088 2565 1149 2594 Quia
1161 2570 1186 2590 et
1198 2566 1221 2589 In
1234 2566 1279 2590 hoc
1291 2566 1365 2591 lilium
1375 2566 1451 2591 Semt.

1041 2596 1080 2622 HI
1094 2596 1121 2620 In
1131 2596 1215 2622 mserit
1229 2598 1300 2621 nltrn.

1040 2627 1074 2652 15'
1095 2628 1211 2652 Videntur
1226 2627 1297 2653 tilum.

1042 2629 1081 2687 16)
1095 2658 1178 2683 Fidem
1194 2659 1267 2684 It/zen.

1042 2658 1081 2684 16)
1095 2658 1178 2683 Fidem
1194 2659 1267 2684 It/ten.

1042 2689 1080 2723 17)
1094 2690 1162 2715 Enim
1174 2689 1250 2715 Itlteu.

835 2760 1114 2792 COMMENTARIUS.

185 2811 359 2851 CAPt‘XXVV.
370 2814 448 2849 -—(a)
457 2815 528 2842 Sicut
536 2815 588 2851 ipse
594 2815 625 2842 de
634 2814 730 2842 Patris.
741 2815 874 2844 Defectiva
883 2825 941 2844 ora-

147 2849 195 2879 tio.
204 2848 316 2885 qualiter
328 2850 353 2876 in
366 2848 550 2884 superioribus
561 2859 631 2885 saepe
645 2851 749 2878 loeutus
759 2857 808 2883 est,
818 2853 943 2880 subaudi-

150 2890 193 2912 tur
206 2882 236 2909 de
246 2892 285 2916 eo,
297 2885 364 2919 quod
375 2882 410 2912 est
421 2885 516 2913 Patris.
531 2887 575 2915 Sic
586 2882 652 2914 inira
662 2886 740 2923 {Non
751 2887 828 2921 scitis,
846 2889 941 2923 inquit,

994 2821 1061 2883 ἵηοά
1068 2821 1200 2884 ἕιῬίιινὶε
1210 2822 1259 2850 mei
1271 2829 1310 2849 me
1323 2830 1376 2850 esse
1393 2822 1511 2858 oportet?
1527 2821 1570 2850 ubi
1584 2819 1745 2850 subauditur
1761 2833 1806 2852 re-

1012 2864 1051 2884 us.
1094 2865 1155 2884 nx.

1012 2864 1051 2884 ιιι.
1068 2864 1155 2885 HIEN.
