4008 6280
368 246 480 305 {89

1547 244 1751 302 LIBER
1788 218 2167 310 mensus
2189 244 2542 304 PRAXEAM.

3568 249 3673 307 190

372 360 609 432 Nempe,
643 362 911 434 inquiunt,
935 362 1099 419 Filius
1128 362 1218 419 Dei
1249 362 1388 420 Deus
1408 370 1507 429 est,
1540 371 1596 418 et
1614 364 1782 418 virtus
1810 350 2059 421 Altis-’A
2083 376 2245 431 gnum
2291 363 2587 435 discipulis,
2620 363 2890 436 quomodo
2918 374 2974 422 et
2999 364 3100 420 sibi
3127 364 3443 434 dispositum
3485 364 3615 423 dicit
3640 383 3671 425 a

371 454 496 510 simi
530 454 851 510 Altissimus
874 464 973 511 est.
1006 455 1117 511 Nec
1158 454 1319 524 pudet
1345 454 1466 510 illos
1501 453 1741 525 injicere,
1789 453 1965 525 quod,

369 547 416 600 si
442 556 618 610 esset,
645 547 899 617 scriptum
935 546 1140 605 fuisset.
1184 546 1356 615 Quem
1398 548 1539 603 enim
1571 549 1875 612 verebatur,
1911 555 1970 602 ut

370 647 712 707 uonaperte
738 639 1122 709 pronuntiaret,
1155 657 1175 691 ι
1215 639 1358 695 Deus
1396 640 1758 710 superveniet.
1787 647 1842 693 et
1873 639 1969 694 Al—

369 733 618 787 tissimus
675 733 1011 789 obomhrabit
1037 732 1120 788 te?
1180 752 1198 786 ι
1251 733 1444 789 Diccus
1505 744 1683 788 autem
1738 734 1970 805 Spiritus

366 823 491 892 Dei,
515 827 621 880 etsi
652 825 880 896 Spiritus
921 825 1001 898 (i)
1039 826 1135 883 Dei
1179 826 1356 891 Deus,
1389 838 1571 882 tamen
1616 844 1721 882 non
1761 828 1969 883 directo

367 916 541 972 Deum
588 918 896 983 nominans,
945 918 1243 989 portionem
1298 918 1458 973 totius
1502 918 1722 990 intelligi
1779 920 1964 985 voluit,

365 1027 487 1082 qua:
515 1025 740 1066 cessura
788 1021 903 1066 erat
954 1011 1006 1066 in
1050 1012 1166 1067 Filii
1208 1026 1425 1067 nomen.
1456 1012 1553 1067 Hic
1600 1012 1821 1080 Spiritus
1852 1013 1965 1079 Dei,

365 1103 507 1161 idem
530 1106 643 1160 erit
671 1105 881 1167 Sermo.
913 1104 1062 1162 Sicut
1109 1105 1251 1161 enim
1281 1104 1488 1161 Joanne
1526 1104 1760 1170 dicente,
1786 1105 1968 1161 Sermo

364 1213 483 1251 caro
508 1201 683 1267 [actus
711 1206 804 1261 est,
835 1197 1079 1268 spiritum
1117 1213 1331 1269 quoque
1357 1198 1701 1269 intelligimus
1732 1199 1783 1252 in
1816 1213 1966 1254 men-

292 1312 336 1325 --
363 1292 511 1346 tione
539 1290 857 1354 Sermonis;
888 1291 958 1345 ita
993 1302 1049 1347 et
1076 1291 1164 1348 hic
1187 1290 1505 1348 Sermonem
1552 1307 1768 1362 quoque
1804 1306 1968 1362 agno-

363 1384 567 1438 scimus
595 1382 651 1437 in
681 1383 900 1438 nomine
924 1384 1163 1453 spiritus.
1208 1384 1338 1439 Nam
1376 1392 1432 1439 et
1459 1385 1681 1455 spiritus
1717 1384 1969 1441 substan-

362 1483 431 1535 tia
459 1490 546 1535 est
569 1481 863 1547 sermonis,
893 1491 948 1536 et
972 1495 1153 1538 sermo
1197 1482 1438 1552 operatio
1476 1481 1717 1551 spiritus,
1757 1489 1812 1535 et
1859 1481 1967 1535 duo

361 1588 527 1627 unum
573 1582 723 1629 sunt.
782 1574 1083 1638 Caeterum,
1130 1574 1292 1630 alium
1342 1574 1580 1631 Joannes
1632 1573 1967 1644 profitebitur

361 1680 580 1721 carnem
639 1664 839 1721 factum
864 1706 880 1733 ,
920 1666 1083 1721 alium
1125 1667 1348 1737 angelus
1376 1648 1590 1723 carnem
1634 1667 1891 1731 futurum,
1920 1665 1966 1721 si

360 1775 462 1814 non
484 1768 543 1815 et
570 1760 796 1831 spiritus
835 1774 1018 1815 sermo
1063 1769 1143 1815 est
1167 1801 1183 1826 ,
1228 1769 1286 1816 et
1324 1774 1504 1816 sermo
1548 1760 1786 1830 spiritus.
1817 1760 1967 1815 Sicut

2073 453 2263 519 Patre;
2297 454 2500 511 habens
2531 465 2847 527 potestatem
2877 458 3116 529 legiones
3143 458 3450 530 angelorum
3484 469 3671 529 pastu.

2074 544 2215 600 laudi
2246 546 2310 600 ad
2354 548 2611 602 auxilium
2644 564 2673 602 a
2702 549 2858 604 Patre
2885 549 2929 604 si
2958 550 3145 616 vellet;
3175 550 3487 605 exclamans
3531 536 3670 622 quod

2073 655 2133 696 se
2166 641 2304 696 Deus
2333 642 2665 712 reliquisset,
2700 642 2752 697 in
2787 642 2962 698 Patris
3006 643 3251 698 manibu‘s
3279 644 3527 713 Spiritum
3576 659 3671 713 po-

2073 722 2206 789 nens
2232 751 2246 799 ;
2272 743 2328 789 et
2354 744 2472 804 post
2500 736 2957 791 resurrectionem
2985 738 3257 809 spondeus
3288 738 3573 794 missurum
3613 754 3672 795 se

2072 824 2348 894 discipulis
2394 827 2803 895 promissionem
2849 829 3056 895 Patris;
3103 838 3158 884 et
3199 819 3493 885 novissime
3521 845 3673 885 man-

2073 917 2207 974 dans
2245 920 2625 991 ottinguercut
2666 922 2717 976 in
2750 923 2964 979 Patrem
3009 932 3062 978 et
3091 923 3284 979 Filium
3329 933 3382 979 ct
3411 923 3670 995 Spiritum

2072 1010 2349 1081 Sanctum,
2381 1031 2485 1069 non
2516 1014 2567 1070 iu
2602 1031 2785 1070 unum.
2810 1016 2941 1071 Nam
2974 1032 3073 1071 nec
3100 1019 3288 1086 semel,
3328 1018 3423 1074 sed
3456 1028 3556 1087 ter,
3598 1020 3667 1075 ad
3693 1031 3773 1071 ’σθ’

2072 1108 2279 1179 singula
2309 1109 2522 1164 nomina
2550 1109 2601 1165 in
2629 1124 2886 1179 personas
2925 1106 3161 1179 singulas
3184 1111 3492 1182 tiuguimur.

2641 1201 2869 1259 CAPUT
2890 1202 3105 1262 XXVII.
3490 1250 3503 1258 .

2074 1294 2080 1307 '
2146 1290 2211 1345 Et
2237 1290 2360 1360 quid
2391 1306 2490 1362 ego
2521 1291 2571 1346 in
2599 1301 2704 1347 tam
2735 1292 3029 1349 manifestis
3068 1308 3248 1349 moror
3286 1293 3424 1367 (10),
3454 1309 3574 1350 cum
3607 1310 3671 1351 ea

2069 1382 2285 1453 aggredi
2337 1383 2601 1452 debeam,
2651 1384 2721 1440 de
2766 1386 2963 1456 quibus
3016 1384 3297 1441 manifesta
3350 1386 3674 1442 obumbrare

2070 1479 2355 1548 qurerunt?
2385 1478 2629 1549 Undique
2671 1481 2812 1535 enim
2846 1479 3061 1535 obducti
3107 1480 3452 1535 distinctione
3499 1479 3672 1534 Patris

2048 1580 2125 1649 let
2152 1570 2295 1635 Filii,
2326 1587 2484 1641 quam
2519 1582 2771 1627 manente
2801 1572 3181 1643 conjunctione
3224 1571 3581 1642 disponimus,
3614 1575 3672 1626 ut
3702 1630 3727 1650 ι

2044 1654 2049 1661 ’
2069 1664 2200 1719 solis
2216 1673 2269 1718 et
2289 1663 2444 1729 radii,
2473 1672 2528 1720 et
2554 1664 2716 1720 fontis
2737 1674 2789 1718 et
2816 1664 2989 1730 fluvii,
3016 1680 3109 1735 per
3131 1664 3460 1719 individuum
3486 1671 3664 1718 tamen

2071 1772 2350 1812 numerum
2379 1757 2606 1813 duorum
2642 1769 2698 1815 ct
2735 1760 2923 1827 trium,
2966 1760 3125 1817 aliter
3162 1775 3280 1815 eam
3318 1758 3385 1813 ad
3410 1774 3560 1813 suam
3590 1760 3672 1813 ui-

361 1867 485 1925 ergo
504 1853 706 1908 Sermo
746 1853 841 1908 Dei
868 1868 976 1907 non
1005 1861 1089 1909 est
1117 1852 1233 1924 ipse
1261 1852 1415 1924 cujus
1442 1862 1547 1919 est,
1571 1853 1641 1907 ita
1670 1868 1770 1907 nec
1791 1852 1963 1920 Spiri-
1993 1859 2045 1922 Β
2073 1848 2361 1906 hilominus
2381 1852 2701 1906 sententiam
2740 1852 3086 1921 interpretari
3117 1861 3404 1916 conantur,
3433 1859 3492 1904 ut
3514 1866 3670 1921 aeque

361 1955 473 2009 tus;
505 1954 564 2000 et
594 1947 639 2000 si
685 1946 827 2002 Deus
856 1946 1032 2000 dictus
1057 1954 1162 2012 est,
1204 1961 1309 2027 non
1348 1956 1524 2001 tamen
1554 1946 1670 2016 ipse
1700 1955 1783 2000 est
1814 1944 1966 2016 cujus

360 2049 437 2095 est
468 2037 669 2094 dietus.
700 2038 851 2094 Nulla
881 2054 967 2095 res
991 2038 1238 2109 alicujus,
1268 2040 1379 2109 ipsa
1398 2048 1474 2094 est
1500 2038 1651 2109 cujus
1671 2047 1771 2093 est.
1801 2039 1967 2093 Plane

358 2145 478 2209 cum
518 2131 669 2202 “quid
712 2147 780 2186 ex
818 2132 937 2200 ipso
961 2141 1068 2197 est,
1094 2139 1147 2186 et
1175 2131 1255 2187 sic
1303 2131 1419 2201 ejus
1466 2137 1548 2186 est
1573 2130 1699 2184 dum
1731 2146 1802 2186 ex
1851 2130 1966 2199 ipso

360 2224 448 2290 sit,
480 2231 666 2294 potest
698 2223 803 2277 tale
832 2224 962 2294 quid
985 2239 1123 2287 esse,
1146 2225 1301 2293 quale
1327 2234 1380 2278 et
1408 2224 1521 2291 ipse
1544 2238 1610 2279 ex
1641 2238 1748 2294 quo
1775 2231 1877 2289 est,
1911 2231 1966 2279 et

361 2316 506 2386 cujus
550 2324 662 2372 est.
714 2315 784 2372 Et
828 2316 946 2372 ideo
985 2317 1205 2387 spiritus
1250 2316 1345 2371 Del
1390 2314 1470 2389 (2)
1515 2317 1675 2382 Deus,
1705 2325 1757 2371 et
1785 2332 1963 2371 sermo

364 2408 451 2464 Dei
482 2407 562 2479 ('5)
588 2409 771 2473 Deus,
803 2409 923 2479 quia
966 2425 1031 2465 ex
1064 2409 1207 2477 Deo,
1241 2424 1345 2463 non
1394 2419 1571 2464 tamen
1612 2409 1726 2478 ipse
1765 2424 1831 2465 ex
1856 2425 1963 2480 quo

362 2510 459 2557 est.
482 2501 640 2570 Quod
673 2502 718 2557 si
749 2504 834 2572 (ι)
865 2502 1004 2559 Deus
1031 2501 1125 2557 Dei
1174 2513 1422 2572 tanquam
1471 2503 1802 2558 substantiva
1835 2519 1920 2560 res
1940 2545 1959 2572 ,

363 2608 461 2649 non
491 2596 598 2650 erit
623 2595 744 2667 ipse
775 2594 946 2662 Deus,
988 2596 1083 2652 sed
1134 2596 1392 2652 hactenus
1435 2596 1607 2665 Deus,
1635 2597 1755 2666 quia
1788 2595 1870 2667 (5)
1893 2613 1959 2653 ex

313 2688 331 2707 '
360 2686 522 2755 ipsius
564 2689 665 2745 Dei
698 2688 1014 2756 substantia,
1042 2705 1145 2760 qua
1173 2690 1251 2761 (6)
1280 2696 1336 2746 et
1378 2690 1707 2746 substantiva
1738 2707 1824 2747 res
1850 2699 1954 2759 est,

359 2786 410 2832 et
433 2789 489 2835 ut
505 2779 690 2849 portio
705 2780 880 2849 aliqua
901 2781 1086 2836 totius.
1107 2781 1271 2836 Multo
1298 2782 1467 2852 magis
1486 2782 1655 2837 virtus
1668 2782 1951 2850 Altissimi,

358 2885 456 2925 non
477 2873 582 2927 erit
597 2873 719 2942 ipse
732 2872 1059 2941 Altissimus,
1075 2875 1197 2944 quia
1216 2873 1296 2946 (7)
1311 2853 1408 2931 nec
1427 2875 1758 2930 substantiva
1774 2892 1859 2931 res
1873 2887 1954 2932 cst

358 2963 490 3033 quod
507 2973 595 3018 cst
609 2965 856 3034 spiritus,
880 2966 1019 3021 sicut
1045 2982 1143 3021 nec
1165 2967 1447 3037 sapientia,
1472 2982 1572 3025 nec
1594 2968 1949 3037 providentia:

355 3064 405 3108 et
420 3055 532 3111 hate
546 3058 702 3112 enim
724 3057 1035 3113 substantia:
1050 3073 1157 3113 non
1175 3070 1318 3123 sunt,
1337 3059 1431 3115 sed
1453 3060 1749 3115 accidentia
1769 3062 1951 3116 unius-

356 3149 608 3219 cujusque
641 3150 976 3208 substantite.
1012 3151 1195 3208 Virtus
1217 3153 1427 3223 spiritui
1452 3154 1644 3208 accidit
1663 3196 1676 3215 ,
1706 3169 1809 3210 nec
1834 3154 1946 3223 ipsa

2074 1944 2125 1997 in
2156 1960 2257 1998 ttua
2294 1959 2521 2013 persona
2552 1954 2836 2015 utrumque
2861 1944 3212 2014 distinguant,
3249 1945 3461 1999 Patrem
3491 1954 3543 1999 et
3574 1943 3668 1999 Fi.

2070 2036 2220 2105 lium,
2249 2037 2496 2092 dicentes
2522 2037 2710 2090 Filium
2740 2052 2955 2092 carnem
2989 2052 3142 2103 esse,
3175 2036 3224 2090 id
3256 2046 3337 2092 est
3368 2036 3671 2101 hominem,

2071 2127 2120 2181 id
2147 2139 2228 2183 est
2251 2128 2463 2194 Jesum;
2490 2129 2701 2184 Patrem
2735 2139 2912 2184 autem
2944 2130 3208 2200 spiritum,
3240 2128 3291 2183 id
3336 2137 3418 2184 cst
3466 2129 3668 2194 Deum,

2071 2220 2122 2275 id
2154 2230 2237 2276 est
2280 2206 2686 2277 Cbristumet
2716 2223 2803 2291 qui
2847 2238 3013 2276 unum
3050 2222 3406 2293 eamdemque
3451 2233 3671 2277 conten-

2068 2314 2199 2370 dunt
2226 2315 2435 2391 Patrem
2465 2326 2521 2371 et
2548 2316 2741 2370 Filium
2760 2358 2774 2383 ,
2795 2316 2904 2385 jam
2936 2316 3195 2385 incipiunt
3221 2315 3301 2389 (α)
3340 2315 3579 2371 dividere
3608 2316 3670 2370 il-
3688 2306 3706 2329 ’

2066 2407 2149 2462 los
2178 2408 2351 2487 potius
2379 2424 2536 2479 quam
2566 2424 2751 2463 unare.
2793 2409 2845 2463 Si
2878 2408 3019 2463 enim
3051 2406 3188 2461 alius
3216 2416 3299 2462 est
3327 2406 3503 2471 Jesus,
3534 2406 3668 2462 alius
3689 2429 3733 2442 σο

2065 2498 2337 2565 Christus;
2361 2501 2496 2564 alius
2516 2501 2618 2555 erit
2639 2500 2825 2565 Filius,
2846 2501 2980 2555 alius
3002 2499 3118 2571 (Η)
3140 2498 3328 2564 Pater;
3354 2499 3475 2568 quia
3500 2495 3667 2553 Filius

2063 2590 2239 2653 Jesus,
2267 2599 2319 2645 et
2338 2591 2495 2646 Pater
2516 2591 2983 2647 Cbristule‘alem
3008 2582 3374 2646 monarcliiam
3396 2591 3535 2661 apud
3560 2590 3666 2645 \’a-

2061 2683 2320 2738 lentiumn
2366 2682 2593 2739 fortasse
2641 2684 2958 2750 didicerunt,
2988 2684 3122 2740 duos
3174 2684 3368 2749 facere,
3400 2683 3580 2739 Jesum
3612 2694 3667 2740 et
3695 2697 3715 2737 7

2059 2776 2351 2831 Christum.
2379 2777 2483 2832 Sed
2515 2777 2629 2832 hmo
2652 2778 2866 2845 iujectio
2886 2793 3072 2835 eorum
3100 2794 3162 2832 ex
3187 2781 3533 2847 prwtractatis
3552 2778 3666 2850 (ίὲ)

2051 2869 2161 2940 jam
2203 2881 2378 2924 retusa
2409 2878 2523 2939 est,
2540 2870 2680 2941 quod
2703 2870 2893 2926 Sermo
2913 2871 3026 2933 Dei,
3047 2870 3125 2925 vel
3141 2866 3359 2941 spiritus
3378 2871 3465 2923 Dei
3489 2881 3539 2925 et
3554 2871 3665 2924 vir—

2059 2971 2143 3023 tus
2172 2962 2429 3017 Altissimi
2476 2963 2648 3018 dictus
2687 2965 2776 3030 sit,
2809 2981 2965 3034 quem
3018 2964 3227 3018 Patrem
3279 2964 3498 3018 faciunt.
3545 2964 3661 3019 Non

2055 3056 2196 3109 enim
2228 3057 2356 3125 ipsa:
2385 3064 2510 3109 sunt
2566 3056 2718 3125 cujus
2761 3056 3033 3121 dicuntur,
3066 3060 3159 3110 sed
3214 3071 3281 3110 ex
3333 3055 3467 3125 ipso,
3500 3066 3551 3110 et
3582 3058 3661 3126 ip-

2053 3146 2183 3200 sius.
2216 3145 2281 3200 Et
2328 3147 2483 3202 aliter
2527 3157 2703 3202 tamen
2747 3148 2797 3201 in
2856 3148 2958 3202 isto
3011 3148 3243 3216 capitulo
3291 3149 3652 3203 revinccntur.

353 3240 449 3295 crit
490 3242 742 3312 spiritus.
793 3242 889 3300 His
934 3244 1114 3314 itaque
1153 3244 1314 3300 rebus
1360 3246 1734 3318 quodcumque
1780 3257 1904 3302 sum
1928 3290 1940 3312 ,
1972 3252 2017 3316 C
2058 3256 2077 3290 ι
2108 3238 2830 3309 Ecce,inquitmt,abaugelo
2856 3239 3200 3308 praedicatum
3231 3236 3654 3309 estzPrtpterct

352 3331 530 3400 spiritu
561 3333 664 3389 Dei
695 3342 750 3387 et
773 3348 1023 3389 sermone
1051 3324 1321 3409 etvirtute
1348 3336 1554 3392 collatis
1582 3338 1634 3392 in
1659 3338 1943 3409 virginem,

288 3444 297 3451 -
351 3425 484 3493 quod
505 3426 573 3481 de
593 3441 661 3481 ea
691 3427 956 3492 nascitur,
984 3406 1152 3484 Filius
1201 3430 1292 3486 Dei
1333 3438 1434 3486 est.
1465 3428 1545 3503 (8)
1582 3431 1693 3487 Hoc
1718 3406 1776 3487 se
1806 3439 1862 3488 et
1890 3432 1944 3487 in

353 3513 460 3571 istis
489 3517 797 3589 Evangeliis
850 3522 966 3592 ipse
1015 3529 1243 3579 testatur
1293 3524 1471 3578 statim
1502 3538 1532 3577 a
1586 3540 1789 3593 puero:
1823 3525 1944 3581 Non

350 3609 497 3675 uitis,
551 3613 732 3681 inquit
778 3612 929 3686 (Luc.
982 3616 1072 3683 Η,
1102 3615 1218 3688 49),
1256 3616 1393 3687 quod
1431 3616 1483 3670 in
1514 3613 1689 3671 Patris
1737 3618 1833 3672 mei
1864 3635 1944 3672 me

347 3715 448 3757 esse
471 3705 721 3774 oportet?
750 3705 862 3762 Hoc
905 3716 961 3763 et
1001 3707 1225 3765 Satanas
1250 3724 1395 3765 ~eum
1448 3708 1500 3763 in
1557 3708 1940 3766 tentatinnibus

348 3794 514 3852 novit:
547 3796 613 3852 Si
640 3795 810 3853 Filius
835 3798 933 3853 Dei
955 3816 1028 3854 es.
1062 3801 1171 3855 lloc
1195 3809 1250 3856 et
1274 3800 1468 3855 exinde
1495 3799 1758 3856 dzemonia
1803 3817 1936 3856 con—

349 3883 556 3943 fitentur
588 3906 605 3943 :
645 3888 852 3944 Scimus
873 3892 960 3962 qui
987 3892 1078 3957 sit,
1109 3891 1273 3946 Filius
1305 3890 1424 3947 Dei.
1479 3891 1689 3947 Patrem
1729 3901 1785 3948 et
1822 3895 1939 3963 ipse

350 3978 544 4037 adorat.
566 3982 847 4039 Christum
875 4000 935 4040 se
974 3986 1069 4041 Dei
1093 4001 1123 4041 a
1155 3986 1315 4041 Petro
1343 3986 1582 4056 agnitum
1613 4002 1720 4040 non
1750 3998 1929 4058 negat.

350 4069 629 4131 Exsultans
661 4076 740 4149 (9)
793 4077 847 4131 in
901 4078 1089 4148 spiritu
1141 4078 1206 4133 ad
1232 4078 1470 4133 Patrem
1503 4096 1515 4134 :
1546 4076 1823 4149 Conﬁteor,
1855 4082 1934 4135 in-

349 4164 485 4233 quid,
515 4167 628 4232 tibi,
668 4166 843 4233 Pater,
874 4169 1010 4237 quod
1038 4170 1362 4224 absconderis
1402 4170 1512 4225 luet:
1545 4166 1591 4224 a‘
1621 4152 1931 4241 sapientibus

351 4253 551 4323 (Halm.
585 4258 683 4327 XI,
728 4259 844 4332 25).
873 4260 970 4316 Hic
992 4276 1206 4331 quoque
1245 4261 1455 4317 Patrem
1496 4263 1694 4316 nemini
1744 4273 1928 4319 notum

314 4348 443 4419 nisi
478 4350 618 4408 Filio
665 4351 915 4409 afﬁrmat.
963 4353 1027 4409 Et
1080 4354 1254 4410 Patris
1309 4354 1501 4410 Filium
1556 4356 1927 4413 confessurum

348 4444 696 4512 confessores,
723 4454 777 4500 et
801 4454 1113 4516 negaturum
1143 4457 1426 4518 negatores
1466 4463 1592 4504 suos
1631 4448 1771 4518 apud
1821 4449 1925 4504 Pa-

2052 3332 2188 3402 qnod
2204 3342 2435 3387 nascetur
2448 3331 2713 3395 Sanctum,
2735 3334 2989 3387 vocabitur
3004 3331 3171 3385 Filius
3186 3331 3282 3385 Dei
3299 3349 3316 3396 ;
3333 3346 3457 3385 caro
3472 3331 3652 3401 itaque

2050 3434 2170 3479 nata
2193 3436 2294 3490 est,
2319 3441 2442 3480 caro
2467 3425 2644 3494 utique
2667 3423 2780 3498 (l3)
2804 3425 2905 3478 erit
2926 3424 3092 3478 Filius
3114 3423 3224 3477 Dei.
3244 3422 3351 3476 Imo
3367 3421 3434 3477 de
3457 3423 3648 3492 spiritu

2049 3519 2143 3574 Dei
2170 3520 2366 3575 dictum
2386 3529 2485 3574 cst.
2505 3520 2660 3581 Certe
2671 3521 2812 3575 enim
2835 3519 2902 3575 de
2916 3519 3113 3589 Spiritu
3130 3518 3326 3574 Sancto
3350 3520 3497 3589 virgo
3517 3534 3616 3573 con
3630 3550 3646 3560 -

2045 3613 2206 3682 cepit;
2230 3613 2438 3684 etquod
2470 3614 2739 3682 concepit,
2762 3612 2814 3669 id
2840 3613 3065 3683 peperit;
3088 3613 3137 3684 id
3156 3627 3284 3683 ergo
3309 3612 3454 3667 nasci
3483 3612 3644 3665 ιιιςὺυ-

2044 3707 2298 3778 bat,quod
2318 3718 2433 3763 erat
2453 3718 2792 3776 conceptum,
2808 3717 2856 3769 et
2880 3682 3213 3777 parient/lum;
3234 3705 3283 3760 id
3301 3714 3383 3760 est
3400 3691 3639 3776 Spiritus,

2041 3800 2191 3870 cujus
2213 3810 2263 3855 et
2284 3801 2558 3857 vocabitur
2583 3818 2774 3856 nomen
2808 3801 3144 3868 Emmanuel,
3177 3800 3316 3871 quod
3345 3809 3427 3855 est
3473 3800 3641 3854 inter-

2041 3902 2326 3963 pretatum,
2356 3894 2615 3948 uobiscum
2644 3893 2800 3948 Dens.
2832 3892 2972 3947 Caro
3011 3903 3186 3948 autem
3216 3893 3352 3946 Deus
3379 3906 3483 3945 non
3519 3898 3635 3957 est;

2038 3986 2182 4041 utde
2214 3987 2301 4041 illa
2326 3986 2527 4041 dictum
2555 3986 2644 4053 sit,
2674 3985 2812 4055 quod
2852 3995 3102 4041 nascetur
3138 3993 3396 4050 sanctum,
3423 3981 3637 4037 vocabi-

2039 4086 2123 4133 tur
2154 4078 2271 4149 (14)
2306 4077 2473 4134 Filius
2504 4077 2597 4134 Dei
2624 4095 2637 4142 ;
2667 4078 2759 4133 sed
2785 4077 2874 4132 ille
2898 4079 2987 4148 qui
3014 4079 3063 4132 in
3094 4092 3155 4132 ea
3182 4085 3334 4130 natus
3363 4084 3466 4141 est,
3496 4075 3634 4128 Deus

2034 4173 2102 4230 de
2132 4190 2238 4244 quo
2265 4182 2321 4229 et
2348 4175 2579 4243 psalmus
2596 4170 2903 4245 (LXXXVI,
2924 4170 3012 4244 5):
3038 4170 3290 4239 Quoniam
3310 4168 3461 4235 Dens,
3482 4169 3632 4221 homo

2035 4276 2184 4321 natus
2212 4275 2281 4319 est
2306 4268 2357 4320 in
2388 4266 2497 4327 illa,
2522 4275 2568 4318 et
2590 4265 2858 4332 wdiﬁcuvit
2881 4281 2991 4318 eam
3014 4262 3271 4317 voluntate
3297 4262 3475 4331 patris.
3498 4258 3630 4326 Quis

2033 4359 2175 4416 Deus
2205 4360 2254 4414 in
2278 4374 2339 4413 ea
2377 4358 2565 4413 natus?
2591 4359 2780 4413 Sermo
2807 4348 2862 4412 et
2890 4357 3128 4426 spiritus,
3158 4354 3247 4423 qui
3273 4368 3392 4408 cum
3417 4366 3627 4408 sermo-

2031 4470 2099 4510 ne
2128 4452 2194 4507 de
2246 4451 2419 4507 Patris
2463 4450 2733 4505 voluntate
2772 4459 2925 4503 natus
2969 4458 3070 4504 est.
3125 4447 3285 4516 Igitur
3328 4445 3517 4501 Sermo
3573 4443 3626 4498 in

349 4539 509 4603 trem;
540 4535 802 4592 inducens
847 4537 1156 4608 parabolam
1216 4537 1331 4604 lilii,
1378 4553 1484 4594 non
1535 4540 1722 4610 patris,
1755 4540 1805 4595 in
1846 4540 1943 4596 vi-"
2029 4560 2223 4613 carne,
2261 4545 2387 4599 dum
2436 4556 2490 4599 et
2537 4542 2605 4598 de
2655 4543 2755 4597 hoc
2788 4540 2901 4615 (15)
2958 4540 3325 4612 qumreudum,
3355 4537 3627 4609 quomodo

350 4638 493 4682 “eam
525 4628 675 4684 ["5555
730 4633 851 4698 PDS!
896 4628 1100 4701 aliquot
1145 4626 1352 4701 δεῖνος,
1397 4619 1452 4688 ei
1503 4629 1665 4688 οεοίεὶ
1705 4648 1735 4688 a
1765 4632 1920 4688 maiis
1944 4644 1999 4706 D
2029 4639 2218 4696 Sermo
2245 4655 2369 4694 caro
2398 4637 2465 4691 sit
2503 4636 2706 4700 factus;
2753 4645 3000 4690 utrumne
3026 4630 3626 4705 ‘quasi‘transflguratus

348 4718 568 4788 rusticis,
600 4729 655 4776 et
681 4737 711 4776 a
740 4721 894 4778 Patre
924 4723 1165 4790 defensi;
1195 4725 1453 4795 ignorans
1504 4734 1560 4780 et
1610 4724 1726 4797 ipse
1775 4723 1919 4782 diem

351 4815 398 4863 et
426 4806 610 4866 horam
658 4811 893 4869 ultimam
934 4814 1037 4872 soli
1067 4809 1212 4872 Patri
1261 4817 1473 4885 notam;
1500 4816 1793 4889 disponens
1836 4833 1918 4873 re-

2024 4736 2077 4791 in
2107 4750 2290 4801 carne,
2343 4749 2407 4787 an
2457 4729 2671 4786 indutus
2717 4729 2973 4784 carnem?
3005 4726 3118 4783 lmo
3167 4725 3405 4782 indutus.
3455 4724 3627 4779 Cauc-

2027 4844 2169 4893 rum,
2206 4829 2369 4882 Deum
2398 4822 2786 4880 immutabilem
2831 4826 2885 4878 et
2924 4820 3317 4879 informabilem
3346 4815 3494 4875 credi
3524 4833 3625 4873 ne-

1556 4909 1936 4978 LECTIONES
1971 4910 2387 4977 VARIANTES.

346 5142 359 5203 ἱ
403 5142 573 5203 Mld-

490 5208 540 5256 εἰ
733 5208 874 5260 Sani.

492 5270 595 5329 Qua
619 5271 721 5321 Lat.

626 5331 773 5385 Eheu.

533 5394 751 5459 “15W.
794 5452 801 5459 .

520 5456 835 5513 iadd.tht.

2112 5032 2165 5144 9)
2187 5033 2434 5085 Insultans
2459 5038 2627 5086 Venet.

2116 5099 2135 5144 1
2159 5096 2193 5144 ll
2219 5097 2444 5144 Morabor
2469 5097 2621 5144 Rhen.

2116 5097 2193 5149 ltl)
2219 5097 2444 5148 Morabor
2467 5097 2621 5149 Rhea.

2114 5158 2190 5212 11)
2217 5160 2354 5209 Alius
2384 5159 2515 5212 deest
2535 5158 2586 5211 in
2608 5158 2758 5211 Rhea.

2109 5222 2189 5279 t2)
2213 5225 2497 5273 Retractatis
2520 5222 2665 5279 then.

2113 5285 2184 5348 l5)
2211 5285 2381 5348 itaque
2404 5285 2551 5337 Rhea.
2787 5343 2797 5348 _
2876 5300 2885 5303 ·

2106 5343 2185 5398 14)
2210 5343 2471 5398 Vocabitur
2494 5352 2711 5398 sanctum
2735 5343 2887 5398 Rhea.

2104 5406 2182 5472 15)
2205 5408 2434 5473 Denique
2456 5411 2548 5460 hoc
2570 5406 2722 5460 Latin.

1683 5528 2245 5589 COMMENTARIUS.

572 5686 731 5758 inquit
766 5662 1061 5750 iihdininus
1083 5733 1097 5754 ,
1128 5662 1607 5766 sitttjilenrverbttm

572 5606 852 5697 .XXYllﬁ-
869 5620 951 5697 (a)
968 5618 1207 5697 Dividere
1226 5618 1344 5697 ilio:
1365 5619 1535 5697 potius
1553 5637 1896 5693 quamunnre.
2005 5641 2132 5681 vero
2162 5634 2267 5680 tres
2289 5625 2414 5681 Mss.
2444 5623 2686 5697 Vaticani
2720 5621 2840 5697 cod.
2867 5620 3048 5687 legant
3077 5623 3244 5697 nnire,
3278 5625 3454 5696 tamen
3480 5619 3611 5697 reti-

2007 5698 2219 5752 nnimus
2257 5688 2450 5765 unure,
2494 5695 2632 5766 quod
2658 5693 2959 5749 Africanam
2995 5693 3164 5764 magis
3196 5687 3409 5761 phrasin
3441 5692 3607 5747 rcdo-

352 5750 478 5811 lude
497 5772 593 5815 nos
620 5750 840 5824 a'ttunare
877 5750 1108 5822 dicimus
1136 5770 1191 5818 et
1217 5750 1541 5821 coadunare.
1584 5750 1898 5839 Quanquam
2008 5750 2131 5824 lcat.
2165 5750 2300 5825 Ptin.

174 5882 525 6119 is..-

3902 5756 3903 5839 γ
