4008 6280
336 256 432 359 till

1768 300 2238 360 TERTULIJANI

3544 260 3677 370 193¹

340 433 494 475 cesse
513 425 616 485 est,
647 425 1005 476 uttcternnm.
1035 417 1453 491 Transtiguratio
1469 427 1646 474 autem
1677 416 1929 474 interero.
1956 418 2009 478 Α
2035 418 2272 489 egissent
2301 419 2379 488 (8)
2408 434 2473 476 ex
2504 420 2890 489 translatione;
2912 432 3021 479 .aut
3065 422 3142 494 (9)
3173 438 3361 495 neque
3386 427 3645 495 carnalia,

339 512 450 582 ptio
475 520 557 567 est
589 513 794 583 pristini
820 510 921 585 (a).
952 513 1124 569 Omne
1147 514 1290 570 enim
1329 512 1703 591 quodcumque
1749 523 1930 567 trans-

335 603 592 675 ﬁguratur
634 604 685 658 in
728 603 892 669 aliud,
922 605 1121 661 desinit
1157 619 1277 661 esse
1302 603 1445 677 quod
1485 604 1681 672 fuerat,
1711 613 1766 659 et
1795 603 1931 659 inci-

335 698 413 769 pit
448 701 570 752 esse
612 696 753 768 quod
803 712 908 753 non
951 706 1086 754 erat.
1121 699 1261 754 Deus
1300 708 1476 753 autem
1523 713 1696 769 neque
1737 684 1934 754 desinit

335 805 477 856 esse,
509 805 682 862 neque
708 792 852 847 aliud
882 800 1061 864 potest
1085 808 1225 849 esse.
1249 793 1437 850 Sermo
1465 803 1643 848 autem
1672 793 1848 859 Deus;
1881 802 1937 849 et

334 896 516 939 sermo
547 883 755 939 Domini
794 897 971 940 manet
1001 886 1052 940 in
1083 901 1278 948 mvum.
1307 885 1696 955 perseverando
1732 886 1937 941 scilicet

337 974 390 1031 in
420 990 514 1031 sua
544 975 734 1031 I'orma.
777 977 947 1047 Quem
991 978 1036 1033 si
1093 993 1198 1034 non
1246 978 1793 1052 capittransﬁgurari
1828 977 1934 1053 (I),

334 1082 676 1141 consequens
724 1079 826 1138 est,
875 1078 933 1126 ut
975 1072 1053 1127 sic
1080 1086 1208 1127 caro
1257 1070 1427 1128 factus
1457 1071 1779 1143 intelligatur
1808 1071 1935 1126 dum

338 1162 394 1216 Iit
426 1161 504 1235 (Ξ)
546 1178 597 1218 tn
625 1177 806 1229 carne,
838 1172 894 1219 et
932 1164 1324 1231 manifestatur,
1357 1173 1410 1219 et
1452 1163 1681 1230 videtur,
1711 1174 1765 1219 et
1808 1179 1939 1220 con-

338 1261 596 1311 trectatur
620 1270 715 1327 per
741 1272 956 1313 carnem
984 1275 998 1312 :
1024 1259 1147 1329 quia
1176 1268 1232 1314 et
1258 1267 1450 1313 cmtera
1490 1259 1568 1313 sie
1618 1258 1784 1330 accipi
1820 1259 1939 1314 cxi-

337 1356 487 1417 gunt.
533 1345 586 1402 Si
618 1348 761 1403 enim
788 1347 979 1404 Sermo
1008 1364 1074 1405 ex
1112 1349 1575 1420 transtignratione
1601 1357 1655 1404 et
1697 1349 1941 1405 demuta-

340 1438 483 1493 tione
503 1439 814 1496 substantizc
840 1454 966 1497 caro
989 1441 1158 1497 factus
1178 1452 1278 1508 est,
1310 1458 1411 1497 una
1445 1443 1553 1514 jam
1582 1442 1684 1499 erit
1712 1443 1792 1517 (5)
1816 1444 1940 1499 sub-

340 1530 533 1585 stantia
568 1530 726 1588 .Iesns
755 1547 821 1591 ex
846 1534 1074 1601 duabus,
1107 1551 1174 1591 ex
1202 1524 1449 1592 carne‘et
1477 1536 1664 1608 spiritu
1709 1538 1939 1593 mixtura

288 1654 306 1684 τ
340 1623 623 1694 quaedam,
677 1637 736 1681 ut
809 1626 1068 1683 electrum
1120 1643 1189 1683 cx
1266 1643 1397 1683 auro
1452 1639 1507 1685 et
1572 1638 1828 1700 argento;
1886 1637 1943 1685 et

345 1716 531 1789 incipit
586 1734 685 1774 nec
736 1733 925 1774 aurum
978 1734 1136 1787 esse,
1190 1720 1242 1777 id
1299 1730 1382 1777 est
1436 1722 1691 1791 Spiritus,
1759 1738 1941 1793 neque

344 1821 658 1879 argentum,
730 1810 781 1866 id
851 1823 953 1879 cst,
1029 1828 1192 1881 caro,
1262 1813 1387 1870 dum

350 1912 617 1971 mutatur,
676 1913 729 1960 ct
784 1906 997 1961 tertium
1074 1907 1201 1977 quid
1265 1907 1513 1964 efficitur.
1572 1908 1756 1981 Neque
1817 1926 1946 1981 ergo

350 1994 497 2051 Deus
551 1998 653 2051 erit
704 1997 883 2054 Iesus.
939 1999 1132 2055 Sermo
1200 2002 1342 2057 enim
1407 2002 1566 2057 desiit
1637 2018 1795 2070 esse,
1855 2005 1946 2075 qui

346 2102 475 2144 caro
513 2088 683 2145 factus
729 2099 845 2156 est;
879 2107 1052 2163 neque
1078 2108 1226 2160 caro,
1274 2093 1324 2149 id
1371 2104 1453 2150 cst
1495 2094 1659 2150 homo
1691 2093 1792 2168 (t),
1822 2111 1949 2152 caro

347 2180 488 2235 enim
516 2196 620 2237 non
653 2184 865 2255 proprie
902 2194 1003 2247 est.
1028 2186 1117 2256 qui
1144 2185 1222 2258 (5)
1248 2186 1437 2242 Sermo
1460 2187 1574 2242 fuit.
1609 2187 1680 2241 Ita
1707 2205 1769 2244 ex
1802 2199 1949 2243 ntro—

346 2284 723 2343 qucneulrum
774 2285 889 2340 est;
944 2278 1085 2332 aliud
1135 2278 1292 2347 longe
1342 2279 1583 2335 tertium.
1610 2281 1729 2345 est',
1789 2297 1948 2354 quam

350 2375 655 2437 utrumque.
688 2368 795 2424 Sed
826 2369 967 2423 enim
999 2370 1462 2426 invenimusillum
1484 2371 1688 2427 directo
1707 2380 1759 2427 et
1787 2373 1950 2429 Deum

350 2466 405 2513 ct
428 2458 697 2515 hominem
734 2462 1056 2531 expositum,
1089 2462 1203 2532 ipso
1246 2462 1347 2517 hoc
1374 2463 1581 2534 psalmo
1611 2476 1955 2536 suggerente,

351 2553 591 2624 quoniam
634 2552 773 2607 Deus
817 2557 966 2609 homo
1014 2566 1165 2610 natus
1208 2567 1282 2610 est
1327 2557 1383 2610 in
1428 2558 1540 2625 illa,
1572 2558 1651 2631 (6)
1684 2559 1955 2629 (tuti/ienuit

353 2661 465 2699 eam
492 2644 752 2700 voluntate
785 2645 991 2714 Patris;
1021 2658 1167 2704 certe
1210 2664 1592 2721 usquequaque
1639 2650 1829 2705 Filium
1862 2652 1952 2707 Dei

353 2748 407 2794 et
435 2738 604 2794 ﬁlium
634 2740 885 2809 hominis,
921 2758 1041 2798 cum
1070 2744 1239 2798 Deum
1273 2754 1326 2799 et
1352 2744 1619 2800 hominem
1652 2746 1769 2801 sine
1795 2746 1957 2801 dubio

354 2830 650 2887 secundum
677 2842 957 2905 utramque
995 2835 1345 2891 substantiam
1388 2837 1439 2892 in
1481 2851 1575 2892 sua
1630 2838 1957 2908 prOprictatc

356 2921 644 2979 dissanti-m
679 2943 689 2975 :
725 2920 847 2996 quia
877 2941 1049 2997 neque
1079 2928 1272 2983 Sermo
1301 2927 1443 2984 aliud
1471 2945 1628 3001 quant
1663 2931 1832 2996 Dens,
1867 2947 1960 2985 ne-

360 3030 473 3085 que
493 3030 619 3071 caro
639 3016 780 3072 aliud
801 3033 960 3089 quam
984 3019 1164 3075 homo.
1192 3020 1280 3075 Sic
1309 3029 1362 3075 ct
1382 3021 1668 3092 Apostolus
1690 3022 1865 3092 (Rom.
1914 3021 1958 3088 I,

366 3109 457 3179 57)
484 3108 552 3164 de.
574 3120 800 3181 utraque
826 3111 943 3181 ejus
971 3111 1265 3168 substantia
1298 3112 1455 3170 docet
1485 3132 1497 3168 :
1535 3113 1634 3180 Qui
1667 3120 1834 3186 factus
1864 3125 1955 3180 est,

2037 525 2209 581 neque
2249 512 2531 582 spiritalia,
2574 515 2670 571 sed
2722 517 2895 572 tertiae
2932 517 3163 587 alicujus
3180 518 3401 586 [οι-τηεν,
3424 534 3494 575 ex
3524 520 3640 595 (10)

2035 600 2392 660 ennius-ioue:
2456 606 2564 661 imo
2635 618 2729 663 aut
2784 623 2964 665 sermo
3014 618 3259 666 mortuus
3311 619 3487 677 esset,
3560 622 3649 670 aut

2035 708 2162 750 caro
2188 706 2394 751 mortua
2434 713 2539 752 non
2568 709 2734 762 esset,
2774 700 2818 756 si
2848 716 3027 757 sermo
3064 718 3369 759 conversus
3414 714 3563 761 esset
3594 706 3647 763 in

2036 800 2292 855 carnem;
2346 798 2439 844 aut
2491 800 2633 847 caro
2679 793 2830 849 enim
2894 793 3210 851 immortalis
3275 794 3497 862 fuisset,
3554 809 3643 856 aut

2036 895 2217 935 sermo
2262 881 2526 937 mortalis.
2558 881 2667 940 Sed
2695 885 2816 954 quia
2844 886 3158 942 substantia:
3194 888 3379 943 ambae
3421 887 3476 943 in
3507 896 3647 946 statu

2037 988 2137 1027 suo
2162 988 2400 1045 quasque
2433 974 2812 1047 distiucte(II)
2843 976 3230 1048 agebant,idco
3262 978 3377 1041 illis
3404 987 3649 1050 etOpera:

2038 1074 2094 1121 et
2140 1066 2314 1121 exitus
2370 1068 2452 1122 sui
2493 1076 2868 1125 occurrerunt.
2916 1069 3071 1126 Disce
3113 1070 3278 1143 igitur
3322 1086 3452 1127 cunt
3495 1070 3649 1129 Nico-

2040 1157 2217 1225 demo,
2264 1150 2466 1232 (learn,
2512 1158 2599 1226 III,
2629 1159 2685 1231 6)
2732 1161 2867 1230 Quia
2893 1162 3030 1233 quod
3055 1162 3429 1234 in(I2)carne
3468 1173 3639 1219 natum

2040 1262 2145 1319 est,
2185 1268 2306 1307 caro
2342 1263 2446 1319 est;
2489 1264 2536 1308 et
2563 1254 2701 1321 quod
2743 1255 2807 1310 de
2845 1256 3028 1325 spiritu
3062 1256 3275 1326 spiritus
3312 1264 3411 1311 est.
3464 1255 3647 1328 Neque

2040 1359 2167 1401 caro
2196 1346 2416 1417 spiritus
2441 1346 2519 1414 fit,
2567 1363 2745 1419 neque
2785 1333 3005 1419 spirit’us
3034 1364 3178 1405 caro.
3222 1349 3281 1405 In
3326 1365 3441 1406 uno
3477 1350 3635 1423 plana

2042 1453 2161 1495 esse
2194 1450 2437 1511 possunt.
2466 1441 2542 1496 Es
2576 1441 2657 1497 his
2682 1440 2839 1497 Jcsus
2863 1444 3127 1511 constitit,
3159 1459 3227 1499 ex
3252 1458 3429 1500 carne
3459 1443 3641 1509 homo,

2042 1547 2109 1587 ex
2165 1532 2352 1602 spiritu
2406 1532 2565 1598 Dens,
2619 1548 2779 1604 quem
2820 1542 2947 1590 tunc
2987 1535 3209 1605 angelos
3254 1550 3325 1590 es
3383 1551 3449 1590 ea
3493 1543 3640 1608 parte

2042 1638 2148 1695 qua
2192 1624 2411 1695 spiritus
2451 1635 2588 1694 erat,
2640 1626 2732 1683 Dei
2774 1626 2968 1683 Filium
3011 1628 3403 1697 pronuntiavit,
3436 1643 3650 1685 servans

2044 1719 2193 1774 carni
2242 1718 2407 1774 [ilium
2462 1718 2695 1776 hominis
2734 1721 2861 1777 dici.
2911 1721 3001 1777 Sic
3045 1731 3100 1778 et
3146 1724 3449 1793 Apostolus
3490 1723 3683 1779 ctiam'

1465 1816 1691 1871 alterum
1766 1816 1936 1873 altero
1965 1815 2015 1877 B
2047 1811 2141 1867 Dei
2167 1812 2514 1868 ethominum
2537 1814 2812 1884 appellans
2839 1815 3233 1887 sequestremﬂ
3275 1815 3454 1883 Tim.,
3481 1815 3548 1883 Il,
3567 1816 3644 1886 5),

2052 1905 2332 1977 utriusque
2396 1905 2711 1961 substantia:
2771 1907 3126 1962 conIIrmavit.
3182 1906 3495 1963 Novissime
3565 1907 3653 1979 qui

2049 1996 2245 2052 Filium
2281 1997 2373 2052 Dei
2401 2012 2618 2052 carnem
2648 1998 3041 2069 interpretaris,
3071 1998 3272 2055 exhibe
3301 2001 3399 2069 qui
3424 1999 3495 2053 sit
3524 1997 3656 2054 ﬁlius

2054 2088 2307 2142 hominis.
2341 2088 2447 2145 Aut
2477 2089 2714 2160 ntmquid
2741 2090 2961 2160 spiritus
2997 2089 3134 2145 erit?
3158 2090 3252 2145 scd
3294 2090 3525 2161 spiritus
3556 2090 3655 2145 I'a-

2053 2190 2189 2236 trem
2215 2182 2385 2251 ipsum
2411 2182 2487 2236 vis
2516 2180 2735 2248 haberi;
2760 2181 2881 2253 quia
2907 2182 3050 2239 Deus
3094 2183 3345 2252 spiritus,
3375 2182 3530 2254 quasi
3555 2195 3656 2238 non

2052 2290 2104 2331 et
2138 2275 2228 2331 Dei
2259 2276 2518 2347 spiritus;
2552 2277 2693 2332 sicut
2730 2286 2786 2331 et
2813 2292 2994 2333 sermo
3035 2277 3198 2345 Deus,
3228 2286 3285 2334 et
3328 2276 3427 2334 Dei
3461 2292 3656 2333 sermo.

2612 2366 2841 2424 CAPUT
2881 2365 3120 2423 XXVIII.

2127 2458 2315 2529 Itaque
2338 2457 2611 2514 Christum
2645 2458 2776 2515 facis
2806 2459 3043 2525 Patrem,
3073 2458 3417 2526 stultissime,
3447 2458 3537 2529 qui
3566 2470 3660 2513 nec

2055 2552 2226 2622 ipsam
2252 2551 2357 2606 vim
2387 2552 2640 2622 inspicias
2682 2553 2915 2608 nominis
2953 2551 3133 2621 hujus,
3175 2552 3219 2607 si
3250 2561 3436 2607 tamen
3465 2563 3656 2605 nomen

2056 2655 2136 2700 est
2173 2644 2440 2711 Christus,
2483 2653 2538 2700 et
2595 2659 2698 2700 non
2743 2644 3031 2715 appellatio
3080 2644 3285 2715 potius;
3321 2652 3507 2698 unctus
3545 2639 3661 2712 (15)

2058 2737 2200 2792 enim
2231 2736 2582 2807 signiﬁcatur.
2640 2735 2837 2792 Unctus
2876 2746 3055 2791 autem
3102 2752 3208 2790 non
3256 2734 3434 2805 magis
3461 2745 3652 2788 nomen

2059 2839 2162 2894 cst,
2189 2845 2348 2900 quam
2378 2830 2604 2895 vestitus,
2646 2844 2805 2899 quam
2851 2828 3123 2894 calceatus,
3154 2824 3414 2882 accidens
3459 2822 3657 2880 nomini
3734 2882 3741 2887 ,

2060 2911 2170 2981 res.
2226 2924 2306 2978 An
2361 2932 2416 2976 ιιι
2462 2922 2598 2992 (It),
2648 2922 2692 2975 si
2743 2936 2809 2975 ex
2849 2920 3026 2988 aliquo
3076 2927 3402 2989 argumento
3453 2916 3653 2971 uestitus

2064 3033 2276 3088 quoque
2302 3024 2585 3070 vocaretur
2633 3012 2808 3080 Iesus,
2845 3010 3117 3083 quomodo
3141 3010 3381 3067 Christus
3419 3009 3489 3065 ab
3532 3020 3661 3062 unc-

2065 3102 2226 3166 tionis
2267 3116 2626 3172 sacramento,
2655 3122 2808 3178 seque
2845 3105 3031 3163 Iesum
3061 3104 3252 3161 Filium
3297 3104 3396 3161 Dei
3431 3103 3667 3166 diceres,

364 3203 571 3272 inquit,
617 3221 681 3259 ea:
736 3206 925 3261 semine
978 3206 1158 3261 David.
1219 3206 1314 3262 Hic
1374 3209 1479 3263 erit
1547 3207 1708 3264 homo
1778 3218 1833 3264 et
1904 3209 2038 3275 ti-C
2071 3203 2307 3258 vestitum
2353 3214 2484 3255 vero
2520 3200 2741 3255 Patrem
2783 3197 3078 3254 crederes?
3128 3196 3280 3252 Nunc
3315 3196 3389 3252 de
3427 3194 3660 3251 Christo.

369 3291 476 3348 lius
526 3293 781 3362 hominis,
827 3290 915 3367 qui
967 3296 1219 3353 deﬁnitus
1261 3306 1342 3353 est
1394 3297 1560 3353 Fiitts
1623 3298 1717 3353 Dei
1771 3314 1966 3355 secun-

366 3384 494 3439 dum
524 3386 789 3456 spiritum.
834 3387 930 3443 Ilic
970 3390 1072 3445 erit
1127 3390 1266 3444 Deus
1290 3431 1306 3456 ,
1347 3398 1403 3445 et
1450 3389 1640 3444 Sermo
1674 3390 1767 3445 Dei
1801 3390 1962 3447 ﬁlius.

372 3478 627 3535 Videmus
665 3481 931 3552 duplicem
974 3492 1172 3539 statum
1216 3500 1322 3538 non
1374 3470 1663 3539 contu-rum
1707 3484 1819 3555 (b).
1870 3484 1964 3541 sed

370 3571 716 3642 conjunctum
741 3574 791 3629 in
815 3589 917 3628 una
933 3590 1181 3645 persona,
1202 3575 1367 3629 Deum
1390 3584 1441 3630 et
1461 3574 1730 3630 hominem
1753 3574 1961 3631 Iesum.

374 3662 451 3717 De
493 3663 710 3719 Chrism
760 3674 937 3721 autem
990 3665 1179 3721 dill‘ero
1231 3667 1332 3738 (7).
1384 3665 1455 3721 Et
1505 3666 1639 3720 adeo
1684 3667 1827 3721 salva
1880 3677 1966 3722 cst

372 3754 649 3825 utriusque
698 3758 993 3826 proprietas
1036 3757 1370 3823 substantiae,
1413 3767 1475 3813 ut
1521 3767 1574 3813 ct
1616 3758 1838 3829 spiritus
1882 3774 1970 3815 res

375 3860 500 3901 suas
528 3848 700 3919 egerit
728 3850 777 3904 itt
810 3840 1010 3917 illo,'id
1039 3860 1124 3906 est
1151 3851 1376 3906 virtutes
1412 3861 1465 3906 et
1511 3866 1670 3921 opera
1713 3860 1767 3907 ct
1795 3852 1969 3923 signa,

377 3950 434 3995 et
467 3955 594 3997 caro
634 3943 908 4013 passiones
950 3958 1074 3998 suas
1104 3943 1277 3999 hincta
1317 3944 1407 4010 sit,
1438 3942 1682 4000 esuriens
1728 3943 1828 3999 sub
1855 3944 1974 3999 dia-

379 4035 527 4102 bolo,
571 4037 759 4093 sitiens
799 4037 901 4093 sub
937 4039 1281 4105 Satnaritide,
1315 4038 1448 4094 ﬂens
1494 4037 1778 4105 Lazarum,
1819 4037 1978 4092 anxia

379 4143 549 4201 ttsque
578 4131 643 4184 ad
692 4141 947 4197 mortem;
990 4132 1224 4203 denique
1266 4143 1319 4187 et
1364 4140 1572 4187 mortua
1603 4142 1703 4188 cst.
1735 4132 1888 4201 Quod
1929 4132 1976 4187 si

382 4225 600 4280 tertium
629 4225 753 4296 quid
785 4235 928 4282 esset
955 4242 1020 4282 ex
1048 4236 1272 4298 utroque
1297 4226 1577 4282 confusum
1608 4237 1665 4282 ut
1694 4227 1975 4293 electrum,

383 4332 489 4373 non
553 4328 658 4374 tam
718 4319 967 4375 distincta
1024 4320 1348 4408 documenta
1404 4328 1649 4390 paterent
1702 4320 1980 4390 utriusque

2072 3295 2125 3351 Si
2168 3294 2324 3348 Pater
2358 3291 2603 3347 Christus
2628 3300 2731 3356 est,
2772 3290 2930 3346 Pater
2960 3298 3153 3345 unctus
3181 3297 3287 3355 est,
3308 3297 3370 3371 et
3390 3287 3574 3357 utique
3599 3283 3666 3338 ab
3762 3330 3772 3340 .

2070 3388 2195 3443 alio.
2231 3386 2335 3440 Aut
2359 3385 2402 3439 si
2444 3399 2471 3437 a
2514 3383 2825 3454 semetipso,
2860 3384 3047 3454 proba.
3077 3380 3183 3437 Sed
3214 3394 3321 3436 non
3369 3382 3443 3436 ita
3478 3377 3670 3433 docent

2072 3480 2202 3534 Acta
2233 3474 2699 3547 Apostolorum,in
2719 3474 2803 3530 illa
2835 3474 3228 3530 exclamatione
3258 3471 3524 3528 Ecclesia:
3548 3468 3664 3541 (15)

2069 3570 2137 3626 ad
2170 3570 2369 3624 Deum:
2414 3565 2759 3623 Conveneruut
2787 3567 2921 3621 enim
2952 3565 3089 3631 (Act.
3127 3564 3219 3633 IV,
3245 3564 3340 3639 27)
3371 3563 3595 3621 universi
3621 3561 3672 3615 its

2071 3665 2170 3719 ista
2194 3663 2395 3717 civitate
2421 3661 2666 3716 adversus
2694 3670 2928 3716 sanctum
2949 3658 3144 3715 Filium
3163 3668 3307 3715 tuum
3328 3658 3513 3715 Iesum
3530 3656 3669 3728 (I6),

2076 3773 2223 3827 quem
2250 3757 2458 3820 tinxisti,
2495 3753 2735 3811 Herodes
2757 3763 2813 3809 et
2838 3754 3040 3810 Pilatus
3065 3769 3190 3819 cum
3226 3753 3576 3817 Nationibus;
3606 3748 3675 3803 ita

2078 3860 2133 3906 et
2176 3848 2367 3904 Filium
2414 3848 2504 3904 Dei
2553 3846 2736 3903 Iesum
2779 3847 3063 3903 contestati
3113 3854 3259 3911 sunt,
3299 3854 3357 3901 et
3403 3843 3598 3899 Filium
3645 3851 3677 3891 a

2084 3944 2241 3999 Patre
2285 3950 2523 3997 unctum.
2554 3940 2695 4011 Ergo
2731 3939 2887 3995 Jesus
2912 3938 3028 4011 (t7)
3072 3937 3212 3993 idem
3259 3937 3365 3992 erit
3396 3932 3674 3993 Christus,

2085 4036 2174 4107 qui
2213 4050 2243 4090 a
2272 4033 2427 4089 Patre
2459 4042 2649 4088 unctus
2674 4040 2776 4097 est,
2810 4046 2914 4086 non
2946 4030 3125 4094 Pater,
3166 4029 3256 4099 qui
3288 4027 3481 4083 Filium
3512 4020 3675 4079 unxit.

2081 4125 2172 4184 Sic
2192 4132 2247 4181 ct
2265 4125 2455 4180 Petrus
2481 4122 2619 4198 (Act.
2659 4121 2727 4186 II.
2752 4122 2878 4195 56):
2900 4119 2947 4174 F
2948 4120 3217 4176 irmissime
3230 4120 3399 4189 itaque
3418 4117 3680 4187 cognoscat

2082 4218 2245 4275 omnis
2272 4216 2453 4272 domus
2484 4214 2670 4282 Israel,
2701 4214 2836 4288 quod
2861 4225 2908 4269 et
2939 4213 3214 4267 Dominum
3240 4220 3287 4265 et
3314 4209 3596 4270 Christum,
3627 4200 3678 4255 id

2083 4322 2156 4370 est
2186 4322 2414 4378 unctum,
2458 4310 2634 4383 fecerit
2676 4324 2793 4365 eum
2824 4305 2963 4383 Deus
3005 4305 3139 4360 Iumc
3183 4303 3383 4368 Iesum,
3426 4313 3572 4373 quem
3597 4307 3713 4349 eos.

384 4409 717 4468 substant'irc.
758 4410 863 4469 Sed
888 4420 944 4469 et
969 4392 1200 4484 spiritus.
1216 4386 1472 4479 carnalia,
1495 4423 1549 4469 et
1577 4427 1703 4469 caro
1727 4386 1983 4483 spiritalia
2085 4403 2428 4475 cruciﬁxistis.
2457 4401 2692 4458 Joannes
2720 4407 2899 4456 autem
2960 4396 3016 4470 (I
3053 4395 3240 4465 Joon.,
3288 4393 3356 4462 II,
3386 4392 3482 4466 ΞΩ)
3526 4386 3679 4445 etiam

1623 4549 2002 4609 LECTIONES
2043 4543 2455 4604 VARIANTES.

481 4668 524 4795 lg)
548 4666 845 4782 (Slplnggtg'ari
866 4666 1013 4720 Rhea.

390 4808 393 4809 ,
413 4730 430 4794 ί
450 4730 523 4809 (,3).
548 4730 632 4809 Ξῖ)
644 4732 800 4809 Ῑςφὲῖ

390 4808 393 4809 ν
418 4792 429 4794 ’
475 4792 526 4918 ὅ)
548 4792 663 4843 Erat
686 4792 834 4844 Rhea.

390 4900 402 4908 .
551 4855 895 4977 ligno
916 4868 1029 4909 caro
1051 4852 1197 4906 Rhea.

2005 4663 2061 4723 D

2178 4719 2254 4773 III
2281 4721 2534 4772 Distinctae
2557 4719 2724 4771 Paris.

2178 4782 2255 4836 I2)
2273 4783 2350 4834 De
2374 4782 2530 4834 Latin.

2179 4841 2261 4899 15⁷)
2288 4846 2457 4896 Potius
2480 4845 2613 4896 enim
2634 4848 2813 4895 unctus
2836 4841 2988 4896 Rhea.

2183 4907 2261 4961 14)
2281 4910 2346 4959 At
2366 4915 2421 4958 tu
2445 4907 2593 4957 Itheu.

2185 4967 2261 5023 15)
2285 4970 2522 5021 Ecclesia:
2546 4967 2678 5020 deest
2699 4967 2853 5021 Rhea.

2185 4973 2261 5033 15)
2285 4973 2522 5021 Ecclesia:
2546 4973 2678 5020 deest
2699 4973 2777 5021 Rh

2156 4973 2269 5164 ita

2177 4658 2255 4847 to;
2277 4659 2351 4709 Ex
2375 4659 2508 4709 deest
2534 4659 2725 4729 Venet,
2750 4656 2929 4718 From,
2953 4655 3141 4718 Paris,
3163 4653 3269 4722 Rig.

2178 4723 2227 4773 tI
2281 4721 2534 4772 Distinctae
2557 4721 2724 4771 Pam.

2178 4785 2233 4836 I2
2273 4783 2350 4847 De
2374 4782 2559 4847 latin._
2840 4845 2865 4847 ξ
2884 4841 2896 4847 _

2149 4659 2176 4970 ἓ

2188 5091 2269 5149 17)
2293 5095 2532 5147 Dominus
2554 5091 2707 5145 Semt.

1766 5266 2328 5328 COMMENTARIUS.

474 5412 549 5485 (τι)
581 5410 990 5485 Transﬁguratio
1018 5422 1187 5469 autem
1209 5402 1527 5485 interemptio
1546 5417 1617 5466 est
1640 5408 1859 5485 pristini,
1884 5407 1999 5485 Ea:

400 5485 471 5541 cit
485 5478 576 5539 "hic
596 5478 863 5563 locus'ero
885 5478 1456 5563 transsubstuntiatione,
1484 5478 1650 5563 quam
1662 5479 1910 5563 catholici
1933 5478 1985 5533 in

403 5556 1141 5634 sacramentoEucharistie
1184 5566 1459 5623 asserunt,
1515 5556 1570 5610 in
1605 5556 1988 5634 assumptione

402 5643 539 5706 vero
562 5627 905 5706 humanitatis
944 5628 1145 5706 Christi
1189 5636 1424 5697 negant:
1470 5632 1651 5697 utpote
1703 5627 1791 5704 qui
1839 5627 1989 5706 juxta

403 5698 703 5770 Symbolum
731 5700 789 5756 Β.
822 5701 1124 5762 Athanasii.
1154 5693 1291 5752 unus
1335 5715 1437 5753 non
1476 5693 1989 5770 conversioneflivi-

407 5763 590 5826 n'itatis
630 5770 684 5824 in
724 5787 966 5839 carnem,
1005 5771 1099 5827 sed
1132 5771 1501 5841 assumptione
1536 5763 1884 5821 humanitatis
1929 5766 1983 5820 in

2088 5406 2275 5461 Deum.
2304 5400 2442 5457 ΡΑιι.
3283 5458 3287 5463 .

2162 5474 2244 5549 (b)
2277 5472 2405 5549 Non
2431 5469 2705 5549 confusum
2732 5510 2749 5536 ,
2783 5468 2883 5549 sed
2912 5468 3239 5549 conjunctum
3280 5466 3336 5549 ὅτε
3371 5476 3474 5549 una
3519 5463 3688 5549 ρςςξξζ

2091 5523 2700 5613 nai'été;ﬁnitimae;
2735 5523 3020 5597 'nintirtnn'
3039 5540 3179 5594 Deus
3219 5549 3275 5594 et
3323 5523 3686 5613 bommjsalfa

2092 5607 2373 5685 utriusque
2399 5607 2714 5670 substantim
2735 5613 3079 5685 proprietate,
3105 5614 3212 5685 οᾷχ)
3243 5617 3291 5665 ὲκ
3319 5607 3684 5685 συγχυσεοξςιξξε

2096 5664 2785 5756 mrsu;Iastia;
2803 5664 3303 5740 Βῗᾚιιιτιὴὶιςιΐηοη
3333 5664 3468 5732 adeo
3509 5664 3691 5724 video-

2089 5774 2177 5820 tur
2203 5758 2473 5817 recedere.
2504 5756 2580 5812 Le
2603 5756 2697 5811 Pn.
