4008 6280
277 247 362 305 195
1368 241 1576 298 LIBER
1611 239 1974 299 ADVERSUS
2013 240 2370 305 PRAXEAM.
2731 234 2735 241 ’
3437 245 3543 305 191

274 362 531 419 mordacem
546 358 962 431 notateum,qui
978 352 1420 431 negaveritlesum
1433 374 1538 412 esse
1554 357 1830 413 Christum:
1860 356 1913 419 A
1939 356 2197 430 scriptum
2224 371 2325 417 est.
2358 360 2491 418 Nam
2518 371 2574 419 et
2596 359 2905 433 Apostolus,
2938 373 3043 414 non
3071 357 3189 415 sine
3218 363 3540 430 ouere‘pro-

275 463 449 519 contra,
469 452 536 509 de
559 451 672 509 Deo
698 462 893 520 natum,
916 466 1111 506 omnem
1130 451 1216 522 qui
1243 450 1511 506 crediderit
1529 449 1708 505 Jesum
1727 465 1837 505 esse
1939 450 2190 507 nuntians
2226 450 2511 510 Christum
2579 464 2867 519 mortuum,
2896 450 3111 521 adjecit,
3143 448 3224 523 (7)
3267 451 3544 509 secundum

274 545 518 602 Christum.
569 543 800 612 Propter
837 542 977 616 quod
1026 553 1082 598 et
1147 542 1394 598 hortatur
1435 552 1494 596 ut
1552 541 1865 597 credamus.
1939 542 2271 613 Scripturas;
2306 556 2364 601 ut
2388 545 2637 602 duritiam
2665 542 3110 616 pronuntiationis
3137 542 3533 612 Scripturarum

272 635 444 693 nomini
468 633 586 689 Filii
616 634 737 705 ejus
772 633 897 691 Jesu
934 632 1156 698 Christi,
1200 642 1260 688 ut
1290 632 1499 689 scilicet
1526 632 1834 688 communio
1937 637 2255 693 auctoritate
2284 638 2542 706 molliret,
2574 647 2629 694 et
2650 636 2970 694 seandalum
2999 633 3228 689 auditori
3256 643 3523 689 everteret

272 730 332 786 sit
363 727 502 785 nobis
539 727 663 782 cum
693 726 872 793 Patre,
902 735 958 782 et
984 725 1118 781 Filio
1146 724 1265 796 ejus
1306 724 1434 781 Jesu
1478 721 1712 780 Christo.
1744 724 1835 781 Sic
1937 728 2249 801 Quanquam
2328 746 2449 787 cum
2527 730 2648 787 dua:
2708 729 3021 786 substantia:
3088 737 3409 784 censeantur
3481 728 3532 783 in

272 831 319 878 et
351 819 529 876 Paulus
572 818 768 888 ultique
806 816 975 872 Deum
1022 816 1234 872 Patrem
1280 818 1443 888 ponit,
1475 827 1529 873 et
1557 817 1834 872 Dominum

1963 821 2151 879 Ihristo
2175 824 2327 894 Jesu,
2359 825 2537 882 divina
2580 834 2636 880 et
2675 823 2928 891 humana,
2967 831 3178 877 constet
3226 830 3402 876 autem
3448 821 3546 876 im-

274 923 467 969 uostruut
482 911 659 968 Jesum
678 911 955 967 Christum.
977 910 1111 966 Cum
1134 909 1201 965 ad
1226 910 1496 965 Romanos
1525 910 1591 984 (l,
1615 909 1672 982 8)
1702 910 1834 966 scri-
1938 916 2221 974 mortalem
2249 932 2370 974 esse
2413 918 2671 984 divinam,
2699 916 2839 972 sicut
2866 914 3149 970 mortalem
3182 910 3265 987 (8)
3291 929 3409 984 qua:
3437 911 3546 967 hu-

272 1005 367 1071 hit,
401 1005 579 1077 gratias
627 1004 733 1077 agit
770 1002 878 1059 Deo
924 996 1021 1075 per.
1058 1002 1336 1057 Dominum
1380 1014 1609 1059 nostrum
1654 1000 1835 1058 Jesum

1964 1026 2095 1067 uana
2139 1013 2227 1079 sit,
2265 1020 2510 1083 apparet,
2553 1020 2812 1082 quatenus
2839 1025 2962 1065 eum
2995 1017 3260 1063 mortuum
3300 1007 3463 1073 dicat,
3497 1006 3547 1062 id

232 1086 239 1101 ’
275 1098 517 1155 Christum.
543 1096 676 1154 Cum
701 1096 771 1152 ad
796 1095 1011 1153 Galatas
1044 1094 1126 1169 (l,-
1147 1095 1223 1168 1),
1254 1112 1357 1151 non
1382 1095 1444 1149 ab
1475 1095 1759 1151 hominibus
1781 1114 1815 1150 st

1957 1112 2042 1170 :st,
2084 1120 2189 1176 qua
2219 1121 2439 1161 carnem
2472 1114 2528 1161 et
2569 1103 2839 1159 hominem
2869 1111 2927 1156 et
2957 1101 3122 1155 lilium
3156 1099 3408 1164 hominis,
3437 1115 3540 1154 non

272 1190 524 1263 apostolum
559 1190 787 1262 praefert,
830 1203 919 1244 nec
957 1205 1047 1260 per
1095 1189 1369 1256 hominem,
1416 1189 1507 1244 sed
1535 1206 1625 1261 per
1654 1189 1835 1244 Iesum
1939 1211 2041 1268 qua
2081 1197 2326 1266 Spiritum
2377 1207 2431 1252 ct
2467 1196 2781 1253 Sermonem
2829 1202 2884 1249 et
2934 1193 3023 1248 Dei
3056 1191 3275 1246 Filiutm
3317 1191 3551 1247 Diceudo

272 1280 514 1350 Christum,
563 1293 611 1337 et
657 1280 827 1337 Deum
874 1280 1103 1336 Patrem.
1150 1280 1220 1336 Et
1264 1281 1432 1337 habes
1481 1289 1589 1336 tota
1631 1280 1833 1337 instru-
1938 1288 2190 1358 denique,
2219 1289 2465 1344 Christus
2495 1297 2738 1343 mortuus
2764 1294 2868 1353 cst,
2901 1284 2952 1340 id
2978 1292 3297 1350 cstuuctus,
3330 1282 3382 1338 id
3406 1283 3549 1354 quod

274 1386 429 1433 menta
470 1373 548 1449 (l)
584 1375 723 1446 ejus,
758 1390 878 1446 quae
930 1374 981 1429 in
1025 1374 1168 1431 hunc
1212 1374 1430 1429 modum
1462 1374 1832 1444 pronuntiant,
1941 1390 2156 1433 unctum
2198 1390 2300 1446 εει,
2330 1391 2602 1435 mortuum
2631 1376 2884 1443 ostendit,
2919 1374 2969 1431 id
2997 1384 3079 1431 est
3106 1391 3344 1430 carnem.
3386 1374 3549 1451 Ergo,

272 1479 318 1527 ει
338 1469 459 1527 duos
484 1476 809 1540 Ρτονοιιυηιν
833 1468 999 1524 Deum
1034 1469 1268 1533 Patrem,
1298 1478 1354 1523 et
1380 1467 1668 1523 Dominum
1705 1476 1833 1522 nos-
1941 1471 2139 1542 inquis,
2166 1481 2221 1528 et
2246 1482 2343 1526 nos
2367 1471 2554 1527 eadem
2588 1470 2794 1525 ratione
2821 1468 3033 1524 Patrem
3062 1478 3331 1522 mortuum
3362 1465 3441 1539 (9)
3472 1466 3554 1521 di-

272 1576 391 1622 trum
414 1565 589 1622 .lesum
614 1548 886 1621 Christum
916 1564 1113 1620 Filium
1145 1562 1340 1631 Patris,
1366 1571 1422 1618 et
1448 1561 1631 1618 Jesum
1659 1563 1833 1630 ipsum
1940 1574 2126 1621 centes
2152 1580 2253 1636 qua
2272 1581 2363 1621 vos
2381 1562 2496 1637 (10)
2528 1563 2742 1631 Filium,
2763 1579 2867 1618 nou
2899 1562 3334 1632 blasphemamus
3361 1562 3415 1616 in
3443 1560 3551 1615 Do-

272 1657 678 1723 esserristum,
709 1656 763 1711 in
790 1655 960 1712 altero
989 1669 1202 1725 quoque
1239 1652 1458 1709 nomine
1488 1652 1584 1708 Dei
1615 1651 1832 1707 Filium.
1943 1657 2146 1711 minum
2181 1659 2384 1711 Demn:
2429 1672 2535 1710 non
2575 1654 2718 1710 enim
2758 1670 2823 1710 ex
2850 1653 3051 1717 divina,
3097 1652 3286 1708 sed-ex
3323 1650 3552 1706 humana

271 1747 384 1805 Natu
406 1749 593 1806 exinde
616 1764 684 1804 eo
706 1749 832 1818 jure
854 1763 961 1820 quo
997 1756 1281 1819 utrumque
1325 1761 1519 1801 nmucn
1546 1744 1703 1800 unius
1728 1755 1831 1811 est,
1865 1757 1914 1818 B
1941 1748 2237 1805 Substantia
2252 1756 2519 1803 mortuum
2547 1746 3012 1816 dicimus.Atquiu
3030 1745 3077 1819 (l
3096 1744 3146 1818 l)
3173 1746 3555 1815 blasphematis

274 1841 318 1898 id
331 1852 402 1898 est
420 1842 505 1898 Dei
525 1841 649 1899 Filii
703 1838 807 1914 (Ξ),
837 1841 997 1897 etiam
1025 1840 1250 1895 alterum
1267 1839 1385 1894 sine
1404 1839 1573 1893 altero
1593 1837 1835 1908 ejusdem
1944 1858 2051 1896 non
2084 1850 2286 1896 tantum
2315 1841 2437 1912 quia
2472 1850 2738 1895 mortuum
2769 1840 2948 1896 dicitis
2975 1841 3210 1905 Patrem,
3239 1838 3332 1894 sed
3355 1847 3407 1894 et
3433 1839 3555 1908 quia
3583 1841 3605 1887 7

273 1943 357 1989 εει.
394 1933 456 1990 Ει
485 1933 599 1991 sive
626 1933 790 1990 Iesus
825 1932 1197 1989 tantummodo
1244 1929 1472 2001 positqu
1502 1938 1606 1995 est,
1636 1929 1839 1984 iutelli—
1944 1932 2281 2001 crucifixum.
2319 1932 2692 1988 hialedictione
2718 1930 2859 1986 enim
2894 1932 3155 1996 crucifixi,
3186 1946 3306 2002 qua:
3332 1947 3401 1985 ex
3434 1932 3555 2001 lege

274 2028 395 2099 gitur
428 2038 479 2084 et
512 2026 763 2084 Christus
801 2043 818 2085 :
864 2029 986 2098 quia
1023 2025 1181 2081 Jesus
1217 2022 1298 2097 (ὅ)
1346 2033 1538 2079 unctus
1567 2032 1674 2080 est.
1717 2022 1843 2079 Sive
1947 2010 2018 2078 in‘
2047 2022 2239 2079 Filium
2281 2024 2532 2095 competit
2575 2021 2733 2096 (quia
2773 2022 3017 2079 Christus
3058 2039 3153 2093 pro
3192 2023 3348 2079 nobis
3386 2025 3557 2080 male-

273 2120 581 2178 solummodo
607 2121 851 2178 Christus
877 2120 1015 2176 idem
1040 2130 1123 2176 est
1149 2118 1328 2190 Jesus,
1363 2116 1442 2191 (l)
1470 2124 1477 2127 ‘
1501 2119 1622 2190 quia
1656 2127 1862 2191 unctus
1948 2118 2112 2174 dictio
2137 2115 2253 2190 (12)
2275 2118 2441 2173 iactus
2467 2126 2571 2184 est,
2592 2132 2698 2171 non
2722 2114 2927 2188 Pater),
2956 2115 3226 2173 Christum
3259 2118 3309 2171 in
3341 2116 3555 2172 Patrem

276 2212 529 2287 estJesus.
561 2214 799 2280 Quorum
845 2213 1122 2268 nominum
1166 2212 1396 2267 alterum
1425 2220 1508 2267 εει
1546 2211 1841 2283 proprium,
1949 2222 2342 2276 convertentes,
2393 2211 2446 2266 in
2484 2210 2716 2277 .Patrem
2755 2209 3159 2279 blasphematis.
3221 2207 3329 2265 Nos
3375 2218 3554 2264 autem
3630 2272 3648 2283 χ

230 2298 396 2376 τιμιυά
432 2308 495 2364 ab
538 2307 734 2379 angelo
783 2300 1090 2377 impositum
1140 2315 1256 2372 est;
1306 2307 1533 2361 alterum
1572 2305 1845 2377 accidens,
1950 2305 2191 2361 dicentes
2211 2303 2480 2359 Christum
2499 2302 2836 2371 cruciﬁxum,
2860 2317 2966 2357 non
2994 2301 3360 2358 maledicimus
3382 2301 3552 2372 illum,

276 2398 400 2468 quod
441 2399 507 2454 ab
560 2401 816 2455 unctione
861 2399 1144 2463 convenit;
1189 2397 1316 2453 dum
1372 2407 1550 2452 tamen
1604 2397 1849 2453 Christus
1951 2397 2046 2454 Sed
2075 2397 2415 2453 maledictum
2458 2397 2590 2468 legis
2621 2395 2935 2463 referimus;
2975 2396 3098 2466 quia
3140 2410 3241 2451 nec
3268 2380 3558 2466 Apostolus

244 2488 421 2557 .Filius
462 2493 557 2560 sit,
603 2506 710 2549 non
758 2491 938 2548 Pater.
980 2491 1281 2559 Postremo,
1316 2506 1479 2561 quam
1524 2505 1701 2546 caecus
1743 2501 1846 2558 est,
1954 2490 2058 2546 hoc
2085 2490 2271 2546 dicens
2312 2489 2721 2560 blasnhemavit.
2752 2490 2903 2546 Sicut
2938 2498 3140 2558 autem,
3186 2488 3387 2560 dequo
3427 2485 3588 2561 quid’

277 2583 352 2654 qui
375 2599 465 2642 nec
488 2585 542 2640 in
571 2584 771 2640 Christi
808 2587 1027 2640 nomine
1056 2584 1307 2655 intelligit
1340 2583 1501 2661 alium
1534 2583 1699 2639 Deum
1728 2599 1851 2654 por-
1952 2570 2099 2653 capit
2124 2583 2252 2650 dici,
2285 2583 2402 2639 sine
2439 2582 2769 2652 blaSpbemia
2796 2582 3022 2648 dicitur;
3053 2583 3122 2639 ita
3153 2583 3295 2655 quod
3326 2599 3432 2641 non
3461 2600 3555 2641 ca-

279 2675 421 2745 tendi,
437 2677 721 2734 siCbristo
742 2692 937 2733 nomen
961 2677 1135 2733 Patris
1198 2675 1278 2749 (5)
1301 2675 1681 2732 adscribat?Si
1707 2675 1849 2732 enim
1953 2676 2052 2746 pit,
2086 2676 2421 2747 blasphemia
2462 2685 2548 2732 est
2588 2676 2632 2732 si
2677 2676 2904 2732 dicatur.
2934 2675 3076 2746 Ergo
3104 2691 3204 2732 nec
3245 2692 3561 2750 compassus

278 2764 492 2825 Christus
516 2769 683 2825 Pater
724 2768 865 2824 Deus
901 2778 1002 2835 est,
1034 2769 1125 2841 qui
1157 2768 1285 2824 dicit
1316 2765 1522 2841 (Joan.,
1564 2766 1685 2834 XX,
1719 2767 1809 2842 17)
1835 2786 1848 2822 :
1954 2780 2038 2823 est
2065 2768 2222 2824 Pater
2249 2767 2418 2835 Filio;
2450 2768 2528 2824 sic
2550 2766 2695 2824 enim
2724 2766 2840 2841 (15)
2873 2767 3130 2825 directam
3166 2769 3556 2840 blasphemiam

279 2860 483 2919 Ascendo
506 2862 577 2917 ad
600 2861 815 2918 Patrem
844 2879 1010 2918 meum
1035 2871 1082 2916 et
1105 2858 1312 2916 Patrem
1340 2842 1581 2927 uestrum,
1613 2872 1659 2916 et
1690 2860 1853 2916 Deum
1956 2858 2011 2930 in
2058 2859 2272 2916 Patrem
2323 2861 2499 2924 veriti,
2533 2859 2756 2915 diminui
2798 2875 2917 2915 eam
2959 2860 3061 2915 hoc
3104 2861 3266 2917 modo
3312 2873 3557 2931 sperant,

280 2968 423 3009 meum
446 2966 491 3011 et
514 2954 686 3011 Deam
709 2965 959 3020 oestrum;
985 2955 1168 3025 utique
1190 2953 1351 3008 alium
1374 2952 1587 3008 Patrem
1610 2968 1771 3023 super
1791 2968 1853 3010 se
1955 2951 2316 3007 concedentes
2331 2951 2442 3020 jam
2467 2953 2676 3007 Patrem
2701 2961 2754 3006 et
2780 2951 2972 3006 Filium
2991 2952 3126 3006 duos
3148 2967 3290 3019 esse;
3314 2954 3359 3008 si
3387 2953 3560 3010 Filius

277 3055 324 3102 et
348 3045 499 3104 Deum
523 3046 784 3104 ostendit.
810 3045 868 3103 Si
890 3046 1017 3102 item
1046 3045 1205 3101 Pater
1220 3043 1467 3101 Christus
1487 3055 1591 3111 est,
1619 3045 1754 3100 alius
1771 3054 1855 3101 est
1953 3042 2168 3115 quidem
2200 3043 2322 3116 (M)
2354 3043 2570 3113 patitur,
2612 3043 2771 3099 Pater
2790 3058 2919 3099 vero
2943 3044 3282 3114 contratitur.
3320 3046 3474 3101 Stulti
3506 3056 3563 3103 et
3600 3091 3621 3109 ,

278 3139 354 3209 qui
389 3139 571 3196 solidat
600 3140 906 3204 tonitruum,
938 3148 986 3193 et
1033 3137 1203 3193 condit
1246 3137 1502 3208 spiritum,
1551 3148 1599 3193 et
1648 3154 1849 3192 aunuu-
1879 3152 1925 3217 ρ
1958 3135 2011 3191 in
2040 3134 2160 3190 hoc.
2189 3135 2326 3202 Quid
2355 3143 2441 3191 est
2464 3136 2605 3189 enim
2636 3137 2892 3206 compati,
2925 3152 3082 3207 quam
3113 3153 3237 3191 cum
3267 3138 3375 3194 alio
3416 3140 3560 3209 pati?
3601 3124 3607 3136 λ

279 3232 361 3287 tiat
382 3235 433 3288 in
467 3234 700 3290 Itomiues
734 3232 995 3287 Christum
1012 3246 1179 3287 "suum
1213 3230 1412 3303 (Amos,
1452 3229 1539 3297 IV,
1572 3228 1698 3302 l5);
1728 3240 1782 3287 et
1811 3232 1856 3287 si
1961 3225 2151 3292 Porro,
2170 3227 2213 3282 si
2246 3226 2589 3309 impassibilis
2610 3227 2789 3296 Pater,
2810 3229 2993 3300 utique
3018 3238 3071 3284 et
3093 3229 3559 3302 iucompassibilis.

280 3325 558 3383 σάκειεηιηι
584 3343 733 3399 τερα
760 3336 929 3394 terrm,
970 3334 1018 3380 et
1054 3324 1321 3379 archonte:
1343 3324 1635 3395 congregati
1662 3323 1859 3378 suntin
1961 3320 2070 3374 Aut
2106 3319 2150 3374 si
2187 3320 2600 3391 compassibilis,
2650 3320 2832 3391 utique
2868 3323 3150 3392 passibilis.
3196 3323 3346 3378 Nihil
3385 3326 3434 3381 ei
3475 3328 3562 3383 vel

280 3433 416 3474 unum
441 3411 688 3477 adversus
714 3419 973 3476 Christum
997 3419 1160 3491 ipsius
1194 3418 1313 3489 (Ps.
1340 3416 1406 3482 ll,
1434 3415 1527 3489 2);
1574 3416 1711 3472 alius
1756 3417 1862 3472 crit
1965 3412 2067 3469 hoc
2094 3412 2283 3469 timore
2306 3424 2397 3469 tuo
2418 3411 2536 3487 (15)
2556 3423 2799 3485 praestas.
2818 3414 3003 3470 Times
3024 3414 3205 3471 dicere
3232 3416 3560 3486 passibilem,

280 3508 748 3580 Βοιηῑηυε,οοιιιι-;ι
769 3512 925 3582 cujus
946 3511 1219 3567 Christum
1242 3510 1548 3582 congregati
1564 3519 1689 3565 sunt
1709 3525 1862 3582 reges
1963 3520 2124 3575 quem
2156 3505 2290 3560 dicis
2329 3506 2781 3575 compassihilem.
2827 3505 2959 3562 Tam
2989 3518 3166 3563 autem
3208 3509 3561 3581 incompaSsi-

279 3604 649 3662 etarchontes.
680 3603 749 3660 Et
777 3605 860 3659 si:
899 3602 1022 3659 Haec
1058 3603 1178 3658 dicit
1217 3600 1467 3657 Dominus
1508 3601 1729 3657 Domino
1753 3619 1862 3657 meo
1965 3597 2086 3653 bilis
2118 3596 2234 3672 (16)
2261 3598 2416 3654 Pater
2460 3609 2561 3666 est,
2609 3614 2766 3670 quam
2806 3598 3156 3670 impassibilis
3181 3600 3346 3657 etiam
3398 3600 3567 3658 Filius

281 3694 461 3754 Christo
487 3697 616 3771 (ls.,
643 3696 808 3764 XLV,
832 3694 922 3769 1);
948 3697 1081 3752 alius
1105 3694 1209 3751 erit
1233 3695 1490 3751 Dominus
1513 3695 1599 3765 qui
1628 3686 1865 3765 loquitur
1967 3710 2032 3749 ex
2077 3709 2138 3750 ea
2180 3693 2490 3750 conditione
2529 3710 2630 3765 qua
2676 3693 2816 3749 Deus
2847 3704 2950 3749 est.
2995 3695 3100 3750 Sed
3146 3696 3418 3767 quomodo
3445 3697 3565 3771 (17)

280 3787 338 3844 ad
360 3788 564 3847 Patrem
607 3776 835 3847 Christi.
876 3787 947 3843 Et
974 3803 1097 3843 cum
1135 3787 1422 3857 Apostolus
1447 3787 1631 3843 scribit
1673 3785 1860 3860 (Eph.,
1968 3787 2137 3844 Filius
2162 3803 2350 3859 passus
2375 3799 2477 3852 est,
2501 3787 2545 3842 si
2578 3803 2683 3843 non
2715 3782 3029 3859 co‘mpassus
3056 3799 3138 3845 est
3167 3799 3222 3845 et
3246 3791 3437 3846 Pater?
3464 3794 3569 3848 Se.

280 3876 319 3946 1,
340 3879 457 3955 i7):
492 3880 581 3938 Uti
624 3879 775 3936 Deus
805 3879 1013 3935 Domini
1056 3881 1216 3934 nostri
1241 3877 1368 3934 Jesu
1399 3877 1586 3933 Christi
1616 3878 1698 3933 det
1727 3878 1864 3932 vobis
1969 3881 2258 3953 parabatur
2286 3880 2404 3952 (18)
2430 3896 2460 3935 a
2488 3879 2783 3948 Filio,‘non
2820 3897 2850 3936 a
2882 3880 3011 3937 Deo.
3045 3889 3180 3936 Nam
3211 3890 3268 3937 et
3304 3881 3499 3939 ﬂuvius
3522 3886 3567 3941 si

278 3974 494 4047 spiritum
510 3973 788 4048 sapientia
805 3982 854 4029 et
886 3973 1186 4045 agnitionis;
1211 3972 1346 4027 alius
1374 3972 1476 4027 erit
1500 3972 1641 4027 Deus
1668 3970 1865 4026 Christi
1928 3973 2143 4058 \aliqua
2176 3971 2497 4029 turbulentia
2524 3973 2942 4041 contaminatur,
2971 3988 3273 4058 quanquam
3314 3991 3419 4031 una
3444 3977 3571 4032 sub-

280 4044 395 4124 tlesu
417 4044 808 4126 charismatum
849 4044 1204 4139 spiritualium
1237 4066 1453 4138 largitor
1484 4064 1682 4140 (Hann,
1719 4065 1862 4135 Vill,
1928 4044 2165 4123 \slantia
2217 4067 2284 4123 de
2319 4065 2465 4122 fonte
2506 4065 2779 4133 decurrat,
2826 4082 2924 4122 nec
2974 4044 3290 4125 secernatur
3329 4084 3359 4125 a
3401 4070 3569 4140 fonte,
3603 4127 3623 4156 τ

281 4154 384 4227 Il).
426 4160 603 4222 Certe.
645 4175 713 4215 ne
754 4174 850 4227 per
892 4159 1069 4214 omnia
1114 4172 1436 4229 evagemur;
1485 4159 1571 4228 qui
1611 4160 1869 4215 suscitauit
1973 4170 2150 4217 tamen
2172 4161 2323 4215 ﬂuvii
2346 4160 2538 4231 injuria
2562 4177 2669 4216 non
2698 4160 3071 4231 pertinebitad
3096 4163 3322 4221 fontem.
3353 4164 3422 4220 Et
3447 4166 3575 4223 licet

282 4246 540 4319 Christum,
573 4252 920 4307 suscitaturus
949 4245 1028 4305 es?
1061 4259 1108 4304 et
1137 4246 1374 4306 mortalia
1410 4267 1633 4323 corpora
1656 4263 1864 4320 nostra;
1972 4270 2108 4326 aqua
2142 4254 2302 4310 fontis
2340 4254 2410 4310 sit
2438 4270 2558 4326 quae
2586 4254 2702 4326 (19)
2733 4254 2967 4327 patiatur
3004 4256 3056 4312 in
3084 4256 3276 4326 ﬂuvio;
3308 4261 3433 4319 dum
3464 4277 3574 4319 nou

279 4337 634 4414 jamqttealius
660 4340 746 4416 (6)
788 4343 894 4399 erit
931 4341 1218 4397 suscitator
1237 4358 1395 4412 quam
1420 4341 1579 4398 Pater
1600 4353 1867 4412 mortuus,
1976 4346 2029 4401 in
2065 4344 2213 4400 t‘oute
2248 4345 2466 4416 patitur,
2510 4346 2604 4401 sed
2630 4347 2684 4401 in
2714 4345 2900 4414 ﬂuvio,
2930 4362 3036 4404 non
3074 4348 3193 4406 fons
3218 4356 3435 4421 patitur,
3477 4352 3575 4410 sed

223 4427 227 4431 ’
283 4444 334 4490 et
375 4435 530 4494 Pater
572 4436 892 4508 suscitatus,
942 4436 989 4492 si
1037 4433 1286 4515 Christus
1334 4435 1425 4509 qui
1470 4445 1554 4493 est
1602 4446 1865 4503 mortuus,
1975 4437 2169 4493 ﬂuvius
2200 4437 2290 4509 qui
2331 4453 2394 4493 ex
2427 4435 2575 4493 fonte
2616 4448 2718 4493 est.
2750 4437 2842 4504 Ita,
2876 4449 2931 4495 et
2976 4441 3020 4495 si
3061 4440 3176 4511 (20)
3206 4442 3428 4513 spiritus
3478 4444 3570 4500 Dei

284 4523 429 4586 Pater
463 4540 569 4589 est.
954 4522 963 4531 ί
1895 4551 1952 4614 D
1975 4530 2101 4603 quid
2126 4531 2233 4601 pati
2259 4540 2437 4601 posset
2463 4528 2577 4603 (21)
2602 4530 2655 4585 ἰη
2678 4530 2837 4597 Filio,
2859 4533 2982 4604 quia
3003 4532 3311 4591 tamennon
3337 4538 3387 4592 in
3415 4537 3577 4597 Patre

843 4621 1074 4680 CAPUT
1120 4622 1316 4680 XXIX.
1979 4632 2270 4695 pateretur,
2312 4622 2407 4679 sed
2440 4623 2492 4678 in
2535 4622 2695 4691 Filio,
2725 4624 2883 4682 Pater
2923 4641 3112 4697 passus
3142 4645 3246 4685 non
3281 4630 3574 4689 videretur.

348 4713 717 4785 Obmutescat,
750 4717 1086 4776 Obmutescat
1129 4718 1230 4776 ista
1259 4719 1613 4793 blasphemia,
1649 4721 1879 4780 sufficiat
1978 4718 2083 4774 Sed
2110 4715 2310 4773 sufﬁcit
2351 4716 2486 4772 nihil
2524 4718 2770 4789 spiritum
2800 4717 2895 4776 Dei
2940 4735 3156 4791 passum
3203 4738 3301 4779 suo
3328 4726 3575 4794 nomine;

288 4805 540 4868 aristam
582 4810 785 4869 Filium
820 4810 914 4869 Dei
938 4819 1211 4870 mortuum
1237 4812 1382 4883 dici;
1430 4822 1486 4871 et
1522 4813 1629 4871 hoc
1656 4814 1780 4887 quia
1804 4814 1878 4871 ita
1980 4810 2107 4882 quia
2150 4808 2195 4864 si
2237 4806 2363 4880 quid
2398 4823 2589 4881 passus
2615 4818 2717 4877 est,
2748 4810 2800 4866 in
2828 4810 2966 4869 Filio
2990 4814 3208 4887 quidem
3251 4831 3440 4905 passus
3468 4829 3575 4887 est,

1502 4967 1891 5028 LECTlONES
1928 4961 2345 5026 VARIANTES.

370 5078 614 5150 “19mm
637 5084 1021 5150 imi-omentum
1043 5082 1193 5136 ιυιεη,
1529 5141 1547 5150 “
2047 5075 2151 5150 (lg)
2177 5075 2520 5150 maledictioue
2546 5078 2724 5143 Fran.,
2749 5077 2938 5144 Paris,
2956 5078 3067 5149 Rig.

367 5140 418 5199 ἃ)
438 5145 595 5199 Filius
610 5144 760 5198 Rhea.
1529 5141 1547 5150 “
2048 5140 2151 5199 (15)
2176 5140 2313 5191 Sicut
2330 5140 2478 5191 Rhea.

434 5208 664 5262 Chians
682 5208 799 5260 add.
825 5208 979 5262 thert.
2047 5199 2150 5266 (14)
2176 5202 2428 5266 Siquidem
2452 5199 2598 5253 Rhea.

442 5269 756 5322 Solumodo
775 5272 923 5322 deest
944 5277 998 5323 et
1017 5269 1168 5322 Iesus
1188 5271 1336 5324 Rhea.
2049 5264 2154 5324 (15)
2180 5264 2344 5314 Veluti
2369 5270 2559 5314 mortuo
2583 5265 2736 5315 Seml.

346 5078 425 5430 ἓ

350 5430 467 5777 ξ

642 5344 823 5397 nomen
846 5336 971 5397 potri
995 5333 1144 5397 Sirmi.
1278 5396 1283 5397 ν
1471 5395 1479 5397 _
2055 5326 2158 5397 (lg)
2182 5326 2543 5397 Compassibilis
2554 5326 2714 5397 §_eml.
2903 5332 2963 5397 __‘

442 5330 823 5387 Christimmen
846 5336 971 5397 potri
995 5333 1144 5385 Seml.
2079 5329 2139 5380 16
2182 5329 2543 5389 Compassibilis
2565 5329 2714 5377 Seml.
2814 5387 2824 5397 .
2948 5332 2963 5340 ‘

440 5393 845 5523 alius
865 5395 1016 5448 Rhea.
1042 5395 1222 5461 Utique
1243 5396 1368 5448 alius
1387 5395 1498 5507 cod.
1531 5406 1712 5448 trama.
2182 5388 2765 5511 gamgz‘ﬁoghgtouwu
2789 5386 2871 5438 hb-
2900 5391 3063 5443 Ursin.

440 5514 837 5634 Wall
879 5518 1422 5637 Ιιιηᾼῐυὲαῐῃιιιωεω
1447 5520 1596 5573 Ittteu.
2176 5510 2459 5624 set
2479 5524 2624 5575 teque
2650 5510 2806 5561 Latin.
2916 5561 2927 5564 ,

440 5634 747 5706 illum
778 5684 801 5697 γε
826 5703 834 5706 Α
929 5590 1079 5639 Μ’
1241 5621 1255 5637 ’
2074 5639 2128 5687 21
2178 5612 2338 5689 Ρόεδὶι
2359 5632 2503 5686 δεηιι.
2530 5633 2607 5685 Ita
2628 5638 2681 5685 et
2720 5632 2806 5696 qui
2831 5634 3013 5697 patitur
3036 5640 3063 5688 1

576 5519 837 5574 mortalem
879 5521 1001 5572 Jun.
1024 5518 1142 5574 Cum
1166 5520 1422 5575 mortalem
1447 5520 1596 5573 Rhea.
2051 5510 2156 5575 (19)
2180 5510 2358 5575 Utique
2385 5510 2459 5575 uel
2479 5524 2624 5575 teque
2650 5510 2806 5561 Latin.

666 5569 909 5635 Meum"
733 5569 750 5571 ⁷⁷
884 5569 897 5572 ⁷
1277 5569 1422 5575 ww
2050 5569 2151 5639 (ΞΟ)
2176 5575 2252 5639 Et.
2279 5569 2427 5639 38ml-

464 5517 837 5634 Wem
879 5518 1142 5594 Jun..('.um
1166 5520 1422 5575 mortalem
1447 5520 1596 5573 Ittteu.
2074 5517 2135 5625 ἐξ
2176 5517 2459 5624 ⁸ἳει
2479 5524 2624 5575 teque
2650 5517 2806 5561 Latin.
2916 5561 2927 5564 ,

929 5590 1079 5639 Μ’
1103 5584 1255 5637 sm.
2050 5517 2156 5703 (ξιξ
2178 5612 2338 5689 Possit
2359 5609 2503 5686 sentt.
2530 5633 2607 5685 Ita
2628 5638 2681 5685 et
2720 5632 2806 5696 qui
2831 5634 3013 5697 patitur
3036 5636 3208 5688 Paris:

3354 5892 3534 5917 μου-ἀνθ,
