4008 6280
334 289 436 345 195

1751 266 2134 327 ΤΕΒΤΗΜᾸΑ
2144 265 2213 323 Νι

3530 253 3646 312 196

331 401 384 457 in
414 414 521 471 quo
583 406 699 455 erat
725 403 779 452 et
807 393 887 467 (l)
917 393 1094 454 Pater,
1125 404 1246 446 enni
1291 386 1456 443 Filius
1515 383 1598 457 (Ξ)
1657 392 1926 454 pateretur
1952 388 2005 445 Α
2030 378 2224 435 exinde
2249 390 2550 463 sessurnm,
2581 374 2740 429 donec
2772 372 2892 439 (Ps.
2916 371 3049 438 CIX,
3078 370 3137 443 2)
3179 379 3329 441 ponat
3355 369 3436 423 illi
3471 367 3642 423 Pater

332 494 387 550 in
415 508 607 557 carne;
639 492 759 563 quia
790 490 891 543 hoc
940 494 1283 542 retractatum
1334 483 1434 554 (5).
1481 479 1589 535 Nec
1647 478 1926 547 quisquam

336 586 573 656 negabit,
605 581 818 653 quando
849 588 903 635 et
944 595 1043 634 nos
1074 579 1180 648 pati
1221 591 1316 647 pro
1349 575 1457 628 Deo
1517 587 1620 626 non
1668 567 1746 641 (4)
1807 584 1930 639 pos-

332 693 537 744 sumus,
573 678 672 731 nisi
726 673 808 747 (5)
858 674 1077 744 Spiritus
1104 671 1195 725 Dei
1237 671 1305 723 sit
1355 668 1405 722 in
1446 664 1602 721 nobis
1626 664 1715 735 qui
1753 671 1809 719 et
1848 664 1929 716 lo-

333 760 512 843 quitur
552 770 620 824 de
665 767 821 823 nobis
880 782 1000 837 quae
1040 772 1165 818 sunt
1213 757 1602 823 confessionis;
1666 771 1771 811 non
1817 754 1931 826 ipse

334 876 511 920 tamen
544 864 776 934 patiens,
806 859 898 916 sed
934 858 1038 929 pati
1066 870 1223 927 posse
1252 862 1535 924 prtestans.

895 950 1121 1008 CAPUT
1152 948 1322 1004 XXX.

407 1055 654 1129 Alioquin
701 1053 743 1107 si
795 1050 932 1105 ultra
986 1061 1180 1118 pergas
1223 1043 1326 1116 (6),
1391 1052 1579 1113 potero
1622 1040 1711 1094 tibi
1748 1036 1933 1093 durius

336 1147 683 1219 respondere,
724 1154 776 1199 et
799 1153 994 1199 tecum
1025 1141 1193 1212 ipsius
1246 1136 1454 1191 Domini
1501 1130 1934 1204 pronuntiatione

332 1241 690 1301 cmmnittere,
709 1234 783 1291 uti
802 1234 975 1289 dicam
1000 1230 1168 1298 :Qnid
1192 1228 1260 1284 de
1283 1224 1620 1296 istoqumris?
1657 1222 1827 1277 Ilabcs
1856 1220 1934 1289 (7)

332 1336 506 1405 ipsum
556 1332 945 1387 exclamantem
990 1327 1043 1381 in
1080 1324 1366 1394 passione:
1411 1318 1549 1374 Deus
1589 1333 1751 1381 meus,
1798 1313 1935 1369 Dens

332 1442 494 1488 utens,
524 1433 578 1477 ut
617 1423 738 1492 quid
771 1436 850 1474 me
880 1415 1231 1487 dereliquisti?
1261 1413 1401 1485 Ergo
1442 1421 1532 1466 aut
1570 1410 1739 1465 Filius
1769 1407 1937 1478 patie-

332 1518 491 1572 batur
520 1532 547 1568 a
576 1515 736 1570 Patre
758 1511 1071 1575 derelictus,
1101 1517 1156 1563 et
1184 1508 1341 1562 Pater
1369 1492 1693 1576 passns'non
1720 1512 1821 1561 est.
1846 1498 1937 1571 qui

336 1596 535 1666 Filium
569 1604 889 1675 dereliquit;
931 1611 1023 1657 aut
1064 1601 1109 1655 si
1150 1601 1309 1655 Pater
1336 1608 1454 1653 erat
1496 1596 1584 1666 qui
1615 1595 1935 1666 patiebatur,

333 1703 399 1757 ad
434 1717 592 1771 quem
627 1692 795 1757 Deum
838 1694 1207 1752 exclamabat?
1248 1692 1352 1749 Sed
1384 1691 1497 1746 haec
1526 1706 1624 1744 vox
1670 1688 1846 1745 carnis
1885 1695 1939 1741 et

2034 488 2206 526 omnes
2244 468 2478 524 inimicos
2516 467 2608 522 sub
2636 466 2846 538 pedibus
2876 467 3003 520 suis.
3037 464 3133 520 Hic
3174 473 3229 521 et
3258 473 3523 519 venturus
3552 469 3645 518 est

2035 581 2223 621 rursus
2248 581 2401 636 super
2428 563 2582 617 nubes
2613 560 2675 635 (l
2726 560 2869 628 Cor.,
2914 558 3051 630 XV)
3081 559 3215 624 ca’li,
3240 557 3359 612 talis
3380 556 3558 628 qualis
3585 564 3645 611 et

2033 659 2291 715 ascendit.
2319 657 2415 713 llic
2446 656 2658 712 interim
2677 666 2954 725 acceptum
2980 668 3011 708 a
3033 652 3191 709 Patre
3213 667 3404 723 munus
3423 649 3638 715 cﬂ'udit,

2033 752 2288 823 Spiritum
2322 750 2596 813 Sanctum,
2625 747 2838 802 tertium
2871 760 3065 800 nomen
3095 743 3211 816 (12)
3238 743 3554 808 divinitatis,
3584 752 3643 797 et

2038 845 2252 900 tertium
2283 842 2505 914 gradum
2540 839 2836 907 maiestatis
2866 836 3005 909 (1'5),
3037 838 3193 891 unius
3222 836 3638 907 prazdicatorem

2035 937 2383 1003 monarchim,
2429 934 2524 991 sed
2582 944 2638 989 et
2690 933 3003 989 (econoniim
3050 932 3539 999 interpretatorem.
3589 928 3638 983 si

2035 1034 2155 1102 quis
2188 1029 2266 1102 (α)
2297 1042 2577 1085 sermOnes
2604 1041 2754 1081 nova:
2782 1023 3075 1098 prophetiae
3104 1023 3222 1093 ejus
3250 1021 3551 1085 admiserit,
3580 1028 3641 1075 et

2037 1122 2383 1180 deductorem
2417 1119 2531 1193 (M)
2568 1119 2743 1174 omnis
2774 1117 3031 1182 veritatis,
3064 1130 3181 1186 qua:
3211 1122 3295 1170 est
3322 1114 3374 1168 in
3398 1114 3555 1168 Patre
3581 1119 3640 1168 et

2040 1214 2178 1270 Filio
2200 1224 2253 1269 et
2278 1213 2479 1286 Spiritu
2509 1213 2728 1277 Sancto,
2759 1209 3050 1266 secundum
3074 1207 3423 1277 christianum
3455 1219 3642 1261 sacra-

2039 1317 2300 1363 mentum.

2602 1394 2828 1453 CAPUT
2864 1392 3061 1455 XXXI.

2113 1509 2379 1567 Creterum
2434 1507 2659 1581 judaica:
2710 1508 2833 1564 iidei
2883 1509 2982 1563 ista
3033 1522 3119 1562 res
3162 1503 3300 1580 (15),
3349 1506 3428 1561 sic
3471 1522 3701 1562 unumr

2044 1604 2211 1660 Deum
2242 1603 2484 1664 credere,
2511 1611 2567 1657 ut
2586 1601 2778 1657 Filium
2800 1600 3156 1657 adnumerare
3186 1601 3233 1656 ei
3266 1600 3425 1667 nolis,
3446 1609 3500 1655 et
3524 1608 3646 1670 post

2045 1696 2260 1760 Filium,
2310 1694 2594 1767 Spiritum.
2622 1693 2759 1765 Quid
2801 1694 2944 1748 enim
2987 1694 3091 1749 erit
3121 1695 3260 1748 inter
3290 1708 3389 1748 nos
3418 1702 3472 1748 et
3500 1692 3644 1757 illos,

334 1798 549 1867 anima),
581 1794 633 1847 id
675 1801 758 1846 est
790 1790 1043 1853 hominis,
1087 1804 1191 1842 non
1235 1784 1535 1849 Sermonis),
1569 1797 1667 1837 nec
1693 1779 1935 1850 Spiritus.
1966 1781 2015 1841 Β
2044 1788 2145 1843 nisi
2176 1787 2477 1843 diii'erentia
2512 1787 2644 1842 ista?
2696 1786 2846 1854 Quod
2879 1802 3013 1857 opus
3065 1785 3358 1857 Evangelii,
3397 1800 3518 1856 qua!
3562 1792 3647 1840 est

336 1886 389 1941 id
421 1897 504 1941 est
530 1901 633 1941 nOn
666 1885 1087 1954 Dei,propterea
1115 1881 1308 1936 emissa
1336 1886 1439 1941 est,
1473 1884 1529 1929 ut
1555 1873 1940 1944 impassibilem

345 1983 513 2036 Deum
543 1979 872 2042 ostenderet,
904 1977 993 2047 qui
1029 1975 1105 2032 sic
1129 1974 1320 2029 Filium
1351 1970 1657 2041 dereliquit,
1689 1969 1813 2023 dum
1848 1968 1942 2020 lio-

339 2074 536 2128 minem
590 2073 707 2143 ejus
754 2071 971 2126 tradidit
1015 2070 1066 2124 in
1108 2079 1362 2123 mortem.
1409 2066 1521 2121 lloc
1570 2073 1623 2119 et
1651 2062 1944 2135 Apostolus

338 2168 527 2229 sensit,
561 2166 801 2221 scribens
834 2164 1036 2235 (Hann,
1068 2159 1199 2225 Vill,
1229 2157 1319 2229 '59.)
1347 2174 1364 2211 ε
1398 2158 1461 2212 Si
1493 2156 1643 2210 Pater
1674 2153 1812 2208 Filio
1842 2169 1945 2207 non

343 2258 582 2330 pepercit.
633 2257 743 2311 lloc
773 2266 827 2311 et
855 2256 1037 2309 Esaias
1077 2250 1200 2325 (Is.,
1232 2250 1364 2315 Llll,
1399 2248 1453 2321 6)
1516 2249 1663 2319 prior
1708 2262 1945 2315 pronun-

342 2350 525 2405 tiavit:
574 2348 637 2403 Et
668 2348 921 2402 Dominus
965 2361 1081 2399 eum
1124 2343 1334 2396 tradidit
1380 2356 1471 2411 pro
1512 2338 1708 2393 delictis
1734 2338 1943 2391 nostris.

346 2443 434 2497 Sic
466 2442 704 2512 reliquit,
732 2439 859 2493 dum
906 2453 1009 2491 non
1041 2436 1242 2507 parcit;
1272 2436 1349 2488 sic
1380 2432 1614 2501 reliquit,
1657 2430 1783 2485 dum
1836 2440 1943 2483 tra-

348 2533 427 2586 dit
448 2531 551 2605 (8).
581 2531 872 2593 Cmternm,
920 2543 1025 2582 non
1054 2525 1265 2595 reliquit
1295 2524 1450 2578 Pater
1470 2522 1690 2588 Filium,
1714 2521 1767 2576 in
1797 2520 1949 2590 cujus

345 2623 596 2679 manibus
619 2622 785 2677 Filius
804 2621 1048 2692 spiritum
1077 2633 1231 2672 suum
1262 2616 1457 2685 posuit.
1485 2613 1722 2682 Denique
1748 2612 1947 2682 posuit,

349 2726 403 2770 ct
434 2716 613 2769 statim
641 2715 809 2768 obiit:
840 2713 1039 2782 Spiritu
1064 2711 1206 2764 enim
1240 2718 1489 2763 manente
1516 2707 1568 2762 in
1599 2722 1759 2762 carne
1780 2747 1794 2772 ,
1822 2721 1951 2761 caro

347 2812 567 2862 onmino
598 2806 733 2859 mori
764 2819 868 2858 non
908 2811 1107 2874 potest.
1136 2801 1234 2866 Ita,
1268 2801 1497 2871 relinqui
1537 2814 1565 2852 a
1594 2799 1771 2863 Patre,
1815 2797 1953 2852 mori

345 2898 451 2953 fuit
479 2898 635 2953 Filio.
667 2897 831 2952 Filius
864 2896 1020 2967 igitur
1047 2902 1101 2949 et
1141 2894 1351 2947 moritur
1381 2891 1436 2962 (Ι
1477 2891 1618 2955 Con,
1676 2888 1794 2957 XV,
1826 2891 1859 2945 5
1897 2898 1946 2944 et

346 2993 477 3065 seq.)
536 3003 582 3047 et
623 2992 947 3069 resuscitatur
990 3005 1017 3043 a
1066 2987 1242 3053 Patre,
1309 2985 1586 3041 secundum
1632 2983 1952 3060 Seripturag.

347 3086 517 3141 Filius
548 3085 771 3139 ascendit
790 3070 847 3138 in
874 3082 1158 3154 superiora
1190 3081 1474 3146 cmlorum,
1504 3079 1592 3150 qui
1621 3089 1675 3134 ct
1700 3079 1956 3132 descendit

2045 1883 2339 1938 substantia
2370 1881 2502 1937 Novi
2534 1881 2578 1937 Τ
2581 1882 2888 1949 estamenti,
2921 1891 3162 1936 statuens
3192 1880 3389 1951 Legem
3426 1892 3478 1935 et
3510 1880 3646 1936 Pro-

2049 1977 2237 2047 phetas
2268 1993 2435 2047 Usque
2482 1976 2548 2032 ad
2597 1975 2879 2037 Joannem.
2923 1975 2970 2029 si
3018 1992 3123 2030 non
3165 1974 3359 2030 exinde
3392 1973 3553 2029 Pater
3594 1984 3651 2029 et

2047 2069 2214 2125 Filius
2244 2077 2297 2124 et
2324 2068 2579 2139 Spiritus;
2613 2079 2720 2123 trcs
2749 2067 2958 2141 crediti,
3004 2083 3171 2122 unum
3201 2068 3369 2122 Deum
3412 2065 3650 2120 sistunt?

2048 2161 2137 2217 Sic
2170 2163 2308 2217 Dens
2338 2161 2507 2215 νυιιιὶι
2553 2162 2752 2217 novare
2797 2172 3217 2226 sacramentum,
3247 2169 3305 2213 ut
3346 2174 3484 2215 nove
3515 2174 3654 2215 unus

2049 2253 2359 2310 crederetur
2381 2268 2475 2322 per
2492 2252 2686 2307 Filium
2716 2262 2769 2307 et
2792 2251 3074 2324 Spiritum,
3101 2263 3157 2306 ut
3178 2266 3357 2306 coram
3375 2250 3489 2320 jam
3514 2250 3656 2305 Deus

2029 2346 2103 2420 .in
2136 2345 2249 2400 suis
2281 2346 2512 2417 propriis
2537 2342 2843 2400 nominibus
2871 2353 2925 2399 et
2952 2345 3194 2416 personis
3211 2352 3655 2414 engiiosceretur,

2052 2440 2140 2509 qni
2171 2449 2224 2493 et
2262 2446 2410 2493 retro
2453 2452 2548 2508 per
2591 2435 2783 2493 Filium
2817 2446 2867 2492 et
2895 2435 3151 2509 Spiritum
3185 2436 3505 2507 praedicatus
3549 2451 3661 2491 non

2054 2530 2467 2601 intelligebatur.
2499 2527 2743 2585 Viderint
2773 2528 2933 2599 igitur
2974 2527 3296 2596 antichristi,
3329 2528 3419 2599 qui
3460 2538 3671 2595 negant‘

2056 2623 2265 2679 Patrem
2285 2633 2339 2689 et
2365 2622 2579 2675 Filium.
2601 2621 2810 2691 Negant
2831 2621 2973 2676 enim
2994 2620 3227 2688 Patrem,
3253 2619 3379 2675 dum
3405 2619 3698 2687 eumdemy

2056 2712 2246 2767 Filium
2270 2712 2474 2776 dicunt;
2498 2722 2552 2766 et
2571 2722 2766 2784 negant
2785 2711 3000 2776 Filium,
3020 2710 3145 2766 dum
3169 2712 3415 2767 eumdem
3444 2710 3665 2766 Patrem

2056 2806 2298 2870 credunt,
2351 2803 2528 2859 dando
2570 2803 2679 2858 illis
2707 2820 2828 2875 qua:
2860 2821 2966 2859 non
3022 2814 3167 2867 sunt,
3199 2801 3495 2858 auferendo
3542 2817 3666 2873 qua:

2058 2912 2201 2954 sunt.
2234 2898 2334 2966 Qui
2368 2914 2496 2952 vero
2524 2895 2807 2955 confessus
2839 2897 3001 2953 fuerit
3028 2898 3298 2953 Christum
3330 2896 3530 2951 Filium
3567 2897 3665 2954 Dei

2061 3008 2167 3047 non
2201 2978 2435 3056 Patrem,
2465 2992 2608 3047 Deus
2640 2993 2691 3047 in
2723 2992 2812 3046 illo
2841 3000 3039 3057 manet,
3071 3000 3125 3047 et
3153 2992 3270 3062 ipse
3298 2992 3350 3045 in
3382 2990 3517 3045 Deo.
3552 2990 3670 3048 Nos

2060 3083 2331 3139 credimus
2354 3084 2660 3153 testimonio
2679 3081 2794 3155 (i6)
2822 3083 2935 3148 Dei,
2961 3099 3068 3154 quo
3090 3092 3313 3138 testatus
3334 3090 3416 3138 est
3438 3082 3505 3140 de
3528 3082 3673 3140 Filio

346 3180 400 3235 in
430 3178 675 3233 interiora
724 3174 805 3248 (9)
861 3186 1040 3230 (errat:
1086 3175 1172 3229 hic
1210 3175 1347 3230 sedet
1375 3173 1444 3226 ad
1462 3172 1729 3226 dexteram
1757 3170 1953 3239 Patris,
1983 3172 2028 3235 C
2063 3191 2160 3231 suo
2185 3195 2197 3228 :
2236 3176 2335 3244 Qui
2365 3177 2527 3245 ﬁlium
2558 3194 2659 3231 non
2686 3178 2857 3240 habet,
2889 3194 2978 3231 nec
3003 3178 3158 3231 vitam
3184 3177 3331 3231 habet
3361 3175 3424 3245 (Ι
3475 3177 3671 3248 Joan.,

355 3286 460 3327 non
492 3269 651 3338 Pater
693 3266 762 3323 ad
792 3283 966 3323 suam.
1002 3265 1154 3322 Hunc
1179 3266 1323 3322 videt
1353 3265 1469 3337 (10)
1497 3264 1804 3335 Stephanus
1831 3279 1950 3319 cum

353 3364 620 3438 lapidatur
651 3362 790 3436 (ll),
821 3361 997 3418 adhuc
1040 3370 1273 3419 stantem
1314 3360 1382 3417 ad
1429 3359 1708 3416 dexteram
1753 3360 1867 3426 Dei,
1898 3371 1956 3415 ut

2066 3268 2273 3339 v.12).
2331 3267 2449 3323 Non
2499 3268 2661 3324 habet
2706 3278 2885 3325 autem
2930 3267 3148 3337 Filium,
3189 3267 3281 3340 qui
3323 3282 3450 3325 eum
3498 3262 3677 3327 alium

2059 3378 2218 3433 quam
2252 3362 2443 3419 Filium
2484 3362 2679 3419 credit.
3390 3378 3397 3383 “

1554 3477 1938 3537 LECTIONES
1973 3477 2393 3559 VARlAbTES.

442 3593 494 3708 ὲ)
754 3602 863 3647 erat
882 3603 940 3647 ut
960 3594 1114 3647 Pater
1138 3593 1336 3651 seinter.

144 3716 151 3727 ‘
187 3716 218 3761 ὲ.
423 3716 495 3771 (5)
516 3719 829 3770 Retractatus
851 3718 938 3770 Id.

2143 3596 2195 3659 9)
2214 3594 2453 3659 Inferiore
2470 3592 2579 3651 alii.

2154 3657 2229 3708 10)
2252 3658 2383 3708 Vidit
2404 3657 2558 3706 Fran.

2154 3720 2229 3784 11)
2253 3720 2581 3784 Lapidnretur
2596 3720 2741 3772 Rhen.

179 3831 219 3868 ο
421 3781 498 3868 lii
518 3782 777 3868 1.391119?“
794 3781 965 3849 δεηακ
2126 3781 2230 3868 liii
2251 3781 2624 3868 139⁷1⁸1⁶Ξεξ11⁴1⁸ζέἕτ

447 3843 497 3911 ὅ)
521 3846 571 3911 Si
593 3843 735 3895 semt.
878 3904 889 3911 _
953 3843 965 3849 ’
2128 3843 2231 3911 ((3)
2256 3844 2317 3911 Et.
2337 3845 2534 3911 tertium
2555 3845 2758 3911 gradum
2776 3844 3045 3911 majestalis
3061 3845 3214 3898 atrii“.
3235 3843 3375 3898 Sani.

394 3904 495 3971 ‘(6)
512 3908 745 3971 Pergens
763 3904 906 3971 semt.

2129 3904 2149 3971 (
2158 3908 2173 3956 l
2184 3904 2232 3971 4)
2258 3904 2719 3971 υιιόιιοιοτὶδ’1ζ1ιεθι.

438 3966 489 4043 Zi
510 3966 842 4043 εἱδδξιβςηιιι
1978 4011 2032 4043 η
2126 3966 2229 4043 (ἐξ)
2252 3968 2477 4043 inseres
2498 3966 2673 4043 ςοηῑειξσ
2700 3969 2844 4043 Semi-

440 4011 491 4085 ἐς)
511 4011 860 4082 τιτιῖὲᾱὲῑὲἔὴὶὶ.
1466 4064 1474 4072 .
1978 4011 2032 4071 D
2124 4011 2228 4085 (ἱεῖς
2252 4011 2769 4085 vastissimas:

1703 4134 2261 4195 COMMENTARIUS.

431 4251 585 4333 CAP.
617 4249 867 4333 XXX.-——_
897 4248 1275 4333 (3)“Serntones
1325 4263 1466 4304 nova:
1494 4248 1789 4321 praphetioe.
1835 4248 2066 4306 Montani
2111 4251 2381 4320 vaticinia,
2403 4251 2597 4324 quibus
2619 4260 2916 4310 occteeatus
2943 4251 3323 4322 Tertullianus,
3360 4250 3448 4309 hic
3467 4253 3540 4310 ab
3581 4269 3684 4311 eo-

358 4323 481 4381 dem
508 4325 816 4379 innuuntur.
848 4322 924 4379 LE
970 4322 1066 4378 Pa.
1494 4332 1499 4337 δ

32 4415 356 4491 ,ἳόσλιιλεὲἇῖ

516 4517 605 4531 ’ρ

417 4498 3642 4539 cm

814 4651 1201 4738 QUINTI
1249 4650 1747 4724 SEPTIMII
1809 4651 2425 4726 FLORENTIS
2480 4652 3227 4731 TEBTULLIANI

355 4844 964 5010 LIBER
1044 4859 2094 5037 ADVERSUS
2155 4863 3683 5035 HERMOGENEM.

1965 5114 2415 5158 .——-———..

1713 5274 2349 5397 atramentum.

454 5495 817 5563 Hermogenes
868 5488 970 5543 iste
1024 5483 1241 5540 natione
1299 5480 1399 5537 fuit
1448 5478 1580 5544 ater.
1641 5478 1977 5552 professione
2082 5482 2281 5537 tianum
2316 5498 2376 5541 se
2416 5486 2645 5558 primum
2675 5488 2971 5563 professus,
3002 5494 3264 5554 vai‘ritiem
3288 5506 3346 5555 et
3389 5499 3688 5564 subdolum

382 5590 573 5659 pictor,
605 5585 741 5639 alius
770 5582 990 5637 omnino
1019 5577 1085 5632 ab
1111 5590 1177 5632 eo
1202 5575 1269 5631 de
1293 5588 1575 5667 quotcmu
1602 5571 1860 5644 Pliygello
1883 5585 1977 5667 seu
2082 5577 2314 5631 nationis
2339 5578 2573 5634 animum
2606 5589 2832 5639 testatus
2869 5595 2971 5655 est,
2998 5602 3122 5642 cum
3155 5591 3206 5644 in
3241 5592 3525 5662 gentilium
3558 5596 3690 5667 pili.

381 5682 621 5750 Phileto,
655 5678 888 5753 loquitur
913 5672 1220 5747 Apostolus,
1264 5670 1310 5729 ll
1329 5670 1395 5727 ad
1420 5666 1658 5726 Timotb.
1702 5669 1755 5724 1.
1791 5666 1979 5723 Chris-
2084 5667 2384 5742 losophiam
2415 5672 2650 5746 degener
2689 5675 2929 5748 incurrit,
2963 5688 3019 5737 et
3040 5680 3344 5745 Stoicorum
3370 5666 3691 5754 ἀειίηίκ,
