4008 6280
203 1596 243 1657 οεε

209 2092 226 2142 7

202 2769 230 2793 ἕ

275 277 381 340 199

1696 294 2161 360 TERTULLIANI

3466 317 3585 378 200

275 406 426 468 illum
457 413 614 471 simul
644 424 698 472 et
725 413 890 472 totum
918 432 1060 483 esse,
1088 426 1142 474 et
1171 431 1276 473 non
1309 425 1476 474 totum
1501 434 1515 484 ;
1549 419 1670 490 quia
1711 435 1870 490 epor-
1901 425 1954 485 Α
1972 394 2175 495 perunt
2206 424 2258 481 in
2281 440 2401 497 quae
2425 433 2666 498 potestas
2691 427 2900 485 Domini
2930 440 3135 502 ageret,
3158 449 3220 488 ex
3247 433 3338 490 illo
3361 452 3461 506 per
3481 453 3583 494 ac-

278 513 416 560 teret
443 517 496 562 et
527 515 693 563 totum
728 524 866 576 esse,
901 519 956 564 ut
985 509 1183 566 faceret
1209 511 1586 581 semetipsum;
1613 520 1666 566 ct
1696 522 1865 568 lotunt

275 613 382 653 non
427 615 570 667 esse,
602 611 659 656 nt
689 603 837 658 fieret
863 603 930 658 de
956 605 1269 675 semetipso.
1312 603 1388 678 (I)
1418 605 1585 661 Porro
1611 605 1868 662 difficilli-

276 705 444 745 mum.
473 693 530 748 Si
556 694 698 749 enim
730 707 894 760 esset,
926 711 1030 752 non
1065 697 1235 764 fieret,
1269 705 1413 753 esset
1449 698 1591 754 enim
1623 715 1635 752 :
1666 698 1712 753 si
1742 713 1868 753 vero

277 782 386 840 no'n
417 796 579 852 esset,
615 805 720 843 non
754 787 973 855 faceret,
1006 790 1128 860 quia
1161 791 1295 845 nihil
1324 802 1488 866 esset.
1523 791 1656 846 Eum
1689 802 1866 848 autem

275 878 369 946 qui
393 893 606 950 semper
631 881 732 947 sit,
766 897 869 936 non
916 881 1062 950 ﬁeri,
1105 883 1198 937 sed
1243 899 1363 938 esse
1403 884 1548 938 illum
1602 885 1653 939 in
1695 901 1867 940 sevum

275 985 536 1025 tevorum.
569 971 733 1042 Igitur
775 974 977 1028 nonde
1008 974 1296 1044 semetipso
1342 975 1534 1031 fecisse
1578 975 1728 1030 illum
1775 976 1866 1047 qui

275 1077 382 1117 non
410 1068 528 1132 ejus
556 1063 715 1121 fuerit
741 1065 817 1137 ('2)
842 1067 1190 1136 conditionis,
1213 1077 1268 1122 ut
1289 1068 1356 1124 de
1383 1070 1674 1140 semetipso
1694 1069 1871 1126 facere

276 1155 561 1224 potuisset.
591 1155 818 1212 Proinde
845 1173 909 1213 ex
937 1157 1105 1213 nihilo
1127 1176 1232 1213 non
1263 1160 1500 1228 potuisse
1521 1177 1641 1215 eum
1672 1159 1871 1228 facere,

275 1249 355 1302 sic
376 1248 666 1312 contendit,
692 1249 888 1303 bunum
910 1260 966 1305 ct
991 1251 1252 1320 optimum
1277 1250 1540 1306 definiens
1566 1251 1869 1318 Dominum,

275 1339 367 1408 qui
414 1339 548 1394 bona
598 1350 757 1411 atque
808 1343 1008 1412 optima
1057 1352 1164 1396 tam
1197 1343 1324 1398 velit
1355 1344 1531 1399 facere
1573 1360 1730 1414 quam
1771 1345 1869 1412 sit;

275 1433 382 1486 itno
411 1432 542 1486 nihil
575 1450 678 1488 non
722 1434 920 1488 bonum
951 1445 1112 1504 atque
1137 1437 1396 1504 optimum
1423 1445 1476 1490 et
1506 1435 1640 1490 velle
1666 1451 1787 1491 eum
1820 1446 1875 1493 et

275 1522 470 1580 facere.
503 1525 663 1596 Igitur
691 1527 870 1581 omnia
903 1527 1065 1592 bona,
1098 1527 1276 1581 omnia
1303 1529 1368 1582 ab
1392 1543 1457 1582 eo
1494 1529 1630 1582 bona
1651 1536 1705 1583 et
1729 1529 1872 1599 opti-

275 1632 359 1671 ma
385 1618 688 1687 oportuisse
714 1618 828 1674 ﬁeri
862 1619 1154 1674 secundum
1184 1620 1546 1676 conditionem
1573 1622 1757 1691 ipsius.
1784 1620 1873 1676 lti-

275 1709 446 1763 vcniri
487 1720 664 1765 autem
707 1719 762 1765 et
789 1711 923 1764 mala
950 1709 1020 1764 ab
1056 1727 1122 1766 eo
1152 1711 1317 1776 facta;
1352 1711 1532 1782 utique
1564 1729 1668 1768 non
1693 1729 1756 1768 ex
1789 1729 1876 1767 ar-

275 1799 466 1865 bitrio,
518 1817 616 1856 nec
667 1818 731 1858 ex
762 1803 1033 1859 voluntate
1065 1821 1077 1858 :
1115 1804 1236 1874 quia
1268 1805 1311 1859 si
1341 1820 1403 1858 ex
1433 1804 1655 1860 arbitrio
1699 1814 1753 1860 et
1781 1822 1872 1859 vo-

276 1895 514 1961 Itmtate,
548 1896 678 1950 nihil
720 1896 1075 1968 incongruens
1111 1907 1165 1954 et
1213 1897 1486 1969 imlignmn
1516 1897 1617 1954 sibi
1650 1898 1868 1955 faceret.

277 1987 430 2055 Qund
458 2004 586 2059 ergo
612 2005 719 2043 non
749 1989 970 2044 arbitrio
995 2005 1095 2045 suo
1127 1990 1330 2056 fecerit,
1369 1991 1588 2060 intelligi
1621 2000 1872 2059 Oportcre

273 2094 343 2133 ex
365 2079 727 2150 vitioalicujus
747 2079 824 2135 rei
847 2080 1066 2146 factum,
1087 2096 1151 2135 ex
1171 2082 1388 2137 materia
1411 2096 1531 2138 esse
1547 2082 1664 2138 sine
1678 2081 1864 2138 dubio.

890 2191 1118 2251 CAPUT
1158 2191 1245 2248 Ill.

347 2285 542 2355 Adjicit
570 2296 623 2342 et
667 2286 808 2342 aliud
854 2306 867 2342 :
913 2287 1079 2342 Deum
1118 2303 1331 2358 semper
1372 2287 1538 2344 Deum
1583 2287 1662 2360 (3)
1709 2288 1868 2343 etiam

277 2379 560 2436 Domintnn
605 2380 790 2447 fuisse,
844 2397 1111 2451 nunquam
1144 2397 1248 2435 non
1292 2381 1479 2436 Detnn.
1522 2380 1680 2435 Nullo
1707 2397 1871 2453 porro

276 2473 438 2528 modo
465 2474 704 2544 potuisse
735 2474 881 2528 illum
923 2488 1138 2544 semper
1181 2473 1464 2528 Dominum
1495 2473 1702 2539 haberi,
1734 2473 1872 2528 sicut

275 2575 328 2619 et
349 2580 562 2635 semper
590 2565 778 2628 Deum,
810 2565 853 2618 si
879 2582 982 2618 non
1012 2565 1202 2619 fuisset
1228 2564 1426 2634 aliquid
1459 2574 1604 2620 retro
1630 2580 1866 2636 semper,

274 2660 430 2731 cujus
459 2675 675 2730 semper
703 2658 960 2713 Dominus
993 2658 1280 2714 haberetur
1303 2700 1319 2726 ,
1349 2658 1512 2713 fuisse
1552 2659 1728 2729 itaque
1754 2673 1871 2712 ma-

276 2753 463 2807 teriam
496 2766 710 2820 semper
739 2751 847 2806 Deo
881 2751 1128 2806 Domino.
1165 2751 1312 2806 Ilanc
1347 2750 1714 2820 conjecturam
1754 2751 1871 2820 ejus

269 2847 381 2918 jam
427 2846 550 2901 hinc
577 2845 856 2901 desmiere
902 2845 1222 2914 properabo,
1251 2860 1410 2915 quam
1459 2845 1718 2900 hactenus
1749 2859 1871 2914 pro-

274 2949 395 3008 pter
410 2953 514 2992 non
539 2937 896 3009 intelligentcs
917 2936 1180 3008 adjecisse
1200 2936 1350 3004 duxi,
1376 2946 1432 2992 ut
1455 2937 1647 3004 sciant,
1674 2946 1869 2992 caztera

209 3046 496 3110 __quoq_t£
533 3039 843 3100 argumenta
891 3039 996 3081 tam
1044 3027 1264 3110 intelligi
1311 3043 1467 3098 quant
1518 3025 1738 3084 revinci.
1774 3027 1870 3084 Dei

274 3109 970 3195 nomenidvicdnius—Semper
1000 3109 1165 3175 fuisse
1205 3111 1346 3190 apud
1389 3111 1772 3192 scin—eligunt,
1816 3132 1871 3180 et

1972 519 2272 576 cessionem
2301 521 2582 591 potestatis
2605 532 2661 578 et
2688 522 2857 578 factus
2877 535 2933 579 et
2953 526 3128 581 dictus
3156 539 3237 582 est
3266 529 3528 586 Dominus
3559 552 3576 586 ;
3602 513 3624 528 ”

1972 613 2094 682 quia
2116 623 2166 669 et
2199 624 2348 682 pater
2377 613 2514 670 Deus
2545 624 2648 682 est,
2675 627 2728 673 et
2753 616 2917 688 jndex
2947 619 3086 675 Deus
3113 631 3225 686 est;
3258 639 3361 676 non
3389 633 3575 680 tamen

1972 703 2094 760 ideo
2121 716 2270 776 pater
2293 715 2347 761 et
2367 705 2531 777 judex
2560 724 2794 780 semper,
2835 711 2958 783 quia
3007 712 3146 768 Deus
3173 730 3406 785 semper.
3435 717 3574 773 Nam

1973 811 2076 852 nec
2105 807 2258 868 pater
2289 799 2460 868 potuit
2484 815 2603 856 esse
2631 811 2756 856 ante
2789 792 2978 870 filitim,
3012 819 3111 860 nec
3133 805 3294 875 jtidex
3324 819 3449 864 ante
3475 809 3579 864 de-

1975 887 2179 944 lictum.
2223 889 2346 946 Fuit
2382 900 2560 947 autem
2598 903 2807 964 tempus
2835 893 2933 967 (a),
2962 911 3083 952 cum
3113 909 3165 952 et
3208 897 3287 970 (6)
3313 901 3572 956 delictum

1975 988 2030 1034 et
2061 980 2198 1036 tilius
2226 997 2332 1037 non
2361 981 2480 1049 fuit,
2502 983 2644 1054 quod
2667 984 2925 1055 judiccm,
2960 996 3014 1042 et
3036 988 3124 1058 qui
3160 999 3362 1058 patrem
3389 991 3573 1047 Domi-

1977 1086 2103 1126 num
2127 1071 2212 1142 (7)
2239 1073 2453 1129 faceret.
2487 1075 2577 1130 Sic
2603 1088 2656 1131 et
2687 1077 2942 1133 Dominus
2967 1096 3073 1134 non
3095 1089 3218 1136 ante
3241 1097 3304 1136 ea
3331 1081 3409 1153 (8)
3437 1100 3574 1154 quo-

1975 1182 2093 1221 rum
2121 1167 2377 1224 Dominus
2403 1169 2679 1236 eximeret,
2720 1172 2812 1226 sed
2841 1172 3098 1229 Dominus
3125 1185 3329 1232 tanlttm
3362 1179 3577 1235 futurus

1977 1260 2317 1332 quandoque,
2342 1261 2480 1317 sicut
2501 1260 2662 1319 Pater
2685 1281 2778 1334 per
2795 1266 3011 1334 Filium,
3034 1268 3340 1340 sicutjudex
3368 1289 3460 1342 per
3481 1275 3576 1329 de-

1978 1355 2197 1421 lictum;
2249 1356 2318 1411 ita
2350 1365 2406 1412 et
2447 1358 2703 1414 Dominus
2745 1375 2839 1430 per
2874 1377 2934 1416 ea
2960 1404 2974 1428 ,
3009 1379 3128 1432 qua:
3157 1363 3256 1420 sibi
3305 1367 3573 1436 servitura

1977 1443 2213 1502 fecisset.
2246 1447 2620 1518 Argnmentari
2669 1451 2760 1505 tibi
2805 1453 3004 1520 videor,
3057 1454 3416 1527 Hermogenes
3466 1460 3572 1531 (9).

1977 1535 2197 1594 Naviter
2224 1539 2497 1609 Scriptura
2527 1542 2681 1598 nobis
2721 1546 3108 1614 patrocinatur,
3141 1565 3260 1619 qua:
3286 1560 3575 1623 utrumque

1979 1645 2174 1686 nomen
2226 1633 2273 1687 ei
2319 1632 2598 1696 distinxit.
2647 1644 2700 1690 et
2727 1649 2826 1690 suo
2873 1646 3112 1709 tempore
3151 1642 3406 1697 ostendit.
3434 1643 3574 1698 Nam

1983 1722 2122 1777 Deus
2156 1722 2271 1794 (I0)
2298 1724 2512 1794 quidem
2541 1727 2682 1796 quod
2708 1736 3074 1798 eratsemper,
3094 1731 3271 1787 statim
3290 1734 3529 1790 nominat
3559 1755 3573 1790 :

1899 1825 1948 1884 Β
1983 1813 2043 1869 In
2075 1815 2326 1887 principio
2353 1817 2470 1888 fecit
2509 1815 2647 1872 Deus
2672 1820 2852 1873 cretum
2888 1830 2934 1874 et
2968 1831 3173 1876 terram.
3207 1827 3281 1880 Ac
3317 1824 3578 1898 deinceps

1976 1907 2229 1978 quamdiu
2258 1908 2486 1964 faciebat
2509 1925 2735 1980 quorum
2758 1911 3007 1968 dominus
3024 1913 3229 1970 futurus
3257 1926 3393 1984 erat,
3430 1919 3579 1976 Deus

1975 2000 2315 2056 solummodo
2341 2003 2520 2071 ponit:
2542 2001 2608 2056 Et
2635 2003 2764 2057 dixit
2789 2004 2942 2069 Dens,
2969 2015 3015 2060 et
3044 2008 3162 2079 fecit
3197 2007 3352 2075 Deus,
3372 2019 3418 2064 et
3449 2013 3579 2066 vidit
3607 2010 3634 2032 ’
3651 1996 3672 2013 ⁸

1976 2088 2138 2158 Deus,
2178 2101 2232 2147 et
2271 2107 2531 2162 nusquam
2575 2094 2751 2150 adlmc
2779 2095 3056 2152 Dominus.
3091 2100 3160 2153 At
3189 2098 3276 2154 ubi
3325 2103 3578 2160 universa

1977 2184 2216 2256 perfecit,
2251 2186 2532 2258 ipsmnque
2563 2189 2645 2243 vel
2671 2189 2900 2244 maxime
2921 2190 3212 2260 hominem,
3241 2195 3328 2264 qui
3359 2200 3579 2268 proprie

1925 2284 1934 2288 ’
1978 2275 2258 2332 Dominum
2283 2277 2396 2348 (11)
2429 2278 2793 2335 intellecturus
2813 2291 2948 2350 erat,
2988 2283 3245 2340 Dominus
3274 2287 3435 2342 etiam
3481 2305 3581 2343 co-

1973 2371 2316 2441 gnominatur
2343 2367 2481 2442 (I2).
2527 2371 2676 2426 'l‘unc
2713 2373 2874 2428 etiam
2935 2375 3188 2430 Dominus
3234 2393 3425 2434 nomen
3477 2381 3579 2434 ad-

1971 2463 2186 2534 junxit:
2223 2464 2288 2519 Et
2317 2468 2511 2536 accepit
2557 2464 2794 2540 Deus(b)
2836 2466 3086 2522 Dominus
3118 2469 3370 2524 [continent
3420 2490 3578 2543 quem

1975 2559 2146 2629 ﬁnxit.
2171 2557 2240 2613 Et
2268 2561 2499 2631 praecipit
2529 2559 2643 2633 (l5)
2669 2559 2924 2616 Dominus
2953 2563 3111 2618 Dens.
3143 2567 3222 2618 Ac
3245 2565 3437 2620 exinde
3462 2567 3574 2621 Do-

1975 2651 2152 2706 minus
2177 2652 2267 2722 qni
2297 2661 2444 2707 retro
2492 2653 2631 2708 Deus
2678 2662 2903 2719 tantum,
2943 2669 3011 2709 ex
3051 2669 3160 2727 quo
3191 2655 3376 2712 habuit
3417 2664 3579 2728 cujus

1974 2754 2138 2801 esset.
2165 2745 2296 2801 Nam
2342 2745 2481 2802 Deus
2519 2747 2621 2801 sibi
2653 2757 2802 2814 erat;
2834 2748 2996 2805 rebus
3025 2758 3202 2804 autem
3249 2752 3576 2823 tuncDeus,

1973 2852 2093 2892 cum
2121 2838 2476 2894 etvDominus.
2511 2837 2675 2910 Igitur
2704 2841 2755 2894 in
2787 2851 3042 2910 quantum
3073 2843 3276 2912 putabit
3305 2843 3424 2900 ideo
3451 2862 3574 2900 ma-

1975 2933 2164 2986 teriam
2186 2946 2402 3001 semper
2423 2931 2606 3000 fuisse,
2631 2933 2750 3002 quia
2769 2932 2884 3006 (14)
2902 2934 3155 2990 Dominus
3171 2951 3382 3006 semper
3401 2951 3574 3009 esset,

1974 3024 2026 3080 in
2059 3031 2261 3079 tantum
2290 3022 2554 3079 constabit
2597 3023 2728 3081 nihil
2769 3024 2949 3093 fuisse,
2977 3027 3098 3097 quia
3138 3038 3344 3083 constat
3390 3030 3577 3085 Denti-

1975 3133 2100 3171 num
2133 3132 2237 3172 non
2263 3130 2477 3187 semper
2502 3113 2687 3172 fuisse.
2720 3116 2976 3186 Adjiciam
3007 3129 3057 3174 et
3081 3134 3182 3192 ego
3214 3133 3433 3192 propter
3463 3140 3574 3180 non

236 3231 241 3242 ί
272 3215 328 3270 in
379 3213 690 3283 semetipso,
741 3212 1026 3267 Dominum
1059 3229 1188 3268 vero
1233 3229 1337 3267 non
1365 3228 1579 3286 semper
1609 3232 1622 3270 :
1655 3216 1867 3273 diversa

1977 3209 2362 3280 intelligentes,
2387 3224 2611 3280 quorum
2657 3208 3019 3282 Hermogenes
3059 3210 3131 3284 (c)
3161 3222 3396 3270 extrema
3429 3216 3573 3272 linea

273 3307 416 3363 enim
448 3307 722 3378 utriusque
754 3306 1013 3362 conditio.
1059 3307 1198 3362 Deus
1238 3305 1319 3377 (ὦ)
1349 3309 1664 3365 substantiae
1697 3311 1868 3382 ipsius

264 3379 490 3466 nomen,
519 3397 568 3454 id
591 3409 673 3454 est
700 3399 1022 3466 divinitatis;
1054 3400 1306 3455 Dominus
1337 3416 1466 3456 vero
1493 3419 1598 3457 non
1622 3405 1870 3461 substano

271 3489 383 3559 tiae,
432 3490 526 3548 scd
583 3493 862 3563 potestatis
910 3492 1260 3548 substantiam
1313 3507 1527 3563 semper
1554 3495 1718 3551 fuisse
1747 3513 1868 3552 cum

272 3601 372 3642 suo
401 3587 616 3642 nomine
641 3627 656 3653 ,
689 3586 829 3656 quod
859 3595 942 3641 est
973 3586 1136 3653 Deus,
1178 3595 1359 3656 postea
1395 3587 1656 3644 Dominus
1678 3630 1694 3656 ,
1720 3605 1874 3648 acce-

273 3678 446 3735 dentis
469 3678 676 3734 scilicet
717 3679 795 3734 rei
823 3677 1026 3734 mentio
1064 3677 1167 3750 (5).
1203 3676 1335 3732 Nam
1371 3694 1437 3734 ex
1478 3695 1584 3750 quo
1611 3695 1731 3736 esse
1757 3698 1871 3738 cm-

1973 3312 2076 3370 est,
2103 3313 2156 3358 et
2196 3302 2408 3372 quidem
2441 3302 2520 3373 (d)
2549 3303 2884 3374 epinoemata
2927 3303 3043 3377 (I5)
3071 3305 3212 3362 illius
3248 3311 3577 3380 retorquebo

1972 3397 2228 3453 adversus
2258 3397 2428 3453 illutn.
2457 3396 2592 3454 Cum
2611 3398 2754 3454 enim
2783 3407 2940 3469 neget
2967 3401 3243 3456 materiam
3275 3412 3450 3457 natam
3479 3415 3578 3460 aut.

1973 3491 2189 3558 factam,
2216 3492 2295 3547 sic
2322 3507 2535 3562 quoque
2580 3491 2792 3548 invenio
2839 3493 3046 3548 Domini
3077 3511 3269 3551 nomen
3316 3498 3425 3553 Deo
3461 3515 3573 3556 non

1974 3586 2295 3658 competisse
2337 3586 2388 3641 in
2417 3585 2728 3653 materiam;
2757 3585 2880 3657 quia
2928 3585 3095 3643 libera
3143 3588 3302 3645 fuerit
3349 3607 3578 3649 necesse

1976 3689 2082 3746 est,
2107 3695 2227 3750 qua:
2251 3678 2512 3752 originem
2557 3694 2664 3736 non
2694 3677 2960 3748 habendo,
3008 3697 3115 3737 non
3166 3682 3351 3740 habuit
3387 3694 3580 3742 aucto-

1517 3791 1899 3855 LECTIONES
1937 3794 2348 3854 VARIANTES.

363 3909 408 3972 I)
433 3908 488 3960 Id
515 3921 656 3972 porro
677 3915 792 3972 Jun.

357 3968 406 4044 ἓ)
433 3968 765 4044 lfie'retsemt.
791 3968 1334 4044 ogertli.prqb.alun.
1393 4029 1480 4044 νη
1545 4033 1553 4041 ⁸
1697 4031 1761 4044 Μ

355 4029 406 4098 5)
433 4034 593 4086 Deum
616 4046 816 4098 semper
836 4033 995 4083 Deum
1009 4029 1070 4082 'et
1087 4034 1185 4096 jam
1202 4043 1403 4096 semper
1415 4029 1677 4083 Dominum
1694 4031 1868 4098 fuisse;

269 4095 533 4158 numnuatn
555 4110 651 4145 non
669 4095 930 4145 Detninum
947 4102 1062 4144 Jun.

336 4157 408 4208 (4)
436 4159 536 4208 Sed
561 4157 699 4206 Deus
715 4156 857 4206 Semt.

475 4171 536 4208 CG
561 4171 699 4206 UCUS
715 4171 857 4206 δειηι.

329 4158 354 4472 i

2039 3908 2110 3982 (Si)
2135 3909 2368 3974 Argutsri
2393 3910 2480 3962 tibi
2505 3909 2676 3963 videor
2696 3911 3048 3977 hermogenes,
3072 3915 3282 3966 naviter.
3317 3915 3578 3982 Scriptura

1973 3986 2034 4022 an
2051 3981 2164 4024 Jun.

2040 4035 2142 4087 (10)
2171 4035 2409 4087 Dominus
2429 4035 2571 4086 sentt.

2069 4097 2142 4154 Il)
2172 4097 2406 4149 Dominus
2425 4104 2475 4148 et
2500 4097 2844 4151 intellecturus
2867 4107 2977 4151 erat
3005 4099 3150 4154 sentt.

2066 4159 2144 4224 12)
2168 4161 2606 4224 C0gneminaturus
2622 4163 2766 4215 sentt.
2789 4159 2980 4216 Obertlt.

2068 4225 2144 4275 15)
2171 4226 2404 4275 Prtecenit
2425 4225 2568 4275 semt.

434 4219 712 4270 Accidentis
734 4219 838 4267 scil.
864 4219 940 4270 rei
963 4219 1214 4270 mentione
1237 4225 1352 4269 Jun.
1377 4219 1556 4271 merito
1579 4221 1682 4273 Lat.

265 4294 276 4329 ι
331 4279 407 4346 (6)
435 4282 496 4346 Et
516 4281 656 4332 sentt.
682 4279 881 4346 Qbertli.
2038 4279 2143 4346 (14)
2169 4286 2272 4346 Qua
2304 4279 2470 4338 Venet.

356 4227 386 4271 5
434 4227 712 4270 Accidenlis
734 4227 838 4267 scil.
864 4227 940 4270 rei
963 4227 1214 4270 mentione
1237 4227 1352 4269 Jun.
1377 4227 1556 4271 merito
1579 4227 1682 4273 Lat.
2068 4227 2121 4273 15
2171 4231 2332 4273 Prtece
2370 4227 2404 4274 it
2425 4227 2568 4275 semt.

355 4227 407 4410 ϐ)
435 4282 496 4332 Et
516 4281 656 4332 sentt.
682 4279 881 4354 Qbertli.
2037 4227 2144 4416 (14)
2169 4286 2272 4362 Qua
2304 4240 2470 4361 Venet.
2507 4350 2518 4361 ο
2597 4350 2607 4360 .
2649 4351 2659 4360 .
3307 4357 3316 4366 ι

354 4347 397 4416 Ζ
431 4345 592 4416 Deum
618 4346 770 4416 Latin.
793 4340 898 4395 alit.
1895 4392 1948 4416 π
2010 4409 2021 4416 _
2065 4351 2122 4399 15
2169 4349 2238 4400 hx
2263 4356 2554 4416 ptemtentis
2595 4348 2724 4403 ilhus
2759 4353 3060 4416 retorquebo
3083 4353 3276 4406 advers.
3304 4355 3375 4406 ill.
3421 4356 3572 4410 sentt.

353 4392 404 4472 8)
429 4392 591 4459 mes
609 4392 752 4458 Sciat.
1894 4392 1948 4454 D
1971 4392 2159 4464 aiant.

1629 4510 2187 4576 COMMENTARIUS.

339 4653 495 4712 CAP.
529 4650 619 4708 111.
641 4681 713 4692 —
731 4649 808 4721 (a)
838 4647 959 4704 Fuit
984 4658 1151 4703 autem
1181 4659 1376 4721 tempus
1399 4663 1534 4714 cum,
1560 4659 1655 4704 etc.
1679 4649 1792 4706 Hoc
1813 4651 1863 4708 in

270 4727 392 4784 loco
407 4741 647 4781 errorem
668 4720 960 4792 cavendum
984 4735 1173 4792 omnes
1193 4720 1348 4775 facile
1367 4730 1678 4792 agnoscent,
1706 4723 1867 4777 nimi-

267 4812 391 4854 runt
423 4796 801 4851 Arianisnium.
840 4791 1034 4847 Notum
1070 4791 1268 4861 quippe
1304 4799 1387 4846 cst
1411 4791 1610 4846 eorum
1639 4792 1863 4850 verbum

272 4876 332 4934 ἦν
348 4877 423 4927 ὃτι
453 4876 533 4923 οὐκ
563 4873 640 4930 ἦν,
669 4882 795 4935 qua;
818 4863 1147 4935 vocesiidem
1175 4871 1368 4935 sonant
1391 4863 1629 4918 omnino.
1657 4863 1733 4918 LE
1761 4864 1859 4920 Ρη.

345 4941 422 5013 (1))
455 4938 520 5013 Et
545 4933 736 5013 accepit
765 4934 922 5013 Deus.
959 4934 1151 4988 Verum
1179 4933 1539 5013 quidem___est,
1585 4935 1727 5013 quod
1768 4938 1862 5013 ad:

272 5005 425 5068 notat
450 5005 672 5072 Auctor,
706 5005 984 5062 Domimun
1027 5019 1132 5059 non
1180 5005 1357 5059 vocari
1389 5005 1579 5068 Deum,
1627 5005 1728 5060 nisi
1773 5007 1862 5062 ubi

273 5083 522 5137 universa
551 5079 793 5150 perfecit,
834 5077 1115 5150 ipsumque
1137 5074 1238 5150 vel
1266 5074 1518 5150 maxime
1553 5074 1859 5150 hominem;

272 5153 368 5208 sed
396 5146 706 5207 etiam'ante
747 5149 1066 5217 scripturam
1099 5147 1183 5217 hic
1231 5146 1471 5217 citatam,
1507 5148 1694 5202 statim
1749 5149 1855 5204 ini-

278 5226 352 5279 tio
376 5221 417 5276 II
463 5237 579 5292 cap.
610 5215 880 5292 Nonrenini
900 5216 1102 5292 pluerat
1121 5215 1371 5272 Dominus
1395 5215 1550 5283 Deus,
1579 5228 1635 5275 et
1652 5217 1862 5292 planta-

273 5297 344 5349 vit
410 5290 659 5348 Dominus
718 5291 852 5346 Deus
891 5290 1243 5360 paradisum;
1309 5297 1418 5360 tum
1469 5304 1597 5344 vero
1643 5291 1861 5348 demum

274 5365 438 5430 istud,
472 5363 538 5417 Et
568 5364 756 5433 accepit
781 5359 1028 5433 Dominus
1050 5359 1188 5414 Deus
1210 5359 1484 5433 hominem.
1513 5361 1648 5416 Pus.

349 5434 428 5508 (c)
477 5431 721 5502 Quorum.
747 5432 1101 5515 tleriitogeiies_
1133 5442 1358 5514 extrema
1397 5432 1531 5486 linea
1567 5431 1864 5515 estaQouatn

275 5503 587 5563 ess'e'linem
620 5506 762 5560 omni
812 5506 885 5560 rei
916 5503 1045 5560 dicit
1090 5504 1190 5558 hoc
1235 5503 1350 5573 ipso
1395 5518 1576 5573 opere.
1608 5503 1696 5559 Ait
1737 5503 1867 5558 insi-

275 5580 530 5650 pientiam
585 5577 933 5648 Hermogenis
961 5579 1118 5632 linem
1163 5591 1284 5631 esse
1326 5577 1564 5629 ninnium
1612 5574 1868 5650 insipien-

279 5645 496 5713 iiartnn,
527 5651 748 5728 Ill)(1t_'?l,
777 5645 1113 5716 supremam,
1144 5662 1492 5728 supraquam
1541 5645 1705 5728 nulla.
1743 5645 1865 5728 Rion.

275 5753 347 5764 -ο
381 5722 606 5786 Quorum
651 5719 992 5788 Hermogenes
1032 5729 1252 5797 intremit
1279 5720 1544 5797 tinea-est.
1585 5717 1641 5771 In
1682 5717 1871 5797 spatiis

279 5793 410 5853 olim
437 5791 491 5847 1η
511 5792 700 5864 quibus
728 5805 919 5846 cursus
961 5789 1172 5860 publice
1211 5788 1402 5856 flebat,
1431 5788 1640 5846 initium
1669 5797 1724 5845 et
1749 5788 1872 5844 linis

1968 4658 2126 4714 lineis
2148 4659 2489 4735 notabantur.
2522 4660 2656 4735 Hinc
2679 4661 2939 4735 quidquid
2962 4671 3290 4734 postremum
3321 4672 3440 4733 est,
3465 4681 3568 4722 ex-

1970 4731 2330 4806 tt'etnaulinea
2363 4803 2376 4806 _
2387 4731 2804 4806 proverbialiter
2825 4731 2945 4790 'dici
2965 4731 2979 4734 ’
3007 4735 3190 4806 cmpit.
3255 4736 3395 4804 Ergo
3427 4731 3564 4793 cum

1966 4799 2329 4879 'I_‘crtnllianus
2361 4799 2751 4879 Hermogenem
2783 4805 2871 4879 hic
2899 4799 3110 4879 vocat;
3144 4823 3243 4861 non
3280 4799 3569 4879 intelligen-

1967 4873 2092 4950 tium
2121 4883 2400 4950 estreniam
2449 4873 2661 4950 tineam,
2682 4876 3134 4950 inperitissimum
3157 4886 3360 4950 accipe.
3392 4873 3565 4936 Hora-

1965 4944 2073 5000 tius
2103 4945 2386 5016 epistolam
2420 4947 2486 5001 ad
2513 4944 2789 5015 Quintium
2813 4949 2891 5003 sic
2917 4948 3119 5005 claudit
3149 4965 3163 5004 :

2152 5035 2282 5088 Mors
2304 5035 2473 5089 ultima
2497 5038 2628 5090 linea
2649 5052 2814 5090 rerum
2843 5048 2936 5092 est.

1965 5121 2318 5199 Simultacite
2346 5123 2530 5199 alludit
2555 5125 2623 5181 ad
2653 5134 2823 5199 artem
2845 5126 3193 5199 Hermogenis
3217 5128 3465 5199 penicillo
3488 5131 3561 5187 li-

1966 5209 2094 5267 neas
2121 5193 2318 5267 ducere
2345 5195 2519 5267 soliti,
2551 5211 2672 5251 nam
2700 5197 2872 5267 pictor
2898 5193 3149 5255 erat.Sic
3177 5193 3312 5255 infra
3344 5199 3412 5256 de
3439 5217 3561 5255 ma-

1966 5266 2099 5339 teria
2128 5265 2387 5339 loquens:
2410 5266 2472 5322 Si
2497 5268 2557 5339 in
2583 5265 2717 5334 loco,
2749 5268 2938 5338 inquit,
2971 5285 3091 5339 ergo
3117 5272 3252 5324 intra
3273 5272 3490 5338 locum;
3517 5275 3564 5328 si

1967 5336 2102 5412 intra
2130 5336 2318 5412 locum,
2367 5353 2486 5409 ergo
2524 5336 2886 5412 deterntinatur
2911 5356 2942 5393 a
2969 5336 3078 5396 loco
3113 5342 3248 5396 intra
3274 5359 3420 5412 quem
3447 5336 3562 5409 est;

1968 5407 2012 5461 si
2059 5407 2456 5484 determinatur',
2497 5409 2642 5462 habet
2673 5410 2858 5484 lineam
2881 5421 3177 5478 extremam,
3208 5407 3359 5484 quam
3395 5407 3564 5483 quan}

1973 5487 2076 5555 tum
2116 5481 2324 5548 proprie
2354 5481 2516 5550 pictor
2549 5483 2789 5555 agnoscit
2821 5484 2972 5555 ﬁnem
2998 5500 3105 5537 esse
3130 5481 3267 5538 omni
3286 5485 3378 5553 rei,
3409 5481 3565 5555 cujus

1973 5549 2105 5603 tinea
2150 5549 2375 5604 extrema
2401 5561 2494 5614 est,
2525 5549 2628 5606 etc.
2665 5551 2719 5607 In
2759 5549 2851 5606 Iili.
2898 5554 3019 5609 adv.
3072 5555 3326 5611 Praxeam
3351 5549 3372 5620 ,⁷
3405 5549 3567 5613 νιῖεξιι

1975 5620 2142 5676 Deum
2178 5634 2452 5675 extremam
2482 5623 2666 5676 tineam
2693 5625 3049 5680 universitatis.
3083 5625 3254 5681 Hneu.

2049 5690 2128 5764 (d)
2151 5690 2510 5764 Epiuoemata.
2541 5693 2630 5752 Sic
2665 5696 3071 5754 emendavintus
3093 5713 3158 5754 es
3191 5699 3327 5826 militi
3355 5697 3566 5755 Ursini.

3300 5785 3368 5826 to.

3300 5785 3368 5828 IG.
