4008 6280
286 261 389 317 201

1386 267 1585 327 LIBER
1626 268 1993 332 ADVERSUS
2030 272 2528 341 IIERMOGENEM.

2332 175 2361 191 ο

3470 301 3576 365 202

282 396 424 444 rem,
468 381 617 451 quod
660 390 791 449 erat,
831 381 1026 438 nemini
1055 382 1293 442 serviens
1315 385 1414 458 (I).
1467 388 1650 461 Itaque
1677 404 1742 446 ex
1771 404 1879 461 quo
1904 393 1956 453 A
1990 393 2150 450 ambo
2175 396 2292 454 sine
2322 399 2462 469 line,
2508 402 2667 461 ambo
2695 406 2856 462 etiam
2891 420 3139 469 auctores
3170 415 3533 480 universitatis
3554 469 3571 491 ,

280 471 433 526 Deus
463 481 784 542 potestatem
825 488 975 528 suam
1004 475 1238 531 exercuit
1284 476 1336 531 in
1368 493 1508 547 eam,
1535 478 1780 535 faciendo
1808 495 1876 536 ex

279 562 531 632 materia,
554 582 625 620 ex
652 568 742 621 illo
770 569 1038 623 materiam
1072 569 1351 627 Dominum
1382 573 1549 630 Deum
1573 589 1746 646 passa.
1778 574 1875 632 de-

280 668 551 713 monstrat
609 659 711 713 hoc
759 660 906 715 illum
978 660 1179 716 tamdiu
1227 678 1333 719 non
1389 663 1571 731 fuisse,
1623 664 1876 736 quamdiu

279 748 382 803 fuit
409 748 516 822 (2).
549 750 688 805 llinc
715 751 944 822 denique
973 753 1220 823 incipiam
1263 754 1331 811 de
1369 757 1593 813 materia
1618 768 1877 815 retracta-

275 857 359 908 re,
380 842 522 912 quod
546 858 668 899 eam
696 845 832 901 Deus
853 846 952 902 sibi
982 857 1255 918 comparet
1275 849 1500 920 proinde
1520 866 1624 907 non
1654 860 1834 908 natam
1854 891 1871 920 ,

276 934 503 1004 proinde
554 951 663 991 non
708 936 919 1005 factam,
950 939 1170 1008 proinde
1209 950 1505 1010 mternam,
1551 945 1670 1002 sine
1698 944 1873 1014 initio,

273 1028 391 1083 sine
419 1028 525 1085 line
556 1030 882 1101 propositam
915 1032 1016 1104 (5).
1044 1033 1175 1102 Quis
1204 1036 1510 1109 cnimjalius
1536 1037 1630 1094 Dei
1657 1053 1871 1104 census,

214 1112 918 1195 ,"quam'teternitas?quis
945 1127 1083 1182 alius
1122 1129 1438 1186 teternitatis
1477 1138 1668 1198 status,
1713 1148 1872 1204 quam

270 1227 485 1283 semper
512 1212 684 1269 fuisse
731 1226 785 1271 et
820 1216 1054 1273 futurum
1082 1233 1225 1288 esse,
1254 1236 1321 1276 ex
1367 1223 1715 1294 praerogativa
1757 1225 1877 1281 nul-

271 1306 375 1362 lius
424 1307 560 1362 initii
617 1317 671 1364 et
712 1309 911 1366 nullius
938 1310 1096 1368 linis?
1123 1313 1235 1370 Iloc
1260 1315 1304 1370 si
1330 1315 1423 1371 Dei
1451 1325 1535 1372 est
1576 1318 1872 1388 proprium,

268 1401 389 1470 quia
405 1400 507 1455 etsi
521 1400 608 1454 alii
627 1400 708 1473 (4)
730 1401 1081 1471 adscribatur,
1102 1405 1210 1477 jam
1228 1422 1330 1461 non
1348 1408 1452 1464 erit
1467 1408 1560 1464 Dei
1579 1411 1872 1482 proprium,

268 1494 361 1545 sed
392 1506 683 1547 commune
712 1507 835 1548 cum
874 1510 939 1550 eo
984 1497 1068 1550 cui
1108 1507 1165 1552 et
1190 1496 1530 1554 adscribitur.
1561 1498 1730 1568 Nam,
1773 1503 1874 1558 etsi

182 1590 193 1595 “
265 1587 505 1658 suntqui
546 1586 803 1643 dicuntur
826 1589 909 1644 dei
940 1591 1052 1646 sive
1082 1591 1136 1647 in
1171 1593 1331 1660 ctelo,
1358 1593 1472 1650 sive
1498 1595 1553 1651 in
1581 1604 1743 1661 terra,
1772 1612 1873 1653 no-

263 1678 441 1746 mine;
485 1689 778 1746 carterum,
820 1697 955 1738 unus
994 1682 1136 1740 Deus
1174 1695 1359 1756 pater,
1414 1701 1479 1742 ex
1520 1674 1640 1758 quo
1695 1688 1872 1744 omnia

1984 493 2092 541 tam
2123 489 2213 559 qui
2246 490 2391 558 fecit,
2424 510 2584 565 quam
2608 496 2675 553 de
2707 515 2811 570 qua
2840 500 2984 559 fecit.
3014 505 3199 577 Neque
3229 512 3370 566 enim
3401 489 3621 585 potest"

1981 593 2090 634 non
2130 589 2186 636 et
2226 586 2449 641 materia
2491 592 2699 646 auctrix
2747 596 2984 650 omnium
3033 598 3310 671 deputari,
3366 608 3433 663 de
3469 626 3575 680 qua

1981 671 2582 736 nnivcrsitasconsistit.
2608 683 2890 752 Quomodo
2908 693 3249 761 respondebit
3278 695 3392 771 (I0)
3414 671 3571 758 ?l‘lon

1978 763 2157 820 statim
2191 773 2469 826 materiam
2501 778 2800 845 comparari
2836 779 2963 847 Deo,
2997 784 3042 837 si
3074 786 3199 854 quid
3233 763 3324 844 Iiei
3354 763 3569 863 habeat,

1979 856 2104 925 quia
2135 874 2241 915 non
2276 870 2443 918 totum
2487 864 2732 923 habendo
2772 886 2878 926 non
2924 888 3211 933 concurrat
3250 880 3303 935 in
3343 856 3575 953 plenitu;

1980 949 2161 1006 dinem
2192 958 2647 1025 comparationis?
2679 963 2814 1031 Quid
2848 967 2957 1024 Deo
2987 970 3204 1043 reliquit
3228 949 3479 1047 amplius,
3514 992 3571 1038 ut

1978 1060 2085 1100 non
2118 1055 2285 1103 totum
2320 1050 2445 1117 Dei,
2476 1057 2716 1112 materia:
2742 1057 2959 1117 dedisse
2989 1064 3271 1124 videatur?
3304 1070 3394 1127 Vel
3426 1090 3527 1145 qua
3551 1119 3567 1146 ,

1978 1136 2173 1208 inquit,
2205 1149 2260 1195 et
2280 1141 2359 1197 sic
2383 1142 2614 1202 habente
2640 1152 2888 1219 materia,
2909 1156 3064 1210 salva
3089 1159 3158 1215 sit
3178 1160 3286 1217 Deo
3308 1173 3363 1218 et
3388 1136 3574 1223 aucto,-

1978 1229 2111 1285 ritas
2139 1229 2254 1302 (II)
2296 1243 2349 1288 et
2374 1234 2704 1306 substantia,
2748 1257 2851 1312 qua
2890 1245 3037 1302 solus
3066 1258 3120 1303 et
3148 1251 3355 1319 primus
3384 1268 3571 1314 auctor

1977 1328 2096 1386 cst,
2134 1331 2189 1377 et
2222 1323 2478 1382 Dominus
2515 1331 2753 1387 omnium
2791 1346 3097 1393 censeatur.
3139 1340 3351 1400 Veritas
3386 1334 3568 1405 autem

1977 1412 2056 1468 sic
2085 1428 2248 1470 unum
2272 1415 2441 1474 Deum
2466 1416 3017 1493 eiigitdefendctitlo.
3049 1441 3105 1486 ut
3127 1435 3292 1510 solius
3315 1437 3383 1493 sit
3406 1441 3565 1510 quid-

1977 1506 2104 1576 quid
2135 1508 2306 1578 ipsius
2333 1520 2436 1566 est.
2474 1512 2548 1569 Ita
2574 1517 2716 1571 enim
2749 1518 2913 1589 ipsius
2941 1524 3065 1588 erit,
3100 1526 3142 1581 si
3172 1508 3331 1584 fuerit
3359 1506 3525 1589 solius
3553 1553 3567 1590 :

1983 1608 2039 1655 et
2063 1615 2130 1655 cx
2159 1601 2265 1658 hoc
2289 1604 2426 1661 alius
2464 1605 2598 1662 deus
2624 1624 2729 1664 non
2764 1614 2931 1682 possit
2953 1615 3185 1687 admitti,
3217 1620 3340 1677 dum
3371 1628 3569 1682 nemini

1978 1689 2105 1747 licet
2148 1693 2344 1752 habere
2378 1697 2446 1754 de
2477 1699 2588 1756 Deo
2625 1703 2844 1775 aliquid.
2877 1706 3051 1780 Ergo.
3097 1712 3304 1783 inquis,
3344 1733 3443 1773 nec
3472 1706 3570 1776 nos
3618 1732 3629 1743 ·

263 1770 304 1842 (Ι
329 1770 451 1825 Cor.
489 1771 623 1839 VIII,
655 1771 711 1844 ὅ)
748 1788 761 1826 :
796 1788 899 1844 quo
928 1779 1095 1847 magis
1121 1776 1261 1847 apud
1298 1793 1397 1834 nos
1428 1779 1594 1850 solius
1632 1779 1729 1837 Dei
1754 1796 1876 1837 esse
1904 1790 1952 1850 Β
1983 1784 2243 1844 habemus
2275 1790 2367 1847 Dei
2406 1793 2626 1865 aliquid.
2672 1770 2787 1852 Imo
2814 1770 3102 1872 habemus,
3138 1770 3191 1861 ei
3218 1770 3566 1880 habebimus,

264 1865 487 1933 debeat,
524 1867 669 1937 quod
699 1867 792 1923 Dei
823 1870 1093 1939 proprium
1119 1879 1241 1927 est:
1271 1879 1346 1940 et,
1373 1881 1432 1926 ut
1452 1871 1581 1939 dixi,
1607 1872 1720 1945 jam
1766 1889 1875 1930 non

272 1960 548 2029 proprium
573 1971 743 2025 esset,
767 1961 887 2030 quia
916 1961 1136 2017 alterius
1157 1971 1319 2018 esset.
1348 1962 1499 2033 Quod
1521 1965 1563 2020 si
1582 1964 1724 2021 Deus
1761 1973 1872 2032 est,

264 2050 474 2104 unicum
528 2050 603 2105 sit
649 2065 875 2106 necesse
924 2062 1044 2121 est,
1099 2062 1157 2107 ut
1229 2053 1388 2111 unius
1449 2056 1518 2110 sit
1573 2054 1652 2128 (5)
1712 2072 1727 2111 :
1781 2065 1874 2111 aut

262 2142 382 2212 quid
429 2141 534 2196 crit
612 2142 831 2197 unicum
904 2151 959 2199 et
1033 2144 1343 2216 singulare,
1400 2145 1505 2202 nisi
1579 2146 1667 2202 cui
1738 2147 1873 2203 nihil

263 2233 678 2304 adzeqnabitur?
735 2234 862 2306 quid
914 2237 1252 2308 principale,
1316 2238 1419 2295 nisi
1497 2239 1639 2311 quod
1710 2254 1873 2312 super

254 2327 455 2394 mania,
476 2327 581 2381 nisi
613 2327 759 2398 quod
777 2337 898 2384 ante
920 2330 1121 2395 omnia,
1143 2340 1276 2386 etex
1296 2345 1400 2402 quo
1421 2332 1637 2387 omnia?
1655 2330 1730 2406 (a)
1747 2332 1873 2390 llaic

262 2420 398 2475 Deus
453 2421 610 2476 solus
657 2421 906 2477 habendo
951 2431 1066 2491 est,
1125 2432 1180 2479 et
1224 2423 1374 2481 solus
1410 2423 1686 2491 habendo,
1731 2440 1872 2482 unus

262 2511 471 2584 851(6).
515 2511 580 2568 Si
618 2511 764 2567 alius
818 2513 1089 2579 habuerit,
1145 2522 1225 2569 tot
1267 2514 1380 2584 jam
1408 2524 1565 2571 erunt
1590 2516 1711 2585 dei,
1742 2527 1873 2588 quot

270 2603 554 2660 habuerint
596 2621 719 2675 quae
746 2604 833 2661 dei
865 2615 1008 2661 sunt.
1052 2607 1125 2661 Ita
1168 2607 1532 2679 Hermogenes
1559 2608 1696 2666 duos
1734 2609 1867 2667 deos

224 2697 342 2754 ’inl
349 2708 448 2755 ert.
484 2698 777 2755 Materiam
806 2715 985 2768 parem
1012 2702 1123 2758 Deo
1162 2690 1322 2757 infert
1348 2700 1452 2774 (7).
1489 2702 1653 2758 Deum
1690 2712 1867 2759 autem

273 2807 429 2847 unum
472 2808 606 2848 esse
646 2801 891 2863 oportet,
935 2793 1055 2864 quia
1096 2794 1237 2865 quod
1277 2807 1559 2849 summum
1584 2796 1686 2862 sit,
1731 2795 1872 2851 Deus

265 2895 379 2941 est:
409 2900 692 2940 summum
712 2895 893 2940 autem
920 2903 1027 2941 non
1056 2887 1179 2952 erit,
1208 2887 1309 2941 nisi
1340 2885 1481 2956 quod
1507 2885 1718 2942 unicum
1747 2885 1868 2943 I‘ue-

267 2978 367 3032 rit:
402 2978 624 3031 unicum
659 2987 842 3031 autem
869 2992 1117 3032 essenon
1151 2976 1370 3048 poterit,
1402 2976 1487 3032 cui
1510 2976 1706 3047 aliquid
1728 2977 1873 3033 adae-

264 3067 545 3135 quabitur;
607 3067 987 3138 aquuabitur
1042 3077 1220 3125 autem
1275 3068 1386 3127 Deo
1436 3069 1697 3137 materia,
1745 3083 1868 3126 cum

264 3170 459 3216 mtcrna
487 3168 754 3217 censetur
778 3157 881 3232 (8).

890 3297 1118 3356 CAPUT
1167 3298 1236 3356 Υ.

328 3441 433 3499 Sed
463 3443 609 3500 Deus
632 3484 649 3509 ,
681 3442 830 3498 Deus
853 3451 937 3499 est
965 3459 980 3509 ;
1013 3442 1234 3499 materia
1254 3484 1268 3510 ,
1304 3442 1528 3502 materia
1553 3451 1638 3501 est
1665 3463 1681 3503 :
1712 3446 1864 3517 quasi

265 3532 542 3591 diversitas
576 3534 869 3590 nominum
915 3534 1300 3605 comparationi
1328 3534 1577 3603 resistat,
1618 3535 1665 3591 si
1694 3544 1865 3592 status

266 3625 401 3682 idem
429 3626 771 3683 vindicetur.
813 3625 893 3681 Sit
919 3635 974 3682 et
1000 3636 1186 3682 natura
1224 3626 1436 3683 diversa
1458 3667 1473 3695 ,
1504 3628 1573 3682 sit
1599 3637 1654 3683 et
1690 3626 1861 3683 forma

268 3733 370 3773 non
394 3719 612 3786 eadem,
648 3717 946 3776 dummodo
989 3718 1068 3791 (9)
1095 3720 1259 3791 ipsius
1296 3729 1464 3777 status
1491 3736 1597 3776 una
1616 3724 1686 3776 sit
1707 3723 1862 3779 ratio.

270 3807 482 3868 lnnatus
517 3813 673 3870 Deus
697 3852 714 3880 ,
761 3828 831 3867 an
859 3828 963 3867 non
1000 3822 1057 3868 et
1094 3814 1274 3869 innata
1325 3814 1603 3870 materia?
1653 3829 1868 3885 semper

265 3903 420 3975 Deus,
452 3922 646 3964 annon
703 3921 921 3979 semper
948 3916 998 3964 et
1028 3909 1289 3966 materia?
1319 3909 1498 3966 Ambo
1527 3909 1646 3966 sine
1673 3908 1865 3978 initio,

1978 1877 2074 1933 sed
2100 1879 2170 1971 ab
2197 1879 2334 1950 ipso,
2371 1899 2479 1939 non
2500 1900 2530 1941 a
2563 1888 2737 1944 nobis.
2770 1890 2903 1947 Nam
2935 1904 2987 1950 et
3009 1895 3092 1952 dei
3138 1896 3253 1971 (l2)
3278 1901 3498 1969 erimus,
3520 1877 3565 1960 si

1985 1969 2280 2026 meruimus
2310 1972 2384 2028 illi
2414 1989 2536 2031 esse
2564 1977 2630 2033 de
2657 1980 2849 2050 quibus
2879 1969 3191 2054 prmdicavit
3221 1969 3240 2045 :7
3270 1991 3381 2063 Ego
3419 1995 3526 2049 dixi
3549 2013 3567 2050 :

1985 2058 2088 2115 Vos
2117 2061 2215 2119 Dei
2248 2066 2402 2133 estis;
2430 2077 2518 2135 et,
2547 2072 2681 2127 stetit
2714 2074 2850 2130 Deus
2884 2079 2936 2133 iu
2974 2081 3185 2137 ecclesia
3212 2058 3420 2141 deorum
3452 2070 3570 2160 (Ps.

1978 2150 2235 2223 LXXXI,
2267 2155 2336 2228 l)
2382 2176 2395 2213 :
2433 2159 2526 2215 sed
2565 2177 2632 2217 ex
2688 2167 2854 2235 gratia
2884 2168 3086 2240 ipsius,
3141 2191 3245 2229 non
3287 2194 3352 2232 ex
3387 2150 3567 2235 nostra

1986 2249 2316 2318 proprietate
2336 2292 2352 2318 ,
2384 2254 2505 2321 quia
2532 2255 2647 2326 ipse
2673 2267 2755 2312 est
2787 2259 2931 2316 solus
2960 2263 3051 2332 qui
3083 2264 3212 2321 deos
3239 2266 3418 2324 faciat.
3446 2271 3562 2325 Ma-

1976 2337 2127 2393 teria:
2164 2338 2282 2412 (I3)
2322 2354 2498 2399 autem
2527 2349 2802 2417 praprium
2830 2351 2955 2408 facit
2984 2356 3126 2425 quod
3155 2372 3275 2413 cmn
3316 2361 3426 2416 Deo
3464 2363 3562 2416 ha-

1974 2428 2105 2486 bet:
2134 2441 2226 2486 aut
2252 2433 2298 2487 si
2320 2450 2348 2495 a
2379 2436 2487 2491 Deo
2509 2440 2734 2511 accepit,
2760 2446 2902 2514 quod
2926 2457 3008 2501 est
3034 2447 3147 2516 Dei,
3179 2450 3422 2507 ordinem
3446 2453 3565 2511 dico

1974 2527 2318 2594 aeternitatis,
2351 2538 2529 2600 potest
2548 2533 2694 2587 credi
2722 2545 2775 2589 ct
2799 2535 2997 2595 habere
3023 2540 3164 2596 illam
3194 2559 3314 2598 cum
3340 2545 3449 2601 Deo
3469 2546 3570 2602 ali-

1974 2615 2126 2687 quid,
2158 2626 2214 2672 et
2238 2617 2411 2675 .deuIn
2439 2621 2582 2677 illam
2604 2639 2708 2680 non
2736 2641 2874 2684 esse.
2904 2630 3073 2698 Quale
3103 2646 3183 2689 cst
3210 2646 3407 2703 autem,
3440 2655 3561 2695 eum

1972 2706 2262 2764 conﬁtetur
2288 2710 2378 2767 ille
2414 2712 2616 2783 aliquid
2655 2731 2778 2772 cum
2814 2719 2925 2775 Deo
2964 2721 3197 2793 habere,
3245 2737 3299 2783 et
3329 2729 3438 2783 vult
3476 2745 3565 2786 so-

1972 2798 2078 2857 lius
2108 2800 2200 2857 Dei
2232 2816 2356 2859 esse
2380 2804 2524 2875 quod
2553 2809 2834 2864 materiam
2868 2827 2974 2867 non
3001 2826 3161 2887 negat
3191 2817 3430 2876 habere?

2595 2900 2824 2959 CAPUT
2866 2904 2954 2960 VI.

2046 2989 2186 3046 Dicit
2210 2990 2414 3048 salvum
2445 2993 2554 3050 Deo
2581 3009 2702 3053 esse
2730 2996 2826 3070 (ὑ),
2846 3007 2905 3054 ut
2927 3005 3139 3060 etsolus
3153 3005 3240 3075 sit,
3260 3018 3310 3064 et
3340 3011 3567 3085 primus,

1973 3089 2028 3136 et
2053 3083 2292 3138 omnium
2340 3094 2530 3141 auctor
2556 3127 2572 3153 ,
2616 3098 2669 3144 et
2699 3091 2937 3147 omnium
2969 3093 3246 3163 dominus,
3289 3110 3344 3157 et
3373 3083 3575 3164 nemini

1897 3183 1944 3247 ο
1978 3174 2409 3246 comparandus;
2460 3194 2580 3249 qua:
2632 3196 2756 3237 mox
2809 3186 3047 3242 materia:
3099 3206 3311 3262 quoque
3361 3196 3570 3255 adscri-

1957 3258 2217 3360 'bit‘(ll).
2247 3267 2363 3340 Ego
2392 3271 2607 3341 quidem
2641 3273 2784 3331 Deus
2816 3276 2957 3350 (I5),
2985 3258 3371 3342 coIItestabitur
3402 3290 3566 3360 Deus,

1975 3365 2031 3414 et
2052 3356 2249 3429 juravit
2282 3378 2683 3435 nonnumquam
2722 3383 2820 3438 per
2846 3374 3228 3445 semetipsum,
3257 3381 3396 3449 quod
3433 3356 3571 3441 alius

1973 3467 2079 3506 non
2095 3452 2163 3507 sit
2177 3454 2350 3523 qualis
2363 3456 2476 3526 ipse
2492 3457 2667 3529 (Deut.
2684 3459 2903 3528 XXXII,
2916 3463 3103 3539 59,40)
3122 3485 3134 3521 :
3151 3472 3243 3525 sed
3259 3474 3571 3532 mendacem

1969 3559 2094 3600 cum
2135 3546 2293 3602 faciet
2331 3547 2717 3622 Hermogenes.
2748 3554 2860 3609 Erit
2884 3542 3026 3613 enim
3055 3569 3111 3615 et
3132 3566 3353 3619 materia
3394 3571 3571 3639 qualis

1972 3638 2134 3704 Deus,
2157 3639 2588 3708 iIIIeCIa,innata,
2623 3638 2968 3705 initium’non
3002 3651 3226 3724 habens,
3259 3674 3355 3713 nec
3383 3638 3611 3721 Iiuem.‘

1973 3728 2047 3803 (c)
2075 3731 2387 3803 DicetiDeus
2405 3751 2418 3788 :
2436 3734 2551 3807 Ego
2586 3737 2790 3808 primus
2820 3739 2916 3813 (Is.
2940 3742 3078 3812 XLI,
3105 3745 3288 3816 XLIV,
3308 3751 3573 3829 XLVIII)?

1971 3831 2028 3877 et
2058 3823 2328 3895 quomodo
2356 3826 2562 3896 primus
2580 3869 2596 3895 ,
2619 3830 2703 3885 cui
2730 3835 2951 3890 materia
2979 3846 3246 3896 coaetanca
3270 3846 3394 3899 est?
3426 3823 3569 3906 inter

1972 3922 2279 3972 coaetaneos
2307 3926 2487 3974 autem
2512 3926 2569 3976 et
2588 3926 3016 3995 contemporales
3047 3931 3182 3987 ordo
3201 3947 3311 3989 non
3341 3948 3448 4005 est,
3472 3951 3566 3996 aut

1442 4098 1453 4113 ι
1484 4048 1781 4107 LECTION
1787 4050 1868 4108 ES
1904 4048 2318 4109 VABIANTES.

258 4160 301 4227 '_
321 4160 389 4227 (I)
410 4162 521 4213 Non
546 4162 732 4227 habuit
752 4162 1012 4227 remquod
1037 4166 1157 4221 erat,
1183 4162 1364 4213 nemini
1388 4162 1615 4227 serviens
1652 4159 1862 4227 nitettan.

263 4224 407 4276 Frmi.
442 4224 617 4298 Paris.
655 4236 766 4298 ⁵11011
808 4224 982 4298 habuit
1022 4234 1288 4298 auctorem,
1329 4225 1461 4288 quod
1517 4231 1630 4298 erat
1677 4226 1864 4297 W9uw.

268 4295 373 4359 Va}.
392 4302 486 4338 non
512 4288 698 4338 habuit
722 4300 830 4337 rem
855 4288 984 4349 quod
1006 4296 1126 4359 erat,
1147 4289 1357 4359 ideoque
1395 4288 1583 4337 nemini
1619 4288 1866 4359 serviens.

261 4348 361 4413 sed.
387 4353 498 4400 Vat.
524 4366 627 4402 non
656 4348 915 4399 auctorem
959 4349 1087 4413 quod
1125 4357 1234 4400 erat
1268 4348 1504 4413 ideoque,
1536 4349 1722 4400 nemini
1756 4360 1865 4399 scr-

261 4411 391 4461 viens
407 4421 523 4462 Jmt.

340 4472 389 4540 ξ)
411 4474 533 4540 Ηςεε
550 4483 672 4540 Jun.
704 4469 863 4523 Latin.
889 4470 994 4540 fuit.
1017 4472 1186 4540 Rigalt.
1216 4475 1337 4539 Ven.
1367 4472 1564 4525 rectius.

342 4533 391 4600 ᾇ)
416 4537 679 4600 I’ruposita
703 4544 822 4585 Jun.
847 4549 896 4600 c.
916 4533 1006 4600 ret.

340 4574 391 4660 ἶ)
409 4574 1072 4670 ἑεέίῗξιῖίξι“δῖιέἶέἶίὶ”1ἷῆἒιι.
1093 4597 1238 4650 sentt.
1263 4595 1456 4650 obertlt.
1478 4597 1595 4663 quia
1643 4598 1682 4648 si
1708 4604 1761 4649 et
1782 4596 1863 4648 alii
1888 4574 1943 4640 Ῑ)

270 4660 633 4787 ιΫῇιέιιὲἶιι,
660 4730 717 4787 ut
746 4721 997 4787 Δ(11]11άιιῑιι
1018 4735 1114 4772 non
1137 4723 1386 4787 proprium
1416 4730 1568 4787 esset,
1601 4723 1715 4785 quia
1735 4720 1862 4774 alte-

2057 4162 2109 4227 7)
2132 4162 2288 4227 Infert
2309 4162 2423 4214 dum
2439 4167 2693 4217 materiam
2715 4176 2831 4221 Jtm.

2055 4220 2106 4311 ἓξ)
2133 4226 2285 4311 QUI-tiu
2309 4234 2500 4311 aetqrna
2521 4220 2941 4311 censeliilttrdtm.
2962 4220 3090 4305 cuiq.
3114 4241 3240 4306 forte
3263 4260 3355 4311 ρνο
3373 4264 3504 4305 cum.

2055 4288 2260 4353 {nilum
2282 4289 2461 4353 nomini
2489 4291 2641 4353 ipsius
2662 4296 2805 4344 sentt.

1975 4394 1988 4406 ,
2032 4348 2136 4476 (10)
2156 4351 2358 4416 Signum
2382 4348 2615 4422 interrog.
2641 4357 2772 4407 abest
2793 4357 2842 4430 in
2864 4359 2944 4410 ed.
2959 4362 3108 4415 RIIeII.
3132 4370 3275 4421 seml.
3302 4381 3348 4424 et
3368 4379 3560 4431 rectius.

1976 4472 1986 4476 _
2060 4413 2107 4461 11
2157 4412 2601 4476 ΙξΙιω1.εοιιιιετεὺαι
2625 4418 2757 4467 salva
2779 4429 2837 4470 su
2867 4427 3001 4476 ratio:
3020 4426 3108 4476 alii
3126 4431 3261 4476 (teste
3277 4443 3323 4476 ρι
3341 4451 3559 4476 tantum-

2060 4412 2135 4503 Β)
2157 4412 2301 4503 ’55:".-
2315 4412 2757 4503 iﬂt'iictftif.$3'rr
2779 4423 2849 4503 sit
2867 4427 3001 4503 ιῖειυρς
3018 4412 3559 4503 άιὶί,ῐιὲέξέ·εῑέ;;;1;;;.;;

1969 4472 2132 4567 saliere
2160 4474 2298 4567 dun.)
2324 4472 2455 4567 salva
2492 4480 2555 4567 siit
2585 4481 2683 4567 deq
2702 4489 2754 4531 et
2773 4472 3565 4567 agemaias'éi‘Etﬁéﬁtiii',"liﬁi

1969 4534 2398 4661 ﬁrprilnitus
2419 4548 2587 4590 auctor
2611 4550 2704 4604 est,
2740 4552 2797 4595 et
2826 4534 3048 4599 dominus
3074 4534 3563 4622 Biniﬁiiinwé'éifs’ciil'r'f

2199 4614 2229 4649 ιι
2247 4613 2313 4649 ιιι
2339 4636 2351 4649 .

2032 4596 2134 4786 (12)
2159 4596 2229 4649 1)ἰί
2247 4597 2351 4649 alii.

2060 4662 2135 4724 I5)
2160 4662 2364 4712 Materia
2383 4664 2526 4714 Semt.

2058 4722 2134 4786 14)
2158 4724 2526 4786 comparandus

2158 4724 2769 4815 ξξξιξιῆῐιεξξιιξῇυῇλιζεςιςιυω
2792 4745 2889 4784 nec
2907 4742 3001 4787 est.
3022 4736 3241 4794 Materia:
3258 4759 3460 4815 quoque
3479 4755 3565 4805 ad.

266 4782 359 4851 riui
372 4782 515 4851 "esset
533 4782 692 4851 qued,
713 4785 757 4835 si
782 4782 925 4851 Deus
946 4799 1072 4851 unus
1092 4782 1192 4851 est,
1213 4782 1421 4851 unicum
1438 4786 1515 4851 siti
1520 4782 1732 4851 necesse
1754 4793 1859 4849 est,
1961 4782 2131 4851 scribit
2152 4782 2304 4851 Meti.
2325 4786 2475 4840 Seml.
2496 4782 2692 4851 06erth'.

267 4850 321 4897 ut
496 4845 570 4899 sit'
581 4856 702 4898 Jun.
727 4845 925 4910 quodsi
946 4847 1090 4909 deus,
1112 4849 1307 4898 unicum
1328 4845 1440 4898 cod.
1473 4849 1715 4910 Womver.

324 4906 393 4973 (Β)
412 4908 533 4964 lla:
551 4918 691 4963 Deus
710 4906 852 4961 solus
868 4906 1092 4962 habendo
1112 4922 1242 4962 unus
1265 4917 1359 4963 est.
1382 4908 1534 4963 Seml.
1559 4909 1752 4962 Oberth.

2034 4847 2134 4916 (15)
2155 4847 2246 4902 Ille
2266 4851 2466 4913 quidem
2489 4850 2628 4906 Deus
2648 4855 2782 4919 apud
2803 4858 2936 4912 eosd.

1622 5037 2179 5101 COMMENTARIUS.

264 5180 285 5213 ρ
334 5182 411 5261 (a)
438 5183 567 5243 Hac
602 5184 755 5272 Deus
773 5185 911 5272 solus
953 5184 1299 5272 Quaendonest.
1327 5177 1531 5237 Horum
1557 5177 1699 5236 Deus
1725 5178 1872 5237 solus
1973 5180 2452 5272 sissehmedocuit
2470 5181 2740 5272 Laertius.
2769 5185 2827 5244 ld
2853 5196 3031 5272 autem
3056 5192 3107 5248 in
3132 5208 3199 5272 eo
3224 5199 3412 5272 miror,
3438 5205 3566 5268 licet

506 5267 618 5334 εει.
655 5256 1143 5334 heaselteharet-
1173 5254 1293 5334 “1°-
1515 5330 1524 5334 ,
1585 5333 1588 5334 ,
1676 5322 1688 5334 .
1803 5321 1815 5334 .

422 5328 485 5404 1».
496 5326 592 5385 VI.
604 5322 694 5404 ’τ-
717 5326 797 5397 (b)
820 5325 954 5404 Dicit
973 5327 1167 5404 salvum
1193 5325 1299 5379 Deo
1325 5340 1451 5391 esse,
1469 5330 1525 5404 ut
1544 5333 1590 5378 et
1611 5322 1749 5378 solus
1770 5322 1854 5404 sit,

271 5407 373 5474 ge.
393 5396 749 5461 Contrarium
771 5412 871 5474 suo
893 5397 1125 5474 dogmati
1146 5411 1363 5474 sensum
1383 5406 1436 5451 et
1462 5401 1779 5474 ἰναιξτιορανές
1807 5396 1861 5447 in

272 5466 599 5545 mlle
629 5467 893 5535 ostendit,
915 5466 1001 5539 qui
1025 5470 1189 5545 Deum
1216 5469 1388 5545 solum
1412 5478 1465 5521 et
1494 5469 1720 5536 primum
1743 5478 1863 5519 esse

274 5532 529 5609 W;
560 5556 695 5603 cum
736 5532 912 5595 tamen
934 5532 1216 5597 'materiam
1258 5539 1335 5594 illi
1374 5532 1607 5595 comitum
1639 5546 1692 5592 et
1719 5550 1862 5609 cote-

498 5607 693 5669 δίαινε
731 5625 840 5667 non
866 5623 1126 5668 vereatur.
1166 5611 1318 5680 Quod
1358 5609 1579 5680 impium
1610 5616 1715 5663 etc
1746 5607 1865 5680 phi-

460 5682 836 5761 iﬂliethnica:
860 5696 1002 5752 penu
1044 5678 1450 5761 depromptum:
1498 5679 1622 5761 Duo
1669 5678 1868 5761 quippe

460 5684 473 5696 '
572 5682 819 5741 ethnicm
860 5696 1002 5752 penu
1044 5674 1453 5752 depriimptum.’
1506 5679 1622 5734 Duo
1669 5674 1868 5761 quippe

266 5674 765 5829 mamma,
800 5753 977 5827 Dequ
994 5764 1047 5811 et
1074 5754 1373 5823 materiam,
1397 5751 1673 5809 Platonem
1693 5749 1869 5806 admt-

510 5848 1001 5912 ,Txn'ruuum
1066 5850 1148 5914 ll.

128 6034 385 6133 1M:-
410 6054 475 6133 ι’

1973 5252 2028 5309 in
2053 5253 2265 5326 caeteris
2291 5254 2526 5326 insolens
2552 5256 2683 5312 mihi
2714 5273 2818 5315 non
2845 5261 3107 5318 videatur.
3141 5265 3220 5323 Ls
3243 5252 3338 5326 PII.

2041 5321 2116 5396 (c)
2177 5322 2327 5409 Dicet
2372 5325 2507 5381 Deus
2521 5327 3005 5409 έβςρηηξξηηιέ-
3028 5334 3142 5409 Ie}:
3190 5321 3337 5409 istud
3396 5346 3565 5409 habe-

1965 5394 2204 5477 (ui-apud
2227 5394 2438 5478 Isaiam,
2453 5394 2659 5478 c._x1_.I:
2674 5394 2786 5478 x111
2792 5401 2912 5478 _V1_:t
2935 5403 3164 5475 XLVIII,
3185 5408 3237 5464 in
3255 5394 3369 5471 hléc
3383 5394 3538 5478 ςῖέἰρῖἧ

1965 5482 2058 5548 ego
2096 5465 2289 5536 primus
2325 5475 2372 5548 et
2410 5470 2728 5548 novissimus.
2746 5470 2879 5548 Illud
2910 5485 3127 5548 autem.
3152 5465 3367 5539 Extendi:

1966 5537 2433 5619 solus._scCIIndunI
2449 5538 2896 5619 LXX,_reperitnr
2910 5543 3059 5619 Isaia:
3080 5537 3275 5619 XLIV,
3302 5537 3569 5619 uin‘é'd

1968 5624 2033 5663 ex
2051 5607 2263 5691 hehrteo
2277 5608 2435 5691 habet
2449 5607 2826 5691 egrtenden'smui
2841 5607 3299 5691 prmtnittiturxjo
3317 5607 3568 5687 miihi};

1969 5627 2033 5663 ex
2051 5627 2263 5660 110111·ωο
2277 5627 2435 5662 tranet
2449 5627 3198 5736 εωιιιηαεηδ.ευ1Χ1·ω11111111111,
3208 5637 3299 5691 ego
3317 5627 3568 5687 Dominus

1969 5677 2222 5756 complens
2260 5688 2347 5732 aut
2379 5678 2568 5756 [aciein
2597 5681 2787 5733 omnia.
2880 5684 2910 5736 (Ι
2942 5686 3082 5753 quod
3113 5690 3271 5743 etiam
3316 5696 3401 5752 hic
3428 5704 3568 5756 alln-

1972 5750 2050 5808 dit
2072 5748 2273 5806 Auctor
2290 5788 2307 5816 ,
2339 5764 2459 5805 cum
2487 5747 2655 5805 Deum
2681 5756 2911 5805 omnium
2939 5747 3194 5812 ductorem
3220 5747 3528 5830 ΓηεὶιΪΡλῖξ

2800 5846 3028 5930 (Sept)
