4008 6280
391 243 499 299 203

1797 236 2259 296 TERTULLIANI

3593 238 3714 297 204

352 425 361 439 κ
394 372 451 418 ct
470 362 689 417 materia
714 360 882 430 prima
906 367 1007 414 est.
1033 356 1110 430 (η)
1143 355 1384 421 Extendi,
1416 354 1608 426 inquit,
1635 354 1816 410 caelum
1845 354 1984 410 solus
2010 355 2063 417 Α
2086 353 2291 418 blimia,
2333 368 2402 410 ex
2437 354 2555 425 pari
2593 354 2779 411 solida:
2817 362 2871 412 et
2910 354 3165 426 perfecta:
3208 355 3482 412 felicitatis
3502 397 3519 423 ,
3572 370 3708 427 qua:

427 450 506 508 ιδ.
559 449 756 523 XLIV)

400 451 506 524 (ls‘.
559 451 756 523 XLIV)
821 466 834 505 :
881 451 1087 519 atquin
1131 463 1236 503 non
1292 451 1477 513 solus,
1544 460 1665 502 cum
1723 461 1787 502 ea
1844 451 1988 502 enim

396 541 639 598 extendit
681 542 750 597 dc
806 554 908 612 qua
951 548 1008 595 et
1040 538 1302 595 extendit.
1343 538 1479 594 Cum
1531 538 1784 609 proponit
1842 538 1992 593 salvo

398 635 494 691 Dei
514 642 652 691 statu
682 632 847 689 fuisse
868 630 1145 687 materiam
1165 628 1276 704 (l);
1308 629 1433 685 vide
1462 643 1529 685 ne
1558 629 1606 684 ei
1634 627 1889 685 reddatur
1908 626 1989 702 (2)

398 741 428 780 a
472 726 648 789 nobis,
690 723 917 795 proinde
952 723 1105 779 salvo
1143 731 1283 778 statu
1313 720 1556 777 materiae
1597 720 1760 777 luisse
1799 721 1992 789 Deum,

407 818 685 874 communi
716 826 893 872 tamen
922 824 1062 871 statu
1088 813 1390 869 amborum.
1416 812 1635 870 Salvum
1666 828 1794 885 ergo
1820 813 1925 869 erit
1941 822 1997 869 et

401 909 676 976 materize,
717 918 773 964 ut
813 918 867 966 et
908 908 1022 979 ipsa
1064 907 1261 973 fuerit,
1300 907 1397 964 sed
1432 922 1555 963 cum
1593 908 1724 972 Deo,
1781 910 1906 979 quia
1943 915 2000 965 et

400 1003 545 1061 Deus
574 1002 744 1070 solus,
803 1001 898 1058 sed
940 1016 1064 1058 cum
1096 1000 1210 1057 illa.
1245 1001 1312 1057 Et
1343 1001 1459 1072 ipsa
1499 1001 1668 1072 prima
1701 1016 1821 1057 cum
1850 1002 1995 1070 Deo,

407 1095 531 1166 quia
560 1104 615 1152 et
642 1095 782 1151 Deus
822 1094 1027 1165 primus
1070 1108 1195 1150 cum
1249 1093 1343 1149 illa
1371 1092 1505 1149 :sed
1547 1102 1605 1150 et
1653 1093 1745 1149 illa
1796 1093 2001 1150 incom-

404 1185 654 1257 parabilis
707 1200 830 1253 cum
893 1185 1005 1240 Deo
1032 1225 1049 1252 ,
1077 1184 1199 1256 quia
1250 1194 1304 1239 et
1362 1183 1505 1240 Deus
1569 1183 2001 1256 incomparabilis

401 1295 526 1334 cum
582 1278 713 1344 illa,
768 1286 824 1334 et
889 1278 1095 1333 auctrix
1134 1292 1256 1333 cum
1309 1277 1441 1345 Deo,
1484 1285 1537 1332 et
1597 1277 1813 1333 domina
1875 1293 1998 1335 cum

408 1372 539 1428 Deo.
570 1370 661 1427 Sic
712 1369 913 1441 aliquid
964 1378 1020 1426 et
1070 1385 1177 1425 non
1241 1378 1408 1425 totum
1482 1370 1723 1426 materiae
1776 1370 1997 1439 habere,

403 1465 475 1519 ita
504 1464 580 1520 illi
613 1463 745 1519 nihil
770 1463 993 1534 reliquit
1022 1461 1417 1533 Hermogenes,
1439 1461 1585 1532 quod
1610 1478 1717 1517 non
1746 1471 1801 1518 et
1826 1474 1998 1519 mate-

399 1556 498 1611 ria:
518 1555 839 1612 contulisset
872 1572 885 1609 :
920 1563 980 1609 ut
1010 1570 1115 1609 non
1159 1554 1382 1611 materia
1422 1553 1569 1616 Deo.
1599 1555 1695 1611 sed
1723 1554 1867 1611 Deus
1896 1570 1999 1626 po-

404 1651 509 1705 tius
565 1649 806 1705 materia:
861 1655 1225 1719 comparetur;
1292 1649 1469 1719 Atque
1522 1646 1698 1715 adeo,
1758 1663 1882 1703 cum
1932 1662 1997 1704 ea

821 466 834 505 :
881 450 1087 519 atquin
1131 463 1236 503 non
1292 446 1477 513 solus,
1544 460 1665 502 cum
1723 461 1787 502 ea
1844 445 1988 502 enim
2089 456 2344 517 censetur
2370 446 2665 502 aeternitas.
2693 445 2877 517 Neque
2905 448 3050 502 enim
3079 447 3308 518 proximi
3340 448 3553 503 erimus
3578 446 3709 518 opi-

2098 539 2347 594 nionibus
2384 539 2692 603 nationum,
2718 555 2853 610 qua:
2881 539 2927 595 si
2953 539 3172 611 quando
3211 550 3483 611 coguntur
3524 540 3706 596 Deum

2096 631 2342 687 conﬁteri
2364 670 2382 699 ,
2416 640 2597 688 tamen
2617 640 2674 688 et
2697 631 2833 687 alios
2859 631 2998 687 infra
3020 632 3170 686 illum
3198 634 3404 687 volunt.
3435 632 3711 689 Divinitas
3728 696 3769 719 φ

2098 732 2279 778 autem
2310 722 2539 794 gradum
2568 736 2677 778 non
2703 721 2882 791 habet,
2915 732 3101 795 utpote
3127 723 3322 791 unica;
3348 739 3474 796 quae
3497 724 3542 780 si
3567 725 3713 781 etin

2099 814 2325 869 materia
2353 813 2481 882 erit,
2509 821 2570 869 ut
2596 812 2824 884 proinde
2870 813 3055 869 innata
3080 823 3137 870 et
3164 813 3357 871 infecta
3389 824 3444 870 et
3472 824 3709 883 aeterna,

2098 905 2273 961 aderit
2320 905 2632 976 utrobique,
2693 908 2817 977 quia
2865 907 3045 963 minor
3082 921 3151 963 se
3194 921 3459 978 nusquam
3504 909 3715 978 poterit

2100 1011 2246 1054 esse.
2269 996 2555 1065 Quomodo
2575 1011 2706 1068 ergo
2731 997 3041 1054 discernere
3058 998 3276 1054 audebit
3296 1000 3671 1070 Hermogenes
3691 1042 3709 1069 ,

2056 1089 2065 1105 '
2101 1096 2267 1160 atque
2296 1088 2370 1144 ita
2401 1088 2670 1159 subjicere
2701 1089 2812 1145 Deo
2841 1090 3143 1157 materiam,
3174 1100 3432 1146 aeternam
3472 1099 3710 1160 teter-no,

2102 1178 2345 1236 innatam
2390 1180 2601 1248 innato,
2642 1181 2937 1237 auctricem
2976 1182 3222 1237 auctori?
3278 1181 3463 1238 dicere
3498 1181 3715 1237 auden-

2104 1279 2236 1338 tem,
2255 1280 2329 1340 et,
2344 1271 2458 1343 Ego
2484 1272 2679 1342 prima,
2700 1281 2776 1341 et,
2792 1271 2906 1343 Ego
2931 1281 3058 1328 ante
3080 1273 3282 1339 omnia,
3299 1273 3506 1343 et,Ego
3533 1289 3565 1328 a
3593 1289 3712 1344 quo

2103 1350 2282 1419 omnia
2316 1382 2330 1419 :
2366 1378 2526 1435 pares
2557 1364 2777 1431 fuimus,
2806 1365 2969 1420 simul
2998 1363 3223 1432 fuimus,
3255 1366 3417 1419 ambo
3446 1365 3569 1422 sine
3596 1367 3713 1420 ini-
3814 1436 3817 1443 ι

2106 1456 2202 1519 tio.
2226 1456 2345 1512 sine
2371 1454 2517 1512 ﬁne:
2546 1454 2706 1511 ambo
2732 1456 2851 1512 sine
2875 1465 3117 1524 auctore,
3147 1458 3266 1513 s‘ne
3288 1457 3432 1512 Deo?
3456 1458 3593 1524 Quis
3616 1472 3715 1515 me

2105 1549 2247 1606 Deus
2287 1548 2368 1623 (6)
2412 1549 2630 1621 subjicit
2680 1548 3109 1621 centemporali,
3149 1550 3473 1606 coretaneo?
3493 1549 3551 1606 Si
3582 1550 3718 1621 quia

2107 1641 2250 1697 Deus
2287 1641 2518 1711 dicitur,
2562 1642 2734 1709 habeo
2757 1653 2812 1698 et
2849 1656 2953 1715 ego
2993 1658 3169 1699 meum
3201 1658 3419 1698 nomen.
3461 1643 3570 1697 Ant
3605 1656 3715 1713 ego

403 1756 522 1811 quae
558 1736 638 1812 (ὅ)
688 1739 902 1810 propria
931 1738 1023 1794 Dei
1050 1736 1406 1805 vindicamus,
1432 1753 1647 1809 semper
1670 1738 1857 1808 fuisse,
1880 1741 1997 1798 sine
2024 1749 2074 1810 Β
2102 1747 2220 1788 sum
2243 1734 2420 1801 Deus.
2464 1743 2559 1790 ειυι
2596 1734 2684 1790 ille
2736 1735 2962 1807 materia
2990 1732 3071 1807 (7)
3105 1753 3118 1789 ε
3148 1735 3272 1805 quia
3311 1733 3473 1789 ambo
3514 1748 3713 1790 εωιὶιιε
3738 1765 3767 1787 ι

404 1832 579 1899 initio,
608 1832 726 1887 sine
757 1830 883 1899 line,
912 1839 965 1887 et
992 1831 1223 1902 primum
1257 1829 1424 1887 fuisse
1446 1872 1462 1898 ,
1494 1837 1550 1886 et
1574 1831 1770 1898 solum,
1801 1841 1858 1889 et
1881 1847 1997 1887 om-

405 1924 552 1978 nium
579 1932 884 1989 auctorem,
930 1923 1169 1978 materia:
1195 1937 1410 1994 quoque
1436 1932 1782 1994 competant;
1813 1939 1997 2003 quaero

386 2013 536 2094 quid
578 2010 846 2070 diversum
879 2024 934 2071 et
962 2015 1199 2070 alienum
1231 2031 1261 2069 a
1293 2015 1404 2070 Deo
1426 2057 1442 2083 ,
1476 2029 1541 2071 ac
1569 2031 1666 2086 per
1693 2014 1794 2072 hoc
1823 2017 1999 2087 priva-

408 2117 521 2163 tum
564 2107 784 2163 materia
837 2106 1155 2178 possederit,
1204 2121 1300 2178 per
1346 2106 1488 2178 quod
1546 2107 1658 2164 Deo
1711 2123 1817 2164 non
1852 2122 2000 2165 com-

416 2200 671 2272 paretur?
699 2199 754 2254 ln
784 2214 887 2270 qua
905 2199 1084 2253 omnia
1114 2199 1206 2255 Dei
1230 2198 1448 2270 propria
1464 2210 1838 2269 recensentur,
1867 2201 2001 2258 satis

404 2291 753 2364 praejudicant
777 2292 846 2347 de
875 2291 1080 2362 reliqua
1109 2292 1536 2362 comparatione.

972 2382 1201 2439 CAPUT
1239 2381 1351 2439 VII.

479 2474 534 2532 Si
558 2474 824 2532 minorem
845 2484 900 2531 et
922 2473 1235 2531 inferiorem
1261 2475 1540 2530 materiam
1572 2475 1704 2542 Deo,
1727 2485 1782 2531 et
1802 2476 2001 2533 idcirco

408 2567 885 2640 incomparabilem
918 2568 1015 2636 illi,
1057 2568 1355 2633 contendit,
1388 2576 1447 2623 ut
1473 2568 1700 2640 majori,
1750 2581 1807 2626 ut
1847 2585 2003 2642 supe-

412 2660 566 2725 riori,
621 2660 912 2732 praescribo
937 2675 1045 2715 non
1076 2674 1271 2731 capere
1301 2660 1459 2715 ullam
1503 2659 1918 2720 diminutionem
1948 2673 2004 2720 et

406 2752 861 2817 humiliationcm,
909 2750 1056 2823 quod
1095 2752 1445 2807 sitaeternum
1476 2761 1532 2807 et
1563 2752 1805 2809 innatum
1834 2773 1849 2809 :
1881 2755 2005 2825 quia

407 2847 511 2902 hoc
533 2853 589 2902 et
613 2845 783 2902 Deum
813 2845 971 2901 faciat
1008 2856 1238 2914 tantum,
1266 2856 1496 2917 quantus
1521 2855 1623 2912 est,
1654 2847 1803 2902 nullo
1826 2848 2001 2903 mino-

406 2951 555 3002 rem,
589 2952 765 3007 neque
796 2936 1207 3007 subjectiorem,
1239 2936 1350 2992 imo
1367 2937 1619 2993 onmihus
1653 2937 1912 3009 majorem
1950 2949 2007 2995 et

408 3027 804 3084 sublimiorem.
836 3027 986 3085 Sicut
1012 3028 1157 3085 enim
1188 3037 1384 3084 caetera
1409 3045 1529 3099 qua:
1555 3041 1869 3101 nascuntur,
1910 3042 2005 3088 aut

2101 1826 2247 1898 quod
2281 1828 2418 1884 alter
2444 1837 2529 1884 est
2564 1836 2831 1885 nostrum.
2860 1828 3025 1884 Putas
3055 1829 3233 1899 itaque
3270 1828 3553 1884 materiam
3596 1829 3715 1885 Deo

2103 1934 2209 1976 non
2235 1932 2601 1990 comparasse,
2627 1936 2786 1993 quam
2812 1921 3017 1977 scilicet
3043 1920 3292 1992 subjiciat
3314 1920 3393 1976 illi
3419 1923 3443 1977 1'

2697 2032 2927 2094 CAPUT
2966 2033 3103 2091 VIII.

2185 2128 2380 2199 Atquin
2408 2128 2581 2195 etiam,
2601 2128 2863 2199 praeponit
2894 2128 3040 2182 illam
3071 2127 3204 2195 Deo,
3238 2136 3297 2184 et
3325 2128 3494 2184 Deum
3531 2129 3719 2199 potius

2105 2219 2318 2289 subjicit
2340 2222 2601 2289 materiae,
2630 2236 2754 2277 cum
2779 2220 2892 2275 volt
2920 2234 3044 2275 eum
3064 2220 3133 2276 de
3160 2222 3381 2277 materia
3402 2232 3597 2277 cuncta
3621 2221 3715 2276 fe-

2102 2312 2266 2369 cisse.
2309 2312 2364 2369 Si
2389 2313 2535 2368 enim
2562 2328 2631 2369 ex
2661 2314 2749 2368 illa
2777 2327 2907 2368 usus
2932 2322 3017 2369 est
3042 2312 3109 2368 ad
3138 2327 3302 2383 opera
3327 2312 3554 2380 mundi,
3597 2314 3715 2382 jam
3741 2294 3951 2391 εις-ίν-έελ

2106 2415 2162 2462 et
2188 2407 2413 2462 materia
2454 2407 2701 2477 superior
2732 2406 3034 2470 invenitur,
3080 2420 3197 2476 qua:
3225 2406 3301 2460 illi
3329 2406 3546 2476 copiam
3574 2420 3710 2476 ope-

2104 2498 2260 2554 randi
2281 2498 2728 2566 subministravit,
2754 2507 2810 2553 et
2849 2498 2990 2554 Deus
3011 2497 3283 2567 subjectus
3307 2499 3548 2553 materia:
3570 2498 3722 2554 ride-

2108 2598 2230 2657 tur,
2275 2591 2428 2661 cujus
2467 2591 2782 2648 substantiae
2825 2592 2991 2663 eguit.
3043 2591 3214 2647 Nemo
3258 2593 3399 2646 enim
3444 2607 3554 2649 non
3592 2599 3724 2662 eget

2108 2697 2177 2738 eo
2209 2682 2285 2756 (b)
2317 2682 2385 2739 de
2411 2682 2566 2755 cujus
2591 2684 2761 2739 utitur
2794 2701 2808 2737 :
2837 2697 3000 2739 nemo
3027 2698 3137 2739 non
3168 2683 3453 2752 subjicitur
3479 2685 3531 2739 ei
3558 2684 3722 2754 cujus

2108 2786 2252 2846 eget,
2277 2777 2531 2847 utpossit
2558 2777 2636 2831 uti
2664 2794 2677 2830 :
2706 2776 2784 2832 sic
2809 2784 2870 2832 et
2897 2790 3059 2832 nemo
3078 2777 3147 2832 de
3173 2776 3348 2832 alieno
3380 2775 3583 2832 utendo
3603 2792 3719 2833 non

2109 2869 2287 2925 minor
2315 2878 2491 2926 esteo
2519 2868 2588 2926 de
2603 2869 2755 2941 cujus
2779 2869 2967 2925 utitur.
2999 2870 3066 2924 Et
3091 2882 3251 2926 nemo
3276 2869 3368 2940 qui
3402 2867 3720 2940 prmstatde

2110 2977 2211 3018 suo
2239 2961 2317 3017 uti
2340 3002 2355 3031 ,
2398 2976 2504 3018 non
2535 2962 2589 3016 in
2619 2961 2725 3018 hoc
2761 2961 3008 3033 superior
3033 2970 3119 3018 est
3146 2976 3213 3017 eo
3237 2962 3324 3017 cui
3359 2972 3581 3031 prmstat
3612 2960 3720 3016 uti.

2109 3055 2299 3127 Itaque
2347 3056 2569 3112 materia
2618 3056 2735 3128 ipsa
2791 3056 3004 3126 quidem
3055 3056 3165 3111 Deo
3212 3071 3321 3113 non
3370 3056 3555 3127 eguit,
3613 3055 3722 3113 sed

413 3123 603 3219 (ῖηξιιηῑ
624 3163 639 3189 ι
676 3130 731 3178 ει
756 3121 1316 3219 ideilfc9_mle"{“1_1°“
1343 3132 1503 3191 sum:
1531 3124 1700 3180 δθωθί
1723 3126 2003 3219 -οΡΡοδίιδ
2031 3143 2077 3207 C
2109 3121 2288 3217 egenti
2317 3161 2377 3202 se
2430 3147 2543 3203 Deo
2598 3121 2848 3218 praestitit
2890 3144 3002 3219 (8).
3036 3147 3255 3203 divitem
3290 3155 3344 3202 et
3378 3121 3715 3218 locupletem

415 3215 541 3281 lini,
597 3230 717 3287 quae
764 3223 820 3271 et
873 3214 1024 3271 initio
1086 3213 1376 3271 admittunt
1429 3229 1492 3270 ea
1546 3231 1667 3288 qua:
1720 3217 1863 3274 Deus
1893 3235 2002 3276 non

417 3307 592 3379 capit,
639 3306 1048 3364 diminutionem
1089 3308 1213 3364 dico
1256 3307 1474 3364 interim
1505 3318 1559 3364 et
1587 3309 2001 3383 subjectionem,

411 3401 534 3472 quia
567 3410 689 3457 nata
720 3410 775 3456 et
800 3400 940 3457 facta
969 3410 1096 3457 sunt
1127 3420 1141 3457 :
1174 3403 1246 3457 ita
1275 3411 1332 3457 et
1361 3401 1503 3459 Deus
1531 3402 1654 3459 ideo
1682 3419 1745 3462 ea
1777 3421 1883 3462 non
1914 3421 2008 3464 ca-

409 3494 522 3565 pit,
554 3494 678 3564 quia
703 3507 804 3549 nec
846 3503 1006 3549 natus
1026 3493 1281 3560 omnino,
1313 3508 1415 3550 nec
1441 3492 1614 3551 factus
1636 3504 1738 3551 est.
1771 3496 2007 3554 Materia:

411 3595 590 3640 autem
618 3582 698 3659 (4)
733 3594 903 3640 status
944 3585 1067 3640 talis
1095 3593 1197 3641 est.
1247 3585 1412 3656 Igitur
1434 3595 1489 3643 et
1516 3586 1727 3645 duobus
1755 3592 2007 3657 aeternis,

415 3685 474 3733 ut
497 3677 714 3743 innatis,
730 3686 788 3732 ut
809 3676 1040 3745 infectis,
1073 3678 1184 3734 Deo
1209 3687 1369 3748 atque
1396 3680 1614 3736 materia
1634 3679 1739 3754 (5),
1765 3683 1837 3740 ob
1862 3700 2008 3740 eam-

415 3769 539 3824 dem
566 3769 829 3823 rationem
859 3768 1162 3825 communis
1186 3778 1379 3838 status,
1410 3786 1474 3827 ex
1505 3786 1661 3842 aequo
1686 3774 2008 3834 habentibus

418 3859 472 3916 id
511 3858 650 3930 quod
697 3874 870 3930 neque
898 3851 1145 3928 diminui,
1176 3876 1276 3917 nec
1303 3860 1493 3931 subjici
1523 3862 1778 3932 admittit,
1820 3866 1874 3923 id
1928 3878 2012 3926 est

415 3951 770 4007 aeternitatem
803 3968 815 4004 :
842 3961 1089 4011 neutrum
1117 3951 1345 4008 dicimus
1370 3953 1541 4010 altero
1567 3970 1690 4012 esse
1717 3958 2007 4031 minorem,

413 4042 527 4098 sive
547 4041 837 4119 majorem,
874 4050 1124 4100 neutrum
1145 4044 1312 4102 altero
1332 4044 1694 4118 humiliorem,
1719 4050 1833 4108 sive
1852 4067 2011 4124 supe-

416 4134 614 4191 riorem
634 4175 650 4204 ,
683 4134 779 4190 sed
807 4143 953 4192 stare
980 4136 1142 4194 ambo
1164 4152 1234 4194 ex
1260 4138 1375 4210 pari
1403 4153 1592 4211 magna
1613 4181 1630 4210 ,
1677 4157 1744 4199 ex
1775 4146 1890 4215 pari
1913 4161 2004 4203 su-

2107 3248 2163 3294 et
2188 3237 2465 3293 liberalem
2495 3238 2713 3307 minori,
2741 3240 2958 3310 opinor,
2982 3247 3038 3294 et
3062 3240 3295 3295 invalido
3308 3250 3363 3296 et
3388 3241 3567 3296 minus
3593 3240 3723 3297 ido-

2111 3344 2216 3385 neo
2242 3329 2312 3385 de
2340 3328 2511 3384 nihilo
2540 3329 2721 3387 facere
2747 3346 2867 3401 qua:
2905 3332 3053 3386 velit.
3085 3331 3300 3389 Grande
3330 3348 3518 3388 revera
3546 3331 3725 3388 bene-

2114 3421 2295 3479 ﬁcium
2324 3421 2435 3477 Deo
2460 3423 2708 3490 contulit,
2736 3432 2797 3479 ut
2822 3423 3044 3480 haberet
3071 3425 3231 3481 hodie
3258 3440 3353 3497 per
3376 3441 3537 3497 quem
3568 3425 3721 3483 Deus

2111 3524 2532 3586 cognosceretur
2553 3557 2568 3584 ,
2601 3527 2659 3572 et
2687 3517 3035 3589 omnipotens
3066 3531 3357 3575 vocaretur
3384 3538 3397 3574 :
3432 3519 3537 3576 nisi
3568 3519 3722 3590 quod

2110 3606 2223 3677 jam
2254 3621 2364 3663 non
2394 3608 2758 3678 omnipotens,
2783 3608 2829 3664 si
2855 3625 2960 3664 non
2988 3620 3038 3665 et
3070 3609 3176 3666 hoc
3204 3621 3417 3682 potens,
3447 3627 3514 3668 ex
3544 3610 3725 3670 nihilo

2112 3698 2290 3752 omnia
2333 3698 2594 3767 proferre.
2635 3698 2780 3757 Sane
2809 3710 2865 3756 et
2893 3701 2994 3757 sibi
3027 3702 3279 3773 praestitit
3307 3703 3507 3775 aliquid
3538 3714 3726 3762 male-

2113 3788 2215 3856 ria,
2248 3799 2382 3846 utet
2407 3791 2519 3861 ipsa
2550 3809 2672 3848 cum
2699 3793 2811 3849 Deo
2838 3794 3009 3864 possit
3037 3796 3253 3865 agnosci
3275 3795 3562 3866 corcqualis
3582 3795 3724 3865 Deo,

2114 3880 2226 3936 imo
2269 3891 2326 3937 et
2359 3881 2592 3953 adjutrix
2629 3902 2641 3939 :
2671 3884 2779 3940 nisi
2826 3885 2969 3956 quod
3007 3886 3157 3941 solus
3196 3902 3315 3942 eam
3348 3886 3729 3959 Hermogenes

2116 3974 2401 4045 cognovit,
2429 3985 2485 4031 et
2516 3974 2590 4048 (ε)
2633 3974 3367 4058 haereticorumpatriarchm
3385 3979 3725 4051 philosophi.
3794 4024 3823 4034 -

2122 4065 2413 4137 Prophetis
2437 4069 2584 4123 enim
2609 4078 2664 4126 et
2690 4071 2951 4142 apostolis
2975 4087 3145 4144 usque
3169 4060 3729 4146 adhuc—lmuimo

2626 4040 3005 4055 ...ι-..ᾑ-

3498 4058 3691 4068 --ν-ο-ο

2108 4164 2165 4213 et
2190 4157 2406 4214 Christo
2438 4156 2543 4231 (9).

1622 4253 1919 4318 LECTION
1924 4263 2007 4324 ES
2044 4266 2458 4328 VARIANTES.

475 4361 547 4452 εξ)
569 4359 1451 4452 ῗέῐὲἑίηὲιὲ.ξ¹ἒέἑ⁰ι¹ῧ³ἓ.ἓ¹ίῗὲᾖὲθ.ι1ἱ
1463 4367 1613 4452 Rite"-
1650 4374 1801 4426 δειναί·
1825 4390 1843 4439 ς
1875 4382 2010 4452 .salvo
2034 4391 2087 4452 1)

413 4421 543 4504 statu
574 4425 798 4476 materiae
833 4421 986 4477 fuisse
1006 4427 1170 4479 Deum
1194 4427 1336 4481 habet
1359 4430 1469 4482 cod.

412 4496 555 4677 miti)
578 4548 704 4600 Vide
721 4562 787 4600 ne
810 4550 1073 4602 irrideatur
1095 4564 1123 4602 a
1145 4554 1286 4605 nobis
1307 4552 1460 4606 Rhea.
1482 4556 1636 4609 Seml.
1661 4559 1855 4616 obertli.

501 4613 534 4677 ξ
575 4611 692 4677 gum
712 4625 773 4662 ea
798 4616 989 4677 propria
1006 4614 1101 4665 Dei
1124 4617 1254 4677 apud
1273 4617 1405 4669 eaad.

501 4611 553 4678 ἦ)
575 4611 692 4678 gum
712 4625 773 4662 ea
798 4616 989 4678 propria
1006 4614 1101 4665 Dei
1124 4617 1254 4678 apud
1273 4617 1405 4669 eaad.

504 4673 543 4721 4·
582 4673 642 4724 Ει
665 4673 1072 4726 ωδῑεῆεθέυιριη
1093 4673 1244 4730 Blieu.
1273 4688 1370 4730 etc.

501 4677 555 4800 si
578 4734 689 4787 Deo
722 4745 873 4800 atque
909 4740 1129 4789 materiae
1166 4737 1313 4792 nhen.
1339 4753 1370 4793 θ

578 4734 689 4787 Deo
722 4745 873 4801 atque
909 4740 1129 4789 materiae
1166 4737 1313 4792 nhen.
1339 4748 1385 4793 et
1406 4740 1557 4796 iidem
1578 4744 1668 4809 aL,
1688 4753 1744 4800 ut
1763 4748 1896 4802 solet.

2199 4386 2249 4449 6)
2272 4387 2421 4439 Forte
2442 4387 2551 4441 Deo
2570 4391 2692 4441 Jun.

2203 4449 2232 4499 7
2280 4449 2341 4501 Et
2364 4451 2448 4503 ille
2472 4456 2678 4504 materia
2699 4461 2812 4505 Jtm.

2205 4454 2383 4577 8jiSegd
2413 4516 2613 4577 eguisse
2643 4529 2699 4566 se
2723 4517 2812 4568 deo

2205 4511 2383 4587 8)nSe_d
2413 4516 2613 4587 eguisse
2643 4529 2699 4587 se
2723 4517 2820 4568 deo
2842 4531 2916 4587 pr.
2950 4520 3061 4587 _Lat.
3086 4517 3186 4587 sed_
3213 4520 3378 4587 egenti
3418 4533 3474 4569 se
3507 4522 3608 4573 deo
3642 4536 3727 4587 pr.

2117 4575 2356 4645 Ju‘nJ’Sqd
2382 4575 2553 4645 egenti
2578 4590 2636 4627 se
2668 4579 2766 4645 deo
2789 4575 3066 4645 pfdivitcm
3093 4588 3146 4630 et
3174 4575 3470 4645 locupletem
3504 4594 3559 4635 ct
3593 4575 3729 4636 lilieé

2117 4635 2439 4713 ralemfod.’
2452 4640 2637 4713 Wgtnq.
2653 4635 2895 4713 fortesed
2917 4656 3085 4713 egeno
3095 4657 3151 4713 se
3162 4635 3272 4713 ὀξυ.
3286 4635 3447 4695 'divite
3464 4647 3594 4713 (scit.
3620 4635 3738 4713 se),

2274 4699 2487 4777 Δζ’ξιίιοηεεῑ
2509 4696 2718 4777 Christo.
2742 4705 2891 4756 Fran.
2909 4696 3078 4760 Poris.
3096 4706 3198 4773 Rig.
3213 4696 3274 4756 λι
3293 4716 3406 4759 Jun.

2123 4761 2389 4825 apostolos,
2411 4762 2675 4816 Christum.

1783 4855 2345 4928 COMMENTARIUS.

491 4955 567 5082 (2)
600 4954 1043 5032 Extegtdiﬂnquit.
1083 4961 1266 5015 cretum
1293 4961 1454 5018 solus.
1487 4962 1579 5021 Sic
1612 4982 1642 5023 a
1685 4968 1753 5025 ud
1778 4968 1969 5027 Isaiam

548 5026 654 5082 LIV
681 5036 944 5082 εΕείτεινα.
969 5039 1047 5082 τὸν
1074 5034 1265 5082 tirocinia
1295 5036 1447 5082 μόνω-
1471 5034 1537 5082 El
1554 4983 1680 5082 Ps9?
1714 5039 1829 5082 [τιν
1849 5057 1864 5070 ·
1890 5045 1913 5082 ὃ
1939 5016 2006 5082 2-:

418 5044 469 5084 (ξ.
496 5026 654 5083 XLIV
681 5026 944 5094 εΕξίτ-εινσ.
969 5039 1047 5085 τὸν
1074 5034 1265 5101 εὗρανὸν
1292 5036 1447 5103 μόνος.
1471 5026 1694 5094 ΕιΡδειΪ.
1714 5039 1864 5096 CIV:
1890 5045 1913 5094 ὅ

412 5108 670 5183 renown-69
692 5104 880 5183 etiam
906 5104 1015 5183 ἆορ-εὶ
1048 5104 1230 5183 895(5):».-
1247 5103 1715 5183 Qum_sunt_ctiam
1741 5112 1808 5167 ab
1834 5124 2011 5171 exter-

416 5126 670 5183 rent:ij
692 5126 880 5182 ουραςνσν
906 5126 1015 5183 oio-st
1048 5126 1218 5225 uacent.
1247 5126 1376 5172 υυω
1406 5126 1531 5163 sunt
1554 5126 1715 5164 etram
1741 5126 1808 5167 an
1834 5126 2011 5171 exter-

416 5170 843 5256 nts‘ettataLStc‘
865 5186 1011 5226 enim
1041 5185 1078 5256 a_
1144 5172 1365 5256 Critiam
1379 5176 1651 5256 :l‘ricphon
1682 5199 1695 5237 :
1728 5188 1788 5237 Et
1822 5189 2011 5256 οὐρανόν

413 5248 473 5304 ὡς
510 5245 660 5314 δερῥιν
702 5244 978 5309 (ﬁgularis,
1025 5253 1114 5315 γὶν
1155 5247 1205 5299 δᾶ
1241 5246 1309 5315 ἆρ’
1345 5244 1522 5312 Dom-oe
1558 5258 1761 5321 ἔπηξεν,
1809 5244 2010 5329 ἀρά-ἐρίῳ

416 5317 677 5367 inamatus»

437 5336 677 5381 μυρφωσεν

482 5336 814 5458 ἷῗῖῗξεννυι.
844 5415 915 5426 -
947 5382 1026 5458 (Ιι)
1065 5383 1139 5441 De
1167 5388 1312 5458 cujus
1346 5388 1526 5444 utitur.
1562 5390 1828 5450 Deiectiva
1861 5397 2004 5455 locu-

412 5455 485 5538 tio
514 5471 528 5508 :
560 5455 881 5538 subauditur
915 5455 1084 5538 ream,
1113 5455 1664 5538 aut'aliquidusimile.
1684 5465 2002 5538 Hujusmodi

411 5527 635 5599 formula
653 5529 915 5599 sermonis
935 5529 1092 5582 ctiam
1112 5530 1163 5583 in
1185 5527 1551 5599 superioribus
1575 5533 1722 5591 libris
1745 5527 1873 5594 tis-us
1897 5552 1999 5595 ρει.

410 5596 666 5679 Aduersus
697 5597 1025 5681 yqrciouem
1075 5600 1163 5681 lib:
1192 5596 1274 5655 v1
1312 5603 1371 5657 Si
1400 5604 1449 5656 in
1483 5610 1757 5681 creatoris,
1797 5611 1966 5681 inquit
1988 5653 2001 5675 ,

412 5669 679 5751 accipitur.
697 5668 895 5751 Eodem
927 5671 1087 5724 libro:
1114 5671 1177 5725 Et
1197 5690 1228 5726 α
1254 5684 1457 5751 ttostrtv,
1489 5668 2004 5751 inquit,-purlislpos;

406 5741 466 5794 sit
492 5742 700 5811 opponi.
732 5740 962 5796 Rursqu
990 5757 1113 5798 mox
1142 5746 1403 5815 sequitur,
1434 5762 1536 5802 non
1567 5740 1731 5804 minor
1757 5761 1831 5808 est
1859 5740 1916 5808 eo
1944 5754 2007 5811 de

2114 4984 2262 5053 cujus
2291 4984 2467 5039 utitur.
2500 4986 2807 5044 Graecorum
2831 4999 2915 5046 est
2941 4990 3183 5048 imitatio.
3218 4991 3389 5047 “BEN.

2120 5124 2132 5134 .
2172 5050 2271 5135 '(r)
2298 5053 2671 5135 llwrrticorunt
2698 5061 3004 5135 patriai-clue
3021 5064 3333 5135 pltilosOplti.
3365 5064 3443 5118 Ex
3471 5063 3723 5133 professo

2119 5129 2263 5203 istud
2310 5137 2605 5203 tractatum
2644 5131 2901 5199 habetur,
2945 5129 3103 5203 supra
3149 5129 3483 5190 ab'auctore
3518 5136 3617 5189 lib.
3657 5138 3727 5193 de

2116 5192 2430 5277 Prwseript._
2449 5202 2712 5277 adv._lza:r_.
2743 5192 2935 5277 cap.
2955 5192 3091 5260 ΡᾹΙ.
3120 5237 3189 5246 -
3222 5205 3593 5277 IIwreticorum
3619 5192 3723 5277 pa;

2115 5269 2373 5345 triuio/tat.
2415 5271 2471 5325 In
2506 5274 2731 5345 epistola
2769 5269 2835 5329 ad
2866 5274 3273 5345 Ctesiphontem
3315 5278 3455 5332 hunc
3494 5269 3724 5334 Tenui-

2113 5334 2444 5418 liani-locutn
2479 5334 2611 5398 citat
2644 5334 3211 5418 divusﬂicrouymus.
3242 5348 3383 5402 Idem
3419 5350 3470 5402 in
3498 5347 3720 5406 Nabqu

2111 5414 2425 5484 prophetam
2470 5429 2746 5484 exponens
2793 5416 2958 5479 illud,
3013 5414 3201 5472 exilivit

3274 5421 3382 5471 ausi
3421 5421 3682 5487 audebas
3701 5462 3719 5489 ,

2114 5478 2333 5562 «omnia
2358 5478 2732 5562 cnim,_inquit,
2756 5478 3006 5562 dogmata
3034 5506 3217 5542 eorum
3240 5478 3498 5562 (loquitur
3517 5484 3589 5545 de
3616 5478 3726 5548 ba!-

2111 5552 2293 5631 reticis
2319 5550 2338 5624 )
2371 5570 2493 5631 cum
2522 5550 2788 5631 frigeant,
2822 5550 2874 5631 et
2906 5560 3087 5615 volare
3117 5576 3221 5614 non
3248 5550 3490 5631 possint,
3528 5562 3722 5619 sedem

2108 5621 2209 5673 sibi
2239 5631 2294 5703 et
2319 5621 2559 5703 requiem
2592 5621 2729 5685 inter
2758 5630 3070 5687 Aristotelis
3100 5642 3150 5687 et
3182 5621 3724 5702 Chrysippi'spineta

2112 5698 2403 5763 reperiunt.
2434 5715 2452 5748 ι
2489 5698 2666 5763 linea.
