4008 6280
427 216 532 277 207
933 261 959 282 ο

1835 215 2172 275 TERTULLI
2185 215 2294 272 ΛΝΙ

3612 216 3710 275 208

428 334 631 392 malum
670 332 850 391 dicere
886 334 970 391 cui
1011 333 1207 390 malum
1244 331 1521 390 adscribit.
1557 331 1691 388 Nam
1730 329 2019 388 definimus
2046 333 2099 394 A
2125 332 2265 386 enim
2296 331 2438 386 malo
2465 330 2819 403 deputantur,
2852 329 3147 389 secundum
3175 332 3303 389 mali
3342 341 3542 389 statum
3570 347 3713 390 com-

427 428 838 485 diminutionem
868 426 947 501 (1)
974 434 1030 483 et
1076 426 1464 497 subiectionem
1511 439 1705 495 capere
1730 439 1835 479 non
1862 438 2022 495 posse

429 522 573 594 quod
603 522 676 578 sit
717 530 975 578 internum
1034 521 1140 595 (2),
1172 529 1232 577 ut
1255 520 1346 576 alii
1377 528 1648 576 comterno
1676 516 1898 575 inferius
1927 518 2019 575 dc-

425 622 663 683 putetur.
706 613 780 670 lta
808 622 862 669 et
900 627 1043 669 nunc
1079 629 1181 670 nec
1220 613 1418 668 malum
1449 611 1678 668 dicimus
1713 619 2019 682 competere

423 706 535 772 illi,
565 705 687 777 quia
719 720 820 761 nec
849 705 1040 775 subjici
1060 718 1128 762 ex
1157 705 1262 761 hoc
1289 704 1489 775 possit,
1519 702 1662 776 quod
1688 703 1835 759 nullo
1857 702 2019 759 modo

338 865 349 871 _
423 805 607 869 potest
630 796 843 868 subjici,
876 797 998 868 quia
1023 806 1281 853 :eternum
1309 805 1412 853 est.
1441 796 1546 853 Sed
1568 811 1691 851 cum
1714 795 1850 852 alias
1871 810 2018 851 sum-

422 905 572 945 mum
594 891 794 946 bonum
825 898 1036 952 constet
1060 904 1183 946 esse
1211 890 1353 962 quod
1377 891 1446 945 sit
1471 894 1732 945 aeternum
1766 898 1824 944 ut
1852 890 2014 955 Deus,

420 997 518 1053 per
548 982 688 1053 quod
719 983 866 1038 solus
907 990 990 1037 est
1028 981 1208 1049 Deus,
1249 980 1378 1037 dum
1417 990 1653 1037 mternus
1687 989 1772 1036 cst
1794 1021 1811 1046 ,
1854 989 1909 1036 ct
1945 980 2014 1036 ita

421 1074 596 1129 bonus
616 1116 632 1140 ,
665 1072 789 1128 dum
821 1073 962 1128 Deus
987 1090 1000 1140 ;
1029 1072 1301 1144 quomodo
1330 1072 1571 1127 materia:
1597 1071 1756 1127 inerit
1777 1073 1977 1127 malum
1996 1113 2011 1137 ,

419 1181 579 1237 quam
620 1175 678 1221 ut
717 1176 1010 1232 a-ternam,
1052 1180 1322 1220 summum
1365 1164 1563 1219 bonum
1601 1163 1750 1220 credi
1792 1179 2014 1220 necesse

419 1259 545 1316 est?
566 1260 692 1327 Aut,
725 1257 770 1313 si
800 1258 943 1330 quod
975 1266 1237 1313 mternum
1264 1264 1347 1312 est
1374 1257 1571 1327 poterit
1598 1264 1653 1312 et
1683 1257 1806 1311 mali
1836 1272 2007 1326 capax

412 1365 555 1417 esse,
599 1351 801 1422 poterit
839 1349 942 1404 hoc
968 1357 1024 1405 et
1064 1350 1116 1404 in
1155 1348 1322 1403 Deum
1351 1347 1501 1404 credi
1533 1365 1545 1402 :
1576 1356 1633 1403 et
1661 1347 1779 1402 sine
1818 1361 2009 1404 caussa

415 1443 633 1516 gestivit
684 1442 885 1497 malum
933 1456 963 1496 a
1019 1441 1128 1495 Deo
1175 1439 1510 1499 transferre.
1565 1439 1610 1494 si
1654 1439 1911 1509 competit
1953 1449 2012 1496 et

414 1548 654 1606 mtcrno,
705 1533 1064 1607 competendo
1113 1535 1371 1591 materias.
1427 1533 1546 1590 Jam
1590 1550 1740 1601 vero,
1774 1534 1816 1589 si
1865 1532 2007 1605 quod

413 1640 674 1685 aeternum
701 1637 805 1694 est,
823 1628 1021 1682 malum
1052 1627 1386 1697 potestcredi
1414 1627 1743 1693 invincibile,
1772 1635 1822 1682 et
1852 1626 2006 1682 insu-

2129 430 2398 492 putantur.

2730 514 2960 573 CAPUT
2987 515 3104 572 ΧΠ.

2196 609 2308 681 Age
2322 622 2483 677 nunc,
2513 608 2706 664 malam
2732 624 2795 665 ac
2818 609 3106 680 pessimam
3133 609 3420 666 credamus
3449 625 3574 668 esse
3604 627 3708 668 ma-

2126 700 2312 756 teriam
2334 741 2351 769 ,
2399 703 2581 773 utique
2609 711 2836 770 natura;
2877 702 3019 760 sicut
3048 703 3217 760 Deum
3256 705 3460 760 bonum
3492 714 3548 761 et
3582 708 3714 777 npti-

2123 808 2271 848 mum
2326 793 2637 859 credimus,
2696 794 2922 866 proinde
2964 803 3156 851 natura
3201 813 3215 850 :
3255 798 3420 867 [iure
3476 806 3714 852 naturam

2129 896 2330 940 certam
2375 895 2430 941 et
2470 888 2630 941 lixam
2670 886 2857 943 haberi
2887 888 3156 958 oportebit
3200 899 3305 944 tam
3336 890 3390 946 in
3431 891 3576 945 malo
3604 907 3716 961 pet-

2121 986 2458 1033 scverantem
2504 978 2647 1050 apud
2696 979 3018 1049 materiam,
3068 996 3229 1051 quam
3280 982 3334 1036 in
3389 982 3535 1036 bono
3582 980 3715 1050 apud

2126 1068 2295 1124 Deum
2327 1070 2795 1127 inconvertibilem
2825 1081 2881 1128 et
2912 1071 3380 1129 indemutabilem.
3411 1072 3535 1145 (12)
3566 1074 3718 1129 Scili-

2123 1171 2205 1218 cet
2237 1164 2384 1234 quia,
2404 1165 2447 1219 si
2470 1166 2834 1221 demutabitur
2859 1174 3049 1222 natura
3080 1166 3133 1221 in
3157 1167 3378 1223 materia
3406 1167 3477 1223 de
3503 1167 3645 1221 malo
3665 1167 3716 1224 in

2119 1254 2318 1310 bonmn
2342 1299 2358 1324 ,
2399 1257 2666 1313 demutari
2698 1258 2898 1328 poterit
2925 1269 2981 1313 ct
3008 1259 3061 1315 in
3095 1259 3205 1314 Deo
3238 1259 3307 1316 de
3348 1259 3494 1316 bono
3525 1261 3578 1314 in
3612 1275 3718 1314 tua-

2115 1347 2249 1403 lum.
2296 1349 2408 1405 Hoc
2438 1350 2725 1407 loco‘dicet
2749 1351 2943 1421 aliquis
2974 1369 2986 1405 :
3019 1350 3157 1423 Ergo
3195 1351 3258 1406 de
3305 1351 3570 1422 lapidibus
3620 1353 3711 1421 [iiii

2119 1440 2339 1497 Abralta:
2389 1459 2488 1497 non
2517 1444 2916 1508 suscitabuntur,
2945 1453 2991 1498 et
3011 1444 3269 1514 genimina
3295 1444 3585 1516 viperarum
3619 1462 3716 1500 non

2114 1532 2304 1604 facient
2348 1535 2656 1605 pomitentia:
2681 1539 2904 1607 fructum
2926 1536 3073 1605 (Luc.
3100 1536 3190 1605 ΙΙΙ,
3220 1536 3273 1603 7,
3298 1536 3381 1609 8),
3421 1548 3479 1593 et
3507 1538 3601 1592 lilii
3630 1539 3718 1595 ira:

2112 1641 2218 1680 non
2253 1626 2380 1682 fient
2408 1627 2499 1682 ﬁlii
2533 1628 2677 1699 pacis
2698 1627 2917 1701 (Ep/res.
2946 1627 3011 1693 ll,
3045 1628 3123 1700 5),
3146 1629 3189 1683 si
3223 1640 3413 1684 natura
3442 1628 3717 1686 mutabilis

415 1724 657 1793 parabile
702 1723 809 1778 erit,
847 1722 1047 1777 malum
1102 1731 1162 1777 ut
1222 1730 1483 1778 internum
1516 1743 1529 1779 ;
1558 1731 1612 1778 ei
1661 1724 1732 1778 ita
1777 1722 1859 1794 (ὃ)
1908 1737 2008 1778 nos
2038 1728 2085 1789 Β
2115 1717 3716 1791 nouerit.Temereadistacxemplarespicies,obomo;non

415 1814 613 1870 frustra
643 1814 952 1869 laboramus
972 1813 1041 1868 de
1069 1812 1365 1871 auferendo
1395 1815 1534 1869 malo
1561 1830 1627 1870 ex
1656 1814 1811 1871 nobis
1840 1814 2005 1885 ipsis,

412 1915 526 1962 tum
556 1916 611 1962 et
639 1905 874 1978 Deus“)
898 1906 1001 1961 hoc
1028 1904 1224 1961 frustra
1256 1906 1475 1962 mandat
1499 1914 1555 1962 et
1597 1906 1838 1977 praecipit
1862 1924 1875 1960 :
1899 1906 2009 1961 imo

410 2006 467 2053 et
503 1996 763 2069 judicium
842 1996 1039 2051 frustra
1093 1996 1371 2053 constituit
1425 1997 1565 2053 Deus
1608 1996 1686 2069 (a)
1721 2036 1739 2064 ,
1791 1996 2007 2068 injusti-

414 2089 488 2145 tia
529 2089 609 2162 (5)
679 2088 863 2159 utique
909 2089 1212 2159 puniturus.
1259 2087 1410 2157 Quod
1451 2089 1495 2143 si
1563 2098 1690 2143 tunc
1734 2087 1838 2144 crit
1881 2087 2008 2144 mali

408 2181 533 2238 finis
562 2182 665 2254 (6),
696 2197 818 2237 cum
875 2197 1076 2252 pra‘scs
1125 2182 1242 2251 ejus
1270 2180 1514 2235 diabolus
1534 2180 1712 2235 abierit
1737 2181 1792 2235 in
1815 2182 2004 2251 ignem,

406 2292 554 2346 quem
596 2274 903 2346 prteparavit
944 2275 1023 2330 illi
1070 2274 1206 2329 Deus
1248 2285 1296 2328 et
1342 2275 1537 2345 angelis
1586 2277 1694 2348 ejus
1739 2274 2005 2348 (Mutila,

401 2366 597 2438 XXV),
638 2367 715 2440 (b)
739 2368 885 2437 prius
914 2368 968 2423 in
1001 2377 1207 2435 puteum
1233 2366 1403 2439 abyssi
1432 2368 1723 2439 relegatus(
1752 2369 2002 2438 Apocal.,

404 2458 577 2530 XX),
630 2459 701 2533 (ε)
761 2475 877 2514 cum
942 2459 1178 2514 revelatio
1217 2459 1442 2528 ﬁliorum
1486 2458 1582 2515 Dei
1622 2460 1704 2534 (Il)
1742 2462 2007 2516 redentcrit

406 2553 751 2608 conditionem
780 2568 812 2606 a
843 2551 1001 2619 malo,
1031 2552 1204 2623 utique
1254 2551 1327 2625 (e)
1354 2552 1565 2606 vanitati
1600 2554 1874 2624 subjectum
1925 2554 2004 2628 (7)

407 2647 587 2719 (Rom.
628 2645 765 2718 Vlll)
794 2661 809 2713 ;
840 2660 962 2702 cum
992 2645 1240 2701 restituta
1278 2646 1580 2702 innocentia
1616 2656 1669 2702 et
1700 2648 2004 2719 integritate

401 2740 745 2806 conditionis,
769 2740 837 2812 (ί)
852 2754 1042 2809 pecora
1060 2738 1398 2795 condixerint
1422 2739 1502 2810 (8)
1527 2740 1712 2796 bestiis
1739 2741 1814 2813 (g)
1842 2752 1896 2798 ct
1923 2740 2002 2816 (9)

400 2832 612 2905 parvuli
633 2831 701 2889 de
737 2832 1076 2902 serpentibus
1108 2830 1335 2887 luserint
1387 2831 1406 2906 (
1436 2831 1515 2887 Is.
1561 2832 1652 2901 XI,
1673 2834 1727 2901 6,
1756 2835 1809 2906 7)
1836 2851 1851 2901 ;
1878 2851 2000 2893 cum

400 2926 563 2982 Pater
592 2925 731 2981 Filio
754 2926 980 2994 posuerit
1009 2924 1239 2979 inimicos
1261 2924 1353 2979 sub
1383 2925 1533 2995 pedes
1552 2925 1671 2997 (Ps.
1694 2924 1859 2999 CIX),
1892 2929 1998 2984 uti-

401 3032 509 3090 que
549 3016 669 3089 (10)
711 3014 989 3087 Operatios
1016 3014 1165 3069 mali.
1202 3013 1400 3086 Utique
1428 3015 1472 3070 si
1510 3014 1633 3072 linis
1667 3017 1809 3074 malo
1839 3034 1990 3074 com-

400 3110 566 3183 petit,
598 3123 822 3166 necesse
855 3117 938 3164 est
966 3106 1305 3178 competierit
1336 3107 1542 3163 initium
1569 3151 1583 3176 ,
1626 3109 1834 3181 eritque
1879 3111 1993 3184 (ll)
2038 3132 2057 3149 -

2113 1802 2257 1863 enim
2286 1817 2594 1879 competunt
2623 1809 2692 1866 ad
2719 1825 2964 1867 caussam
2984 1810 3244 1879 materiae,
3264 1827 3384 1882 qua:
3404 1812 3587 1867 innata
3614 1820 3717 1878 est,

2112 1916 2175 1957 ea
2206 1917 2325 1973 quae
2356 1912 2476 1957 nata
2504 1912 2667 1970 sunt,
2696 1903 2900 1973 lapides
2924 1944 2941 1971 ,
2983 1911 3040 1959 ct
3066 1903 3261 1974 vipera:
3282 1944 3298 1971 ,
3339 1913 3395 1960 et
3426 1903 3674 1960 homines
3701 1921 3716 1958 :

2113 1994 2307 2051 horum
2341 1993 2486 2051 enim
2517 2007 2713 2051 natura
2748 1995 2997 2052 habendo
3036 1997 3471 2065 institutionem,
3518 1998 3720 2055 habere

2112 2090 2312 2159 poterit
2356 2098 2411 2146 et
2453 2089 2832 2146 cessationem.
2886 2090 3163 2146 Materiam
3205 2105 3337 2147 vero
3374 2098 3501 2147 tene
3546 2090 3719 2147 semel

2111 2190 2368 2237 teternam
2396 2180 2830 2249 determinatam,
2860 2189 2915 2236 ut
2947 2179 3224 2244 infectam.
3254 2190 3311 2236 ut
3338 2182 3582 2237 innatam
3616 2198 3632 2247 ;
3661 2190 3718 2238 et
3741 2177 3765 2226 τ

2110 2272 2235 2328 ideo
2266 2272 2669 2329 indemutabilis
2695 2281 2751 2329 et
2780 2272 3206 2343 incorruptibilis
3243 2282 3451 2329 natura:
3480 2274 3715 2330 creden-

2111 2363 2264 2431 dam,
2313 2381 2377 2420 cx
2409 2364 2576 2435 ipsius
2603 2364 2766 2421 etiam
2806 2365 3072 2421 sententia
3110 2364 3501 2436 lleruingcnis,
3547 2382 3711 2435 quam

2109 2456 2470 2529 Opponit(l5)
2495 2498 2510 2524 ,
2551 2473 2672 2513 cum
2708 2458 2873 2514 Deum
2904 2466 3062 2529 negat
3091 2472 3157 2513 ex
3195 2457 3491 2529 semetipso
3531 2458 3715 2515 facere

2109 2551 2384 2622 potuisse;
2431 2552 2556 2624 quia
2606 2567 2713 2607 non
2760 2551 3069 2608 demutetur
3108 2550 3252 2623 quod
3297 2552 3369 2608 sit
3404 2560 3708 2621 aeternum,

2107 2644 2431 2699 amissurum
2462 2644 2668 2700 scilicet
2697 2643 2837 2715 quod
2872 2643 3077 2711 fuerat,
3124 2638 3252 2699 duui
3284 2642 3343 2698 fit
3365 2659 3431 2699 ex
3462 2643 3711 2701 demuta-

2108 2737 2253 2792 tione
2283 2736 2424 2808 quod
2465 2751 2570 2792 non
2609 2744 2758 2803 erat,
2797 2737 2841 2791 si
2875 2752 2980 2792 non
3011 2749 3155 2793 esset
3184 2746 3443 2794 aeternum
3475 2755 3489 2792 :
3518 2738 3705 2794 Domi—

2106 2846 2233 2885 num
2262 2846 2390 2886 vero
2419 2840 2679 2887 aeternum
2709 2830 2854 2887 aliud
2879 2845 3001 2887 esse
3028 2846 3133 2886 non
3162 2846 3343 2902 posse,
3376 2848 3536 2904 quam
3559 2833 3706 2905 quod

2104 2933 2189 2980 est
2216 2938 2452 2995 semper.
2495 2923 2605 2979 Ilac
2640 2934 2695 2979 et
2724 2938 2826 2996 ego
2855 2922 3170 2979 deﬁnitione
3207 2926 3400 2980 merito
3431 2925 3580 2982 illum
3618 2942 3705 2983 re-

2102 3016 2401 3088 pcrcutiam
2427 3032 2440 3068 :
2476 3014 2749 3070 Materiam
2776 3029 2930 3086 mque
2959 3014 3299 3086 reprehendo
3319 3028 3487 3085 ,‘cum
3519 3034 3584 3072 ex
3611 3018 3706 3073 illa

2103 3110 2244 3166 mala
2266 3110 2522 3181 pessima,
2552 3109 2714 3165 etiam
2745 3109 2882 3164 bona
2913 3118 3075 3179 atque
3101 3109 3298 3178 optima
3326 3126 3358 3165 a
3388 3109 3498 3166 Deo
3525 3111 3700 3166 liuiit:

399 3201 624 3260 materia
652 3200 856 3258 habens
877 3199 1115 3269 initium,
1141 3198 1390 3256 habendo
1420 3209 1477 3257 et
1503 3198 1662 3257 tinem
1686 3202 1835 3256 mali.
1859 3202 1989 3279 Qua:
2017 3196 2062 3261 C
2097 3204 2165 3259 Et
2193 3203 2314 3259 vidit
2337 3202 2478 3258 Deus
2503 3203 2622 3274 quia
2648 3202 2778 3258 bona
2796 3242 2812 3271 ,
2840 3212 2885 3258 et
2917 3202 3166 3258 benedixit
3195 3219 3257 3259 ea
3303 3201 3444 3259 Deus
3471 3204 3628 3276 (ϐαι.
3653 3204 3698 3275 1,

1642 3310 1936 3370 LECTION
1945 3315 2026 3373 ES
2064 3309 2512 3373 VARIANTES.’

466 3407 536 3470 (l)
563 3405 843 3458 Deﬁniimus
863 3404 1247 3470 deminutionem
1271 3409 1385 3453 Jun.

396 3531 702 3599 obtinuere
723 3531 838 3599 ιεριρ

466 3593 534 3658 (5)
575 3589 651 3658 Et:
676 3594 741 3643 ita
769 3589 1042 3655 'Itig.;Jun.
1066 3597 1140 3658 “et
1171 3598 1355 3658 tantum
1395 3602 1491 3658 non
1541 3589 1740 3658 frustra.
1783 3597 1840 3642 Αι
1877 3594 1988 3643 cod.

403 3652 587 3709 "eum.
609 3653 679 3706 sic
701 3668 718 3705 :
745 3660 799 3718 et
820 3652 922 3718 tum
946 3665 1044 3718 nos,
1063 3652 1297 3718 frustra...
1317 3652 1457 3718 ipsis,
1478 3660 1581 3702 tum
1607 3661 1659 3702 et
1694 3654 1881 3704 deus...
1901 3669 1990 3718 pu-

393 3721 603 3770 niturus.
630 3716 768 3777 Quod
794 3716 857 3777 si,
885 3723 1003 3777 etc.;
1027 3712 1178 3765 lilten.
1204 3712 1600 3765 seml.‘0bcrtlt.:
1638 3723 1691 3766 et
1714 3720 1879 3767 tamen
1901 3712 1991 3768 hos

393 3781 674 3927 {militum
699 3856 846 3912 Seml.
869 3858 988 3923 quin
1011 3864 1064 3908 et
1087 3855 1225 3908 Deus
1258 3856 1353 3907 hoc
1374 3855 1550 3907 frustra
1574 3858 1677 3909 Lat.

394 3950 409 4023 ς
458 3944 793 4063 ἐοῇιιειὶιὶδ
829 3940 938 4008 Rig.
966 3939 1144 3994 rectius
1183 3953 1330 4007 quam
1365 3939 1514 3993 Rhea.
1553 3942 1606 3992 in
1641 3941 1728 4008 qui
1760 3942 1902 3996 habet
1924 3945 1993 3996 in-

394 4024 473 4063 tus
496 4025 510 4061 ι
537 4024 549 4061 ι
584 4043 601 4061 .

390 4024 601 4076 Jusutta.

723 3507 927 3594 tersit“.-
946 3507 1241 3589 ξᾷοἱῖὲΐίῐεῖ
1247 3507 1368 3579 ’ἔτίὶζ

2158 3406 2230 3472 (6)
2258 3407 2288 3456 Ι
2291 3413 2339 3472 ta
2364 3404 2467 3472 Rig.
2488 3405 2604 3457 cod.
2630 3415 2812 3457 Wonw.
2838 3407 3018 3472 quibus
3039 3417 3208 3460 contra
3229 3410 3407 3462 malum
3430 3410 3696 3465 linisPum.

466 3407 536 3534 (1)
563 3407 843 3458 Deﬁniimus
863 3407 1247 3477 deminutionem
1271 3409 1385 3453 Jun.
2158 3407 2230 3517 (6)
2258 3407 2339 3458 Ita
2364 3407 2467 3470 nig.

458 3470 515 3535 (2
553 3470 741 3535 Posse,
779 3468 910 3531 quod
946 3473 1012 3515 Sil.
1051 3475 1292 3535 aeternum
1314 3478 1486 3535 euntes
1527 3472 1708 3529 prater
1753 3466 1904 3519 Seml.
1947 3475 1995 3520 et
2094 3478 2235 3535 seni.
2261 3468 2469 3535 οἰκεῖαι.

2160 3532 2231 3601 (7)
2246 3533 2288 3601 ᾼ
2302 3531 2446 3601 malo,
2473 3531 2638 3601 n_tiqu_e
2663 3532 2864 3601 vanitati
2885 3532 3159 3596 subiectam
3173 3535 3324 3588 Fran.
3338 3549 3404 3590 ex
3421 3536 3697 3591 Ronai’lll.

2162 3593 2231 3657 (8)
2255 3593 2572 3657 Qonvixerint
2595 3594 2698 3645 Lat.

2156 3653 2224 3718 (9)
2245 3655 2361 3718 (Nec
2384 3653 2534 3706 Sentl.

2186 3715 2261 3780 l0)
2286 3717 2461 3781 itaque,
2478 3715 2620 3767 sentt.
2649 3715 2842 3781 Obertlt.

2188 3779 2263 3842 ll)
2286 3779 2394 3841 Erit
2410 3779 2554 3829 lmen.
2581 3779 2723 3831 seml.
2750 3780 2944 3833 obcrtlt.

2184 3843 2264 3909 l9.)
2280 3842 2483 3909 Scilicet
2502 3844 2583 3904 qui
2602 3846 2643 3893 si
2666 3845 2997 3909 demutabitur
3019 3847 3250 3896 naturain
3273 3850 3570 3909 materia,de
3586 3862 3698 3899 ma-

2094 3905 2143 3956 lo
2165 3904 2215 3971 in
2247 3904 2431 3971 bonum
2454 3904 2697 3971 demutari
2734 3907 2943 3970 poterit,
2978 3915 3031 3959 et
3066 3910 3116 3959 in
3148 3917 3250 3961 Deo
3279 3911 3344 3962 de
3366 3904 3615 3971 bonouon
3640 3915 3696 3964 in

2094 3967 2275 4019 malum
2297 3966 2445 4019 Scntl.
2474 3965 2667 4019 Obcrtlt.

2159 4028 2263 4094 (15)
2290 4031 2500 4094 Apponit
2518 4036 2633 4081 Jun.

1751 4134 2312 4196 COMMENTARIUS.

398 4265 411 4275 ·
469 4259 552 4332 (a)
594 4256 711 4332 Ima
736 4263 786 4332 et
816 4250 1072 4332 judicium
1114 4249 1807 4332 frustraoconstituitnDeus.
1832 4253 1988 4332 _Cum

406 4322 843 4402 frequentissime
877 4325 1151 4402 Scriptura
1184 4322 1488 4402 meminerit
1533 4322 1718 4402 judicii
1746 4323 1991 4402 Dein-gi-

400 4390 559 4461 dettir
586 4410 763 4456 tamen
806 4390 1019 4472 proprie
1058 4393 1295 4472 alludere
1321 4391 1387 4446 ad
1430 4390 1619 4447 Matth.
1657 4394 1987 4472 _cap.__X}(V,
2013 4411 2068 4472 D

401 4490 525 4531 cum
561 4463 858 4542 sequantur
888 4463 975 4542 i_lla
1007 4463 1169 4520 verba
1189 4504 1205 4530 ,
1238 4478 1353 4532 qua:
1382 4465 1686 4542 praeparavit
1727 4463 1819 4542 illi
1850 4466 1989 4542 Deus

399 4556 448 4602 et
472 4534 668 4615 angelis
708 4543 839 4609 llus.
886 4539 1243 4615 Sunt‘autcm
1289 4534 1445 4615 uerba
1484 4535 1571 4615 illa
1609 4537 1987 4615 oliscurissima

399 4605 1006 4688 quibus‘contramalum
1030 4607 1184 4688 ﬁnis,
1224 4606 1418 4688 quibus
1441 4605 1639 4688 mederi
1669 4608 1985 4688 noulicuit,

399 4675 544 4756 quod
591 4684 676 4739 hic
717 4681 894 4756 adhuc
930 4675 1343 4756 deessetternio
1385 4677 1653 4756 variarum
1699 4675 1986 4756 lectionum

404 4745 644 4813 Vaticani
697 4752 919 4807 codicis.
969 4749 1106 4804 PAII.
1131 4776 1203 4787 --
1243 4745 1325 4819 Cf.
1373 4756 1564 4802 textum
1608 4748 1831 4804 Pamclii
1873 4768 1989 4805 cum

410 4838 604 4884 nostro.
631 4824 768 4880 Eoo.
1001 4867 1004 4875 .

469 4899 551 4971 (h)
578 4896 734 4971 Prius
777 4894 829 4971 in
869 4899 1073 4971 puteum
1119 4888 1321 4971 abyssi,
1364 4896 1468 4944 etc.
1509 4888 1712 4944 Alludit
1748 4890 1813 4946 ad
1858 4891 1986 4971 illud

403 4958 568 5041 Apoc.
598 4966 739 5041 XX_,
770 4962 838 5018 Et
867 4958 1518 5041 apprehenditdraconem,
1544 4971 1826 5041 serpentem
1856 4966 1990 5018 anti-

406 5029 565 5111 quum
584 5082 600 5109 ,
637 5029 827 5111 σηξεει
864 5029 1097 5111 diabolus
1131 5041 1178 5085 et
1209 5029 1465 5111 Satanas,
1496 5041 1542 5111 et
1568 5032 1740 5111 ligauit
1760 5050 1874 5087 eum
1901 5046 1991 5111 per

409 5102 785 5172 annos'niille,
821 5115 868 5160 et
903 5105 1039 5158 misit
1100 5118 1244 5164 eunt,
1301 5102 1414 5157 sive
1464 5102 1752 5173 relegavit,
1798 5115 1855 5159 ut
1902 5102 1990 5162 hic

402 5193 589 5240 auctor
619 5180 873 5250 loquitur,
927 5175 982 5250 in
1021 5173 1296 5250 abyssum;
1319 5174 1452 5250 sive,
1484 5174 1775 5250 secundum
1808 5188 1988 5250 aucto:

400 5272 550 5320 rem,
595 5253 650 5307 in
677 5243 888 5322 puteum
925 5246 1128 5322 abyssi;
1170 5243 1287 5322 Nisi
1322 5245 1473 5322 malit
1517 5245 1650 5322 quis
1676 5245 1878 5322 referre
1920 5249 1986 5304 ad

399 5314 547 5382 illud,
562 5314 804 5395 ejusdem
829 5314 1054 5395 capitis,
1082 5314 1149 5395 Et
1179 5314 1411 5395 diabolus
1447 5315 1535 5387 qui
1562 5315 1828 5373 seducebat
1866 5336 1987 5389 eos,

393 5384 675 5469 missus:est
702 5393 756 5469 in
779 5384 1182 5469 stagn_uvtrignis.
1207 5384 1344 5469 Pan.

472 5468 551 5549 (e)
573 5464 713 5549 σαφ’
729 5456 966 5549 τευεζςςξρ
989 5456 1213 5549 [ilignum
1240 5456 1356 5524 Dei,
1384 5466 1491 5538 etc.
1515 5457 1613 5513 llic
1638 5457 1784 5514 illum
1810 5460 1986 5549 locum

402 5528 623 5609 respicit
637 5534 819 5609 Bouh,
994 5528 1167 5584 :Nam
1193 5530 1495 5609 exspectatio
1515 5540 1761 5609 creatura:
1797 5535 1990 5585 revela-

404 5601 589 5665 tionem
625 5605 849 5677 ﬁliorum
868 5602 964 5658 Dei
988 5609 1294 5677 exspectat,-
1332 5601 1714 5677 uanitatienim
1756 5614 1989 5677 creatura

401 5670 635 5752 subjecta
669 5685 743 5732 est
777 5691 879 5729 non
886 5670 1108 5752 Προιφῇ
1152 5670 1321 5738 Quam
1361 5672 1505 5752 enim
1552 5671 1817 5742 interpres
1865 5674 1988 5728 lati.

400 5741 507 5809 nus
539 5759 856 5816 creaturam,
885 5741 1250 5802 Tertullianus
1274 5741 1617 5799 conditionem
1645 5741 1800 5801 vacat
1837 5760 1988 5804 more

2071 4260 2211 4320 'suo,
2237 4270 2342 4310 non
2372 4254 2529 4330 aliter
2552 4265 2714 4329 atque
2743 4256 2879 4314 dixit
2902 4273 3024 4330 cap.
3051 4258 3085 4316 6
3122 4261 3186 4318 de
3206 4260 3328 4319 Cor.
3351 4264 3463 4321 mil.
3498 4284 3511 4320 :
3551 4267 3687 4324 Uni-

2095 4344 2289 4382 rersam
2312 4326 2652 4382 conditionem
2679 4331 2901 4385 invitam
2922 4326 3140 4388 vanitati
3164 4338 3509 4393 successisse.
3540 4339 3685 4396 Pu.

2170 4396 2249 4470 (d)
2283 4396 2571 4452 Redemerit
2599 4402 2940 4457 conditionem
2964 4419 2997 4455 a
3017 4405 3172 4459 malo.
3199 4405 3574 4464 Conditioncm
3603 4413 3689 4466 di-

2093 4469 2168 4546 cit
2195 4469 2408 4546 condita
2438 4477 2493 4524 et
2529 4481 2707 4527 creata
2739 4487 2987 4543 qua-que.
3018 4474 3236 4546 Paulus,
3265 4478 3334 4531 ad
3359 4476 3512 4534 Rom.
3547 4480 3685 4546 νηί,

2095 4540 2161 4597 19
2197 4535 2268 4596 :li
2324 4545 2423 4621 7&3
2458 4535 2829 4621 oinozapzaoaiiat
2872 4535 2957 4608 ri:
3005 4557 3196 4610 κτίσεως
3223 4535 3328 4607 ’τὶν
3380 4535 3688 4621 ἀποκάλυψιᾷ

2092 4629 2180 4668 τῶν
2208 4620 2316 4669 υἱῶν
2342 4618 2571 4689 "deus
2598 4612 3025 4689 οἱπικδξχεται.Τῇ
3050 4622 3143 4688 γὰρ
3159 4624 3450 4689 paruit-nrt
3476 4632 3505 4681 ἠ
3535 4612 3687 4688 strict;

2093 4688 2322 4754 ὑπετάγη,
2352 4683 2452 4751 οὐχ’
2475 4690 2666 4749 tua“,
2696 4687 2825 4739 ἀλλὰ
2842 4689 2925 4739 διὰ
2946 4683 3032 4744 τίν
3059 4694 3377 4756 ὑπθτεὶξανι-οι.
3404 4684 3498 4749 ἐπ’
3524 4697 3685 4750 ἐλπίδι

2089 4760 2165 4810 ὅτι
2205 4759 2287 4809 καὶ
2333 4758 2457 4811 αὐτ-λ
2497 4763 2525 4815 ἦ
2564 4766 2712 4816 κτίσις
2745 4762 3159 4829 ἐλευθερωθνζσετοιι
3198 4767 3299 4815 ἀπὸ
3338 4779 3418 4826 τίς
3468 4766 3683 4830 duplicia;

2090 4840 2173 4900 ῖῖῖς
2196 4832 2367 4900 Priori;
2393 4830 2456 4889 εἷς
2485 4837 2571 4900 τίῆν
2593 4830 2857 4900 ἐλευθερίαν
2876 4845 2957 4892 τῆς
2979 4833 3111 4896 δόξης
3127 4848 3217 4887 τῶν
3242 4840 3407 4889 τέκνων
3435 4841 3515 4890 τδῧ
3534 4842 3680 4893 Θεοῦ.

2093 4895 2442 4971 Conditioncnt
2482 4898 2612 4971 dicit
2635 4895 3014 4971 Tertullianus.
3037 4895 3376 4971 creaturam,
3405 4906 3679 4965 hominem

2091 4979 2352 5041 creatum;
2371 4968 2584 5033 Paulus.
2605 4980 2773 5025 κττσιν.
2792 4970 3086 5041 Primasius
3108 4968 3374 5029 Uticensis
3399 4992 3412 5026 :
3442 4993 3461 5027 ι
3485 4974 3542 5031 lu
3562 4977 3681 5041 ipsa

2092 5052 2255 5117 carne
2284 5039 2411 5094 vicit
2441 5050 2724 5117 peccatum
2743 5040 2986 5097 Christus
3007 5083 3023 5111 ,
3055 5053 3111 5098 ttt
3139 5055 3383 5100 naturam
3414 5063 3532 5117 qua:
3558 5039 3680 5106 foes

2094 5118 2176 5163 rat
2217 5110 2351 5187 bona
2394 5124 2487 5179 per
2527 5111 2927 5187 conditionem,
2967 5110 3021 5170 et
3054 5130 3158 5187 (per
3195 5110 3678 5187 transgressionem

2093 5190 2185 5253 est
2201 5182 2404 5253 vitiata,
2435 5196 2528 5250 per
2554 5196 2704 5253 suam
2729 5183 2951 5253 gratiam
2981 5182 3319 5243 reformaret.
3344 5182 3374 5240 ἶ
3409 5188 3525 5245 Ηιο.

2164 5249 2239 5323 (e)
2281 5249 2501 5324 Vanitati
2547 5249 2843 5324 subjectum,
2872 5266 3186 5324 μιτειιότὴτι.
3225 5258 3485 5313 Praeclare
3533 5259 3680 5320 hunc

2093 5320 2897 5411 Pauli,_adeoque-Tertulliani
2935 5330 3109 5411 locum
3140 5329 3423 5411 e't‘tplicavit
3451 5331 3682 5411 Grotius

2091 5393 2527 5464 annotationibus
2551 5393 2618 5448 ad
2647 5394 2937 5464 Epistolam
2964 5399 3132 5454 Pauli.
3158 5393 3278 5456 Βία.

2163 5462 2231 5537 (f)
2270 5463 2466 5519 Pecora
2493 5462 2809 5519 condixériru
2833 5466 3018 5522 bestiis.
3056 5470 3122 5526 Ut
3149 5471 3447 5527 communis
3477 5472 3675 5532 umbra

2091 5549 2185 5588 seu
2206 5547 2497 5611 commune
2505 5546 2709 5611 tectum
2733 5537 2946 5611 claudat
2965 5556 3091 5596 oves
3111 5551 3165 5596 et
3190 5541 3361 5611 lupos,
3392 5552 3449 5597 ut
3474 5545 3675 5605 eodem

2091 5606 2242 5675 quasi
2269 5606 2332 5659 ad
2362 5606 2664 5661 condictum
2694 5609 2867 5665 amice
2891 5606 3374 5669 οοηγοηίειηῐ.ἶὶιο.

2163 5676 2238 5750 (g)
2274 5676 2339 5750 Et
2367 5678 2566 5750 paruuli
2586 5678 3005 5750 aeserpentibus
3035 5682 3263 5737 luserint.
3296 5684 3532 5739 Pertinet
3562 5685 3678 5746 hoc

2089 5747 2158 5805 ad
2179 5747 2311 5805 illud
2332 5747 2451 5824 cap.
2478 5747 2549 5805 XI
2582 5748 2731 5809 lsaite
2762 5747 2782 5809 ε’
2809 5749 2881 5809 Et
2904 5769 3029 5826 puer
3051 5754 3293 5829 paruulus
3328 5755 3380 5808 in
3395 5762 3677 5821 alternam
