4008 6280
99 366 225 427 s09
1367 363 1567 423 LIBER
1607 364 1967 422 nnvnnsus
2008 367 2505 427 uenuocENEit.
2642 348 2651 357 ’
3084 368 3101 405 ’
3425 368 3535 429 ato

111 484 345 557 3,3i),
364 484 587 557 utique
625 500 756 557 qua
779 483 1019 556 optima,
1049 496 1149 537 non
1173 490 1316 537 certe
1335 498 1436 552 qua
1464 482 1598 537 mala
1622 497 1684 537 ac
1711 496 1827 551 pcs~
1856 482 1911 540 A
1935 500 2094 556 quam
2121 500 2353 541 servum.
2385 486 2746 557 Quaecumque
2776 491 3016 557 potestas
3041 483 3090 541 ei
3110 524 3128 552 ,
3171 496 3333 557 quam
3360 484 3531 557 pusil-

120 578 303 634 sima.
345 577 864 632 Demutationem
900 574 1062 646 igitur
1086 573 1301 629 admisit
1322 575 1565 641 materia,
1601 582 1655 629 et
1682 574 1726 628 si
1756 574 1829 629 ita
1938 581 2059 636 [itas
2084 582 2358 651 competit,
2383 579 2439 635 Si
2469 588 2525 636 et,
2545 581 2623 636 sic
2637 578 2983 635 concedimus
3008 577 3287 634 materiam
3310 576 3530 649 quidem

129 678 249 735 est,
297 678 540 724 statum
589 668 949 724 mteruitatis
986 667 1161 723 amisit
1191 684 1204 721 :
1236 675 1444 723 mortua
1484 676 1567 723 est
1603 666 1834 737 denique
1937 674 2068 729 nihil
2099 673 2221 729 bimi
2252 671 2824 735 habuissemominum
2849 684 3002 736 vero,
3030 670 3073 726 si
3100 669 3229 741 quid
3260 668 3384 725 boni
3416 667 3532 724 edi-

131 762 269 819 sine
315 776 433 815 sua
486 760 713 816 forma.
774 759 890 818 Sed
938 759 1205 815 mternitas
1249 759 1420 816 amitti
1460 776 1564 817 non
1615 770 1831 832 potest:

1976 768 2032 831 it,
2065 782 2159 821 sua
2186 766 2380 822 virtute
2406 764 2661 832 edidisse,
2691 764 2813 821 alite
2836 779 2991 836 teque
3017 764 3332 820 oborientur
3352 776 3533 835 quaes-

140 854 316 925 quia.
368 854 488 908 nisi
527 852 729 907 amitti
766 866 879 906 non
913 851 1385 922 possibmlernilas
1415 866 1519 907 non
1549 860 1651 907 est.
1690 851 1833 922 Ergo
1938 860 2129 916 tiones.
2165 860 2363 925 Primo,
2397 861 2474 930 (ιι)
2528 859 2572 915 si
2604 857 2802 914 bonum
2833 859 2887 914 in
2924 858 3146 914 materia
3173 857 3395 914 omnino
3424 871 3532 913 non

138 964 255 1006 nec
287 947 783 1004 aemulationem
799 945 980 1018 potuit
1007 944 1289 1001 admisisse
1322 964 1334 1000 :
1367 945 1514 1017 quia,
1540 946 1583 1000 si
1611 946 1831 1001 interni-

145 1051 242 1098 tas
270 1049 407 1109 est,
440 1037 746 1096 demutari
770 1038 927 1093 nullo
952 1037 1111 1092 modo
1136 1046 1333 1108 potest.

827 1129 1057 1186 CAPUT
1092 1128 1237 1185 XIII.

233 1228 325 1285 Et
362 1235 671 1299 quaeretur
698 1244 713 1281 :
742 1225 1032 1294 Quomodo
1060 1240 1123 1280 ex
1155 1240 1219 1281 ea
1248 1223 1385 1280 bona
1413 1223 1549 1281 facta
1564 1224 1689 1290 sint,
1715 1238 1835 1294 qua:

150 1336 233 1377 ex
269 1319 699 1375 aemulatione
730 1316 883 1373 nullo
914 1317 1073 1373 modo
1100 1315 1236 1372 facta
1258 1317 1419 1372 sunt?
1442 1314 1597 1372 Unde
1616 1316 1668 1371 in
1696 1316 1833 1371 mala

150 1429 229 1470 ac
258 1413 541 1483 pessima
570 1411 705 1466 boni
734 1419 905 1481 atque
925 1410 1113 1480 optimi
1139 1410 1363 1465 semen?
1391 1408 1549 1466 Certe
1575 1424 1675 1465 uec
1696 1408 1835 1463 bona

153 1508 362 1562 arbor
401 1505 629 1560 fructus
656 1504 836 1560 malos
864 1502 1012 1571 edit,
1043 1504 1165 1575 quia
1195 1518 1295 1560 nec
1321 1504 1461 1559 Deus
1487 1504 1587 1558 nisi
1616 1503 1788 1558 bonus
1813 1518 1827 1556 :

158 1616 285 1657 nec
336 1601 500 1655 mala
542 1598 749 1662 arbor,
793 1597 1005 1665 bonos,
1049 1599 1172 1667 quia
1213 1611 1314 1652 nec
1351 1596 1572 1652 materia
1612 1605 1693 1651 est
1734 1597 1835 1652 nisi

1980 1607 2060 1660 uia
2084 1620 2189 1660 non
2210 1612 2324 1659 erat
2350 1603 2402 1658 in
2433 1602 2543 1668 illa,
2578 1611 2637 1656 ut
2664 1602 2715 1656 iu
2748 1600 2924 1667 mala;
2958 1614 3131 1670 neque
3150 1612 3219 1654 ex
3247 1597 3378 1664 Deo,
3410 1596 3534 1669 quia

167 1692 483 1764 pessima.
528 1695 640 1747 Aut
669 1691 715 1744 si
747 1690 997 1745 dabimus
1025 1690 1099 1745 illi
1131 1690 1329 1761 aliquid
1359 1692 1521 1747 etiam
1554 1691 1678 1745 boni
1710 1706 1837 1761 ger-

1980 1702 2074 1757 ihil
2110 1702 2280 1771 potuit
2308 1715 2372 1756 ex
2416 1699 2527 1755 Deo
2556 1697 2705 1763 fieri,
2745 1697 2885 1752 sicut
2911 1695 3099 1751 definit
3127 1692 3534 1763 Hermogenes:

174 1788 376 1843 minis
399 1828 415 1851 ,
443 1786 563 1855 jam
593 1798 704 1838 non
734 1782 842 1838 erit
867 1782 1148 1838 uniformis
1177 1792 1379 1839 natura!
1399 1825 1417 1851 ,
1449 1783 1501 1838 id
1554 1792 1635 1839 est
1680 1785 1837 1839 malae

1975 1796 2213 1851 avenitur
2253 1793 2450 1849 bonum
2479 1792 2590 1861 jam
2622 1804 2689 1846 ex
2721 1789 2889 1844 nihilo
2920 1787 3122 1843 factum
3145 1828 3160 1853 ,
3203 1794 3265 1840 ut
3298 1800 3365 1840 ex
3390 1784 3537 1839 nullo

170 1882 243 1939 in
279 1889 503 1941 totum.
535 1875 633 1932 sed
658 1885 714 1931 cl
739 1886 944 1932 lanium
971 1875 1197 1946 duplex.
1236 1876 1288 1932 id
1340 1886 1423 1933 εει
1480 1875 1559 1949 (1)
1608 1877 1762 1932 boum
1787 1888 1840 1931 cl
1869 1873 1917 1933 Β
1947 1887 2176 1949 factum,
2218 1894 2274 1939 ut
2303 1899 2474 1955 neque
2508 1899 2572 1939 ex
2614 1883 2837 1937 materia
2859 1923 2874 1946 ,
2913 1895 3087 1951 neque
3121 1895 3187 1935 ex
3217 1878 3349 1934 Deo.
3393 1878 3457 1934 Et
3489 1876 3536 1932 si

182 1974 375 2029 malm
399 1978 641 2026 naturae.
662 1968 729 2024 Et
750 1976 1024 2039 quatretur
1046 1969 1262 2033 iterum,
1285 1984 1353 2024 an
1376 1969 1428 2024 in
1456 1968 1596 2023 bono
1616 1978 1671 2024 et
1692 1969 1836 2024 malo

1975 1997 2140 2036 unum
2157 1996 2225 2035 ex
2241 1980 2428 2045 nihilo,
2457 1993 2554 2034 cur
2567 1992 2671 2033 non
2686 1987 2739 2032 et
2758 1975 2985 2031 malum?
3003 1975 3110 2030 imo
3125 1990 3221 2030 cur
3235 1989 3340 2030 non
3355 1972 3537 2029 omnia

186 2064 421 2137 poterit
464 2060 765 2119 convenire
803 2060 908 2116 luci
950 2069 1005 2116 et
1044 2061 1315 2127 tenebris.
1356 2060 1500 2116 dulci
1538 2069 1593 2117 et
1630 2076 1835 2117 amaro.
1941 2090 2006 2131 ex
2040 2073 2226 2139 nihilo,
2257 2072 2299 2127 si
2332 2069 2528 2141 aliquid
2551 2084 2619 2125 ex
2648 2068 2856 2124 nihilo?
2888 2066 2989 2121 nisi
3010 2066 3056 2121 si
3073 2064 3403 2121 insufliciens
3431 2064 3537 2119 fuit

188 2159 321 2213 Διιι
356 2154 403 2211 si
440 2155 621 2225 potuit
663 2152 943 2224 utriusque
977 2153 1261 2209 diversitas
1292 2153 1416 2208 boni
1457 2163 1513 2209 et
1548 2154 1673 2208 mali
1710 2168 1838 2209 cou-

1982 2167 2119 2222 ivina
2140 2167 2310 2219 virtus
2336 2152 2587 2218 omnibus
2617 2160 2977 2233 producendis
2998 2200 3014 2224 ,
3042 2173 3163 2229 qua:
3184 2155 3383 2228 aliquid
3415 2169 3537 2227 pro-

193 2248 471 2305 mitti-“>50
490 2287 507 2312 ν
550 2255 604 2301 οι
630 2244 829 2317 duplex
858 2253 1041 2300 "illum
1069 2243 1239 2301 ίιιίεεθ
1265 2246 1525 2311 materiae.
1557 2246 1837 2302 amborlﬂﬂ
1944 2258 2129 2314 tulerit
2155 2272 2219 2312 ex
2253 2254 2445 2311 nihilo.
2475 2255 2580 2309 Aut
2602 2253 2655 2309 si
2675 2268 2740 2309 ex
2764 2252 2984 2309 materia
3014 2250 3151 2306 mala
3182 2249 3380 2304 bonum
3415 2263 3541 2319 υτο-

199 2340 380 2397 te”!
418 2336 730 2401 τηιοιυυιη)
772 2335 884 2407 iam
913 2350 1013 2391 "ec
1036 2335 1177 2391 bona
1210 2336 1321 2406 ipsa
1356 2336 1469 2392 Deo
1498 2334 1840 2407 depulabllll-
1943 2351 2129 2413 cessit,
2155 2349 2278 2420 quia
2309 2362 2483 2418 neque
2509 2363 2573 2403 ex
2603 2344 2794 2409 nihilo,
2831 2359 3005 2416 neque
3025 2358 3091 2400 ex
3111 2343 3253 2412 Deo,
3285 2351 3539 2414 sequetur

204 2445 311 2492 tur
331 2478 350 2503 ,
396 2443 463 2489 ut
490 2447 593 2487 nec
625 2430 764 2487 mala
795 2431 871 2486 illi
901 2431 1229 2501 imputentur
1258 2448 1273 2485 :
1306 2430 1407 2486 sed
1444 2441 1673 2502 utraque
1713 2447 1835 2501 spe-

1975 2453 2005 2499 ιι
2058 2458 2123 2498 ex
2169 2440 2522 2497 conversione
2558 2438 2636 2511 (2)
2678 2437 3005 2511 processerit
3042 2435 3315 2502 materias,
3355 2449 3540 2491 contra

210 2528 344 2584 cies
389 2524 466 2580 de
507 2525 752 2579 materie
796 2523 1125 2593 proprietate
1157 2532 1402 2592 sumpta,
1445 2522 1513 2577 ad
1562 2524 1840 2579 materiam

1975 2536 2263 2605 lettegatatn
2315 2534 2397 2604 (5)
2437 2532 2623 2587 aeterni
2686 2529 3117 2585 conversionem.
3160 2527 3234 2582 Ita
3275 2525 3416 2583 unde
3443 2526 3542 2582 bo-

214 2616 693 2693 PeriiIN'bil-Quo
729 2624 911 2686 ιδπειον
944 2629 1118 2685 "eque
1158 2614 1384 2686 Simiam
1426 2613 1687 2671 δοηοτιηη
1732 2617 1845 2671 Deo
1948 2643 2076 2684 num
2118 2625 2380 2692 constitit,
2422 2623 2533 2694 jam
2581 2621 2798 2693 negabit
2838 2620 3209 2691 Hermogenes
3248 2619 3372 2674 inde
3412 2617 3541 2673 illud

218 2711 588 2775 debebimus,
618 2722 719 2764 nec
747 2706 1001 2763 invidiam
1024 2707 1313 2777 maiorum,
1345 2707 1467 2779 quia
1497 2707 1631 2764 nihil
1653 2707 1722 2769 de
1746 2724 1845 2766 suo

1975 2729 2198 2775 :OItSlat‘c
2220 2717 2477 2788 potuisse.
2500 2714 2733 2789 Necesse
2759 2721 2841 2769 est
2861 2722 3039 2768 autem
3062 2726 3128 2767 ex
3153 2710 3333 2782 aliquo
3354 2723 3543 2766 eorum

223 2813 501 2880 operatus
528 2801 766 2872 ingenio.

1975 2810 2282 2866 iroccsserit
2304 2850 2318 2875 ,
2364 2823 2433 2864 ex
2474 2806 2671 2879 quibus
2706 2805 2922 2877 negavit
2956 2802 3250 2874 procedere
3283 2802 3543 2873 potuisse.

842 2896 1073 2956 CAPUT
1112 2895 1255 2956 ΧΠ·
1951 2904 2243 2967 Cmterum,
2273 2902 2317 2958 si
2348 2901 2468 2956 ideo
2496 2899 2693 2954 malttm
2726 2912 2833 2953 non
2861 2912 2928 2953 ex
2959 2896 3159 2960 nihilo,
3199 2909 3269 2950 ne
3291 2894 3383 2949 Dei
3416 2892 3544 2961 fiat,

309 2999 423 3055 Per
448 2994 600 3068 quod
623 2991 940 3066 probabitur
961 2992 1242 3049 manifeste
1264 2992 1501 3049 materias
1522 2993 1846 3051 deservisse.
1952 2997 2021 3053 de
2043 2995 2196 3066 cujus
2222 2992 2443 3049 arbitrio
2468 2990 2761 3052 videbitur,
2792 2988 2887 3043 sed
2910 3003 2977 3042 ex
3004 2984 3227 3042 materia
3250 3026 3264 3051 ,
3294 2994 3351 3040 ut
3375 2985 3544 3056 ipsius

232 3093 381 3152 Nam
412 3090 519 3146 etsi
547 3088 781 3150 dicatur,
812 3086 941 3142 licet
963 3101 1028 3142 ex
1055 3088 1339 3143 occasione
1360 3088 1619 3155 materne,
1647 3103 1747 3143 suo
1774 3097 1853 3143 ta-
1953 3089 2042 3154 sit,
2063 3087 2129 3143 de
2151 3084 2303 3155 cujus
2337 3081 2635 3138 substantia
2675 3081 2779 3135 erit
2804 3078 3003 3134 factum
3034 3092 3053 3132 :
3079 3084 3134 3133 et
3167 3075 3273 3142 hic,
3305 3083 3364 3131 ut
3392 3074 3543 3139 dixi,

233 3180 648 3247 men'arbitrio
686 3182 825 3235 bona
867 3179 1152 3250 protulisse
1177 3220 1191 3245 ,
1233 3180 1386 3250 quasi
1426 3189 1613 3235 nactus
1652 3180 1851 3236 bonum
1957 3191 2144 3237 auctor
2166 3178 2290 3234 tuali
2314 3174 2597 3232 habebitur
2619 3173 2781 3239 Deus,
2806 3170 2895 3243 qui
2920 3184 3045 3226 cum
3062 3168 3254 3225 eadem
3274 3162 3470 3224 virtute
3493 3175 3551 3223 et

235 3280 517 3346 materiae,
557 3287 879 3347 quamquam
912 3282 967 3328 et
1014 3272 1115 3328 hoc
1144 3281 1298 3343 turpe
1327 3274 1428 3338 sit,
1469 3282 1615 3330 certe
1639 3289 1759 3330 cum
1787 3289 1853 3329 ex
1879 3264 1925 3327 C
1959 3278 2231 3333 voluntate
2260 3272 2535 3328 debuisset
2562 3267 2742 3323 omnia
2782 3266 2920 3321 bona
2942 3263 3020 3336 (4)
3075 3277 3142 3319 ex
3169 3261 3389 3317 materia
3421 3275 3551 3331 pro-

236 3375 442 3433 eadem
485 3369 651 3426 etiam
690 3366 830 3422 mala
869 3363 1093 3436 profert,
1134 3364 1220 3419 vel
1261 3363 1377 3420 hare
1418 3365 1602 3437 utique
1642 3382 1745 3422 non
1786 3366 1855 3421 de
1959 3370 2497 3431 tulis~ze,auttanlum
2521 3361 2680 3426 bona,
2704 3372 2810 3413 non
2857 3355 3037 3410 omnia
3080 3362 3258 3408 tamen
3284 3352 3421 3408 bona
3443 3352 3550 3423 (5),

238 3483 353 3524 suo
381 3460 616 3519 arbitrio
643 3457 970 3530 proferendo
989 3499 1006 3524 ,
1047 3457 1216 3512 servit
1243 3457 1483 3511 materia:
1506 3498 1523 3526 ,
1563 3456 1706 3513 aliud
1747 3474 1854 3517 non
1959 3462 2278 3535 protulisset
2302 3458 2461 3512 etiam
2488 3453 2629 3509 mala
2657 3469 2671 3519 ;
2699 3449 2884 3521 utique
2907 3456 3000 3502 attt
3023 3445 3212 3501 volens
3236 3458 3356 3501 esse
3382 3443 3546 3509 mala,

240 3558 463 3617 habens
502 3555 683 3610 facere
720 3564 880 3623 quam
909 3564 979 3606 ex
1009 3550 1152 3605 malo
1191 3551 1468 3620 proferre;
1510 3552 1711 3607 ἱηνὶιυε
1750 3552 1855 3607 Illi-
1961 3560 2005 3615 si
2039 3566 2249 3630 poterat
2280 3552 2500 3609 efficere
2530 3563 2595 3603 ue
2621 3552 2840 3611 esseut;
2874 3549 2967 3599 aut
2997 3556 3103 3596 non
3129 3540 3313 3596 valens
3337 3537 3555 3594 efficere

243 3667 362 3726 que
385 3664 496 3722 qua
527 3647 703 3701 bonus
724 3685 740 3711 ,
767 3658 832 3699 ex
863 3643 1185 3699 necessitate
1215 3652 1275 3698 ut
1302 3642 1503 3699 invitus
1522 3685 1538 3712 ,
1564 3653 1619 3700 et
1645 3660 1711 3699 ex
1740 3659 1858 3700 ser-

1975 3651 2143 3708 amuia
2173 3648 2342 3710 bona,
2374 3644 2418 3700 si
2451 3641 2693 3697 voluitet
2721 3653 2827 3693 non
2855 3635 2982 3692 fecit
3008 3651 3022 3689 :
3054 3632 3183 3689 dum
3214 3631 3346 3688 nihil
3385 3631 3555 3687 inter-

1938 954 2053 1021 fuit,
2095 969 2202 1008 uon
2234 969 2301 1009 ex
2338 953 2562 1008 materia
2590 951 2790 1008 bonum
2822 950 3017 1007 factum
3043 958 3161 1017 est,
3185 949 3329 1022 quod
3360 958 3534 1005 mate-

1937 1046 2013 1104 ria
2045 1046 2249 1101 scilicet
2283 1059 2391 1099 non
2435 1042 2640 1099 habuit.
2676 1032 2880 1098 Dehinc
2902 1083 2919 1108 ,
2961 1041 3007 1097 si
3040 1057 3147 1096 non
3176 1055 3246 1096 ex
3274 1039 3533 1104 materia,

1933 1141 2045 1212 jam
2068 1154 2197 1210 ergo
2217 1154 2282 1196 ex
2310 1138 2422 1193 Deo
2450 1136 2670 1193 factum.
2700 1136 2761 1193 Si
2786 1150 2886 1192 nec
2905 1150 2969 1191 ex
3001 1134 3111 1191 Deo
3129 1176 3145 1203 ,
3171 1134 3280 1205 jam
3304 1148 3435 1205 ergo
3464 1148 3532 1189 ex

1940 1232 2104 1288 nihilo
2134 1230 2351 1287 factum.
2393 1229 2507 1285 Hoc
2540 1230 2683 1285 enim
2705 1236 2951 1300 superest
2977 1226 3273 1284 secundum
3301 1226 3534 1284 Hermo-

1938 1325 2090 1398 genis
2117 1324 2548 1396 dispositionem.

2541 1413 2772 1473 CAPUT
2808 1413 2928 1471 XV.

2012 1511 2179 1567 Porro
2219 1510 2264 1565 si
2302 1508 2535 1575 bonum,
2579 1521 2752 1580 neque
2795 1522 2861 1563 ex
2906 1504 3128 1562 materia
3169 1502 3367 1560 factum
3409 1512 3532 1573 est,

245 3746 434 3801 vitute
460 3750 519 3796 ut
546 3754 613 3795 ex
642 3735 985 3794 necessitate.
1009 3733 1147 3803 Quid
1173 3749 1304 3806 ergo
1327 3734 1558 3806 dignius,
1588 3750 1652 3791 ex
1676 3750 1861 3793 neces-

248 3837 421 3893 sitate
464 3845 591 3887 eum
642 3825 955 3884 condidisse
997 3825 1177 3889 mala,
1227 3840 1294 3881 an
1340 3839 1404 3881 ex
1453 3827 1764 3883 voluntate?
1806 3827 1862 3884 Si

252 3926 484 4002 quidem
507 3965 525 3990 ,
556 3937 623 3978 ex
657 3919 980 3976 necessitate
1007 3917 1283 3983 condidit,
1326 3917 1372 3973 si
1400 3933 1463 3973 ex
1495 3920 1719 3975 materia
1751 3935 1765 3974 :
1796 3935 1860 3977 ex

254 4022 566 4079 voluntate,
583 4014 629 4070 si
653 4028 722 4070 ex
749 4011 934 4067 nihilo.
956 4010 1073 4067 Jam
1099 4010 1242 4066 enim
1272 4012 1389 4066 sine
1406 4025 1597 4067 caussa
1622 4012 1863 4079 laboras,

264 4128 338 4170 ne
366 4108 638 4166 maiorum
676 4113 866 4160 auctor
892 4103 1250 4159 constituatur
1281 4102 1457 4158 Deus:
1492 4104 1759 4173 quia,etsi
1800 4105 1869 4162 de

265 4204 501 4264 materia
542 4200 705 4267 fecit,
744 4198 845 4269 ipsi
883 4196 1280 4268 deputabuntur
1316 4197 1404 4268 qui
1445 4196 1604 4265 fecit,
1646 4199 1871 4270 proinde

273 4306 546 4369 quatenus
574 4292 724 4348 fecit.
765 4290 932 4346 Planc
955 4290 1035 4344 sic
1060 4288 1286 4345 interest
1312 4288 1454 4345 unde
1484 4289 1703 4358 fecerit,
1735 4306 1799 4347 ac
1825 4292 1870 4346 si

1965 3745 2034 3801 sit
2065 3758 2160 3815 per
2199 3740 2563 3795 infirmitatem
2606 3733 2865 3789 Dominus
2904 3736 3091 3784 auctor
3118 3726 3244 3782 mali
3281 3723 3557 3790 extiterit,

1966 3852 2035 3891 an
2075 3849 2169 3905 per
2191 3834 2542 3888 voluntatem.
2584 3829 2688 3881 Aut
2713 3839 2834 3896 qua:
2861 3821 2962 3876 fuit
2986 3819 3153 3885 ratio,
3183 3825 3241 3873 ut
3269 3831 3392 3872 cum
3418 3815 3559 3871 bona

1968 3927 2187 3984 fecisset
2251 3922 2402 3995 quasi
2451 3917 2534 3990 (6)
2583 3917 2792 3980 bonus,
2858 3913 3020 3968 etiam
3070 3908 3209 3965 mala
3254 3905 3564 3977 protulisset

1969 4018 2123 4092 quasi
2158 4030 2263 4071 non
2300 4013 2509 4078 bonus,
2549 4024 2669 4064 cum
2702 4021 2807 4061 non
2833 4000 3183 4074 congruentia
3218 3998 3319 4055 sibi
3358 3998 3564 4053 solum-

1972 4089 2133 4169 modo
2162 4106 2348 4164 edidit.
2388 4102 2527 4173 Quid
2558 4113 2780 4156 necesse
2808 4104 2953 4161 erat,
2993 4108 3093 4150 suo
3121 4106 3284 4163 opere
3312 4089 3521 4165 prolato
3542 4130 3558 4155 ,

1973 4206 2134 4262 etiam
2186 4197 2424 4255 materia:
2469 4194 2742 4266 negotium
2788 4202 3022 4253 curare,
3070 4181 3298 4255 proinde
3346 4190 3401 4238 et
3453 4195 3567 4236 ma-

1975 4298 2085 4354 lum
2130 4288 2484 4365 proferendo,
2530 4286 2677 4342 solus
2721 4290 2779 4338 ut
2819 4285 3237 4351 cognosceretur
3274 4275 3451 4331 bonus
3497 4276 3567 4329 de

271 4365 342 4449 de
368 4390 540 4447 nihilo
570 4387 825 4443 fecisset:
858 4397 959 4440 nec
985 4384 1208 4438 interest
1233 4381 1375 4439 unde
1402 4381 1619 4451 fecerit,
1660 4393 1719 4439 ut
1748 4384 1875 4441 inde
1977 4391 2120 4447 bono
2147 4386 2248 4461 (7),
2284 4382 2508 4440 materia
2534 4386 2713 4435 autem
2746 4392 2813 4431 ne
2833 4373 2915 4449 (8)
2959 4376 3376 4442 cognosceretur
3423 4365 3563 4461 mala

275 4484 490 4551 fecerit,
520 4478 662 4536 unde
682 4494 805 4535 eum
831 4475 1000 4546 magis
1016 4474 1213 4530 decuit.
1233 4473 1399 4545 Magis
1424 4484 1603 4531 autem
1631 4490 1753 4531 eum
1776 4476 1873 4533 de-

1981 4481 2049 4537 de
2067 4455 2238 4534 malo?
2252 4475 2377 4531 Plus
2391 4473 2592 4529 bonum
2623 4467 2891 4525 ﬂoruisset
2906 4465 3022 4520 sine
3045 4460 3167 4518 mali
3193 4458 3413 4515 adflatu.
3436 4455 3574 4512 Nam

275 4578 389 4636 cuit
423 4548 491 4632 es
534 4571 806 4627 toluntate
844 4566 1072 4633 fecisse,
1109 4581 1271 4638 quam
1311 4580 1378 4621 ex
1425 4569 1744 4623 necessitate
1768 4613 1783 4637 ,
1826 4572 1880 4629 id
1983 4582 2039 4629 et
2065 4571 2429 4639 Hermogenes
2465 4568 2739 4633 expugnat
2763 4552 3116 4630 quorumdam
3154 4548 3576 4622 argumentatio.
3604 4568 3629 4604 φ

277 4681 388 4737 est,
427 4682 499 4724 ex
536 4663 704 4721 nihilo
736 4662 914 4732 potius
953 4674 1112 4731 quam
1146 4672 1212 4714 ex
1242 4656 1488 4713 materia.
1534 4658 1757 4731 Dignius
1794 4675 1882 4721 est
1905 4665 1958 4728 D
1985 4678 2113 4728 nes,
2158 4657 2445 4717 dicentium
2475 4653 2614 4710 mala
2644 4648 2946 4708 necessaria
2985 4646 3150 4702 fuisse
3200 4642 3267 4698 ad
3305 4639 3575 4697 illumina-

220 4760 249 4813 τ
280 4763 457 4822 Denm
503 4756 666 4816 etiam
715 4755 981 4812 malorqu
1023 4758 1297 4808 auctorem
1342 4748 1570 4806 liberum
1615 4752 1877 4823 credere,

1984 4757 2183 4813 tionem
2250 4752 2513 4808 bonorum
2535 4788 2550 4814 ,
2612 4760 2681 4803 ex
2735 4740 3020 4801 contrariis
3080 4734 3570 4810 intelligendorum.

1540 4883 1922 4949 LECTIONES
1950 4888 2361 4950 VABIANTES.

349 5033 427 5101 (³)
453 5040 511 5086 ’π
539 5036 699 5101 "9"!-
722 5028 916 5101 αθβυηιν
940 5023 1085 5101 Mm!
1107 5021 1256 5101 ςιτιιξίο
1296 5036 1468 5101 error?
1504 5027 1882 5101 omnem.

450 5111 472 5149 :
496 5094 637 5145 mle
658 5095 709 5143 in
733 5086 912 5150 totum,
930 5089 1018 5138 sed
1038 5094 1095 5154 et_
1107 5095 1292 5138 tantum
1316 5086 1595 5151 duplexfid
1619 5086 1725 5140 'est.

350 5148 429 5225 (ξ)
452 5156 776 5225 Qenfessipne
804 5148 972 5225 γᾳηει.
994 5148 1141 5200 male.

374 5209 431 5285 3')
455 5209 633 5285 Comm
653 5217 952 5285 denegatam
974 5224 1154 5285 ςῃῃηω,
1175 5217 1358 5285 prater
1380 5209 1536 5285 sentt.
1564 5210 1757 5266 oberth.

378 5273 429 5347 ἢ
457 5273 561 5347 Βία.
579 5287 628 5334 α
655 5273 827 5347 Venet.
843 5273 1013 5347 inserit
1034 5275 1159 5323 bona
1178 5273 1212 5347 'e
1231 5273 1343 5347 cod.
1375 5284 1557 5347 Wattw.

450 5337 555 5399 Διῖι
574 5347 765 5398 tantum
787 5337 1057 5421 bona
1085 5338 1247 5387 omnia
1277 5343 1441 5388 tamen
1478 5337 1642 5401 bona)
1668 5338 1894 5401 promus.

1985 5037 2096 5092 set;
2122 5037 2204 5081 aut
2226 5030 2374 5080 etiam
2398 5025 2523 5078 mala
2545 5032 2685 5086 ,ωιιά
2706 5023 2907 5092 _sed_twn
2922 5034 3043 5087 opus
3064 5026 3151 5073 est.

2073 5087 2124 5153 6)
2146 5102 2243 5151 Qua
2264 5093 2440 5150 bonus,
2466 5100 2562 5153 qua
2587 5101 2682 5137 non
2706 5088 2753 5138 ι).
2782 5087 2884 5153 ιρι.

2053 5094 2103 5218 ἷδ
2146 5102 2243 5151 Qua
2264 5094 2440 5150 bonus,
2466 5100 2562 5160 qua
2587 5101 2682 5137 non
2707 5094 2753 5138 ι).
2782 5094 2884 5157 L_at.
3116 5143 3128 5154 _

1996 5157 2003 5164 ’
2073 5094 2124 5219 7i
2150 5157 2256 5207 Hoc
2292 5153 2484 5219 signum
2518 5156 2753 5213 uuerrag.
2803 5161 2856 5199 ιη
2886 5146 2978 5200 νει.
3017 5150 3209 5210 ponitur
3245 5142 3443 5196 (lentum
3483 5146 3588 5205 post

2156 5286 2212 5331 υι
2232 5279 2614 5344 cognosceretur
2635 5281 2749 5325 Jun.

1671 5468 2231 5529 COMMENTARIUS.

297 5595 706 5672 Megara-1.,
729 5607 942 5672 martum
962 5589 1215 5672 immittet.
1241 5587 1340 5672 [ibi
1370 5595 1545 5645 tamen
1563 5587 1780 5672 videtur
1806 5586 1886 5672 te:

2060 5582 2214 5640 CAP.
2230 5578 2537 5651 XlV.-—-(a)
2555 5571 3101 5651 Sibonumin'materia
3126 5570 3332 5651 amitino
3357 5586 3459 5627 mm
3476 5571 3598 5651 fuit.

296 5639 1339 5748 Egiliaiiit'iiiiiiié',‘iiii§iii’iioifé
1363 5639 1544 5729 initia
1563 5639 1889 5748 lightning:
1989 5639 2251 5724 Quoniam
2279 5652 2437 5732 arbor
2467 5639 2617 5705 bona
2663 5646 2831 5748 malos
2849 5645 3194 5748 fru'ctttsrnon
3223 5639 3449 5748 faeli‘lIfI
3476 5639 3593 5748 tice

417 5742 432 5748 ‘
689 5734 738 5748 λλ.
787 5746 796 5748 ﬂ
977 5732 992 5748 ⁸
1047 5732 1061 5748 ι
1124 5746 1147 5748 γλ
1170 5747 1179 5748 κ
1218 5731 1258 5748 ἢ
1311 5730 1370 5748 ..⁸
1412 5746 1433 5748 κ-
1455 5746 1459 5748 .
1488 5746 1542 5748 re-
1563 5731 1613 5748 η’
1656 5746 1669 5748 -
1691 5743 1710 5748 Α
1745 5743 1765 5748 Α.
1792 5744 1802 5748 -
1826 5747 1831 5748 ,
1991 5742 2137 5748 __-._-_a
2199 5740 2294 5748 --,.,.
2330 5730 2534 5748 -Αο,,,,,η
2564 5734 2593 5748 η
2624 5732 2704 5748 ,εἴη
2733 5729 2842 5748 nl...“
2871 5730 2921 5748 nl
2978 5729 2990 5748 Ι
3113 5728 3187 5748 lu;
3220 5728 3269 5748 In
3363 5730 3374 5748 Ι
3522 5727 3593 5748 ,ο-

294 5727 953 5815 ἶὶιᾶὖερῷηοηιὶῐάωιη
977 5727 1188 5815 lielmea
1311 5727 1715 5815 llicronymil’ac
1741 5727 1890 5782 chal-

292 5801 447 5876 δείξω
476 5806 928 5878 interpretatione
948 5844 963 5868 ,
988 5819 1108 5878 qua:
1136 5803 1297 5878 legit:
1336 5811 1382 5855 et
1417 5801 1746 5857 delectabitur
1776 5815 1894 5869 par-

292 5872 441 5948 ἶυιιη
458 5872 909 5957 αφσγοναικίηε
934 5872 1201 5948 aspiciam.
1223 5872 1362 5929 Pu.
1428 5926 1438 5945 ι

188 6050 279 6137 Δ.

1991 5711 2167 5792 ἴθι-εί),
2195 5740 2297 5796 qua
2330 5721 2536 5796 ratione
2563 5734 2594 5774 e
2619 5716 2844 5796 materia
2871 5728 3028 5783 quam
3062 5712 3189 5796 facis
3220 5712 3415 5796 titillanti:
3433 5753 3447 5772 ,
3480 5711 3597 5796 lt}!-

2002 5781 2166 5854 rctice
2186 5781 2226 5863 ,’
2246 5796 2442 5851 bonum
2469 5788 2670 5863 aliquid
2700 5781 2902 5843 factum
2922 5797 3044 5839 esse
3071 5781 3322 5860 probabis
3346 5781 3370 5836 ?
3394 5782 3471 5843 LE
3498 5782 3598 5839 Pu.
