4008 6280
380 352 481 409 211
1312 362 1317 371 ’
1806 348 1998 407 ΤΕΒΤ

2107 349 2272 408 'JANI
3464 346 3472 351 ’
3568 359 3634 415 21
3654 356 3683 413 Ξ

382 470 524 540 Ergo
552 473 646 525 aut
677 481 779 525 nec
815 476 1096 540 propterea
1128 467 1278 525 locus
1320 466 1445 525 mali
1488 464 1792 538 proferendi
1824 464 1926 522 fuit
1954 509 1968 534 ,
2000 468 2052 528 Α
2078 466 2248 523 Deum
2276 469 2456 525 omnia
2483 484 2552 526 ex
2587 471 2756 529 nihilo
2787 472 2978 531 fecisse
3003 481 3233 532 constet.
3262 472 3577 531 Videbimus
3611 491 3683 534 an

385 563 477 622 aut
504 563 549 619 si
577 577 678 633 qua
705 562 809 617 alia
836 562 974 618 ratio
994 562 1157 633 exigit
1177 560 1307 619 illud
1339 561 1542 628 induci,
1571 575 1668 616 cur
1696 575 1801 617 non
1832 572 1885 617 et
1907 576 1974 617 ex

387 654 557 708 nihilo
579 652 809 723 potuerit
835 653 1036 720 induci,
1071 654 1184 725 ipsa
1215 652 1423 709 ratione
1446 660 1765 707 excusatura
1793 651 1987 707 Domi-
2089 652 2244 706 terim
2270 667 2331 709 ea
2355 668 2474 724 quae
2500 666 2673 726 putas.
2704 656 2920 728 Dignius
2939 659 3082 713 enim
3104 657 3174 714 de
3193 672 3292 713 suo
3313 657 3540 715 arbitrio
3571 674 3690 729 pro-

387 762 514 801 num
541 762 607 801 ne
628 746 751 800 mali
774 754 960 802 auctor
982 745 1398 811 existimaretur,
1421 759 1539 814 quae
1578 758 1721 807 nunc
1753 758 1873 800 cum
1900 743 1984 817 (1)
2086 742 2259 811 duxit,
2280 742 2394 800 haec
2410 760 2623 818 quoque
2642 746 2986 817 producendo
2999 748 3068 805 de
3089 749 3276 815 nihilo,
3293 764 3449 819 quam
3472 748 3539 804 de
3554 765 3690 819 prie-

388 842 455 897 de
498 841 718 896 materia
759 853 1013 911 Operatur
1043 839 1182 896 mala
1204 838 1309 913 (Ξ),
1357 846 1615 897 excusat:
1645 837 1690 894 si
1728 847 1983 907 excusat,
2084 837 2285 910 judicio
2304 840 2502 909 alieno,
2526 840 2660 898 side
2682 842 2899 899 materia
2919 843 3277 913 produxisset.
3297 842 3562 907 Libertas,
3582 857 3690 899 non

389 935 524 991 adeo
552 934 748 1007 ubique
768 943 821 989 et
847 932 1082 1003 undique
1111 931 1238 989 illuc
1262 930 1600 1001 compellitur
1629 931 1853 1001 quaestio
1877 943 1986 1001 quo

390 1028 603 1097 nolunt,
634 1029 746 1101 qui,
781 1028 947 1097 ipsam
986 1026 1111 1082 mali
1141 1026 1403 1093 rationem
1443 1039 1550 1081 non
1591 1018 1984 1094 examinanda,

393 1137 493 1178 nec
516 1119 879 1192 dignoseeudo
917 1118 1188 1192 quomodo
1239 1117 1368 1177 illud
1396 1126 1487 1175 aut
1516 1117 1634 1174 Deo
1658 1117 1985 1185 adtribuant,
2668 1118 2902 1177 CAPUT
2940 1120 3105 1176 XVII.

2085 567 2137 615 et
2161 561 2319 629 mala,
2344 577 2467 617 cum
2482 566 2788 634 apparuerit
2807 582 2928 637 qua:
2951 567 3187 635 mala,et
3222 581 3290 623 an
3334 567 3471 623 mala
3502 567 3583 641 (9)
3612 569 3688 624 in-
3749 557 3753 560 ’

2091 931 2403 997 necessitas,
2418 933 2530 989 Deo
2545 935 2804 1006 competit
2821 952 2836 991 :
2856 934 2997 991 malo
3010 935 3234 991 voluerit
3256 936 3395 991 mala
3417 951 3446 991 a
3467 936 3690 992 semeti-
3711 990 3731 1021 τ

2091 1037 2189 1095 pse
2208 1024 2535 1095 condidisse,
2553 1042 2713 1099 quam
2730 1028 2847 1101 (10)
2871 1045 2977 1084 non
2997 1034 3223 1099 potuerit
3239 1044 3344 1086 non
3363 1030 3689 1087 condidisse.
3718 1032 3724 1037 ’

391 1221 482 1266 aut
507 1227 536 1266 a
576 1211 685 1267 Deo
722 1219 1006 1282 separent,
1038 1209 1279 1285 pluribus
1323 1217 1378 1271 et.
1438 1207 1829 1281 indignioribus
1865 1206 1990 1265 des-

393 1301 746 1359 tructionibus
773 1302 938 1358 Deum
967 1300 1240 1371 objiciunt.

984 1390 1215 1455 CAPUT
1253 1391 1398 1449 XVI.

456 1472 632 1560 igitur
658 1488 712 1545 in
744 1487 1149 1559 praestructione
1177 1486 1336 1559 hujus
1360 1484 1608 1554 articuli,
1649 1491 1705 1540 et
1729 1481 1853 1539 alibi
1882 1480 1993 1539 for-

396 1582 535 1637 sitan
577 1579 936 1647 retractandi,
973 1578 1219 1651 equidem
1249 1579 1474 1644 dittiuio,
1517 1585 1610 1637 aut
1647 1577 1760 1633 Deo
1792 1575 1993 1631 adscri-

395 1672 628 1729 bendum
659 1681 714 1728 et
743 1671 941 1727 bonum
974 1680 1030 1728 et
1057 1672 1255 1731 malum
1301 1687 1420 1743 quae
1448 1685 1517 1727 ex
1570 1670 1791 1725 materia
1818 1667 1944 1724 fecit
1973 1708 1992 1741 ,

394 1778 488 1822 aut
526 1765 762 1822 materim
800 1764 934 1835 ipsi,
982 1780 1049 1820 ex
1087 1779 1190 1837 qua
1221 1762 1345 1818 fecit
1373 1778 1388 1828 ;
1420 1770 1837 1832 a‘ut.utrnmque
1865 1758 1997 1833 utri-

2165 1207 2320 1266 Uuici
2355 1209 2449 1266 Dei
2478 1220 2651 1268 status
2677 1211 2815 1269 hanc
2841 1212 3079 1285 regulam
3121 1213 3360 1270 vindicat
3401 1233 3415 1270 :
3464 1212 3539 1288 (b)
3574 1230 3681 1271 non

2094 1301 2254 1358 aliter
2287 1302 2431 1360 unici
2454 1343 2471 1370 ,
2503 1303 2607 1363 nisi
2637 1305 2761 1373 quia
2791 1305 2958 1362 solius
2986 1324 3001 1361 :
3033 1321 3139 1363 non
3168 1306 3327 1363 aliter
3356 1306 3523 1362 solius
3543 1350 3559 1376 ,
3591 1307 3694 1363 nisi

2095 1393 2219 1464 quia
2284 1393 2415 1450 nihil
2473 1410 2595 1452 eum
2665 1395 2806 1452 illo:
2859 1397 2939 1453 sic
3001 1405 3057 1453 et
3115 1398 3321 1470 primus
3372 1398 3523 1468 erit,
3569 1399 3695 1469 quia

2098 1485 2279 1542 omnia
2309 1496 2430 1558 post
2459 1487 2610 1545 illum
2638 1505 2651 1542 :
2694 1488 2775 1546 sic
2798 1490 2977 1545 omnia
3005 1498 3129 1561 post
3157 1489 3331 1555 illum,
3362 1491 3486 1561 quia
3514 1491 3695 1547 omnia

2097 1575 2167 1632 ab
2213 1576 2306 1633 illo
2359 1596 2374 1634 :
2430 1577 2511 1634 sic
2553 1578 2623 1635 ab
2665 1579 2779 1648 illo,
2831 1582 2953 1651 quia
3003 1595 3068 1637 ex
3113 1581 3303 1649 nihilo,
3337 1590 3393 1637 ut
3440 1581 3514 1637 illi
3563 1598 3697 1653 quo—

2097 1684 2205 1741 que
2247 1669 2542 1742 Scripturte
2579 1672 2717 1733 ratio
2754 1681 3002 1729 constet:
3051 1673 3178 1743 Quis
3218 1676 3451 1745 cognouit
3493 1691 3700 1731 sensum

2101 1763 2356 1819 Domini?
2378 1763 2619 1847 Autquis
2645 1764 2726 1820 illi
2758 1766 3079 1821 consiliarius
3111 1765 3252 1837 fuit?
3276 1775 3367 1820 aut
3393 1783 3541 1837 quem
3570 1783 3696 1821 con-

397 1874 533 1928 que,
575 1857 698 1927 quia
740 1857 900 1913 ambo
940 1855 1039 1911 sibi
1070 1854 1378 1927 obligantur
1407 1853 1497 1925 qui
1538 1853 1665 1910 fecit
1701 1861 1757 1909 et
1788 1852 1857 1909 de
1890 1866 1995 1923 qua
2025 1858 2074 1920 B
2099 1855 2322 1911 saltatus
2347 1857 2462 1912 est?
2500 1858 2749 1915 anteiam
2776 1858 3129 1930 intelligentia:
3154 1868 3201 1914 et
3225 1859 3449 1914 scientia:
3472 1861 3583 1930 quis
3610 1861 3701 1915 de-

399 1950 522 2006 fecit
553 1968 567 2003 :
598 1959 691 2004 aut
712 1949 938 2005 alterum
970 1950 1160 2017 alteri;
1194 1948 1384 2005 tertius
1411 1949 1579 2011 enim,
1601 1957 1797 2020 praeter
1824 1955 1995 2002 mate-

393 2047 527 2099 riam
558 2051 613 2100 et
640 2045 828 2112 Deum,
862 2058 967 2099 nou
997 2051 1099 2099 est.
1130 2042 1300 2098 Porro
1327 2042 1371 2098 si
1425 2040 1518 2098 Dei
1548 2041 1629 2117 (3)
1659 2041 1766 2098 erit
1788 2048 1997 2097 utrum-

395 2155 532 2210 que,
578 2138 845 2195 videbitur
893 2138 1035 2195 Deus
1081 2138 1243 2195 etiam
1264 2137 1410 2200 .mali
1440 2145 1664 2194 auctor:
1694 2136 1835 2194 Deus
1883 2151 1996 2192 au-

396 2241 503 2287 tem
558 2242 616 2287 ut
672 2232 880 2300 bonus,
935 2243 1122 2289 auctor
1179 2231 1306 2287 mali
1361 2228 1467 2287 neu
1516 2231 1663 2299 erit;
1716 2230 1762 2287 si
1820 2239 1996 2286 mate-

398 2326 493 2381 riae
541 2324 623 2399 (4)
664 2334 986 2396 utrumque,
1044 2324 1313 2381 videbitur
1386 2324 1610 2381 materia
1658 2323 1820 2381 etiam
1873 2324 2000 2382 boni

398 2418 632 2482 matrix;
687 2417 823 2472 mala
875 2425 1051 2473 autem
1098 2416 1153 2472 iu
1216 2424 1385 2473 totum
1438 2415 1660 2473 materia
1713 2416 1838 2473 boni
1891 2431 2000 2474 non

397 2509 500 2563 erit
544 2507 773 2574 matrix;
829 2508 873 2563 si
919 2508 1196 2579 utriusque
1246 2507 1380 2572 erit,
1434 2517 1746 2581 utrumque;
1797 2509 1850 2564 iu
1899 2508 2003 2567 hoc

401 2614 613 2669 quoque
654 2598 1050 2670 comparabitur
1088 2600 1197 2655 Deo
1228 2600 1485 2666 materia,
1526 2608 1579 2655 et
1619 2607 1799 2670 partes
1845 2609 2005 2658 erunt

400 2691 589 2758 ambo,
615 2706 682 2746 ex
711 2706 868 2762 aequo
906 2690 1029 2747 mali
1059 2705 1121 2747 ac
1151 2691 1276 2747 boni
1309 2692 1551 2760 adtines;
1594 2694 1791 2765 :equari
1822 2696 2001 2751 autem

403 2786 513 2841 Deo
554 2784 777 2840 materia
826 2800 933 2841 non
984 2784 1173 2854 debet,
1220 2801 1288 2841 ne
1334 2786 1471 2842 duos
1510 2786 1643 2843 deos
1684 2786 1911 2854 efﬁciat;
1956 2788 2002 2846 si

400 2878 627 2935 alterum
694 2877 936 2946 alterius,
983 2877 1165 2948 utique
1212 2878 1305 2935 Dei
1353 2878 1550 2934 bonum
1598 2876 1715 2952 (5),
1754 2889 1807 2937 et
1837 2888 2007 2937 mate-

399 2969 494 3025 ria:
527 2966 768 3037 malum;
795 2986 968 3042 neque
997 2972 1197 3029 malum
1238 2972 1372 3037 Deo,
1415 2988 1588 3044 neque
1627 2974 1864 3030 materiae
1902 2974 2000 3031 bo-

402 3047 529 3117 num
572 3061 895 3136 adscribitur
942 3080 955 3116 :
1003 3073 1057 3120 et
1104 3064 1240 3119 bona
1289 3074 1468 3120 autem
1523 3074 1577 3121 et
1628 3068 1766 3124 mala
1820 3068 2000 3136 Deus,

403 3155 471 3212 de
494 3133 727 3211 materia'
761 3155 1034 3223 faciendo,
1061 3174 1181 3217 cum
1225 3173 1287 3214 ea
1313 3157 1456 3217 facit.
1486 3157 1608 3214 Ilzec
1638 3160 1681 3215 si
1731 3161 1801 3216 ita
1855 3169 2001 3230 sunt,

408 3249 590 3305 nescio
618 3264 720 3320 qua
747 3252 915 3319 possit
937 3250 1168 3308 evadere
1197 3252 1461 3309 sententia
1495 3252 1851 3324 Hermogenis
1899 3254 2000 3328 (6),
2030 3250 2075 3315 C

402 3345 492 3415 qui
517 3345 679 3399 Deum
714 3342 814 3417 (7),
842 3359 1056 3416 quoquo
1083 3345 1243 3403 modo
1270 3344 1340 3402 de
1379 3346 1604 3401 materia
1639 3347 1835 3403 malum
1865 3362 1999 3403 cou-

404 3438 537 3494 didit
562 3480 576 3505 ,
605 3438 719 3493 sive
744 3438 1018 3495 voluntate
1040 3482 1054 3507 ,
1086 3438 1200 3495 sive
1231 3440 1548 3495 necessitate
1568 3479 1585 3506 ,
1615 3438 1730 3495 sive
1757 3440 1964 3496 ratione
1983 3481 1998 3506 ,

405 3546 514 3586 non
540 3540 691 3602 putet
732 3531 857 3586 mali
893 3540 1189 3587 auctorem.
1232 3530 1424 3599 Porro,
1446 3530 1488 3587 si
1533 3529 1659 3587 mali
1696 3541 1883 3586 auctor
1919 3541 2003 3588 est

407 3622 522 3690 ipse
553 3623 642 3693 qui
674 3621 798 3677 fecit
818 3621 913 3695 (a),
949 3624 1107 3692 plane
1136 3622 1282 3678 secia
1314 3622 1534 3678 materia
1566 3637 1662 3693 per
1690 3621 2002 3678 substantiae

406 3722 736 3783 suggestum,
760 3713 999 3768 excludis
1036 3712 1117 3785 (8)
1167 3712 1278 3783 jam
1307 3727 1550 3768 caussam
1577 3712 1814 3768 materia:
1836 3713 2003 3768 intro-

405 3804 683 3860 ducendac.
715 3803 1074 3860 Nihilominus
1102 3804 1247 3863 enim
1272 3845 1288 3872 ,
1329 3813 1384 3860 et
1419 3819 1515 3875 per
1551 3804 1829 3862 materiam
1860 3805 2004 3861 Deus

407 3908 594 3957 auctor
626 3900 753 3957 mali
792 3900 1123 3967 ostenditur,
1160 3900 1206 3957 si
1254 3899 1376 3955 ideo
1412 3899 1634 3957 materia
1679 3906 2039 3971 prmsumpta’

407 4003 508 4059 est,
552 4008 619 4049 nc
658 3993 799 4049 Deus
836 3993 959 4049 mali
995 4001 1185 4048 auctor
1225 3991 1519 4048 videretur.
1557 3990 1786 4048 Exelusa
1823 3991 2003 4064 itaque

408 4087 653 4154 materia,
700 4087 827 4144 dum
876 4086 1176 4144 excluditur
1220 4100 1411 4144 caussa
1458 4085 1597 4159 eius,
1636 4095 1883 4159 superest
1911 4086 2000 4154 uti

2100 1949 2398 2004 monstrauit
2432 1947 2556 2003 illi?
2590 1950 2703 2019 quis
2743 1948 2974 2014 tradidit,
3012 1959 3061 2004 et
3096 1949 3404 2005 retribuetur
3436 1951 3481 2004 ei
3516 1949 3697 2022 (Rom.

2099 2040 2193 2109 XI,
2225 2041 2317 2110 54,
2338 2041 2434 2114 55)
2455 2040 2479 2096 i
2504 2040 2675 2098 Nemo
2703 2041 2888 2113 utique
2914 2060 2928 2098 :
2959 2043 3082 2113 quia
3110 2041 3260 2097 nulla
3280 2042 3383 2108 vis,
3411 2043 3551 2096 nulla
3581 2058 3701 2099 ma-

2099 2135 2258 2202 teria,
2278 2133 2424 2191 nulla
2450 2142 2637 2190 natura
2660 2134 2978 2190 substantias
3002 2134 3225 2190 alterius
3249 2133 3433 2189 aderat
3455 2134 3532 2189 illi
3559 2134 3697 2215 (δί).

2104 2227 2293 2296 Porro,
2326 2229 2371 2283 si
2399 2227 2465 2283 de
2501 2227 2818 2301 aliquo(12)
2848 2235 3100 2298 operatus
3121 2238 3203 2284 est
3223 2270 3238 2296 ,
3267 2240 3490 2298 necesse
3514 2239 3597 2284 est
3625 2229 3695 2284 ab

2102 2333 2165 2376 ea
2193 2320 2307 2391 ipsa
2335 2320 2606 2389 acceperit
2635 2328 2691 2376 et
2716 2320 3000 2375 consilium
3044 2327 3099 2376 et
3138 2328 3423 2376 tractatum
3465 2319 3700 2389 disposi-

2105 2412 2288 2479 tionis,
2333 2423 2391 2467 ut
2436 2410 2551 2485 (I5)
2592 2412 2732 2467 viam
2782 2411 3148 2483 intelligentiae
3190 2420 3246 2467 et
3283 2411 3545 2467 scientiae.
3594 2410 3702 2467 Pro

2103 2504 2362 2576 qualitate
2392 2505 2536 2563 enim
2567 2504 2646 2560 rei
2677 2504 2888 2574 operari
2920 2503 3106 2559 habuit
3132 2513 3185 2559 et
3211 2486 3703 2574 secundmtf'mge-

2107 2600 2252 2655 nium
2283 2599 2542 2666 materias,
2571 2612 2678 2654 non
2709 2599 3006 2654 secundum
3037 2613 3193 2653 suum
3217 2598 3497 2652 arbitrium
3523 2614 3535 2651 :
3566 2599 3706 2654 adeo

2106 2699 2164 2746 ut
2183 2700 2238 2747 et
2258 2690 2395 2751 mala
2417 2705 2516 2762 pro
2534 2700 2743 2757 natura,
2765 2705 2871 2745 non
2889 2705 3006 2755 sua,
3025 2690 3118 2746 sed
3139 2689 3473 2757 substantim,
3496 2689 3704 2750 iecerit.

2671 2781 2754 2837 CA
2766 2782 2899 2838 PUT
2952 2782 3134 2838 XVIII.
3676 2780 3679 2803 ν

2179 2874 2235 2929 Si
2262 2874 2567 2930 necessaria
2604 2882 2688 2928 est
2720 2873 2830 2929 Deo
2860 2874 3082 2937 materia
3114 2872 3179 2929 ad
3219 2887 3381 2943 opera
3411 2874 3616 2939 mundi,
3649 2882 3710 2932 ut

2109 2968 2471 3040 Hermogenes
2492 2968 2815 3024 existimavit
2837 3008 2852 3032 ,
2881 2965 3067 3025 habuit
3089 2967 3230 3023 Deus
3250 2967 3527 3022 materiam
3550 2968 3711 3039 longe

2106 3060 2407 3131 digniorem
2436 3070 2491 3117 et
2518 3059 2870 3124 idtmeiorem.
2902 3075 3008 3113 non
3034 3059 3175 3129 apud
3206 3059 3555 3129 philosophos
3598 3076 3709 3115 res-

2107 3153 2420 3218 tituendam.
2445 3153 2538 3209 sed
2566 3152 2704 3224 apud
2732 3153 3025 3225 prophetas
3057 3152 3484 3223 intelligendam,
3512 3153 3583 3226 (ε)
3606 3154 3710 3209 So-

2110 3246 2288 3319 phiam
2321 3261 2471 3306 suam
2497 3245 2702 3303 scilicet
2728 3263 2740 3299 :
2777 3248 2891 3300 haec
2918 3243 3148 3315 denique
3178 3244 3292 3300 sola
3315 3247 3564 3318 cognovit
3582 3261 3713 3303 sen-

2106 3356 2225 3396 sum
2259 3339 2490 3396 Domini.
2516 3338 2647 3407 Quis
2672 3338 2814 3395 enim
2846 3337 2948 3392 scit
2972 3352 3091 3409 qua:
3120 3345 3247 3393 sunt
3278 3338 3392 3401 Dei,
3424 3348 3477 3394 et
3506 3356 3622 3409 qua:
3653 3342 3712 3398 in

2106 3432 2244 3503 ipso,
2269 3430 2369 3487 nisi
2399 3429 2619 3502 Spiritus
2639 3429 2728 3500 qui
2760 3430 2811 3484 in
2837 3430 2950 3500 ipso
2972 3428 3148 3498 (lCor.
3167 3429 3228 3494 II,
3256 3430 3375 3501 Il)?
3401 3429 3711 3500 Sophia‘au-

2107 3532 2213 3580 tem
2243 3523 2483 3594 spiritus,
2514 3522 2629 3578 haec
2655 3522 2727 3577 illi
2761 3520 2877 3592 (14)
2899 3520 3237 3576 consiliarius
3264 3519 3381 3585 fuit,
3405 3522 3489 3576 via
3508 3521 3714 3579 intelli-

2107 3616 2298 3684 genti:e
2324 3624 2376 3670 et
2401 3613 2639 3670 scientia:
2672 3613 2782 3683 ipsa
2801 3619 2884 3668 est
2927 3610 3108 3685 (Prov.
3140 3611 3295 3684 VIII).
3329 3612 3404 3668 Ex
3438 3613 3536 3668 hac
3558 3613 3708 3685 fecit,

2107 3705 2353 3763 faciendo
2384 3721 2479 3777 per
2509 3705 2682 3770 illam,
2706 3712 2760 3759 et
2789 3702 3034 3760 iaciendo
3061 3719 3183 3759 cum
3207 3705 3314 3761 illa.
3346 3704 3473 3760 Cum
3499 3717 3709 3777 pararet

2104 3800 2306 3868 ctutum,
2330 3797 2521 3870 inquit,
2549 3797 2757 3853 aderam
2771 3797 2872 3860 illi;
2895 3804 3072 3852 etcum
3098 3797 3252 3866 {ortiu
3281 3797 3499 3865 faciebat
3529 3798 3711 3869 (super

2104 3896 2298 3963 ventos)
2324 3908 2436 3965 qua:
2461 3908 2664 3946 sursum
2693 3890 2889 3956 nubila,
2906 3899 2949 3946 et
2966 3905 3078 3944 cum
3092 3873 3266 3959 ﬁrmos
3293 3889 3507 3957 ponebat
3528 3891 3701 3960 fontes

2107 3986 2222 4062 (15)
2262 3988 2372 4059 ejus
2412 4002 2525 4056 qua
2546 3985 2639 4041 sub
2664 3984 2790 4040 caelo
2815 3993 2909 4047 est,
2932 3999 3025 4055 ego
3051 3999 3190 4037 eram
3216 3984 3543 4055 compingens
3580 4000 3702 4043 cum

2101 4083 2235 4157 ipso.
2297 4080 2406 4153 Ego
2446 4096 2586 4137 eram
2621 4078 2690 4135 ad
2736 4094 2889 4152 quam
2925 4076 3175 4150 gaudebat
3199 4119 3216 4148 ,
3269 4076 3493 4148 quotidie
3530 4086 3709 4133 autem

1651 4199 2036 4259 LECTIONES
2073 4195 2488 4256 VARIANTES.

462 4318 549 4391 (1)
568 4318 689 4371 Cum
725 4318 952 4373 inseritur
990 4319 1041 4372 in
1080 4315 1292 4380 ceteris;
1313 4314 1518 4380 melius,
1556 4315 1626 4369 ait
1663 4314 1814 4367 Seml.
1851 4314 2003 4382 quiet

405 4387 686 4565 Μὲἓὲἶῖυιη
705 4444 837 4496 abest
854 4443 932 4497 hic
947 4443 1007 4496 ab

492 4509 522 4557 5
569 4515 696 4558 Deus
717 4507 867 4559 Seml.
892 4507 1089 4560 Oberth.
1117 4515 1224 4565 Iug.

492 4502 542 4573 5)
569 4515 696 4573 petis
717 4507 867 4559 Seml.
892 4507 1089 4573 Obertlt.
1117 4507 1224 4573 Iug.
1257 4506 1447 4558 Wouw.
1469 4502 1566 4556 Del
1591 4502 1741 4554 fuerit
1761 4510 1876 4564 Jun.

494 4570 544 4633 4)
570 4570 771 4622 Materia
795 4572 938 4623 seml.
962 4569 1158 4623 Oberth.

2189 4311 2241 4363 8i
2263 4310 2497 4363 Excuses.
2527 4307 2673 4360 Rhea.

2189 4312 2220 4362 8
2263 4311 2497 4363 Excuses.
2527 4311 2673 4360 Rhea.

2025 4372 2080 4432 D
2168 4311 2241 4441 ἱθέ
2266 4374 2471 4426 Interim
2495 4379 2548 4424 et
2569 4384 2680 4438 quae
2703 4377 2846 4436 [tutas
2869 4367 3018 4421 Rhea.
3039 4379 3150 4420 cum
3173 4373 3335 4432 mutet.
3357 4368 3479 4433 sign.
3501 4374 3614 4422 ante
3636 4372 3712 4421 in-

2105 4441 2270 4490 terim.

2195 4558 2274 4614 111
2298 4562 2486 4612 Aderit.
2509 4558 2653 4612 semt.

2198 4502 2253 4551 10
2302 4497 2485 4550 Inserit
2509 4498 2609 4547 Lat.
2634 4496 2770 4561 quia.

2198 4500 2274 4628 li;
2298 4562 2486 4628 Aderit.
2509 4558 2653 4612 semt.

494 4623 749 4706 ("aluitque
772 4637 875 4696 Dei,
898 4633 969 4686 ita
992 4644 1171 4692 Wouw.
1191 4637 1337 4687 recte.
1359 4628 1542 4692 Utique
1567 4626 1706 4680 Deus
1728 4626 1871 4681 seml.
1892 4626 2004 4680 Uti-
2298 4623 2694 4706 Qe_aliqua_£un.

405 4633 752 4761 (Ἇυὲδῶξξίὲἓῗ
772 4637 875 4696 Dei,
898 4633 969 4686 ita
992 4644 1171 4692 Wouw.
1191 4637 1337 4687 recte.
1359 4633 1542 4692 Utique
1567 4633 1706 4680 Deus
1728 4633 1871 4681 sentt.
1892 4633 1998 4680 Uti-

493 4757 524 4804 ϐ
568 4749 913 4822 Herrnogenes
927 4756 1068 4809 Seml.

471 4754 546 4877 (7)
572 4821 684 4877 Qui,
709 4821 848 4871 Deus
870 4820 1017 4871 Rhea.

2169 4633 2274 4877 ἕξ
2298 4633 2694 4738 satias?"-

2197 4751 2253 4803 14
2298 4749 2401 4801 lllis
2426 4745 2581 4799 Paris.
2604 4746 2757 4796 Fraa.
2776 4742 2848 4794 illi
2870 4740 3007 4805 prob.
3028 4748 3191 4794 aJua.
3296 4774 3324 4800 μ

2196 4814 2214 4864 ι
2297 4811 2490 4863 Montes
2512 4806 2658 4860 Rhea.
2683 4804 2826 4857 sentt.
2842 4812 2957 4856 Jun.

471 4754 546 4883 (6;
568 4754 913 4831 Henﬁogenes
927 4756 1068 4809 seml.
2169 4754 2274 4877 (13
2300 4754 2401 4801 Illis
2426 4754 2581 4799 Paris.
2604 4754 2757 4796 Fraa.
2776 4754 2848 4794 un
2870 4754 2957 4805 pro

495 4819 522 4868 7
572 4821 684 4882 Qtu,
709 4821 848 4871 Deus
870 4820 1017 4871 Rhea.
2196 4814 2214 4864 ι
2297 4811 2490 4863 Montes
2512 4806 2658 4860 Rhea.
2683 4804 2826 4857 sentt.
2842 4812 2957 4856 Jun.

1778 4894 2348 4955 COMMENTARIUS.
3144 4880 3165 4910 ¹

479 4997 636 5053 CAP.
668 4995 886 5069 XVI.—-
916 4993 993 5069 (a)
1030 4993 1191 5055 Plane
1209 4991 1346 5069 socia
1364 4988 1578 5069 materia
1595 5003 1685 5063 per
1703 4985 2001 5069 substantia:

411 5077 722 5125 contextum.
749 5058 936 5124 Utitur‘
949 5058 1054 5121 u'on
1082 5078 1205 5121 raro
1219 5062 1318 5120 hac
1331 5077 1478 5129 voce,
1496 5058 1781 5129 aliquando
1797 5074 1892 5129 pro
1907 5073 1998 5129 or-

410 5150 663 5196 namento
675 5139 991 5196 seudecoris
1007 5135 1298 5200 additione,
1314 5143 1371 5191 ut
1387 5126 1555 5188 hocin
1576 5126 1712 5197 Ioco,
1735 5126 1868 5186 etde
1889 5127 2004 5184 Cul-

408 5223 461 5267 tu
494 5213 843 5282 fwmia.,cap.
870 5209 936 5279 II,
958 5209 1073 5281 jam
1088 5224 1190 5262 non
1217 5216 1410 5282 tantum
1424 5200 2002 5282 confictwetelaboraue

413 5271 636 5338 libidinis
679 5271 983 5354 suggestum
1020 5278 1356 5335 recusandum
1391 5293 1432 5354 _a
1475 5271 1613 5331 vobis
1654 5274 1867 5354 sciatis,
1910 5271 2001 5354 sed

408 5361 578 5424 etiam,
593 5369 697 5415 etc.
726 5341 1027 5427 Kquuaudo
1041 5366 1137 5422 pro
1164 5348 1479 5427 compagine
1509 5361 1603 5401 seu
1630 5351 1906 5427 contentu:
1930 5341 1999 5427 de

409 5413 763 5499 Pallidi-apd
777 5470 792 5493 ,
807 5413 899 5483 tibi
911 5413 1588 5499 suefsuggestdstlpssm
1613 5413 2004 5499 nonaltludunt

408 5504 476 5558 ab
520 5487 623 5574 hoc
667 5487 986 5574 signiﬁcatu,
1027 5487 1335 5574 suggestum
1373 5490 1517 5574 enim
1566 5487 1809 5574 redditur
1835 5501 1989 5574 «εφη,

409 5572 636 5656 βρος..Ει
662 5558 770 5626 alio
806 5570 924 5656 loco
950 5558 1339 5656 όρξς-’ὶξξίξιατω
1370 5560 1440 5617 Et
1472 5561 1715 5631 Apolog.,
1752 5573 1870 5629 cap.
1902 5558 1991 5622 l6,

404 5635 683 5715 imaginum
712 5635 996 5712 suggestus.
1022 5636 1103 5694 LE
1133 5635 1227 5692 Pn.
1253 5706 1264 5717 ο
1432 5704 1443 5716 ⁸
1480 5703 1492 5715 ο

478 5715 630 5770 CAP.
658 5710 909 5768 XVll.—-
934 5708 1013 5782 (b)
1049 5707 1168 5762 Non
1193 5706 1341 5762 aliter
1355 5720 1511 5782 umet.
1539 5700 1794 5772 Regulam
1812 5695 1997 5782 hanca

406 5785 899 5841 'I‘crtulliauosutne
923 5776 1041 5835 aliis
1058 5792 1427 5833 communem:
1450 5776 1588 5828 Deus
1617 5782 1705 5824 aut
1738 5786 1872 5835 ututs
1893 5777 1994 5834 est,

405 5867 495 5912 aut
511 5852 933 5924 nullustpium
947 5851 1089 5906 enim
1103 5842 1679 5915 ctdamnabilqaliquid
1695 5842 1804 5898 Deo
1816 5854 1999 5912 :rqua-

2104 4987 2153 5042 le
2179 4985 2417 5056 cogitare
2433 5001 2444 5036 :
2462 4982 2613 5038 solus
2640 4982 2754 5051 ipse
2767 4979 2991 5056 Creator
3003 4991 3065 5035 ac
3079 4986 3341 5056 servator,
3358 4976 3507 5032 solus
3520 4976 3708 5056 Demi-

2102 5071 2205 5113 nus
2243 5049 2298 5112 et
2333 5055 2533 5113 arbiter
2568 5049 2749 5107 rerum
2787 5050 3048 5113 omnium,
3078 5050 3199 5105 etsi
3234 5049 3392 5104 liceat
3420 5049 3705 5119 profanum

2102 5128 2230 5184 illud
2247 5129 2296 5181 in
2326 5142 2388 5181 re
2413 5125 2648 5180 omnium
2663 5122 2975 5194 gravissima
3000 5136 3278 5193 usurpare,
3298 5124 3378 5176 obx
3404 5125 3581 5193 ἀγαθὸν
3614 5140 3706 5175 πσ-

2102 5197 2521 5272 λυκριρανίηζρζίβ-
2534 5195 2631 5272 PR.

2173 5262 2325 5325 Crit’.
2384 5266 2572 5327 XVlll.
2614 5263 2793 5335 —(c)
2843 5262 3094 5333 Sophiam
3149 5280 3307 5335 suum~
3343 5262 3555 5319 scilicet.
3605 5263 3705 5320 Dei

2102 5341 2423 5415 sapientiam
2476 5333 2928 5408 intelligit,'qu:e
2984 5335 3120 5391 adeo
3150 5333 3443 5415 .homiuum
3487 5342 3703 5415 mentes

2109 5405 2182 5485 et'
2211 5411 2589 5485 cogitationem
2643 5405 2865 5478 superat
2890 5448 2927 5485 ,ι
2965 5415 3023 5460 ut
3072 5405 3323 5485 universa
3375 5405 3558 5485 untudi
3595 5420 3705 5485 _sa-

2101 5474 2306 5552 pientia'
2343 5481 2564 5547 stultitia
2619 5474 2829 5535 summa
2883 5475 2954 5552 sit
2990 5477 3129 5552 apud
3185 5474 3700 5552 D_eum..Un_de_So-

2096 5545 2280 5625 phiam
2349 5545 2491 5608 illam
2571 5565 2678 5625 non
2758 5548 2900 5625 apud
2963 5545 3361 5625 philosophos,
3412 5545 3505 5609 sed
3564 5545 3702 5625 Pro-

2101 5616 2290 5695 phetas
2358 5622 2700 5695 qumreudaut
2747 5616 2926 5695 decet.
2963 5619 3035 5674 De
3093 5616 3202 5695 Doti
3247 5618 3415 5695 euim_
3442 5626 3589 5695 recte
3619 5616 3703 5695 Io-

2102 5688 2190 5767 ξιιιί
2241 5712 2343 5750 non
2377 5688 2588 5767 potest,
2616 5693 2704 5767 qui
2742 5692 2912 5767 Deum
2934 5705 3050 5767 non
3083 5688 3249 5753 novit,
3282 5698 3335 5741 ut
3365 5688 3697 5767 philosophi,

2104 5760 2193 5836 qui
2236 5760 2414 5830 gloria}
2447 5760 2693 5821 animalia
2722 5763 2981 5836 Septimio
3006 5771 3158 5836 sunt;
3202 5760 3697 5836 veruttrproltltetzn

2105 5828 2154 5895 et
2184 5828 2351 5895 sancti
2377 5837 2617 5907 ejusdem
2645 5828 2839 5890 summi
2872 5832 2963 5889 llci
3005 5830 3205 5904 Spiritu
3236 5828 3419 5885 afﬂati.
3453 5828 3532 5882 Ls.
3561 5831 3660 5885 l‘e.
