4008 6280
244 318 348 379 215

247 413 543 494 oblectabar
580 431 643 489 in
693 448 910 504 persona
958 433 1062 504 eius
1110 432 1305 508 (Ibid)
1359 454 1374 491 ι

247 526 463 583 tabatur
492 536 632 583 Cum
671 527 978 597 perfecisset
1019 529 1204 585 orbem
1233 572 1248 597 ,
1274 540 1330 587 et
1359 531 1785 589 inoblcctabatur
1815 533 1869 590 in

246 624 368 679 ﬁliis
407 626 747 683 hominum.
782 624 906 693 Quis
947 640 1050 681 non
1088 625 1228 683 hanc
1266 626 1446 698 potius
1482 629 1722 684 omttinm
1753 628 1869 684 fon-

247 728 349 775 tem
391 726 450 775 et
483 718 775 788 originem
805 718 1168 785 commendet,
1210 719 1490 781 materiam
1531 734 1663 776 vero
1697 728 1869 777 mate-

244 812 449 871 riarum
538 810 662 882 (1)⁹
727 826 828 867 non
893 810 994 866 sibi
1036 810 1343 880 subditam,
1388 828 1496 871 non
1524 820 1667 871 statu
1695 812 1872 869 diver-

242 918 378 970 sam,
406 916 525 959 non
554 910 722 959 motu
745 902 1050 974 inquietam,
1085 919 1192 961 non
1221 904 1408 967 habitu
1442 902 1750 971 informem,
1772 904 1872 960 sed

243 995 463 1050 insitam
493 1003 557 1050 et
586 994 867 1067 pmpriam
889 1005 942 1051 et
961 995 1315 1068 compositam
1339 1005 1395 1053 et
1422 997 1702 1064 decoram,
1724 996 1868 1068 quali

247 1086 390 1144 Deus
434 1086 526 1159 (2)
579 1088 762 1159 potuit
811 1090 1039 1158 eguisse,
1085 1090 1166 1149 sui
1245 1089 1415 1160 magis
1482 1105 1644 1160 quam
1711 1090 1873 1147 alieni

244 1179 450 1251 egens?
510 1178 792 1250 Denique,
832 1188 888 1236 ut
949 1180 1310 1236 necessariam
1360 1181 1531 1239 sensit
1584 1180 1654 1237 ad
1708 1195 1874 1253 opera

244 1269 455 1337 mundi,
502 1271 706 1325 statim
779 1286 896 1327 eam
942 1269 1021 1343 (5)
1064 1269 1249 1327 condit
1292 1281 1347 1327 ct
1407 1280 1629 1344 generat
1682 1274 1736 1327 in
1781 1287 1872 1330 se-

244 1363 479 1432 nvctipso
506 1379 522 1417 :
559 1361 841 1431 Dominus,
869 1364 1059 1434 inquit,
1089 1363 1317 1419 condidit
1340 1380 1417 1418 me
1441 1363 1646 1418 initium
1674 1364 1875 1421 viarum

244 1472 457 1512 suarum
496 1458 558 1513 in
597 1473 757 1529 Opera
787 1474 879 1521 sua
906 1473 924 1511 :
951 1466 1067 1513 ante
1085 1457 1274 1513 swcula
1314 1455 1547 1528 [undabit
1578 1473 1693 1526 nte,
1733 1459 1875 1528 prius

246 1564 397 1617 quant
428 1549 649 1619 facere:
669 1560 872 1617 (errant,
903 1551 1046 1619 prius
1073 1566 1226 1623 quam
1254 1560 1448 1609 montes
1473 1551 1874 1617 collocarentur;

247 1652 361 1695 ante
384 1658 575 1698 omnes
606 1653 777 1699 autent
800 1643 952 1699 colles
972 1644 1226 1715 generauit
1250 1659 1352 1708 me;
1395 1644 1534 1715 prior
1577 1655 1744 1699 autem
1791 1646 1873 1716 (4)

245 1733 428 1804 abysso
473 1735 666 1806 genita
713 1751 825 1791 sum
890 1733 1081 1807 (lbid.)
1123 1735 1230 1808 (5).
1262 1736 1531 1806 Agnoscat
1582 1752 1712 1808 ergo
1743 1737 1876 1793 Iler-

1329 322 1537 380 LIBER
1578 322 1947 385 ADVERSUS
1975 325 2474 388 HERMOGENEM.

3463 341 3571 415 sit

1423 433 1639 509 quando
1688 439 1869 496 oblec-
1892 439 1950 504 Α
1975 440 2068 513 10)
2093 461 2106 497 :
2138 444 2239 499 nisi
2264 447 2407 516 quod
2431 446 2719 507 sustinebit
2743 464 2898 522 :rquo
2920 452 3102 511 animo
3123 414 3263 512 illius
3285 470 3404 513 eam
3434 473 3575 529 prac-

1970 534 2097 604 poni
2127 533 2254 604 sibi,
2280 551 2400 607 quae
2427 536 2572 594 Patri
2602 540 2935 611 adsequatur.

2561 630 2791 690 CAPUT
2830 631 2974 690 XIX.

2046 718 2152 776 Sed
2201 730 2252 778 et
2294 722 2363 779 ad
2405 723 2666 795 originale
2705 724 3120 785 instrumentum
3167 729 3336 803 Moysi
3378 746 3577 803 provo-

1974 808 2108 866 cabo
2137 850 2152 876 ,
2206 811 2350 868 unde
2402 824 2457 868 et
2510 813 2728 871 diversa
2784 831 2908 887 pars
2949 820 3288 890 suspiciones
3329 837 3456 880 suas
3496 826 3579 880 in-

1974 905 2138 975 gratis
2171 905 2283 976 (l0)
2322 905 2513 967 fulcire
2546 918 2773 965 canatur
2796 951 2811 978 ,
2852 926 2920 967 ne
2957 913 3161 972 scilicet
3192 930 3299 972 non
3331 918 3457 975 inde
3496 919 3574 974 in~

1975 1000 2110 1055 strui
2152 1000 2426 1057 videretur.
2447 1001 2588 1058 unde
2631 1014 2860 1074 Oportet.
2916 1004 3100 1077 Itaque
3144 1009 3459 1066 occasiones
3497 1011 3576 1065 si-

1976 1090 2029 1147 bi
2069 1092 2187 1166 (11)
2227 1096 2455 1165 sumpsit
2492 1098 2848 1168 quorumdam
2878 1101 3186 1168 verborum,
3221 1112 3279 1158 ut
3305 1103 3576 1159 haereticis

1976 1187 2090 1245 fere
2132 1205 2249 1247 mos
2289 1201 2372 1247 est
2411 1192 2671 1272 simplicia
2697 1208 2928 1272 quaeque
2951 1203 3222 1269 torquere.
3254 1197 3335 1269 (ὁ)
3364 1197 3498 1254 Nam
3526 1206 3580 1253 ct

1975 1278 2150 1351 ipsum
2185 1279 2524 1350 principium,
2558 1282 2610 1337 in
2654 1300 2761 1355 quo
2800 1284 2941 1340 Deus
2967 1285 3095 1342 fecit
3135 1286 3332 1344 omium
3370 1296 3426 1344 et
3469 1299 3577 1344 ter-

1975 1382 2112 1433 ram.
2137 1371 2336 1443 aliquid
2359 1372 2551 1429 volunt
2576 1372 2741 1430 fuisse
2765 1378 2917 1446 quasi
2956 1377 3348 1436 subslantivum
3370 1389 3425 1437 et
3453 1397 3578 1438 cor-
3598 1383 3622 1433 7

1978 1460 2277 1532 pulentum,
2310 1463 2450 1530 quod
2483 1464 2536 1519 in
2566 1465 2842 1521 materiam
2872 1467 3211 1539 interpretari
3239 1470 3428 1540 possit.
3456 1470 3568 1528 Nos

1977 1561 2156 1611 autem
2180 1554 2465 1625 unicuique
2519 1555 2780 1612 vocabulo
2834 1559 3212 1630 proprietatem
3268 1576 3418 1616 suam
3464 1561 3580 1634 (12)

1976 1644 2315 1703 vindicamus
2337 1685 2352 1711 ,
2383 1645 2702 1716 principium
2746 1646 2956 1703 initium
2982 1662 3142 1717 esse;
3169 1658 3225 1704 et
3254 1650 3581 1723 competisse

1978 1739 2051 1797 ita
2096 1740 2225 1811 poni
2268 1740 2429 1796 rebus
2463 1739 2839 1810 incipientibus
2870 1741 3005 1797 lieri.
3039 1742 3185 1798 Nihil
3223 1744 3366 1800 enim
3392 1787 3407 1811 ,
3435 1747 3579 1816 quod

3294 1169 3635 1186 ἡ

247 1841 513 1899 mogenes
603 1828 808 1885 idcirco
871 1832 1033 1899 etiam
1102 1829 1358 1900 Sophiam
1410 1830 1503 1887 Dei
1567 1840 1747 1887 natam
1819 1835 1952 1897 etB
1983 1834 2097 1891 lteri
2150 1833 2330 1900 habet,
2376 1833 2495 1889 sine
2542 1833 2696 1891 initio
2742 1848 2900 1899 esse,
2952 1835 3078 1905 quin
3126 1836 3340 1893 initium
3394 1838 3463 1895 sit
3506 1840 3582 1895 illi

247 1922 527 1977 conditam
564 1923 871 1992 pnedicari,
924 1938 992 1980 ne
1030 1924 1157 1994 quid
1199 1925 1438 1981 innatum
1460 1932 1515 1981 et
1537 1924 1870 1982 inconditum

248 2024 445 2082 pncter
488 2016 681 2070 soluat
724 2016 886 2071 Deum
927 2016 1293 2073 crederemus.
1316 2017 1373 2075 Si
1405 2018 1547 2081 enim
1588 2018 1725 2074 intra
1762 2018 1871 2074 Do-

249 2105 453 2175 minum
486 2108 644 2180 quod
687 2123 750 2164 ex
803 2109 917 2179 ipso
956 2118 1010 2164 et
1055 2110 1108 2164 in
1152 2110 1270 2181 ipso
1324 2108 1464 2175 fuit,
1536 2111 1654 2168 sine
1718 2111 1872 2168 initio

250 2182 481 2255 non‘l‘uit
514 2216 530 2253 :
564 2198 769 2270 Sophia
813 2201 1018 2259 scilicet
1064 2201 1233 2273 ipsius
1272 2218 1339 2261 ex
1380 2201 1628 2261 indenata
1656 2198 1711 2259 et
1737 2218 1871 2266 con-

253 2287 381 2357 dita,
412 2307 480 2346 ex
513 2308 629 2364 quo
658 2285 900 2349 in-sensu
929 2294 1022 2349 Dei
1051 2293 1118 2349 ad
1147 2308 1312 2366 Opera
1338 2295 1872 2367 mundidisponenda

204 2381 412 2455 icmpit
439 2382 683 2455 agitari:
718 2384 883 2440 multo
907 2386 1077 2456 magis
1108 2384 1185 2459 (α)
1221 2401 1328 2443 non
1373 2387 1516 2457 capit
1554 2388 1672 2444 sine
1719 2388 1875 2445 initio

254 2475 542 2548 quicquam
607 2477 774 2533 fuisse
826 2476 967 2549 quod
1017 2487 1169 2535 extra
1217 2479 1500 2535 Dominum
1584 2479 1761 2535 fuerit.
1817 2478 1875 2536 Si

255 2583 378 2625 vero
402 2569 616 2641 Sophia
642 2570 829 2626 eadem
865 2570 954 2626 Dei
984 2584 1166 2626 sermo
1195 2579 1278 2626 est
1305 2584 1466 2629 sensu
1524 2571 1714 2642 sophia
1761 2572 1871 2644 (6),

261 2669 311 2727 et
359 2664 479 2718 sine
521 2662 675 2736 quod
737 2660 934 2718 factum
969 2671 1054 2719 est
1106 2662 1240 2718 nihil
1274 2662 1451 2736 (Joan.
1480 2664 1522 2733 ι,
1553 2660 1632 2735 5),
1659 2663 1798 2719 sicut
1823 2671 1878 2721 et

262 2754 587 2827 dispositum
611 2755 733 2811 sine
753 2756 963 2828 sophia,
989 2755 1151 2826 quale
1174 2767 1256 2812 est
1280 2765 1338 2813 ut
1366 2756 1475 2811 lilio
1503 2756 1596 2813 Dei
1625 2770 1877 2813 sermone

267 2847 545 2917 attigenito
590 2860 650 2906 et
693 2848 1050 2923 primogenito
1083 2848 1281 2919 aliquid
1325 2848 1481 2906 fuerit
1515 2857 1721 2919 praeter
1773 2849 1876 2905 Pa-

265 2943 392 2993 trem
422 2940 710 3012 antiquius
744 2961 758 2997 ;
790 2948 844 2997 et
873 2931 976 2995 hoc
1001 2940 1163 2995 modo
1193 2940 1376 3011 utique
1405 2941 1744 3012 generosius,
1776 2956 1875 2999 ne-

265 3028 382 3087 dum
433 3035 584 3106 quod
638 3034 875 3091 innatum
909 3031 989 3107 (7)
1021 3042 1145 3098 nato
1198 3034 1419 3101 fortius,
1450 3043 1506 3092 et
1533 3036 1676 3107 quod
1703 3035 1875 3091 inlec-

269 3129 372 3179 tum
434 3127 586 3182 facto
644 3127 727 3197 (8)
786 3126 1058 3183 validius?
1088 3126 1210 3197 quia
1251 3126 1393 3196 quod
1423 3135 1481 3184 ut
1508 3136 1653 3185 esset
1678 3127 1876 3185 nullius

1976 1925 2150 1997 ipsum
2178 1924 2308 1983 dum
2335 1924 2520 1995 incipit
2564 1923 2697 1980 ﬁeri.
2744 1922 2815 1995 (c)
2858 1924 2934 1981 Ita
2962 1927 3282 1998 principium
3310 1929 3423 1985 sive
3474 1929 3583 1985 ini-

1976 2016 2110 2073 tium
2140 2057 2156 2083 ,
2205 2014 2548 2086 inemptionis
2616 2030 2738 2072 esse
2823 2017 3047 2072 verbum
3079 2058 3095 2085 ,
3169 2033 3279 2077 non
3357 2020 3583 2092 alicujus

1974 2111 2548 2170 substantiae-nomen.
2602 2109 2722 2167 lam
2787 2124 2951 2176 nunc,
3006 2112 3053 2167 si
3126 2111 3441 2184 principalia
3489 2115 3583 2170 Dei

1975 2220 2145 2278 opera
2181 2205 2381 2268 caelum
2425 2213 2480 2260 et
2525 2213 2670 2260 terra
2728 2214 2873 2273 sunt,
2898 2221 3019 2277 quae
3063 2213 3190 2263 ante
3230 2209 3410 2264 omnia
3442 2210 3582 2267 Deus

1976 2300 2103 2356 fecit
2122 2313 2342 2356 suorum
2380 2298 2495 2371 (l5)
2509 2313 2630 2355 esse
2670 2299 2883 2369 proprie
2899 2288 3238 2370 principium',
3259 2318 3380 2374 qum
3403 2304 3582 2374 priora

1976 2402 2103 2448 sunt
2124 2391 2282 2457 facta,
2300 2392 2491 2447 merito
2503 2391 2580 2446 sic
2597 2389 2849 2459 prtel'atur
2862 2390 3277 2465 Scriptttravﬂl)
3300 2413 3313 2450 :
3334 2393 3402 2451 In
3430 2398 3578 2465 prin-

1976 2484 2111 2554 cipio
2136 2483 2254 2553 fecit
2282 2481 2423 2538 Deus
2443 2482 2626 2539 cwlum
2641 2491 2687 2536 et
2704 2492 2891 2539 terram
2906 2481 3115 2556 (Geni,
3132 2483 3579 2557 l);quemadmo-
3652 2508 3653 2511 η

1978 2574 2106 2631 dtttn
2134 2574 2398 2632 dixisset:
2431 2580 2491 2632 ln
2522 2574 2681 2631 linem
2705 2574 2849 2631 Deus
2870 2574 2999 2632 fecit
3026 2576 3227 2633 ctelum
3253 2589 3306 2632 et
3334 2587 3576 2635 terram:

1979 2666 2024 2722 si
2069 2675 2189 2737 post
2231 2667 2482 2725 universa
2527 2664 2766 2721 fecisset.
2809 2668 2916 2722 Aut
2957 2667 3003 2722 si
3047 2668 3362 2740 principium
3405 2670 3583 2743 aliqua

1978 2759 2274 2817 substantia
2305 2767 2409 2827 est,
2437 2758 2536 2815 erit
2561 2767 2615 2814 et
2647 2759 2766 2814 linis
2793 2759 2970 2831 aliqua
2994 2760 3242 2817 materia.
3269 2760 3435 2818 Plane
3455 2761 3580 2818 lice-

1980 2849 2057 2911 bit
2101 2850 2262 2907 etiam
2301 2848 2695 2907 substantivum
2731 2848 2935 2920 aliquid
2979 2851 3299 2922 principium
3332 2867 3453 2907 esse
3492 2853 3584 2908 alii

1980 2941 2080 3004 rei.
2121 2956 2241 3012 qua:
2278 2955 2345 2996 ex
2386 2939 2504 3010 ipso
2550 2939 2620 2993 sit
2666 2938 2879 3006 futura,
2928 2949 2986 2999 ut
3026 2940 3214 3011 argilla
3264 2942 3582 3012 principium

1981 3042 2153 3098 testae,
2187 3042 2245 3089 ut
2273 3045 2457 3088 semen
2486 3030 2805 3100 principium
2837 3030 3041 3087 herbae.
3079 3030 3185 3088 Sed
3211 3046 3334 3089 cum
3365 3033 3437 3088 ita
3464 3033 3576 3088 uti-

1982 3142 2104 3182 mur
2128 3122 2390 3181 vncabulo
2420 3121 2669 3192 principii
2697 3122 2848 3193 quasi
2876 3122 3102 3193 originis
3122 3164 3135 3189 ,
3169 3139 3277 3179 non
3309 3125 3460 3194 quasi
3493 3140 3583 3179 or-

267 3217 405 3286 eguit
426 3220 694 3284 auctoris,
721 3219 892 3274 multo
911 3218 1189 3274 sublimius
1211 3220 1316 3275 erit
1334 3234 1400 3276 eo
1420 3220 1585 3291 quod,
1626 3228 1683 3276 ut
1707 3227 1873 3286 esset,
1902 3224 1949 3290 ο
1980 3216 2122 3273 diuis
2177 3214 2432 3280 nomine,
2478 3212 2761 3282 adjicimus
2806 3221 2863 3269 et
2910 3216 3236 3270 mentionem
3294 3215 3462 3285 ipsius
3504 3216 3584 3272 rei

267 3306 495 3379 aliquem
544 3311 742 3369 habuit
781 3319 1057 3367 auctorem
1093 3328 1106 3366 :
1139 3310 1387 3383 proinde,
1438 3307 1725 3371 si'malum
1750 3313 1874 3385 qui-

269 3397 382 3456 dem
447 3404 702 3465 innatum
744 3412 846 3470 est,
897 3412 1052 3460 natus
1127 3412 1304 3461 autem
1363 3404 1441 3479 (9)
1490 3420 1671 3465 sermo
1731 3407 1871 3463 Dei:

270 3489 528 3553 Eructavit
585 3495 757 3561 enim,
816 3498 1027 3569 inquit,
1101 3513 1384 3554 sermonem
1430 3502 1680 3569 Optimum
1740 3499 1865 3570 (Ps.

272 3581 447 3657 XLIV,
475 3590 561 3663 1),
602 3603 710 3645 non
751 3589 866 3645 scio
911 3605 978 3644 an
1024 3589 1169 3645 bono
1204 3589 1401 3649 malum
1447 3593 1617 3661 possit
1655 3591 1870 3661 adduci,

270 3675 488 3737 validius
513 3680 593 3737 ab
620 3679 855 3747 iniit-mo,
879 3689 939 3737 ut
965 3681 1207 3736 innatum
1232 3696 1263 3738 a
1293 3690 1440 3739 nato.
1467 3682 1542 3741 Ita
1569 3691 1622 3739 et
1649 3682 1751 3739 hoc
1774 3697 1872 3740 no-

274 3766 409 3824 mine
440 3771 726 3826 materiam
758 3771 867 3826 Deo
916 3770 1186 3841 prmponit
1224 3771 1589 3843 Hermogenes
1612 3814 1626 3839 ,
1654 3787 1869 3849 prmpo-

272 3859 439 3914 nendo
469 3876 596 3918 eam
619 3859 774 3915 Filio.
804 3860 974 3916 Filius
1003 3862 1139 3917 enim
1177 3878 1343 3917 sermo
1363 3904 1377 3930 ,
1425 3872 1471 3918 et
1518 3862 1656 3919 Deus
1703 3881 1870 3920 sermo

274 3944 482 4023 (10am,
520 3953 565 4023 Ι,
595 3954 673 4024 1);
702 3962 786 4013 et:
818 3952 929 4025 Ego
950 3962 996 4013 et
1019 3951 1173 4011 Pater
1194 3970 1353 4017 unum
1370 3971 1548 4013 sumus
1570 3953 1776 4028 (leam,
1798 3957 1868 4025 Χ,

1979 3307 2303 3380 specialiter,
2331 3320 2493 3377 quam
2516 3303 2759 3363 volumus
2782 3304 3103 3375 principium
3130 3306 3353 3362 alterius
3381 3308 3480 3362 rei.
3509 3309 3584 3365 De

1978 3412 2177 3460 caetero
2207 3400 2253 3456 si
2278 3401 2358 3471 sic
2387 3411 2674 3470 ponamus,
2706 3397 2856 3454 verbi
2881 3399 3049 3469 gratia
3075 3415 3089 3454 :
3122 3398 3181 3454 ln
3214 3400 3476 3470 principio
3506 3401 3585 3465 fe-

1977 3497 2052 3553 cit
2083 3493 2274 3566 ﬁgulus
2305 3490 2503 3562 pelvim
2534 3489 2618 3546 vel
2661 3504 2889 3557 urnam;
2912 3488 3024 3561 jam
3068 3504 3174 3546 non
3206 3491 3484 3549 materiam
3510 3491 3586 3547 si-

1975 3587 2249 3662 gniﬁcabit
2288 3586 2404 3661 (15)
2457 3582 2775 3656 principium
2815 3600 2831 3640 :
2881 3598 2988 3640 non
3038 3583 3181 3643 enim
3211 3584 3452 3656 argillam
3485 3602 3585 3641 no-

1977 3680 2179 3738 minavi
2208 3677 2554 3750 principium,
2586 3675 2683 3735 sed
2711 3676 2955 3731 ordinem
2987 3676 3209 3747 operis;
3241 3676 3364 3746 quia
3393 3676 3583 3749 ﬁgulus

1976 3784 2102 3829 ante
2132 3781 2326 3828 caetera
2354 3770 2587 3842 primum
2628 3768 2828 3839 pelvim
2871 3776 2926 3824 et
2968 3784 3156 3824 urnam
3202 3767 3351 3835 fecit,
3387 3770 3583 3826 exinde

1975 3866 2213 3922 facturus
2239 3873 2293 3918 et
2316 3872 2510 3918 caetera
2535 3876 2550 3926 ;
2577 3859 2645 3915 ad
2669 3860 3063 3917 ordinationem
3089 3876 3310 3932 operum
3335 3861 3582 3932 principii

1974 3956 2296 4014 vocabulum
2344 3951 2656 4025 pertinebit,
2688 3967 2796 4008 non
2838 3953 2907 4008 ad
2951 3951 3217 4022 originem
3261 3952 3582 4009 substantia—

1516 4067 1897 4136 LECTIONES
1932 4066 2346 4129 VARIANTES.

274 4156 311 4234 ,Α
335 4159 403 4234 (1)
426 4162 749 4234 μειωῆέιωω
780 4160 925 4234 abest
959 4160 1012 4213 in
1051 4159 1136 4213 lib.
1427 4158 1532 4227 mg,
1567 4164 1690 4234 1w}:
1696 4225 1706 4234 _
1724 4159 1870 4226 legi):

277 4223 526 4291 matariam
550 4238 670 4291 vero
695 4226 1008 4278 materiarum
1031 4236 1127 4276 non
1163 4226 1233 4276 sic
1254 4223 1502 4276 subditani
1534 4237 1599 4274 ex
1637 4223 1873 4291 Hirsaug.

280 4285 746 4460 ωῗῆηιὸῗιέἶίῧίξὲᾳ
782 4348 940 4421 potuit
980 4348 1216 4460 θεῇςθῖ
1251 4348 1333 4420 sui
1372 4348 1529 4410 magis
1545 4359 1704 4460 gnam
1726 4346 1879 4400 alieni

280 4412 372 4457 Sen
398 4447 409 4458 .
434 4408 636 4460 Oberth.
662 4410 852 4460 Alienis
876 4423 1035 4460 genus
1115 4412 1167 4460 ά.
1194 4411 1457 4460 Hii-suum:
1479 4422 1544 4460 un
1579 4422 1608 4460 e
1630 4406 1775 4460 Rhen.
1793 4423 1878 4460 vo-

280 4408 409 4477 seat.
434 4408 636 4465 Oberth.
662 4408 852 4461 Alienis
875 4408 1167 4473 genus‘Eod.
1194 4408 1608 4477 Hirsaugq—umfe
1630 4408 1775 4461 Rhen.
1793 4423 1878 4464 υο·

282 4466 715 4588 ικιίδε)
735 4487 882 4537 quam
906 4471 1220 4537 alienigenis.
1236 4576 1253 4581 η

339 4530 412 4724 33}
431 4530 703 4608 Eafenét.

366 4597 391 4644 4
436 4600 589 4651 Prior
612 4601 703 4649 item

359 4661 388 4724 ζ)
432 4662 613 4724 Genita
650 4674 703 4724 su

366 4597 412 4651 4)
436 4599 589 4651 Prior
612 4601 729 4649 item
754 4597 932 4651 abysso
948 4603 1063 4648 Jun.

290 4714 302 4726 ,
339 4655 409 4726 (β)
432 4662 613 4726 Genita
650 4673 777 4726 sum.
804 4655 924 4710 Cum
962 4663 1211 4721 agnoscat.
1256 4655 1404 4709 then.
1452 4655 1649 4713 Oberth.
1688 4656 1878 4710 Semler

285 4718 825 4792 ἱιιιξὲξξιδ-ειὶτηρζοὺαηδ.
953 4718 1099 4792 __'__
1169 4788 1185 4792 _
1297 4780 1327 4792 η
1540 4781 1607 4792 __
1675 4781 1723 4792 ,,
1799 4779 1830 4792 ,,

288 4779 612 4902 “(agmine
627 4782 727 4847 ‘ést,
752 4794 931 4833 sensus
952 4782 1133 4846 Sephla
1156 4788 1271 4832 Jun.
1296 4780 1484 4843 Sensus
1504 4788 1558 4833 et
1576 4781 1757 4847 Sophia
1793 4779 1880 4833 lib.

1899 4618 1955 4680 D
1983 4611 2097 4680 tua

2062 4162 2118 4233 L7)
2138 4161 2264 4212 Nato
2285 4157 2514 4212 inseritur
2537 4157 2691 4210 Fran.

2062 4226 2115 4275 8)
2144 4223 2344 4275 Factum
2363 4220 2505 4274 sentt.
2519 4218 2697 4273 oberth

2061 4280 2113 4344 9)
2132 4286 2353 4337 Innatum
2379 4292 2473 4344 est,
2497 4282 2546 4335 id
2571 4289 2650 4334 est
2669 4283 2846 4335 Sermo
2868 4283 2951 4333 Dei
2973 4280 3116 4335 seml.
3142 4282 3339 4335 Oberth.

2072 4348 2150 4409 l0)
2177 4348 2406 4410 lngratiis
2424 4354 2541 4397 Jun.

2070 4410 2146 4462 li)
2173 4411 2465 4461 Occasiones
2485 4410 2550 4458 ibi
2571 4414 2685 4458 Jun.

2075 4467 2537 4539 lg)'_ljroprietatein
2558 4467 2990 4539 cumyindicamus
3011 4474 3157 4539 semt.

2074 4529 2151 4595 15)
2174 4529 2466 4585 Universum
2480 4534 2580 4583 Lat.
2594 4532 2659 4583 In
2673 4529 2910 4595 impressa
2930 4532 3144 4583 Correct.
3164 4529 3305 4583 habet
3323 4534 3583 4587 universo-

2165 4636 2176 4647 .
2204 4600 2420 4648 Macrus.
2441 4602 2554 4646 Jun.
2920 4606 2923 4607 '

2045 4660 2148 4733 (11)
2174 4659 2347 4733 Merito
2365 4659 2436 4731 sic
2451 4653 3064 4733 prmlatqrilseripturaalii.
3086 4655 3210 4733 lisse
3233 4660 3434 4733 prpprie
3452 4660 3585 4733 prin-

1980 4716 2183 4787 cipium,
2206 4732 2304 4791 quo
2327 4716 2487 4791 priora
2498 4725 2613 4791 sunt
2630 4716 2772 4780 facta,
2792 4716 3070 4783 meritoque
3092 4720 3166 4770 sic
3189 4716 3437 4784 praefatam
3453 4716 3586 4773 Serl-

1986 4782 2176 4847 pt'uram
2194 4797 2214 4847 _:
2225 4782 2308 4833 ⁷1η
2324 4782 2564 4847 principio
2578 4789 2690 4847 .(un.

2053 4846 2157 4912 (15)
2182 4842 2492 4909 Signiﬁcabit'
2503 4842 2617 4896 edd.
2639 4855 2803 4895 omnes
2821 4847 2866 4895 et
2879 4849 2991 4893 Jun.

630 4924 651 4951 '
1649 4924 2219 4985 COMMENTARIUS.

293 5088 306 5103 ο
351 5022 421 5105 (a)
451 5022 576 5085 Non
599 5026 736 5105 capit
765 5024 883 5105 sine_
902 5021 1048 5105 initio
1068 5024 1339 5105 quicquam
1367 5023 1540 5105 fuisse.
1569 5022 1736 5105 Usum
1778 5022 1878 5079 hu-

286 5094 369 5161 jus
384 5094 758 5169 impersonalis
775 5096 947 5161 verbi,
966 5094 1122 5169 capit,
1135 5094 1278 5169 quod
1299 5096 1488 5169 gratcis
1508 5104 1590 5169 est
1605 5098 1873 5169 ἐνδέχεται,

1978 5024 2169 5080 ordine
2196 5033 2249 5080 et
2276 5025 2436 5080 modo
2467 5023 2987 5094 praecipuamquteque
3009 5022 3115 5094 sint
3140 5029 3339 5094 creata.
3364 5021 3486 5079 Bia.
3513 5052 3585 5065 -—-

1976 5094 2247 5166 Quidquid
2270 5092 2505 5166 dixerint
2542 5092 3000 5166 Tertullianuspet
3027 5092 3159 5166 _cjus
3202 5092 3585 5166 aduotatnres,

293 5177 318 5215 ³
353 5168 413 5226 nd
460 5162 867 5231 'Tertullianum
923 5169 976 5222 in
1030 5162 1180 5223 libris
1229 5162 1652 5237 prmcedentibus
1698 5162 1877 5220 disces
1979 5162 2329 5223 nihilominus
2354 5165 2507 5225 multi
2538 5164 2887 5220 inveniuntur
2914 5162 3173 5221 Ecclesiae
3200 5164 3451 5218 doctores
3494 5165 3587 5234 qui

294 5179 477 5293 titione
503 5249 559 5293 et
584 5255 751 5293 saepe.
782 5238 879 5293 llic
905 5246 1109 5292 tantum
1137 5236 1301 5293 valet.
1323 5253 1426 5291 non
1450 5238 1588 5293 canit
1609 5237 1876 5293 quicquam
1976 5236 2108 5292 illud
2154 5235 2353 5293 Genes.
2376 5236 2417 5293 l.
2454 5238 2506 5293 1.
2539 5233 2608 5291 In
2636 5234 2910 5293 principio.
2962 5233 3031 5289 de
3086 5232 3260 5288 Verbo
3308 5232 3405 5287 Dei
3434 5236 3582 5290 acci-

270 5232 477 5313 ιιξίξὶειιιθ
503 5249 559 5297 et
584 5255 751 5313 saepe.
782 5238 1109 5313 llic_t_antutn
1137 5232 1301 5301 valet,
1323 5238 1588 5313 non_capit
1609 5237 1876 5308 quicquam
1976 5236 2108 5313 illud
2154 5235 2353 5313 Genes.
2376 5236 2506 5313 _l,
2539 5233 2608 5313 In
2636 5234 2910 5313 principio,
2962 5233 3031 5289 de
3054 5232 3260 5313 Δἶφι-191)
3308 5232 3405 5287 Dei
3434 5232 3582 5290 acci-

296 5304 457 5379 {llsitn
479 5326 545 5371 ac
571 5312 617 5365 si
646 5304 798 5379 dicas
828 5327 841 5379 _:
875 5307 1014 5379 ἕξοι-ἱ
1043 5324 1148 5373 non
1187 5315 1389 5379 potest.
1412 5304 1589 5363 Busa.

354 5378 501 5453 CM}.
518 5379 663 5441 XIX.
683 5377 847 5453 ——(b)
879 5377 1019 5433 Nam
1044 5388 1090 5435 et
1116 5377 1285 5453 ipsum
1312 5378 1648 5453 principium,
1687 5378 1757 5453 in‘
1776 5394 1875 5453 quo

297 5444 421 5508 Deus
443 5450 559 5509 fecit
590 5444 785 5508 emtum
812 5444 858 5504 ét
895 5460 1100 5505 terram.
1137 5444 1339 5505 Omnes
1370 5444 1498 5505 iStas
1535 5444 1693 5507 tricas
1732 5444 1889 5506 facile

295 5518 534 5592 gxpedire
560 5522 775 5581 videtur
799 5522 890 5590 qui
921 5522 1079 5579 verba
1110 5520 1293 5586 Musis,
1320 5518 1386 5576 ln
1418 5521 1668 5592 principio
1701 5522 1889 5576 creavit

640 5603 690 5650 et
714 5584 929 5659 terram,
951 5592 1029 5647 sic
1061 5584 1470 5662 interpretatur:
1490 5584 1889 5659 Quoextiterunt

655 5672 705 5721 et
720 5672 877 5743 terra,
907 5658 966 5721 eo
995 5658 1465 5743 Deusillalcreavit.
1484 5658 1594 5743 Hoc
1617 5664 1760 5743 enim
1788 5678 1887 5718 vo-

598 5722 764 5805 ;Veceli
786 5748 850 5791 ac
863 5722 1026 5793 terra:
1053 5733 1356 5805 nominibus
1387 5722 1642 5791 mundum
1667 5733 1884 5795 univer-

298 5810 403 5871 tum
424 5804 756 5887 signiﬁcavit
782 5818 815 5863 a
840 5805 949 5873 Deo
973 5812 1233 5863 creatum.
1278 5804 1480 5864 Deinde
1520 5807 1753 5878 explicat
1781 5819 1888 5893 quo

1979 5309 2163 5380 piunt;
2188 5308 2268 5380 sic
2283 5305 2531 5380 Basilius.
2550 5302 2885 5380 Ambrosius,
2908 5313 3012 5359 etc.
3042 5302 3146 5358 Alii
3166 5303 3331 5380 allium
3360 5317 3580 5380 sens_um

1980 5373 2063 5435 bis
2106 5378 2286 5435 verbis
2323 5378 2592 5440 tribuunt,
2628 5385 2685 5431 ut
2712 5375 2900 5430 videre
2938 5382 3022 5429 est
3047 5373 3186 5442 apud
3216 5373 3383 5429 Corn.
3415 5390 3448 5430 a
3476 5374 3583 5430 La-

1991 5449 2132 5525 pide,
2165 5451 2252 5525 vel
2279 5451 2329 5504 in
2350 5447 2508 5525 Cura.
2528 5447 2717 5525 compl.
2748 5444 2944 5525 Script.
2984 5444 3326 5525 sacerEon.
3378 5514 3389 5525 ι

2063 5513 2137 5593 (c)
2165 5518 2249 5573 Ita
2288 5519 2597 5593 principium
2625 5513 2727 5571 sive
2752 5513 3448 5593 initium,_etc.“Verisimile
3473 5525 3578 5579 est.

1990 5585 2233 5647 ut'l‘ianc
2275 5585 2716 5655 Signiticationem
2757 5585 2995 5654 principii
3041 5585 3301 5640 indicaret
3347 5597 3536 5642 auctor
3562 5627 3578 5651 ,
3620 5612 3627 5617 ι

1996 5660 2427 5735 propterea‘alibi
2449 5660 2525 5735 Aab
2550 5674 2616 5735 eo
2641 5657 2776 5735 verti
2806 5655 2981 5735 solere
3005 5695 3054 5735 ,ἢ
3067 5670 3191 5713 cum
3217 5656 3413 5735 dictam
3443 5657 3576 5713 scri-

1994 5725 2202 5804 pturam
2245 5730 2414 5804 citat,
2442 5731 2498 5784 in
2523 5725 2957 5804 printortliohfecit
3011 5725 3149 5781 Deus
3194 5726 3378 5804 cretum
3402 5736 3580 5804 et_ter-

1990 5795 2103 5861 ram
2128 5845 2142 5870 ,
2172 5802 2327 5860 sicuti
2365 5795 2545 5873 supra,
2579 5799 2668 5857 lib.
2697 5798 2761 5855 de
2797 5795 3077 5867 Baptismo,
3109 5811 3230 5869 cap.
3260 5799 3317 5863 5,
3342 5797 3398 5854 5.
3440 5797 3577 5855 Pan.

2370 5895 2397 5913 κ
