4008 6280
334 300 446 391 eis

1748 302 1753 307 ’
1768 295 2229 356 TEBTULLIANI

3538 306 3653 363 216

346 435 486 474 rmn.
519 418 743 474 Possum
790 426 845 474 et
890 416 1049 474 aliter
1070 414 1151 490 (l)
1180 414 1497 488 principium
1548 413 1889 485 interpretari
1917 454 1932 479 ,
1961 412 2013 474 A
2043 414 2238 471 veteris
2291 413 2599 472 adhibendo
2652 416 2751 489 (5),
2781 416 2832 472 in
2861 431 2966 489 quo
3014 418 3101 475 vel
3139 432 3205 475 eo
3229 422 3400 491 magis
3426 420 3639 476 debue-

349 527 455 566 nou
484 512 551 565 ah
582 528 639 567 re
676 522 848 567 tamen
877 529 889 565 :
922 510 998 584 (a)
1028 525 1150 565 naut
1177 519 1233 565 et
1256 509 1309 564 in
1354 522 1531 578 grmco
1564 507 1809 579 principii
1846 520 1940 559 vo-

254 662 259 669 ,
347 604 594 660 cahulum
621 645 635 668 ,
665 602 804 674 quod
834 611 918 658 est
946 618 1088 660 arxu
1112 647 1126 665 .
1170 616 1277 659 non
1320 609 1525 655 tantum
1559 598 1938 661 ordiuativum,

349 697 441 752 sed
461 706 513 752 et
536 696 910 766 potestativum
933 697 1072 766 capit
1093 694 1464 766 principatum.
1497 691 1572 764 (b)
1593 690 1746 748 Unde
1771 699 1826 746 et
1842 706 1940 746 sr-

348 803 555 843 xouras
583 787 656 863 (ε)
674 788 861 844 dicunt
905 787 1170 858 principes
1198 795 1253 841 et
1282 784 1645 856 magistratus.
1679 783 1820 854 Ergo
1849 797 1940 840 se-

349 881 580 935 cundum
604 881 740 935 hanc
767 894 976 950 quoque
999 878 1466 949 signiﬁcationem,
1495 875 1815 947 principium
1845 889 1943 946 pro

349 972 652 1042 principatu
682 980 734 1026 et
762 980 1023 1042 potestate
1061 977 1322 1024 sumetur.
1363 967 1418 1023 In
1456 967 1761 1038 principatu
1797 965 1941 1024 enim

351 1069 407 1118 et
427 1063 478 1118 iu
509 1069 774 1132 potestate
803 1061 944 1117 Deus
972 1060 1099 1118 fecit
1122 1060 1319 1116 coelum
1350 1067 1406 1117 et
1433 1067 1652 1116 terram.

949 1154 1179 1212 CAPUT
1218 1153 1341 1209 XX.

422 1251 529 1308 Sed
557 1259 612 1307 ut
633 1251 763 1306 nihil
793 1250 939 1306 aliud
967 1249 1230 1322 significet
1258 1263 1434 1321 graeca
1462 1263 1591 1315 vos,
1613 1262 1770 1320 quam
1794 1247 1944 1318 prin-

354 1347 588 1417 cipiunt,
619 1355 675 1403 et
710 1338 1030 1418 principium
1065 1344 1196 1400 nihil
1226 1343 1371 1399 aliud
1409 1344 1608 1414 capiat,
1648 1358 1809 1414 quam
1846 1341 1947 1397 iui-

352 1438 506 1506 tium,
563 1438 822 1493 habemus
851 1438 1011 1493 etiam
1044 1437 1193 1513 illam
1220 1437 1429 1491 initium
1469 1450 1762 1506 agnoscere
1783 1476 1800 1502 ,
1826 1450 1948 1507 qua:

352 1529 485 1583 dicit
509 1546 528 1581 -:
560 1528 813 1584 Dominus
853 1528 1080 1583 comlidit
1126 1544 1205 1582 me
1250 1526 1328 1600 (2)
1357 1528 1558 1582 initium
1586 1527 1785 1581 viarum
1824 1542 1948 1581 saa-

350 1638 465 1675 rum
496 1622 548 1676 in
577 1638 733 1691 opera
758 1639 871 1677 sua.
901 1620 956 1676 Si
995 1622 1138 1677 enim
1186 1636 1281 1692 per
1326 1619 1582 1692 Sophiam
1629 1619 1725 1677 Dei
1766 1620 1948 1675 omnia

352 1713 492 1768 facta
525 1723 652 1769 sunt
677 1732 691 1780 ;
722 1725 776 1770 et
806 1714 1000 1769 coelum
1029 1729 1157 1784 ergo
1179 1723 1235 1769 et
1263 1721 1459 1770 terram
1491 1714 1632 1771 Deus
1658 1713 1862 1770 faciens
1892 1713 1948 1770 in

2044 517 2126 563 rat
2153 508 2361 563 oSIcudi
2404 510 2543 565 Deus
2571 526 2636 566 ex
2667 511 2840 581 aliqua
2884 514 3104 569 materia
3138 515 3385 571 universa
3413 515 3639 584 fecisse,

2043 601 2185 671 quod
2231 600 2341 656 illic
2392 602 2557 658 etiam
2612 618 2706 673 per
2749 620 2908 675 quem
2961 607 3140 662 omnia
3188 606 3373 662 fecerit
3420 608 3642 663 revela-

2046 699 2159 746 tur:
2179 690 2262 765 (ά)
2294 691 2355 747 In
2376 692 2626 765 principio
2638 703 2744 748 erat
2765 712 2946 756 sermo.
2964 698 3016 751 in
3036 713 3142 768 quo
3170 700 3419 771 principio
3445 701 3642 755 scilicet

2045 783 2183 842 Deus
2208 784 2326 859 fecit
2350 785 2535 842 (telum
2554 794 2599 841 et
2638 794 2843 843 terrent.
2870 787 2939 843 Et
2966 807 3130 845 sermo
3155 802 3263 847 erat
3281 792 3423 864 apud
3451 793 3642 858 Deam,

2045 887 2094 933 et
2134 877 2273 933 Deus
2318 887 2427 934 erat
2451 895 2639 936 sermo.
2684 879 2873 936 Omnia
2900 899 2990 954 per
3035 884 3205 953 ipsum
3243 889 3381 956 facta
3405 896 3524 940 sunt
3549 927 3565 948 .
3598 897 3648 941 et

2045 972 2156 1028 sine
2180 972 2271 1028 illo
2299 976 2493 1045 factum
2507 984 2581 1029 est
2610 975 2741 1030 nihil
2756 974 2932 1049 (Joan.
2966 977 3004 1043 Ι,
3038 976 3116 1048 1).
3144 976 3277 1033 Cum
3297 979 3458 1050 igitur
3487 978 3649 1035 ethic

2046 1067 2416 1124 manifestetur
2442 1076 2498 1124 et
2521 1066 2717 1135 factor,
2761 1068 2815 1125 id
2864 1080 2945 1126 est
2974 1071 3158 1131 Deus:
3190 1080 3246 1127 et
3289 1072 3448 1139 facta,
3483 1073 3532 1129 id
3563 1082 3651 1129 est

2046 1158 2227 1214 omnia
2262 1177 2276 1213 :
2306 1167 2360 1214 et
2398 1173 2496 1230 per
2521 1174 2701 1231 quem,
2735 1160 2788 1215 id
2836 1170 2920 1217 est
2947 1176 3167 1227 sermo;
3198 1178 3379 1218 nonne
3404 1172 3459 1220 et
3505 1163 3651 1221 unde

2047 1249 2228 1305 omnia
2259 1250 2394 1305 facta
2439 1260 2624 1308 essent
2663 1267 2695 1307 a
2746 1252 2856 1309 Deo
2897 1268 2993 1322 per
3016 1269 3346 1319 sermonem,
3377 1255 3651 1326 exegisset

2049 1340 2185 1397 ordo
2213 1342 2472 1412 profiteri,
2497 1342 2543 1398 si
2569 1357 2635 1399 ex
2656 1343 2837 1415 aliquo
2860 1343 2996 1400 facta
3022 1345 3247 1401 essent?
3270 1346 3345 1400 lta
3367 1345 3509 1417 quod
3538 1360 3649 1400 non

2048 1432 2171 1499 fuit,
2200 1449 2305 1491 non
2332 1434 2795 1507 potuitScriptura
2824 1436 3085 1508 proﬁteri,
3116 1435 3187 1491 Et
3215 1453 3320 1491 non
3345 1436 3651 1507 profitendo

2051 1527 2182 1585 satis
2211 1527 2455 1599 probavit
2483 1541 2589 1584 non
2616 1518 2784 1584 fuisse
2807 1571 2822 1596 ,
2856 1530 2976 1599 quia
2999 1528 3343 1599 profiteretur
3363 1531 3409 1585 si
3438 1530 3648 1585 fuisset.

2629 1618 2856 1678 CAPUT
2894 1621 3038 1678 XXI.

2125 1711 2288 1784 Ergo,
2321 1711 2517 1784 inquis,
2545 1712 2590 1767 si
2620 1721 2673 1768 tu
2719 1698 2838 1769 ideo
2870 1712 3185 1784 prmjudicas
3222 1729 3289 1770 ex
3318 1714 3485 1770 nihilo
3512 1715 3654 1770 facta

355 1806 643 1877 principio,
669 1807 720 1861 id
747 1816 831 1862 est
865 1806 1017 1862 initio
1041 1850 1055 1874 ,
1086 1808 1136 1861 in
1163 1806 1362 1874 Sapinia
1388 1821 1486 1862 sua
1529 1806 1670 1863 fecit.
1706 1806 1947 1878 Denique
1975 1808 2025 1869 B
2052 1808 2253 1869 omnia,
2308 1807 2430 1877 quia
2474 1821 2580 1861 non
2628 1807 2696 1862 sit
2722 1806 3004 1863 manifeste
3045 1808 3273 1864 relatum
3314 1808 3381 1864 de
3425 1809 3655 1865 materia

353 1899 400 1954 si
430 1900 746 1971 principium
776 1902 1053 1956 materiam
1075 1900 1555 1969 signiﬁcaret,‘non
1581 1902 1655 1957 ita
1669 1900 1946 1971 Scriptura

354 1993 713 2063 inscripsisset
754 1994 831 2067 (3)
882 2011 896 2050 :
946 1992 1012 2048 In
1078 1994 1329 2065 principio
1400 1993 1537 2050 Deus
1564 1995 1725 2070 fecit,
1765 1994 1859 2051 sed
1886 2011 1951 2050 ea:

353 2086 626 2155 principio.
660 2085 774 2141 Non
799 2086 940 2141 enim
972 2087 1021 2141 in
1055 2087 1298 2150 materia,
1331 2086 1424 2141 sed
1453 2101 1516 2143 es
1541 2087 1764 2142 materia
1793 2086 1951 2142 fecis-

347 2187 458 2247 set.
490 2177 564 2232 De
593 2176 791 2248 Sophia
819 2190 996 2234 autem
1032 2164 1346 2248 potuit'dici,
1374 2179 1428 2232 in
1456 2178 1732 2248 principio.
1765 2177 1821 2232 In
1849 2176 1949 2233 So-

353 2271 478 2340 phia
505 2272 645 2326 cnim
681 2271 853 2341 primo
898 2271 1039 2336 fecit,
1094 2272 1146 2325 in
1192 2285 1296 2341 qua
1343 2270 1631 2340 cogitando
1669 2278 1723 2325 et
1765 2269 1949 2340 dispo-

354 2364 532 2419 nendo
553 2365 663 2435 jam
692 2363 931 2430 fecerat;
964 2364 1216 2434 quoniam
1243 2364 1343 2419 etsi
1365 2379 1432 2419 ex
1458 2363 1680 2420 materia
1710 2362 1950 2419 facturus

358 2457 565 2523 fuisset,
594 2466 717 2513 ante
745 2459 796 2513 in
828 2457 1029 2528 Sephia
1061 2457 1346 2527 cogitando
1384 2467 1440 2513 et
1474 2458 1811 2529 disponendo
1833 2458 1947 2529 jam

288 2576 295 2579 -
357 2549 576 2605 fecerat.
605 2550 864 2619 Quoniam
893 2550 994 2605 etsi
1025 2561 1141 2605 erat
1170 2549 1377 2605 initium
1418 2549 1624 2605 viarum
1676 2550 1778 2621 (4),
1825 2550 1949 2620 quia

358 2643 616 2713 cogitatio
647 2654 701 2699 et
730 2643 1013 2712 dispositio
1043 2643 1215 2713 pritua
1243 2641 1457 2712 Sophirc
1500 2641 1559 2697 fit
1600 2641 1843 2713 operatio
1880 2641 1950 2699 de

360 2737 594 2806 cogitatu
616 2737 754 2790 viam
777 2735 1029 2806 operibus
1052 2736 1356 2803 instituens,
1384 2734 1521 2790 hanc
1543 2744 1597 2790 et
1618 2734 1743 2790 inde
1765 2741 1953 2789 aucto-

360 2826 573 2882 ritatem
590 2826 885 2897 Scripturre
912 2827 1040 2882 mihi
1069 2826 1303 2893 vindico,
1328 2825 1469 2898 quod
1497 2837 1550 2882 et
1581 2826 1725 2883 Deus
1753 2826 1842 2896 qui
1874 2827 1951 2884 fe-

357 2923 450 2983 cit,
502 2930 555 2975 et
603 2935 664 2976 ea
709 2936 827 2991 qua:
873 2921 996 2975 fecit
1041 2920 1373 2988 ostendens,
1423 2920 1566 2976 unde
1612 2921 1796 2976 fecerit
1843 2935 1951 2977 non

358 3011 582 3082 proinde
611 3020 854 3069 testatur.
881 3012 1013 3068 Nam
1044 3028 1169 3068 cum
1218 3013 1269 3068 in
1326 3013 1472 3068 omni
1502 3014 1816 3084 operatione
1850 3014 1951 3069 tria

357 3106 468 3161 sint
497 3107 809 3177 principalia
839 3125 853 3160 :
880 3108 969 3178 qui
1001 3107 1144 3174 facit,
1173 3116 1227 3162 et
1248 3106 1392 3177 quod
1425 3107 1483 3162 fit
1505 3150 1521 3174 ,
1543 3117 1598 3163 et
1623 3122 1823 3179 cx_quo
1851 3108 1908 3163 fit
1932 3124 1948 3175 ;

2054 1899 2377 1970 prarccdcuti
2435 1898 2633 1955 factum
2677 1899 2825 1970 quid,
2875 1899 3001 1955 vide
3046 1898 3118 1972 (e)
3158 1915 3226 1956 ne
3262 1901 3474 1958 diversa
3525 1915 3655 1971 pars

2052 1991 2176 2049 ideo
2199 1990 2486 2047 contendat
2509 2006 2573 2047 ex
2614 1992 2836 2047 materia
2863 1991 3040 2047 omnia
3071 1991 3205 2047 facta
3227 2036 3240 2061 ,
3275 1994 3397 2064 quia
3430 1992 3655 2063 proinde

2051 2099 2158 2141 non
2207 2092 2391 2156 aperte
2435 2082 2789 2155 significatum
2829 2084 2922 2152 sit,
2953 2100 3017 2140 ex
3049 2085 3216 2139 nihilo
3261 2086 3388 2156 quid
3431 2085 3654 2141 factum.

2052 2177 2218 2235 Plane
2242 2179 2542 2250 retorqueri
2582 2178 2825 2248 quaedam
2851 2177 3006 2234 facile
3036 2187 3258 2250 possunt
3289 2197 3302 2234 :
3335 2186 3440 2236 non
3470 2179 3655 2234 statim

2051 2281 2108 2328 et
2153 2287 2219 2328 ex
2262 2286 2417 2344 a‘quo
2462 2270 2690 2338 admitti,
2724 2271 2814 2327 ubi
2841 2270 3122 2327 diversitas
3151 2287 3359 2328 caussa:
3389 2282 3491 2326 est.
3523 2271 3658 2326 Dico

2051 2364 2220 2431 enim,
2245 2365 2346 2421 etsi
2369 2377 2473 2419 non
2501 2371 2687 2434 aperte
2698 2362 2973 2434 Scriptura
3007 2364 3367 2434 pronuntiavit
3391 2363 3659 2418 ex'nihilo

2054 2456 2191 2513 facta
2214 2456 2411 2522 omnia,
2436 2455 2573 2511 sicut
2600 2470 2700 2511 nec
2728 2471 2796 2511 ex
2831 2455 3073 2519 materia,
3107 2470 3212 2510 non
3245 2463 3444 2509 tantam
3490 2454 3661 2509 fuisse

2054 2549 2427 2605 necessitatem
2452 2555 2635 2618 aperte
2654 2546 2985 2619 significandi
3007 2545 3073 2602 de
3096 2546 3263 2601 nihilo
3289 2545 3426 2601 facta
3448 2546 3659 2611 omnia,

2052 2652 2249 2715 quanta
2287 2649 2452 2709 esset,
2480 2640 2525 2696 si
2566 2656 2634 2697 ex
2672 2639 2894 2696 materia
2926 2642 3060 2695 facta
3108 2640 3353 2696 fuissent.
3389 2639 3659 2707 Quoniam

2053 2735 2196 2808 quod
2223 2733 2279 2790 fit
2305 2749 2372 2790 ex
2400 2732 2590 2799 nihilo,
2618 2748 2684 2787 eo
2711 2734 2827 2804 ipso
2851 2733 2977 2788 dum
3010 2748 3116 2787 non
3145 2732 3442 2788 ostenditur
3461 2748 3526 2787 ex
3552 2732 3660 2786 ali-

2053 2843 2161 2900 quo
2208 2826 2431 2892 factum,
2463 2825 2837 2883 manifestatur
2875 2842 2943 2881 cx
2999 2825 3167 2880 nihilo
3211 2825 3404 2881 factum
3436 2841 3450 2877 :
3482 2823 3552 2897 (ί)
3605 2834 3664 2879 ct

2054 2937 2160 2980 non
2182 2922 2518 2994 periclitatur
2536 2936 2604 2977 ne
2629 2934 2692 2976 ex
2708 2920 2889 2991 aliquo
2902 2920 3094 2975 factum
3116 2920 3467 2983 existimetur,
3485 2933 3663 2989 quan-

2054 3016 2123 3071 do
2150 3028 2254 3071 non
2277 3014 2675 3069 demonstretur
2700 3027 2765 3067 ex
2783 3026 2888 3083 quo
2920 3012 2989 3067 sit
3013 3012 3229 3066 factum.
3264 3010 3418 3078 Quod
3472 3020 3662 3065 autem

2054 3124 2120 3165 ex
2146 3107 2324 3178 aliquo
2350 3105 2428 3173 fit,
2456 3104 2557 3160 nisi
2586 3103 2689 3159 hoc
2716 3104 2887 3174 ipsum
2917 3113 3104 3173 aperte
3125 3102 3430 3159 declaratur
3458 3118 3522 3157 ex
3550 3103 3664 3156 ali-

360 3198 460 3252 tria
492 3198 706 3261 nomina
738 3207 865 3253 sunt
891 3198 1097 3253 edenda
1142 3199 1193 3253 in
1239 3198 1472 3268 legitima
1503 3201 1684 3269 operis
1722 3215 1946 3255 enarra-
1974 3196 2020 3258 C
2053 3217 2158 3274 quo
2185 3200 2406 3269 factum,
2435 3197 2564 3254 dum
2596 3195 2727 3253 illud
2749 3212 2817 3253 ex
2834 3211 2943 3268 quo
2963 3196 3160 3252 factum
3187 3197 3257 3250 sit
3285 3212 3392 3251 non
3417 3195 3665 3251 ostendi-

359 3290 508 3345 tioue
532 3307 547 3344 :
580 3304 804 3360 persona
828 3290 1067 3357 factoris,
1092 3291 1302 3361 species
1322 3291 1468 3359 facti,
1492 3289 1663 3348 forma
1689 3294 1948 3350 materiae.

360 3381 418 3439 Si
469 3383 690 3438 materia
737 3398 844 3438 non
887 3382 1100 3449 edetur,
1151 3382 1242 3438 ubi
1293 3392 1350 3438 et
1397 3398 1562 3455 opera
1604 3392 1660 3440 ct
1702 3396 1953 3458 operator

357 3475 606 3544 edentur,
653 3486 878 3548 apparet
914 3493 979 3533 ex
1016 3477 1183 3533 nihilo
1221 3492 1344 3533 eum
1390 3487 1697 3548 operatum.
1722 3479 1953 3538 Proinde

360 3568 508 3624 enim
535 3568 786 3625 ederetur
808 3585 873 3625 ex
905 3584 1035 3641 quo,
1075 3569 1121 3625 si
1144 3584 1216 3625 ex
1244 3570 1426 3641 aliquo
1461 3569 1652 3630 fuisset
1674 3584 1948 3646 operatus.

360 3651 603 3732 Denique
644 3660 992 3733 Evangelium
1039 3670 1097 3718 ut
1131 3661 1562 3734 supplementum
1607 3665 1949 3724 instrumenti

2057 3309 2144 3356 tur
2172 3296 2275 3370 (6),
2306 3293 2692 3367 periclitabitur
2722 3292 2894 3363 primo
2920 3291 3086 3347 videri
3128 3307 3192 3347 ex
3237 3292 3403 3347 nihilo
3430 3293 3663 3363 factum,

2055 3394 2177 3466 quia
2207 3405 2313 3447 non
2340 3387 2518 3444 editur
2542 3403 2608 3442 ex
2635 3401 2741 3459 quo
2761 3386 2832 3440 sit
2862 3385 3080 3440 factum.
3110 3385 3337 3466 Deliae,
3364 3386 3462 3440 etsi
3494 3400 3556 3441 ea
3590 3388 3669 3442 sit

2054 3458 2384 3551 conditione,
2408 3490 2466 3538 ut
2509 3497 2616 3537 non
2658 3458 2833 3550 possit
2877 3479 3047 3536 videri
3094 3494 3198 3534 non
3241 3458 3519 3551 Qﬁliquo
3550 3480 3666 3554 (7),

2055 3576 2282 3651 proinde
2319 3572 2725 3648 periclitabitur,
2754 3587 2826 3628 ex
2875 3572 2981 3626 alio
3028 3572 3186 3642 longe
3233 3570 3428 3626 factum
3459 3573 3667 3640 videri,

2054 3684 2213 3743 quam
2241 3683 2306 3726 ex
2335 3680 2442 3739 quo
2479 3664 2679 3723 factum
2706 3670 2821 3730 est,
2850 3662 2977 3719 dum
3005 3677 3113 3731 non
3157 3662 3473 3735 proponitur
3512 3663 3670 3720 unde

1602 3801 1983 3862 LECTIONES
2021 3801 2433 3865 VABIAN'I'ES.

448 3937 495 3999 l)
521 3941 725 3988 Possunt
748 3944 800 3988 et
819 3936 961 3989 aliter
980 3935 1133 3989 Seml.
1163 3937 1357 3991 oberth.

444 4002 494 4063 2)
522 4001 717 4063 Initium
742 4001 924 4063 viarum
966 4015 1163 4052 suarum
1204 4003 1343 4056 abest
1385 4014 1417 4053 a
1441 4002 1596 4056 Seml.
1622 4002 1817 4059 Obertlt.
1846 4007 1965 4058 Mss.

353 4061 662 4131 mulcebant,
685 4061 837 4131 inquit
858 4063 1056 4131 Junius,
1069 4071 1126 4131 et
1143 4065 1308 4116 abesse
1324 4071 1476 4130 potest
1488 4107 1503 4131 ,
1530 4075 1626 4120 etc.

419 4124 495 4249 (ὃ)
517 4124 855 4184 Instruxisset,
891 4124 1030 4175 Seml.
1055 4126 1219 4177 Oberl.

422 4187 473 4249 (4
524 4185 839 4249 Dispouendo
853 4188 952 4247 jam
973 4188 1192 4249 fecerat;

422 4185 495 4258 (4)
524 4185 839 4258 Disponendo
853 4188 952 4258 jam
973 4188 1161 4258 fecerat
1179 4205 1193 4258 ;_
1220 4196 1272 4240 et
1291 4190 1365 4258 sic
1388 4196 1498 4258 erat
1519 4193 1709 4258 initium
1728 4193 1915 4258 viarum
1934 4231 1950 4254 ,

355 4250 470 4320 quia
492 4250 721 4320 cogita-tio
755 4256 808 4297 et
839 4250 1092 4320 dispositio
1122 4253 1276 4320 prima
1313 4252 1508 4320 Sophia:
1539 4255 1605 4320 sit
1620 4256 1861 4320 operatio,
1886 4250 1951 4306 de.

355 4295 580 4372 ὧςὶιζιιιῖ
589 4295 734 4362 tam
764 4295 1005 4375 speriat;
1021 4295 1301 4366 instituens.
1313 4295 1683 4369 istaista;
1689 4295 1956 4370 satiasse;
1979 4295 2035 4357 D

925 4404 947 4411 .-

2068 3951 2192 4014 tem,
2215 3942 2425 4014 etalio
2447 3937 2564 4006 legit
2598 3937 2779 3991 lautius
2799 3942 2847 3991 et
2868 3936 3119 3990 lectionem
3141 3950 3279 3991 suam
3301 3936 3525 4003 pluribus
3549 3950 3674 3990 ver-

2069 4004 2473 4119 mis‘ieietiiiiiiého
2496 4062 2639 4115 sentt.
2665 4060 2861 4114 oberth.

2140 4124 2191 4180 6i
2212 4130 2322 4179 Non
2343 4128 2475 4180 deest
2497 4125 2642 4177 Rhea.
2663 4125 2805 4177 send.
2828 4124 2991 4177 Obert.

2139 4070 2171 4119 5
2218 4068 2473 4117 Adhibeho
2496 4068 2639 4115 sentt.
2665 4068 2861 4114 aberth.

2140 4130 2171 4177 6
2212 4130 2322 4179 Νοη
2343 4128 2475 4180 deest
2497 4125 2642 4177 Rhea.
2663 4125 2805 4177 seml.
2828 4124 2991 4177 Obert.

2056 4068 2660 4318 γὶέζὲἰζίὲίέἳξὲἔοῗιηᾳυο
2678 4189 2820 4241 sentt.
2843 4187 3007 4243 Obert.
3025 4195 3138 4242 Jun.
3161 4188 3253 4255 leg.
3278 4192 3335 4239 ut
3350 4200 3479 4239 nunc
3498 4191 3665 4253 possit

1716 4444 2275 4507 COMMENTARIUS.

435 4588 510 4661 (a)
542 4588 681 4661 lyam
715 4596 762 4642 et
786 4587 852 4661 in
877 4597 1043 4661 grmco
1078 4579 1849 4661 pﬁncipiiyocalmlum,‘quod
1876 4590 1951 4636 est

356 4652 513 4734 ἀρλ-λζ
545 4652 899 4734 Consentiuni
923 4656 1083 4734 etiam
1122 4652 1454 4734 Tertulliano
1480 4653 1534 4734 in
1559 4652 1951 4734 significatione

358 4721 613 4804 é'pZ/Is‘pro
645 4730 942 4804 principatu
963 4769 983 4804 ._
1013 4722 1354 4804 Χηιζῃῆιοηἶ
1386 4722 1479 4804 liii.
1512 4721 1536 4775 Ι
1568 4724 1646 4804 ἐίς
1697 4722 1946 4804 Imperio,

356 4792 694 4865 Aristoteles,
732 4799 939 4852 Politic.
966 4798 1007 4858 l,
1038 4805 1090 4849 ct
1118 4794 1286 4859 Plato,
1321 4793 1383 4865 de
1412 4792 1714 4861 Republica.
1742 4795 1877 4849 Plut.

431 4876 447 4940 (
457 4875 509 4928 bl
543 4863 691 4927 Unde
732 4882 778 4924 et
821 4878 1051 4940 ἄρκινι-ας
1100 4865 1273 4919 dicunt
1301 4863 1644 4940 principeset
1682 4867 1954 4938 magistra-

356 4936 456 5000 tus.
506 4944 617 4999 Iloc
662 4934 917 4997 adnotata
974 4940 1190 5009 dignum
1216 4976 1245 5009 ,_
1281 4934 1423 5009 quod
1499 4936 1585 5009 ubi
1652 4934 1824 5005 {traice
1870 4946 1950 4993 est

354 5023 597 5088 3,02ng
621 5028 758 5088 ~eam
791 5025 975 5066 vocem
1005 5006 1057 5088 in
1086 5007 1432 5088 translatiOue
1458 5006 1840 5088 scripturarum
1870 5024 1955 5088 re-

357 5075 528 5142 tin'i-re
555 5075 722 5139 soleat
749 5091 957 5146 auctor;
982 5080 1136 5134 sicuti
1162 5092 1323 5148 supra
1345 5076 1462 5131 adu.
1493 5075 1726 5143 Iudaeos,
1750 5094 1868 5148 cap.
1893 5079 1947 5146 9,

355 5169 410 5212 et
443 5157 598 5221 infra,
631 5157 720 5211 lib.
749 5154 837 5221 III,
869 5152 988 5206 adv.
1022 5150 1188 5205 Marc.
1217 5150 1356 5202 Nam
1386 5158 1430 5202 et
1459 5157 1689 5218 ἄρχοντας
1719 5150 1948 5220 (inquit,

354 5228 545 5283 Isaiam
577 5228 768 5293 citans,
812 5241 932 5295 cap.
962 5222 1006 5295 1)
1046 5220 1393 5295 §odorrtorurit
1417 5222 1640 5295 appellat
1678 5222 1951 5295 arcltontas

354 5310 563 5355 vestros.
613 5291 762 5352 Item'
787 5291 892 5350 lihf
925 5291 996 5348 de'
1033 5291 1417 5349 Resurrectione
1460 5292 1651 5354 carnis,
1692 5309 1808 5361 cap.
1852 5293 1943 5361 ‘20,

353 5371 518 5424 alium
552 5371 724 5423 locum
753 5368 904 5421 Isaiae
937 5366 1021 5427 ΙΙΙ,
1072 5364 1168 5436 sic
1191 5363 1370 5436 vertit,
1412 5361 1688 5436 Venturum
1723 5364 1775 5418 in
1796 5364 1946 5436 judi-

351 5442 485 5495 cium
511 5457 625 5493 cum
665 5439 963 5510 presbyteris
984 5446 1029 5491 et
1058 5433 1385 5510 archontibus
1410 5434 1772 5510 populi._l_’au.

425 5513 498 5574 (cl
530 5505 1275 5576 Arclionlus‘vdicuntprincipes
1294 5516 1340 5559 et
1362 5506 1590 5577 magistr.
1620 5505 1737 5561 Non
1772 5506 1944 5577 potuit

354 5583 438 5638 vir
466 5581 801 5652 antiquitatis
832 5575 1033 5652 peritus
1072 5592 1179 5633 non
1221 5575 1467 5652 emittere
1494 5575 1595 5652 hoc
1622 5575 1842 5652 verbum
1873 5577 1942 5632 de

350 5646 759 5709 Atheniensium
806 5646 1103 5721 regimine;
1149 5646 1287 5717 apud
1348 5646 1446 5721 hos
1487 5648 1629 5702 enim
1679 5648 1941 5721 moriente

354 5725 534 5779 Codro
569 5725 806 5779 extincta
839 5717 919 5778 est
961 5736 1144 5790 regum
1172 5717 1442 5790 successio
1463 5759 1477 5782 ,
1511 5732 1703 5787 resque
1730 5717 1941 5787 publica

349 5796 637 5851 commissa
664 5792 762 5851 fuit
793 5789 1110 5867 praetoribus
1153 5789 1382 5860 primum
1414 5790 1684 5861 perpetuis
1709 5803 1803 5846 seu
1829 5804 1944 5845 rna-

2054 4583 2365 4653 gistratibus
2407 4583 2496 4653 qui
2537 4581 2822 4638 archontes
2851 4581 3107 4653 appellati
3134 4589 3260 4637 sunt
3304 4596 3532 4638 numero
3564 4584 3665 4640 l5.

2054 4650 2231 4711 Creati
2260 4650 2444 4725 postea
2489 4653 2810 4710 decennales
2836 4650 3043 4725 septem
3070 4696 3085 4717 ,
3133 4669 3197 4709 ac
3238 4652 3454 4708 demum
3486 4659 3664 4711 animi

2054 4724 2327 4781 constituti
2356 4736 2500 4780 sunt.
2534 4726 2744 4781 Primus
2768 4726 2966 4779 archon
3009 4724 3107 4779 fuit
3139 4725 3348 4787 Medon,
3380 4733 3436 4778 ut
3463 4738 3662 4782 narrat

2056 4796 2348 4852 Pausanias
2375 4798 2427 4852 in
2458 4796 2726 4860 Achaicis,
2755 4798 2845 4866 qui
2874 4812 2995 4851 cum
3025 4795 3160 4867 pede
3186 4796 3355 4851 altero
3386 4808 3531 4850 esset
3557 4798 3664 4851 de-

2057 4867 2198 4932 bilis,
2227 4868 2390 4923 frater
2416 4869 2535 4935 eius
2561 4867 2757 4923 Neleus
2782 4868 3080 4939 principem
3115 4869 3263 4923 illum
3285 4868 3454 4939 creari
3484 4868 3665 4923 Athe-

2059 4939 2140 4993 nis
2167 4956 2272 4994 non
2302 4953 2459 5009 posse
2485 4939 2758 4997 sustinuit.
2788 4939 2942 5006 Quod
2965 4938 3086 4994 eum
3124 4939 3190 4992 ad
3223 4938 3524 5009 Apollinem
3555 4939 3661 4993 de-

2057 5010 2220 5064 latum
2240 5008 2401 5070 csSct,
2421 5010 2714 5066 secundum
2736 5009 3035 5064 Medonteui
3051 5010 3433 5078 pronuntiavit.
3452 5008 3528 5063 LE
3555 5011 3657 5067 Pu.

2127 5080 2493 5137 CAP.XX.-——
2509 5080 2587 5151 (d)
2615 5079 2678 5135 In
2695 5081 2944 5151 principio
2958 5091 3065 5134 erat
3095 5090 3403 5151 sermo,_etc.
3432 5079 3549 5149 Non
3565 5097 3663 5135 so-

2056 5152 2164 5224 l_um
2179 5153 2381 5208 auctori
2398 5149 2536 5208 istud
2555 5149 2609 5208 et
2630 5149 2976 5224 B.Cypriauo
3004 5152 3253 5206 usitatum
3282 5149 3396 5224 fuit,
3419 5160 3661 5224 utsermo

2054 5222 2150 5277 Dei
2177 5226 2523 5293 potiusquam
2548 5222 2768 5278 verbum
2802 5223 2892 5277 Dei
2931 5223 3292 5293 appellaretur
3323 5222 3482 5275 filius.
3516 5223 3659 5293 llinc

2052 5292 2189 5348 illud
2209 5294 2363 5364 hujus
2393 5295 2484 5350 lib.
2506 5294 2547 5348 Il
2569 5293 2866 5348 Tcstimon.
2890 5294 3132 5347 adversus
3158 5292 3311 5357 Jud.,
3339 5308 3389 5347 c.
3418 5296 3480 5349 ’ὃς
3503 5292 3660 5358 Quod

2051 5364 2282 5419 Christus
2321 5366 2453 5420 idem
2487 5367 2553 5420 sit
2594 5381 2759 5421 sermo
2803 5364 2918 5431 Dei,
2956 5365 3044 5419 ubi
3088 5364 3140 5419 id
3166 5364 3357 5435 probat
3391 5378 3455 5418 ex
3484 5365 3655 5419 variis

2048 5435 2351 5502 scripturis.
2385 5436 2519 5491 ΙἈιι.

2115 5505 2267 5562 CAP.
2296 5506 2437 5563 XXI.
2465 5536 2538 5547 —
2564 5505 2643 5577 (e)
2678 5506 2756 5562 Ne
2776 5506 2973 5563 diversa
2994 5523 3134 5576 pars.
3168 5504 3363 5574 Supra,
3411 5504 3564 5562 Unde
3602 5517 3654 5561 et

2044 5577 2243 5632 diversa
2259 5595 2376 5641 pars
2389 5579 2702 5644 suspiciones
2728 5595 2848 5632 suas
2876 5578 3054 5646 ﬁdeire
3081 5586 3310 5631 conatur.
3347 5578 3463 5632 lito.

2120 5649 2181 5719 (f)
2219 5647 2285 5703 Et
2316 5665 2414 5703 non
2437 5649 2751 5718 periclitatur
2779 5666 2841 5703 ne
2869 5666 2932 5704 ea:
2954 5649 3146 5717 aliqua,
3181 5657 3285 5701 etc.
3323 5649 3467 5701 llanc
3490 5647 3653 5719 locu-

2045 5718 2243 5775 tionem
2268 5735 2362 5791 per
2392 5720 2610 5775 verbum
2635 5720 2891 5791 periclitor
2909 5721 3069 5775 etiam
3091 5719 3217 5772 alibi
3251 5730 3494 5789 usurpat,
3522 5718 3617 5772 imi
3635 5750 3652 5763 ο

2045 5791 2245 5849 tatiouc
2291 5789 2736 5865 Graecorum,'qui
2779 5792 2948 5850 verbo
2984 5794 3231 5846 κινδυνούω
3272 5794 3351 5846 sic
3395 5798 3642 5845 utuntur.
