4008 6280
276 335 387 393 217

1398 338 1601 396 LIBER
1657 337 2019 398 ADVERSUS
2057 336 2561 401 IIERMOGENEII.

3491 343 3599 403 2I8

276 454 347 507 sit
371 452 608 509 factum.
645 451 743 519 Ita,
785 451 828 509 si
866 466 929 509 ex
972 452 1135 509 nihilo
1163 452 1526 511 Deus’cuncta
1564 453 1755 511 fecisse
1780 471 1887 512 non
1916 467 1967 527 Α
1996 456 2100 515 huc
2147 468 2263 516 erat
2334 460 2526 517 factum
2552 502 2566 528 ,
2627 474 2694 516 ex
2727 473 2841 537 quo
2862 467 3113 531 operatus
3157 458 3449 517 videretur.
3494 459 3598 517 Ita-

280 548 485 618 pmuit.
519 548 627 602 etsi
657 549 738 619 (I)
766 546 1032 617 Scriptura
1063 562 1168 602 non
1192 548 1474 619 adjecisset
1505 549 1649 604 illum
1662 563 1728 605 ex
1752 550 1894 605 nihi-

277 640 329 695 lo
359 639 567 696 fecisse
601 640 679 712 (II
710 639 884 694 Maeli.
915 639 1022 706 VII,
1053 638 1189 712 28);
1218 656 1284 696 ex
1303 640 1524 696 materia
1553 656 1674 696 eum
1706 640 1897 698 fecisse

277 731 429 786 omni
468 732 638 786 modo
664 731 847 787 debuit
885 731 1137 800 edixisse,
1183 732 1227 787 si
1270 744 1324 789 et
1371 748 1435 790 ex
1466 732 1544 805 (2)
1571 735 1792 790 materia
1819 733 1898 791 fe-

278 824 476 890 cisset,
512 825 640 894 quia
674 824 802 880 illud
833 824 883 879 in
917 834 1080 880 totum
1123 825 1353 882 habebat
1381 826 1641 899 intelligi,
1662 830 1764 886 etsi
1790 844 1897 885 non

277 918 693 990 signiﬁcaretur
724 937 737 974 :
784 928 840 975 at
890 920 1030 976 istud
1060 922 1110 975 in
1133 922 1317 987 dubio,
1347 923 1449 979 nisi
1479 924 1889 996 signiﬁcaretur.

891 1013 1120 1071 CAPUT
1158 1014 1326 1072 χχιι.
1365 1089 1371 1094 δ
1757 1023 1763 1028 ·

352 1108 543 1177 Atque
587 1106 727 1161 adeo
767 1105 999 1177 Spiritus
1046 1109 1277 1164 Sanctus
1307 1108 1446 1165 hanc
1471 1109 1760 1181 Scriptum
1786 1125 1898 1169 suae

278 1201 554 1255 rationem
612 1202 909 1266 constituit,
961 1211 1018 1256 ut
1066 1217 1188 1257 cum
1236 1202 1364 1274 quid
1394 1218 1462 1259 ex
1507 1204 1687 1275 aliquo
1726 1204 1814 1271 sit,
1844 1213 1899 1261 et

278 1292 424 1346 unde
452 1292 528 1346 sit
554 1290 775 1348 referat.
807 1292 883 1365 (a)
917 1292 1143 1348 Fruticet
1168 1294 1271 1365 (5),
1299 1295 1499 1367 inquit,
1531 1303 1665 1350 terra
1691 1296 1898 1351 herbam

275 1383 425 1455 freni,
457 1387 796 1440 seminantem
820 1401 987 1440 semen
1012 1387 1290 1441 secundum
1335 1403 1511 1458 genus,
1536 1396 1585 1442 et
1620 1387 1898 1443 secundant

274 1477 695 1541 similitudinem,
723 1487 769 1532 et
812 1477 1006 1548 lignum
1050 1480 1366 1549 fructuosum
1410 1479 1602 1549 faciens
1651 1479 1894 1549 fructum,

256 1558 429 1639 cujus
450 1584 635 1623 semen
664 1567 718 1622 in
741 1570 852 1635 ipso
875 1571 929 1623 in
969 1570 1373 1625 similitudinem.
1406 1570 1470 1624 Et
1491 1570 1684 1641 factum
1709 1573 1894 1633 estsic.

278 1658 344 1713 Et
371 1660 629 1729 produxit
656 1668 789 1713 terra
814 1662 1020 1715 herbam
1040 1663 1163 1733 [mni
1186 1663 1512 1717 seminantem
1533 1679 1700 1718 semen
1721 1681 1900 1719 secun-

275 1753 401 1807 dum
433 1744 624 1823 gentle,
669 1762 717 1807 et
741 1755 933 1826 lignum
966 1757 1280 1826 fructuosum
1309 1755 1501 1827 faciens
1533 1759 1774 1829 fructum,
1808 1772 1897 1811 ett-

263 1845 359 1915 jus
380 1862 561 1900 semen
598 1846 654 1899 in
678 1847 789 1916 ipso
814 1848 867 1900 in
894 1846 1296 1901 similitudinem.
1326 1846 1393 1902 Et
1424 1851 1643 1903 rursus:
1668 1846 1737 1901 Et
1765 1847 1897 1903 dixit

2000 566 2104 623 que
2172 553 2311 608 sicut
2386 568 2448 609 ea
2526 568 2649 624 qum
2714 554 2783 610 de
2829 553 3049 626 [aliquo
3138 554 3342 625 prolata
3428 563 3601 625 sunt,

2000 644 2236 701 ostendit
2290 644 2434 701 unde
2497 646 2699 716 prolata
2754 645 2863 702 sint
2906 664 2920 701 :
2975 647 3046 703 ita
3095 662 3215 718 quae
3263 662 3368 703 non
3416 657 3601 704 osten-

1999 736 2079 793 dit
2121 737 2259 792 unde
2303 738 2507 808 prolata
2552 739 2682 806 sint,
2732 754 2799 795 ex
2839 739 3009 795 nihilo
3046 740 3252 810 prolata
3295 733 3598 797 conﬁrmat.

2002 827 2165 901 Igitur
2183 830 2235 883 in
2263 831 2514 902 principio
2534 828 2674 886 Deus
2697 832 2815 903 fecit
2847 831 3028 886 coelum
3040 839 3089 885 et
3118 840 3324 890 terram.
3353 829 3432 904 (ιι)
3462 831 3601 886 Ado-

1999 936 2062 977 ro
2083 921 2373 993 Scriptura:
2403 921 2810 993 plenitudinem,
2842 938 2944 995 qua
2972 921 3050 995 (6)
3082 922 3210 978 mihi
3241 932 3298 979 et
3342 922 3600 981 factorem

2001 1015 2306 1072 manifestat
2328 1025 2382 1072 et
2422 1019 2577 1074 facta.
2607 1016 2665 1073 In
2694 1018 2983 1088 Evangelia
3008 1033 3139 1074 vero
3163 1018 3394 1089 amplius
3416 1028 3470 1073 et
3496 1018 3600 1073 mi-

2001 1107 2228 1163 nistrum
2269 1118 2428 1179 atque
2458 1108 2530 1181 (e)
2560 1109 2822 1164 arbitrum
2871 1109 3098 1165 rectoris
3137 1109 3351 1165 invenio
3389 1123 3600 1165 sermo-

2000 1215 2146 1256 nem.
2178 1202 2260 1256 An
2303 1210 2481 1256 autem
2532 1201 2601 1257 de
2647 1202 2825 1272 aliqua
2869 1202 3165 1272 subjacenti
3208 1203 3430 1257 materia
3462 1201 3601 1258 facta

1999 1294 2109 1349 sint
2147 1294 2345 1360 omnia,
2386 1308 2645 1365 nusquam
2686 1293 2862 1350 adhuc
2901 1294 3026 1365 legi.
3057 1292 3326 1365 Scriptum
3355 1308 3474 1349 esse
3503 1293 3601 1348 do-

1999 1394 2118 1442 ceat
2147 1372 2497 1457 Hermogenis
2539 1385 2771 1441 officina.
2813 1385 2871 1442 Si
2921 1401 3026 1441 non
3074 1394 3158 1441 est
3201 1385 3497 1456 scriptum,
3528 1385 3598 1440 ti-

2001 1488 2143 1535 meat
2177 1477 2248 1552 (Γ)
2286 1494 2368 1534 vae
2413 1479 2542 1534 illud
2573 1521 2588 1548 ,
2639 1479 3012 1550 adjicientibus
3058 1486 3149 1535 aut
3193 1477 3599 1537 detrahentihus

1999 1569 2325 1627 destinatum
2367 1568 2551 1644 (Apoc.
2579 1569 2746 1637 XXII,
2779 1570 2866 1638 I8,
2897 1569 3013 1644 I9).

2469 1689 2474 1692 ·
2577 1664 2806 1722 CAPUT
2835 1664 3026 1721 XXIII.

2070 1755 2175 1812 Sed
2235 1772 2301 1813 ex
2361 1757 2712 1826 sequentibus
2785 1767 3216 1829 argumentatur,
3277 1758 3397 1831 quia
3467 1757 3593 1814 scri-

1998 1856 2149 1920 pttuu
2201 1849 2271 1904 sit
2323 1866 2336 1903 :
2399 1848 2558 1904 Terra
2611 1858 2781 1905 autent
2808 1862 2946 1921 ;erat
3003 1851 3267 1907 invisibilis
3322 1860 3369 1906 et
3407 1851 3599 1906 incom-

274 1937 416 1993 Deus
443 1953 463 1992 :
492 1936 572 2009 (b)
610 1937 1069 2010 Producantaquaa
1086 1940 1314 2010 repentia
1339 1939 1886 2005 mtimarnntvivarum,
1918 1935 1966 1994 B
1992 1944 2178 2014 posita.
2207 1941 2284 2018 (g)
2348 1942 2480 1998 Nam
2551 1953 2607 1999 et
2670 1953 2818 1999 terra:
2859 1944 2962 2018 {(7)
3020 1960 3214 2001 uouteu
3279 1944 3472 2015 redigit
3542 1945 3595 2000 iu

272 2040 320 2086 et
339 2032 586 2086 volatilia
612 2031 835 2086 uolantia
856 2048 1008 2102 super
1033 2043 1219 2087 terram
1249 2049 1338 2103 per
1360 2033 1732 2102 ﬁrmamentum
1753 2034 1891 2089 caeli.

272 2122 343 2177 Et
371 2126 576 2195 factum
604 2124 785 2177 estsic.
816 2122 883 2177 Et
904 2124 1020 2195 fecit
1047 2123 1184 2179 Deus
1202 2133 1336 2180 cetos
1364 2141 1594 2196 magnas,
1618 2135 1666 2180 et
1691 2141 1889 2183 onmem

271 2219 507 2271 animam
531 2216 839 2272 animalium
878 2220 1159 2287 repentimn
1180 2259 1192 2281 ,
1223 2234 1337 2289 qua:
1371 2219 1718 2285 produxerunt
1747 2235 1893 2289 aqua:

271 2312 562 2367 secundum
618 2327 775 2382 genus
818 2311 1062 2382 ipsorum.
1116 2312 1247 2367 Item
1301 2319 1421 2380 post
1466 2310 1617 2367 haec:
1651 2310 1717 2365 Et
1761 2311 1893 2366 dixit

271 2402 417 2458 Deus
441 2420 462 2457 :
485 2402 754 2457 Praducat
797 2412 930 2456 terra
969 2404 1193 2457 animum
1218 2403 1461 2457 viventem
1497 2404 1772 2458 secundant
1805 2419 1894 2474 ge-

272 2513 393 2560 nus,
438 2495 806 2567 qttadrttpedia
846 2506 892 2550 et
931 2497 1176 2568 repentia,
1206 2506 1254 2551 et
1282 2496 1465 2552 bestias
1506 2505 1684 2561 terrw,
1711 2513 1892 2551 secun-

273 2589 395 2641 dum
426 2603 601 2657 genus
657 2588 881 2656 ipsorum
912 2587 1143 2660 (Genes.,
1179 2605 1292 2659 cap.
1331 2588 1368 2657 Ι,
1400 2605 1449 2643 υ.
1507 2589 1569 2644 II
1609 2597 1657 2644 et
1700 2590 1887 2661 seqq.).

273 2679 325 2736 Si
357 2695 493 2751 ergo
523 2695 598 2736 ex
614 2679 724 2749 jam
757 2678 908 2735 factis
938 2681 1121 2744 rebus,
1150 2681 1282 2737 alias
1306 2696 1393 2737 res
1420 2682 1561 2737 Deus
1588 2681 1888 2752 proferens,

274 2775 515 2828 ostendit
550 2787 652 2841 per
674 2771 1008 2841 prophetam,
1046 2783 1099 2828 et
1129 2773 1260 2829 dicit
1285 2773 1409 2845 quid
1435 2772 1579 2829 unde
1613 2773 1891 2843 protulerit

278 2867 637 2938 (quamquam
663 2866 928 2935 possimus
981 2867 1120 2923 unde
1178 2866 1256 2941 (ί)
1312 2867 1431 2923 illas
1475 2867 1709 2938 prolatas
1737 2868 1887 2923 msti-

275 2976 421 3016 mare
456 2959 571 3032 (Si),
621 2958 749 3013 dum
780 2974 846 3014 ne
882 2973 950 3014 ex
986 2959 1182 3027 nihilo;
1211 2960 1320 3029 jam
1367 2959 1508 3016 enim
1556 2960 1691 3014 facta
1737 2967 1892 3016 erant

273 3052 549 3122 quredam,
577 3066 644 3106 ex
683 3051 873 3120 quibus
915 3053 1136 3122 prolatae
1188 3052 1356 3108 videri
1383 3053 1664 3124 possent):
1692 3053 1736 3108 si
1769 3062 1891 3108 tan-

275 3151 381 3197 tam
428 3158 623 3203 curam
672 3142 1034 3201 instructiouis
1079 3152 1274 3197 nostra:
1326 3144 1609 3214 insumpsit
1658 3143 1890 3215 Spiritus
1929 3155 1961 3180 '

272 3246 518 3300 sanctus,
571 3243 632 3290 ut
668 3236 927 3290 sciremus
953 3236 1079 3306 quid
1126 3237 1268 3293 unde
1317 3238 1659 3307 processerit,
1711 3253 1890 3294 nonue

1996 2036 2273 2093 materiam
2306 2034 2408 2109 (8),
2440 2036 2563 2107 quia
2590 2046 2729 2093 terra
2755 2037 2825 2092 sit
2854 2053 2974 2108 qua:
3003 2036 3137 2092 facta
3164 2045 3247 2093 est
3275 2053 3341 2091 ex
3386 2036 3495 2092 illa.
3529 2034 3598 2091 Et

1994 2139 2103 2185 erat
2154 2129 2205 2184 in
2239 2130 2340 2184 hoc
2383 2129 2581 2201 dirigit.
2608 2128 2774 2200 'quasi
2823 2145 2942 2200 quae
2990 2144 3206 2201 semper
3250 2140 3396 2186 retro
3441 2129 3599 2185 fuerit

1995 2222 2176 2277 innata
2205 2229 2259 2276 et
2281 2220 2495 2276 infecta.
2529 2220 2609 2294 (Ii)
2634 2219 2919 2277 Invisibilis
2963 2231 3157 2288 autem
3186 2231 3241 2277 et
3271 2221 3438 2288 rudis,
3474 2222 3597 2291 quia

1993 2313 2281 2370 informem
2304 2321 2358 2369 et
2381 2311 2658 2369 confusam
2684 2322 2739 2368 et
2768 2312 3091 2368 inconditam
3133 2313 3245 2367 vult
3283 2313 3452 2368 fuisse
3480 2328 3597 2367 ma-

1996 2406 2204 2462 teriam.
2229 2403 2337 2460 Iias
2357 2404 2573 2475 quidem
2603 2404 2882 2476 opiniones
2911 2403 3027 2475 ejus
3056 2403 3364 2474 singillatim
3400 2402 3478 2476 (9)
3511 2418 3599 2459 re-

1995 2498 2225 2564 vincam,
2267 2496 2362 2553 sed
2418 2497 2630 2552 interim
2687 2497 2809 2552 volo
2861 2497 2940 2552 sic
2982 2496 3030 2552 ci
3064 2496 3416 2566 respondere.
3440 2496 3600 2550 Puta-

1993 2606 2112 2646 mus
2137 2589 2254 2663 (l0)
2307 2589 2388 2645 his
2418 2589 2658 2645 articulis
2688 2588 2964 2645 materiam
3006 2589 3383 2645 demonstrari.
3435 2588 3599 2643 Num-

1993 2683 2118 2757 quid
2150 2694 2348 2748 tamen,
2379 2682 2504 2754 quia
2525 2691 2641 2738 erat
2666 2690 2790 2738 ante
2812 2681 3013 2750 omnia,
3041 2690 3096 2736 et
3120 2682 3225 2736 tale
3251 2679 3448 2752 aliquid
3476 2694 3598 2737 esse

1993 2793 2057 2833 ex
2079 2793 2139 2832 ea
2164 2776 2361 2832 factum
2386 2774 2659 2846 Scriptura
2689 2774 2976 2846 significat?
3004 2775 3198 2845 Atquin
3220 2774 3350 2830 nihil
3383 2773 3489 2829 tale
3518 2773 3595 2828 si-

1991 2870 2228 2941 gniﬁcat.
2256 2869 2441 2925 Fuerit
2480 2869 2606 2924 licet
2638 2869 2880 2934 materia,
2916 2876 3171 2938 quantum
3199 2867 3299 2922 sibi
3329 2867 3472 2934 licet,
3506 2864 3595 2920 vel

1994 2964 2171 3035 potius
2209 2960 2534 3032 Ilermogcni
2566 2979 2581 3012 :
2614 2960 2787 3031 potuit
2832 2969 2888 3016 et
2923 2958 3087 3014 fuisse
3108 3002 3123 3025 ,
3155 2967 3209 3014 et
3235 2968 3412 3014 tamen
3460 2955 3596 3012 nihil

1995 3056 2135 3113 Deus
2160 3071 2225 3109 ex
2253 3054 2342 3109 illa
2368 3053 2584 3119 fecisse,
2614 3052 2700 3108 vel
2734 3051 2857 3122 quia
2885 3067 2990 3106 non
3020 3051 3247 3107 decebat
3272 3049 3452 3104 ‘Dcum
3489 3048 3593 3103 ali-

1993 3148 2146 3217 cujus
2169 3148 2400 3218 eguisse.
2425 3154 2572 3201 certe
2598 3145 2720 3217 quia
2750 3159 2851 3200 nec
2887 3142 3190 3200 ostenditur
3217 3141 3498 3213 quicquam
3527 3155 3593 3194 ex

1994 3244 2214 3300 materia
2251 3240 2458 3297 Iecisse.
2487 3238 2617 3295 Siue
2655 3252 2843 3294 caussa
2884 3252 3013 3309 ergo
3056 3244 3219 3305 esset,
3250 3234 3446 3306 inquis.
3476 3230 3619 3288 Nou-

273 3329 505 3397 proinde
534 3343 637 3383 nos
666 3336 719 3382 et
751 3325 820 3399 (ε)
853 3327 919 3382 de
946 3328 1086 3384 coelo
1126 3337 1180 3384 et
1209 3327 1275 3383 de
1305 3337 1445 3384 terra
1459 3338 1737 3400 compotes
1758 3329 1884 3385 ι’εά-
1915 3331 1959 3394 C
1996 3337 2152 3407 plane
2196 3333 2333 3390 adeo
2376 3334 2494 3388 sine
2537 3345 2749 3387 caussa.
2777 3329 2910 3385 Nam
2961 3329 3061 3384 etsi
3090 3327 3321 3384 mundus
3360 3342 3466 3382 non
3512 3335 3596 3383 est

271 3420 523 3491 didisset,
575 3420 926 3491 significando
956 3422 1096 3477 unde
1149 3438 1212 3477 ea
1260 3430 1406 3479 esset
1444 3431 1716 3492 operatus,
1742 3422 1786 3477 si
1816 3422 1885 3479 de

272 3515 450 3586 aliqua
472 3515 707 3570 materia
736 3515 884 3582 origo
913 3523 1184 3570 constaret
1212 3512 1467 3569 illorum?
1498 3523 1555 3569 ut
1584 3522 1732 3570 tanto
1766 3529 1884 3569 ma-

271 3609 351 3680 gis
378 3624 446 3665 ex
475 3607 656 3664 nihilo
680 3620 745 3663 ea
772 3605 1042 3663 videretur
1082 3615 1354 3679 operatus,
1387 3616 1591 3678 quanto
1631 3604 1764 3661 nihil
1794 3605 1890 3661 ad-

1989 3428 2162 3487 factus
2209 3444 2274 3485 ex
2324 3427 2432 3493 illa,
2482 3426 2577 3483 sed
2631 3425 2850 3481 lueresis
2904 3423 3040 3479 facta
3085 3432 3204 3487 est,
3257 3431 3312 3477 et
3366 3420 3585 3491 quidem

1992 3526 2094 3582 hoc
2122 3521 2480 3594 impudentior
2503 3562 2519 3588 ,
2549 3518 2691 3593 quod
2725 3534 2828 3574 non
2857 3533 2924 3574 ex
2950 3516 3173 3572 materia
3205 3515 3340 3571 facta
3366 3523 3448 3571 est
3474 3513 3591 3570 Itm-
3637 3548 3641 3552 -

1993 3621 2145 3685 resis,
2171 3617 2269 3674 sed
2300 3616 2576 3674 materiam
2599 3615 2770 3687 ipsam
2797 3612 2973 3686 potius
2999 3608 3222 3668 haeresis
3247 3607 3393 3665 fecit.

1511 3738 1892 3824 LECTIONES
1929 3732 2346 3797 VARIAN'I‘ES.

337 3879 413 3943 (l)
440 3877 555 3929 Etsi
577 3877 715 3928 deest
735 3872 874 3927 Seml.
899 3875 1097 3928 Obertlt.

337 3942 408 3990 ΓΞ)
430 3941 581 3990 Licet
606 3954 669 3988 ex
691 3938 831 3988 Seml.
857 3938 1052 3990 Obertlt.

355 3999 408 4053 '5)
438 4000 733 4052 Fructilicet
752 4000 903 4052 Seml.
927 3999 1123 4053 Oberth.

336 4062 409 4133 ζ
434 4064 598 4133 ρηςιεξ⁸
613 4063 745 4113 unde
770 4062 868 4133 Rig.
897 4074 1075 4133 "map.

356 4126 409 4192 ὅ)
433 4126 741 4179 Existimare
765 4126 871 4191 Rig.
896 4138 923 4177 e
947 4128 1056 4178 cod.
1084 4126 1279 4178 Divion.

2081 3872 2131 3934 6)
2158 3872 2276 3933 Quae
2294 3883 2457 3921 omnes
2478 3864 2584 3934 alii,
2610 3873 2727 3920 teste
2749 3868 2871 3934 ξζἰιιι.

2085 3930 2135 3997 7)
2155 3930 2217 3985 Et
2239 3935 2290 3997 in
2309 3940 2457 3997 terra:
2477 3932 2624 3981 RIten.
2650 3930 2865 3997 conjicit.

2085 3991 2136 4065 ξ)
2160 3998 2219 4065 [ιι
2244 3995 2378 4065 eses!
2400 3995 2550 4065 Frm-
2576 3991 2870 4060 Parisim'g-

2085 4001 2115 4047 8
2168 4001 2219 4047 ln
2244 4001 2378 4046 deest
2400 4001 2533 4045 Fran

2062 4001 2136 4121 I9;
2156 4058 2414 4120 Sigillatim
2433 4054 2533 4107 alii.

2064 4115 2167 4188 (Iit)
2191 4115 2431 4173 Putemus
2452 4115 2648 4186 conjicit
2664 4125 2779 4169 Jun.

1644 4227 2205 4288 COMMENTARIUS.

270 4348 389 4406 Non
415 4347 781 4422 periclitatur,
809 4345 913 4403 hoc
960 4354 1044 4403 est
1060 4346 1278 4427 .abest,
1309 4360 1437 4471 ιιοιπίἶ
1462 4350 1545 4400 est
1573 4343 1886 4415 periculum.

1445 4432 1572 4471 nea.

1445 4432 1572 4471 “EN.

348 4492 513 4549 CAP.
539 4489 714 4562 XXII.
744 4487 905 4562 —(a)
937 4488 1373 4562 Friuticetjnquit.
1394 4496 1529 4562 terra
1544 4486 1885 4562 herbam,ete.

270 4563 361 4620 Sic
382 4565 585 4618 iterum
605 4557 953 4630 legimustum
970 4561 1073 4623 hic,
1093 4570 1202 4614 tum
1224 4560 1355 4614 inira
1371 4574 1420 4630 e.
1436 4559 1528 4624 29,
1552 4573 1616 4613 ex
1638 4557 1887 4630 adomni-

270 4635 417 4691 tionc
433 4634 509 4690 La
517 4629 768 4702 tinii,’pro
781 4647 845 4686 eo
857 4631 995 4702 quod
1010 4632 1303 4686 Rhenanus
1315 4629 1683 4689 substituerat.
1700 4629 1885 4700 fructi-

271 4708 410 4773 ᾕρει,
442 4705 613 4774 idque
639 4719 707 4758 eo
732 4705 917 4773 magis,
936 4703 1076 4773 quod
1093 4717 1191 4756 vox
1207 4716 1381 4774 grarca
1408 4706 1735 4774 ﬁltca‘fqdé'ﬂ»
1762 4715 1880 4770 ger—
1904 4702 1959 4762 D

272 4770 484 4832 minare
511 4770 566 4830 et
593 4770 875 4830 fructicare
896 4770 1180 4843 signiticet,
1205 4787 1309 4827 non
1356 4770 1687 4843 fructiﬁcare
1702 4813 1716 4833 .
1750 4785 1885 4843 quo-

273 4847 439 4902 modo
491 4847 659 4921 etiam
716 4860 873 4900 voces
914 4840 1157 4921 __§ehr:ea
1226 4851 1280 4899 et
1344 4840 1604 4898 chaldara.
1659 4840 1881 4921 Rectius

270 4928 455 4973 autem
488 4917 658 4971 vertit
693 4927 878 4970 auctor
906 4912 1100 4988 lignum
1127 4918 1442 4988 fructuosum
1458 4954 1494 4988 ε,
1505 4927 1713 4988 proco
1737 4912 1882 4983 quod

270 5004 452 5058 graece
492 4995 581 5043 est
624 4994 862 5059 κρρτιμρν
895 5028 909 5055 ,
945 4982 1135 5059 'qqam'
1168 4986 1364 5041 latinus
1409 4982 1554 5040 LXX
1615 4982 1881 5055 interpres

273 5061 615 5133 pomifegtm.
646 5058 785 5112 pAll.
1017 5126 1027 5129 _

347 5125 433 5256 (ιιι)
466 5127 769 5184 Producant
812 5144 958 5200 aqua:
1001 5126 1249 5199 repentia.
1302 5125 1509 5181 Putavit
1555 5127 1672 5181 sine
1713 5125 1880 5180 dubio

347 5220 361 5239 ι
385 5202 473 5256 ius
500 5199 654 5256 reddi
706 5202 1130 5256 reneutiatpmé.
1156 5213 1314 5256 quam
1354 5197 1586 5256 rentilia.
1618 5206 1677 5251 ut
1704 5196 1874 5252 codex

271 5196 473 5258 melius
500 5199 654 5256 reddi
706 5196 1130 5272 repetitiatpué-ré.
1156 5213 1314 5270 quam
1354 5197 1588 5272 reptilia,
1618 5196 1874 5272 ut_c0t_lex

242 5274 553 5351 irrigatus,
575 5266 898 5351 quamquam
926 5266 1116 5351 melius
1143 5266 1386 5351 putarem
1402 5268 1646 5351 Ieptilia.
1671 5266 1746 5322 LE
1775 5268 1872 5351 Pa.

345 5339 425 5417 (ἒ)
455 5339 684 5417 ρροὼιο
707 5349 754 5395 et
778 5341 842 5396 de
873 5339 1163 5417 terra,_etc.
1195 5340 1250 5396 Id
1291 5349 1375 5417 est
1401 5339 1630 5417 Spiritus
1651 5348 1877 5417 sanctus

270 5409 367 5486 qui
387 5409 520 5471 coli
544 5424 743 5486 arcana
769 5426 867 5467 nos
888 5412 1136 5486 docebat,
1163 5410 1544 5486 monuissctde
1567 5409 1692 5486 mela
1716 5425 1875 5486 aquo

270 5479 361 5542 res
390 5492 597 5541 creata:
625 5479 868 5537 fuissent.
898 5482 1040 5539 Idem
1081 5497 1293 5553 quoque
1333 5481 1562 5552 Spiritus
1604 5479 1875 5553 docuisset

271 5556 340 5612 de
361 5564 505 5610 terra
531 5566 601 5612 es
626 5565 734 5622 qua
759 5563 1066 5610 crearentur
1093 5552 1109 5609 ἑ
1137 5554 1321 5622 sicque
1347 5568 1446 5608 nos
1469 5553 1537 5609 dc
1566 5552 1704 5608 ctelo
1729 5562 1781 5607 et
1805 5552 1875 5611 de

437 5631 729 5695 mmpotes
747 5622 1077 5695 reddidisset.
1109 5624 1185 5678 Le
1208 5624 1304 5679 Pa.

345 5694 433 5771 (ό)
648 5690 930 5761 Scriptum
954 5695 1333 5771 plenitudinem.
1361 5693 1774 5771 Venerationem
1784 5694 1874 5750 ali-

270 5762 435 5840 quam
460 5762 733 5840 tribuisse
770 5778 917 5819 sacro
954 5762 1144 5840 textui
1171 5776 1440 5822 auctorem
1474 5766 1635 5840 hunc,
1665 5765 1871 5840 nullum

270 5831 407 5913 puto
450 5836 575 5897 fore
623 5831 725 5907 qui
780 5844 948 5910 neget,
991 5836 1238 5911 quaedam
1280 5845 1459 5896 tamen
1506 5836 1767 5910 principia
1804 5837 1874 5896 de

176 5982 301 6133 -ιιῖ

1994 4356 2094 4398 suo
2120 4342 2172 4398 in
2201 4340 2517 4414 explicanda
2541 4338 2814 4412 Scriptura
2832 4338 2964 4411 jacit
2992 4352 3022 4394 a
3048 4337 3241 4411 quibus
3272 4336 3593 4465 favendum.

3323 4427 3354 4465 E
3429 4427 3484 4465 Β.

3275 4427 3318 4465 ι.
3390 4427 3484 4467 ιιι.

2065 4482 2144 4557 (e)
2171 4484 2429 4557 Arbitrum
2480 4482 2705 4557 rectoris
2741 4481 2954 4557 invenio
2989 4427 3597 4557 sermonem.‘EScriben-

1994 4551 2144 4621 dum,
2174 4565 2231 4610 ut
2256 4564 2337 4611 est
2362 4555 2414 4609 in
2443 4555 2629 4611 codice
2647 4552 2977 4621 Diviouensi,
3006 4551 3265 4606 Arbitrum
3284 4552 3497 4624 [actoris
3516 4557 3596 4611 in.

1993 4626 2135 4681 venio
2163 4643 2464 4684 sermonem.
2506 4627 2627 4683 Rm.

2057 4716 2124 4791 (f)
2164 4716 2250 4791 Va;
2275 4718 2406 4791 illud
2432 4717 2805 4791 adjicientibus,
2833 4723 2938 4772 etc.
2968 4713 3148 4791 Sacra:
3187 4715 3468 4791 scriptura:
3500 4719 3595 4776 ad-

1985 4785 2115 4846 dere
2164 4790 2247 4845 vel
2278 4785 2562 4845 detrahere
2594 4804 2798 4844 summa
2827 4797 2973 4843 esset
3015 4785 3257 4842 audacia.
3287 4787 3488 4844 Verum
3526 4792 3594 4846 il-

1986 4862 2088 4917 lius
2115 4861 2506 4929 interpretatio.
2533 4873 2637 4915 non
2664 4875 2731 4914 ex
2768 4859 3183 4929 homuncionum
3209 4860 3457 4925 cerebro,
3491 4864 3588 4917 sed

1985 4948 2056 4986 ex
2088 4931 2340 4988 Ecclesiae
2371 4930 2578 5001 placitis
2628 4940 2684 4986 et
2727 4928 2826 4985 SS.
2866 4929 3086 5001 Patrum
3135 4930 3594 5001 lucubrationibus

1987 5011 2193 5058 tantum
2218 4999 2452 5058 eruenda
2495 5011 2598 5058 est.
2631 5001 2786 5069 Quod
2839 5000 3055 5071 adjicio,
3107 5010 3164 5055 ut
3212 4999 3589 5071 haereticorum

1986 5074 2269 5145 protervia:
2321 5077 2510 5129 obvius
2558 5087 2856 5139 occurram,
2892 5070 3000 5145 qui
3051 5087 3115 5145 ex
3174 5071 3274 5124 hoc
3324 5070 3461 5145 ιοίξίι⁸
3490 5073 3587 5127 ali-

1985 5140 2112 5216 quid
2136 5160 2324 5201 eruere
2351 5148 2509 5216 pesse
2533 5145 2817 5201 crederent
2841 5142 2910 5198 ad
2941 5142 3243 5265 fatuitaturB
3262 5140 3581 5265 sutilisidium.

3248 5227 3278 5265 ις
3355 5226 3407 5264 n.

3248 5227 3278 5266 Ε
3313 5226 3407 5265 ιιιι.

2053 5305 2560 5379 CAP.XXIII.—(g)
2586 5305 2729 5361 Nam
2756 5313 2801 5379 et
2828 5312 2976 5379 terra:
3014 5319 3216 5379 nomen.
3244 5301 3480 5379 Propius
3500 5301 3587 5379 hic

1981 5378 2333 5449 Hermogenis
2362 5371 2602 5433 errorem
2631 5376 2816 5446 tangit,
2830 5373 2983 5441 cujus
3003 5374 3261 5449 originem
3274 5387 3347 5449 ex_
3363 5387 3429 5449 eo
3457 5371 3585 5449 fuis-_-

1978 5467 2038 5508 se
2060 5441 2236 5513 docet.
2258 5449 2402 5521 quod
2448 5464 2542 5519 per
2566 5441 2953 5504 terrw'nomeu
2990 5441 3275 5521 materfuit
3315 5441 3584 5512 designari

1977 5511 2244 5580 crederet».
2275 5511 2294 5521 ’
2448 5511 2463 5519 ’
2990 5514 3005 5525 ⁵
3055 5511 3133 5567 Le
3162 5512 3260 5566 Pa.

2049 5617 2132 5689 (li)
2149 5613 2420 5669 Invisibilis
2438 5620 2613 5689 autem
2638 5620 2684 5665 et
2700 5606 2873 5689 rudis._
2887 5602 3292 5689 Dixerattmodo,
3307 5604 3575 5689 infantiae:-

1975 5670 2094 5753 siti‘r,
2114 5670 2209 5757 pro
2234 5701 2299 5739 eo
2310 5683 2462 5757 quod
2474 5690 2556 5757 est
2578 5683 2638 5757 in
2655 5690 2830 5748 gneco
2845 5678 3280 5757 ἀματασκςέιηῖος,
3295 5672 3398 5757 hic
3418 5670 3565 5757 rudis

1925 5753 1931 5765 '
1974 5738 2201 5818 asiae.“
2222 5738 2280 5811 ut
2315 5738 2502 5810 Ovidio
2534 5750 2552 5805 ι
2584 5738 2928 5815 Μᾶαηιονριι.
2955 5771 3028 5783 -
3072 5741 3235 5797 Rudis
3288 5738 3569 5808 indigesta-

1972 5846 2069 5906 que
2091 5828 2267 5885 moles.
2290 5825 2368 5882 La
2405 5821 2502 5879 Ptt.
