4008 6280
326 302 437 362 919

898 419 1126 477 CAPUT
1164 419 1354 478 XXIV.

402 512 664 570 Revertor
698 526 838 568 nunc
861 512 928 567 ad
975 513 1215 584 singulos
1240 513 1512 577 articulos,
1539 528 1634 584 per
1667 528 1801 584 quos
1827 528 1927 583 pu-

329 608 463 664 tavit
501 607 850 679 significatam
879 622 1002 663 esse
1029 608 1331 663 materiam.
1371 609 1436 662 Et
1462 607 1636 677 primo
1662 607 1731 662 de
1757 607 1930 661 nomi-

329 699 485 756 nibus
519 699 890 769 expostulabo.
944 698 1141 755 Horum
1204 700 1346 755 enim
1403 700 1630 755 alterum
1680 699 1927 771 legimus,

327 791 470 862 quod
515 800 600 847 est
644 801 806 847 terra:
839 791 1108 847 :alterum
1147 807 1252 847 non
1298 792 1619 860 invenimus,
1661 792 1801 864 quod
1848 802 1931 848 est

329 883 589 940 materiae.
623 882 818 951 Quzcro
870 898 1018 954 ergo,
1059 897 1181 938 cum
1221 884 1459 939 materia:
1490 882 1782 939 nominatio
1824 897 1930 939 non

331 983 509 1032 θιιειθι
540 974 593 1030 in
620 974 919 1045 Scriptura,
943 974 1213 1044 quomodo
1234 975 1281 1030 ei
1310 975 1471 1031 etiam
1506 985 1661 1032 terrm
1690 976 1930 1047 appella-

332 1070 407 1125 tio
429 1068 865 1124 accommddetur
910 1068 962 1123 in
993 1069 1100 1123 alio
1135 1068 1246 1139 jam
1274 1084 1472 1140 genere
1500 1068 1809 1125 substantia:
1835 1085 1933 1124 no-

332 1161 429 1216 ta?
466 1160 583 1230 Quo
627 1161 795 1232 magis
834 1162 1073 1227 materia:
1108 1177 1320 1232 quoque
1365 1162 1657 1217 nominatio
1692 1163 1933 1220 extitisse

330 1250 605 1316 debuerat,
635 1259 922 1311 consecuta
968 1252 1129 1307 etiam
1178 1261 1336 1308 terra
1387 1253 1821 1323 appellationem,
1877 1262 1934 1311 ut

329 1345 525 1401 scirem
554 1354 749 1400 terram
773 1360 1059 1400 commune
1080 1360 1202 1401 cum
1229 1346 1449 1401 materia
1476 1360 1596 1403 esse
1623 1362 1839 1412 nomen,
1865 1363 1934 1405 ne

332 1436 461 1492 illud
499 1437 557 1494 ei
601 1437 701 1493 soli
753 1437 1067 1493 substantiae
1116 1438 1465 1503 vindicarem,
1505 1439 1656 1508 cujus
1700 1449 1755 1496 et
1796 1456 1936 1511 pro—

332 1528 529 1598 prium,
562 1529 744 1604 inqua
775 1531 942 1601 magis
973 1539 1154 1584 notum
1181 1538 1264 1585 est
1310 1528 1418 1603 (l),
1466 1531 1548 1586 vel
1598 1546 1666 1587 ne
1712 1532 1834 1588 illud
1881 1533 1933 1589 in

332 1636 726 1692 quamcumque
755 1621 913 1676 aliam
942 1622 1198 1692 speciem,
1233 1637 1329 1678 nec
1364 1623 1546 1693 utique
1570 1624 1717 1679 omni
1763 1633 1934 1679 matc-

335 1714 430 1769 ria:
461 1714 861 1769 communicare
896 1729 1142 1784 possem,
1169 1714 1216 1769 si
1247 1714 1459 1770 vellent.
1495 1714 1627 1769 Cum
1657 1716 1798 1770 enim
1828 1730 1934 1770 non

1754 299 2219 360 TERTULLIANI
2426 358 2432 369 ,
3172 371 3179 375 ›

1958 420 2009 480 Λ
2037 434 2095 478 se
2130 438 2143 475 :
2178 421 2314 477 hanc
2339 435 2469 478 vero
2510 429 2746 479 nostram
2775 420 3002 493 proinde
3041 430 3097 478 et
3141 421 3389 488 formam,
3414 430 3470 479 et
3495 419 3636 478 ’con-

3528 302 3640 361 220

2032 522 2273 582 spectum
2294 551 2309 578 ,
2338 522 2390 569 et
2431 514 2668 580 cultum,
2700 529 2729 569 a
2770 514 2883 570 Deo
2910 520 3274 571 consecutam.
3306 513 3463 569 Aliud
3502 528 3636 585 ergo

2034 604 2225 660 factam
2272 621 2430 677 quam
2474 616 2589 663 erat
2632 621 2696 665 ea
2726 621 2791 663 ex
2836 620 2940 678 qua
2984 605 3120 663 facta
3147 614 3250 664 est.
3285 606 3451 665 Porro
3491 606 3638 662 aliud

2033 695 2191 764 facta,
2225 711 2333 754 non
2382 698 2553 769 potuit
2596 713 2716 755 cum
2746 713 2808 754 ea
2838 698 3275 756 denominatione
3306 697 3388 772 (5)
3417 698 3633 767 sociari,

2032 806 2063 845 a
2094 790 2243 861 cujus
2285 791 2594 849 conditione
2638 791 2961 850 desciverat.
3009 791 3067 848 Si
3115 806 3309 849 nomen
3364 793 3636 864 proprium

2032 884 2271 940 materiae
2296 885 2438 941 illius
2475 885 2574 945 fuit
2603 877 2767 952 térra,
2823 886 2941 943 haec
2981 900 3102 957 qua!
3131 900 3237 945 non
3278 893 3361 943 est
3391 886 3634 950 materia,

2034 977 2176 1032 aliud
2222 978 2426 1034 scilicet
2466 979 2600 1034 facta
2624 1019 2640 1046 ,
2670 987 2832 1035 terra:
2856 993 3070 1049 quoque
3101 992 3206 1033 non
3252 978 3394 1048 capit
3440 992 3637 1033 nomen

2034 1071 2286 1136 alienum,
2318 1080 2371 1127 et
2398 1079 2539 1127 statu
2563 1085 2661 1127 suo
2689 1069 2770 1143 (ὁ)
2795 1078 3132 1127 extraneum.
3159 1069 3266 1127 Sed
3308 1069 3530 1125 materia
3558 1069 3639 1123 la-

2035 1171 2140 1225 cta,
2168 1160 2220 1217 id
2252 1171 2329 1217 est
2361 1170 2499 1217 terra
2531 1160 2636 1235 (5),
2669 1160 2855 1217 habuit
2878 1175 3001 1217 cum
3048 1174 3145 1217 sua
3176 1160 3386 1231 origine
3417 1173 3642 1216 consor-

2036 1254 2168 1309 tium
2196 1254 2447 1319 nominis,
2477 1254 2615 1310 sicut
2644 1263 2697 1309 et
2718 1252 2947 1324 generis.
2984 1252 3101 1311 Non
3126 1252 3261 1308 adeo
3287 1250 3390 1324 (6).
3419 1250 3553 1306 Nam
3584 1259 3642 1306 ct

2038 1353 2251 1411 testam,
2282 1345 2409 1401 licet
2436 1362 2500 1402 ex
2526 1346 2712 1418 argilla
2750 1344 3050 1401 conlectam
3077 1343 3177 1415 (a),
3198 1343 3311 1414 jam
3335 1359 3442 1400 non
3473 1344 3636 1414 argil-

2036 1438 2142 1493 lam
2195 1438 2419 1502 vocabo,
2450 1438 2545 1495 sed
2598 1446 2788 1494 testam
2824 1455 2837 1492 :
2869 1437 2944 1510 (ὸ)
2977 1445 3032 1494 et
3077 1436 3357 1502 electrum,
3407 1435 3531 1491 licet
3572 1450 3639 1492 ex

2038 1545 2171 1587 auro
2193 1539 2248 1587 et
2290 1538 2512 1601 argento
2539 1528 2879 1596 foederatum,
2915 1527 2988 1602 (ε)
3021 1543 3122 1583 nec
3156 1535 3433 1598 argentum
3462 1537 3642 1587 tamen

2040 1638 2139 1678 nec
2183 1639 2371 1679 aurum
2426 1623 2731 1693 appellabo,
2785 1622 2869 1694 (ά)
2933 1620 3029 1678 sed
3080 1620 3442 1679 electrum:a
3488 1618 3665 1687 cujus.

3661 1489 3686 1536 τ

2041 1716 2226 1770 habitu
2255 1715 2380 1786 quid
2403 1713 2482 1787 (7)
2511 1715 2747 1781 divertit,
2772 1714 2972 1784 pariter
2995 1721 3051 1769 et
3078 1727 3108 1771 a
3138 1719 3325 1767 vocatu
3342 1710 3460 1781 ejus
3486 1724 3649 1766 tece-

334 1815 512 1863 exstat
553 1806 824 1877 proprium
860 1807 1178 1862 vocabulum
1226 1807 1341 1877 ejus
1387 1808 1462 1863 rei
1517 1807 1604 1862 cui
1654 1823 1939 1866 commune
1968 1816 2017 1877 B
2044 1807 2140 1872 dit,
2192 1807 2589 1878 appellationis.
2638 1807 2779 1862 sicut
2831 1815 2886 1861 et
2924 1804 3249 1861 conditionis
3292 1804 3642 1874 proprietate.

336 1899 655 1956 vocabulum
703 1899 1058 1968 adscribitur,
1100 1906 1301 1970 quanto
1356 1915 1461 1955 non
1517 1910 1796 1971 comparet
1848 1903 1934 1958 cui

335 1991 691 2057 adscribatur,
722 1992 1039 2062 cuicumque
1065 1991 1154 2046 alii
1186 1992 1382 2061 poterit
1410 1992 1661 2048 adscribi.
1689 1993 1765 2049 Ita
1797 1994 1933 2050 Hero

334 2099 623 2157 mogenes,
659 2084 760 2142 etsi
796 2085 1074 2140 materiam
1106 2085 1414 2141 ostenderet
1452 2086 1803 2153 nominatam,
1836 2086 1929 2142 de-

333 2178 755 2234 beretcamdem
807 2178 1036 2249 probare
1081 2186 1274 2245 terram
1324 2192 1539 2248 quoque
1588 2178 1936 2249 cognomina-

334 2278 465 2339 tam,
499 2278 556 2326 ut
581 2270 650 2326 ita
673 2247 959 2341 utrumque
974 2247 1064 2323 illi
1093 2247 1408 2325 vocabulum
1438 2247 1751 2327 vindicaret.

928 2359 1158 2416 CAPUT
1184 2359 1349 2416 XXV.

408 2449 534 2505 Vult
578 2449 737 2521 igitur
762 2449 896 2506 duas
931 2451 1156 2521 proponi
1193 2460 1363 2507 terras
1394 2452 1447 2507 in
1484 2454 1584 2509 ista
1620 2454 1881 2525 scriptura
1916 2473 1930 2511 :

335 2557 518 2608 unam,
551 2557 710 2612 quam
744 2542 797 2597 in
846 2542 1106 2613 principio
1134 2542 1274 2599 Deus
1317 2542 1444 2599 fecit
1472 2561 1486 2609 ;
1535 2545 1693 2601 aliam
1714 2586 1730 2613 ,
1761 2556 1933 2603 male-

336 2635 499 2699 riam,
532 2650 597 2689 ex
625 2650 728 2703 qua
754 2634 897 2701 fecit,
939 2635 1005 2689 de
1032 2650 1135 2707 qua
1178 2635 1376 2691 dictum
1421 2638 1492 2691 sit
1528 2655 1541 2692 :
1574 2637 1737 2693 Terra
1767 2650 1935 2695 autem

334 2739 440 2784 erat
467 2728 734 2784 invisibilis
778 2738 824 2783 ct
853 2728 1016 2785 rudis.
1050 2718 1247 2799 Utique
1276 2729 1320 2784 si
1350 2745 1586 2809 quaeram
1615 2748 1679 2788 ex
1725 2733 1935 2791 duabus

333 2837 474 2893 quae,
506 2823 589 2877 cui
619 2836 812 2877 nomen
861 2830 1018 2878 terra:
1050 2823 1461 2881 accommodare
1498 2824 1691 2881 debeat
1721 2826 1821 2898 (2),
1855 2829 1936 2884 di-

335 2923 508 2979 cetur,
539 2915 679 2971 lianc
705 2930 823 2986 quae
854 2916 987 2973 facta
1014 2918 1083 2972 sit
1108 2933 1171 2974 ex
1204 2916 1292 2973 illa
1321 2933 1385 2973 ex
1411 2934 1513 2990 qua
1541 2918 1677 2976 facta
1707 2929 1810 2989 est,
1843 2938 1936 2978 vo-

333 3010 582 3065 cabulum
622 3009 918 3077 derivasse,
948 3011 1075 3081 quia
1119 3012 1465 3068 verisimilius
1512 3014 1581 3068 sit
1623 3013 1692 3069 ab
1728 3016 1935 3086 origine

2041 1900 2210 1970 Quam
2268 1909 2448 1955 autem
2491 1900 2762 1957 transierit
2789 1898 2857 1956 de
2902 1906 3045 1954 statu
3076 1907 3230 1954 terra:
3258 1896 3423 1963 illius,
3453 1895 3507 1952 id
3549 1903 3637 1953 est

2039 1992 2299 2057 materiae,
2326 1993 2423 2048 ista
2458 2002 2618 2056 terra,
2651 1991 2736 2047 vel
2763 2006 2830 2047 eo
2856 1989 3030 2061 palam
3061 1998 3163 2056 est,
3189 1987 3332 2060 quod
3364 1988 3477 2045 lucc
3500 1988 3644 2058 apud

2038 2085 2290 2141 Genesim
2344 2084 2709 2143 testimonium
2763 2084 2887 2139 boni
2941 2083 3176 2153 accipit:
3221 2079 3292 2136 Et
3333 2081 3458 2137 vidit
3501 2079 3648 2139 Deus

2036 2180 2158 2250 quia
2179 2180 2363 2234 bonum
2393 2195 2411 2232 :
2442 2178 2526 2234 illa
2556 2186 2735 2235 autem
2771 2176 2911 2248 apud
2963 2176 3353 2246 Hermogenem
3400 2175 3452 2231 in
3492 2175 3652 2245 origi-

2040 2288 2161 2329 nem
2213 2281 2268 2327 et
2315 2285 2559 2327 caussam
2592 2271 2852 2327 malorum
2903 2269 3206 2339 deputatur.
3245 2267 3543 2331 Postremo,
3597 2267 3646 2325 si

2038 2364 2158 2422 ideo
2182 2364 2298 2421 haec
2327 2374 2492 2430 terra,
2529 2365 2654 2436 quia
2690 2374 2740 2421 et
2771 2364 2880 2427 illa,
2908 2377 3007 2419 cur
3039 2378 3146 2418 non
3187 2369 3243 2418 et
3271 2361 3490 2421 materia
3521 2360 3640 2416 haec

2036 2473 2305 2531 quoque,,
2326 2459 2449 2528 quia
2506 2457 2637 2513 illa?
2666 2457 2779 2513 lmo
2810 2458 2921 2524 jam
2951 2465 3007 2513 et
3040 2456 3236 2512 emtum
3277 2463 3333 2511 et
3361 2454 3561 2518 onmia,
3588 2454 3639 2510 si

2036 2564 2101 2605 ex
2125 2550 2343 2606 materia
2371 2556 2640 2613 conStant,
2670 2557 2725 2604 et
2778 2556 2935 2604 terra:
2965 2557 3022 2604 et
3046 2549 3284 2603 materiae
3326 2546 3506 2602 vocari
3545 2546 3645 2602 de-

2036 2642 2288 2699 buerunt.
2319 2641 2462 2697 Satis
2506 2643 2607 2696 ista
2651 2640 2721 2697 de
2766 2649 2925 2698 terra:
2970 2640 3188 2696 nomine
3220 2639 3296 2713 (in
3327 2655 3434 2711 qtto
3482 2648 3648 2695 mate-

2039 2736 2114 2792 ria
2148 2736 2224 2808 (8)
2267 2734 2490 2806 intelligi
2536 2735 2725 2805 voluit)
2768 2735 2910 2806 quod
2959 2750 3155 2791 nomen
3201 2733 3645 2793 uniuselementi

2018 2818 2225 2883 omnes
2254 2827 2449 2890 sciunt,
2484 2837 2670 2883 natura
2728 2828 2980 2897 primum,
3013 2826 3208 2884 deinde
3251 2825 3331 2899 (9)
3361 2825 3643 2896 Scriptura

2037 2920 2285 2990 docente,
2314 2918 2384 2994 (ε)
2406 2920 2507 2975 nisi
2535 2930 2590 2976 et
2621 2919 2736 2994 (10)
2767 2920 2951 2975 Sileno
2975 2919 3052 2975 illi
3082 2918 3222 2989 apud
3236 2917 3431 2974 Midam
3459 2933 3645 2989 regem

2037 3010 2371 3067 adseveranti
2399 3012 2467 3067 de
2503 3010 2611 3068 alio
2635 3012 2786 3076 orbe,
2816 3010 3142 3067 credendum
3183 3020 3287 3077 est,
3320 3009 3388 3083 (ι’)
3424 3019 3647 3067 auctore

336 3100 577 3158 sobolem
626 3103 821 3171 potius,
871 3118 1031 3173 quam
1076 3103 1336 3173 originem
1380 3120 1410 3159 a
1461 3105 1649 3161 sobole
1685 3107 1930 3164 vocitari.
2002 3103 2407 3175 o'l‘beopompo.
2439 3103 2546 3159 Sed
2574 3112 2629 3161 et
2658 3102 2790 3159 deos
2818 3103 3016 3158 multos
3045 3102 3184 3159 idem
3218 3102 3402 3159 refert.

335 3193 449 3249 Ηυο
478 3194 521 3248 si
552 3194 621 3249 ita
649 3204 750 3260 est,
781 3193 881 3248 alia
913 3194 1067 3250 nobis
1086 3194 1391 3251 obvolvitur
1416 3199 1657 3266 quaestio,
1687 3212 1753 3253 an
1790 3213 1933 3257 com-
1958 3210 2003 3273 C

336 3293 481 3356 petat
508 3293 704 3340 terram
731 3284 870 3340 hanc
894 3301 1054 3356 quam
1086 3286 1227 3342 Deus
1255 3285 1399 3351 fecit,
1428 3302 1495 3343 ex
1526 3288 1613 3342 illa
1640 3304 1705 3359 ex
1738 3304 1840 3360 qua
1865 3291 1940 3344 te.

340 3380 434 3446 cit,
467 3387 879 3450 cognomentum
916 3378 1212 3435 derivasse.
1256 3380 1430 3436 Audio
1459 3382 1603 3437 enim
1634 3383 1773 3453 apud
1807 3383 1938 3439 Her-

255 3501 310 3522 .-
340 3486 620 3543 mogenem
664 3479 995 3543 caeterosque
1038 3472 1358 3529 materiarios
1398 3472 1704 3541 haereticos,
1738 3483 1939 3534 terram

345 3564 559 3635 quidem
591 3564 737 3621 illam
767 3563 1054 3623 informem
1084 3575 1138 3621 et
1159 3564 1483 3623 invisibilem
1504 3576 1558 3622 et
1585 3566 1775 3623 rudem
1808 3567 1938 3623 fuis-

2609 3194 2836 3251 CAPUT
2878 3193 3071 3250 XXVI.

2114 3287 2281 3344 Nobis
2300 3295 2479 3344 autem
2506 3303 2646 3349 unus
2673 3288 2811 3343 Deus
2838 3296 2893 3344 et
2934 3301 3037 3342 una
3079 3294 3163 3342 est
3189 3293 3353 3350 terra,
3380 3299 3540 3356 quam
3589 3285 3646 3342 in

2042 3382 2303 3453 principio
2345 3382 2485 3438 Deus
2540 3381 2699 3451 fecit,
2747 3382 2903 3451 cujus
2931 3380 3174 3445 ordinem
3210 3379 3470 3451 incipiens
3508 3378 3650 3436 Scri-

2042 3483 2193 3544 ptura
2242 3473 2552 3540 decurrere,
2585 3473 2757 3544 primo
2800 3472 2994 3529 factam
3041 3487 3160 3529 eam
3208 3471 3404 3539 edicit,
3446 3469 3647 3527 deliine

2041 3567 2355 3638 qualitatem
2413 3566 2580 3638 ipsius
2627 3564 2898 3633 edisserit,
2949 3564 3088 3623 sicut
3134 3573 3190 3622 et
3229 3564 3424 3623 cretum
3471 3564 3648 3636 primo

1584 3706 1965 3766 LECTIONES
1999 3709 2091 3767 ΝΑ
2102 3707 2420 3767 RIANTES.

400 3819 474 3886 (l)_
493 3819 672 3886 Notum
698 3825 775 3870 est
810 3815 1006 3871 Oberlh.
1039 3816 1192 3869 Seml.
1241 3824 1346 3882 post
1366 3818 1519 3871 Rhea.
1543 3817 1937 3886 statesuspican-

339 3881 439 3949 tetu
457 3881 713 3949 legendum
737 3894 841 3949 esse
868 3895 885 3933 :
910 3887 1194 3949 uotum_e_st.

400 3946 472 4017 (2)
498 3941 738 4017 Diuiditur
757 3945 937 4017 debeat
954 3942 1087 4007 apud
1098 3943 1249 4017 Seml.
1263 3949 1309 3994 et
1327 3941 1541 4017 Oberlin,
1562 3943 1646 4005 qui
1655 3942 1844 3995 addunt
1868 3945 1932 3995 id.

335 4005 515 4120 gaudiis
528 4005 680 4118 sagit:
706 4021 770 4057 ex
790 4005 997 4068 duobus,
1018 4019 1129 4070 qua:
1154 4010 1232 4058 cui
1270 4019 1450 4058 nomen
1488 4015 1636 4060 terrae
1669 4020 1937 4059 accommo-

370 4084 438 4120 art
461 4089 476 4118 ι
498 4084 525 4118 e
566 4083 623 4118 ea
649 4105 662 4117 .

370 4073 438 4120 ari
461 4073 662 4118 debeat.

401 4132 473 4199 (Si)
499 4131 564 4199 rga
584 4131 647 4179 de
671 4131 1034 4199 nomine_seml.
1061 4130 1258 4185 Oberth.

403 4193 475 4259 (t’)
499 4193 561 4244 Et
582 4201 738 4245 status
759 4195 833 4243 sui
854 4195 958 4244 Lat.

2103 3878 2474 3997 ξὰέεὲιὺὲἓῧιίο
2492 3881 2684 3935 Pamel.
2698 3882 2907 3935 Parisin.
2935 3890 3146 3946 naneq.
3171 3893 3268 3932 non
3292 3894 3322 3933 a
3340 3878 3453 3932 Deo
3470 3880 3644 3946 Rigalt.

2103 3962 2111 3993 l
2226 3985 2239 3997 .
2438 3980 2449 3993 .

2038 3953 2239 4003 seinter,
2258 3953 2449 3997 Oberllt.

2200 4009 2654 4121 ggitgriggbm.
2680 4008 2784 4075 Rig.
2805 4010 2867 4060 At
2885 4014 2998 4061 Jun.
3020 4007 3123 4072 qni.
3146 4004 3296 4060 Seml.
3321 4005 3469 4071 quod.

2126 4068 2178 4183 8)
2200 4071 2452 4144 Materiam
2479 4068 2626 4121 Scml.
2736 4068 2753 4075 ’

2126 4133 2158 4182 9
2202 4132 2277 4182 De
2297 4133 2412 4182 htnc
2428 4131 2577 4183 then.
2599 4129 2753 4182 Seml.

2105 4129 2178 4260 ξω
2202 4132 2277 4182 De
2297 4133 2412 4182 hinc
2428 4131 2577 4183 then.
2599 4129 2753 4182 Seml.

2130 4193 2207 4257 10)
2232 4195 2333 4246 Nisi
2357 4196 2399 4244 si
2417 4193 2574 4246 addit.
2597 4193 2745 4247 Rhea.
2769 4193 2920 4245 Seml.

2102 3821 2155 3880 (5
2200 3819 2272 3871 Ex
2299 3824 2434 3872 terra
2458 3820 2602 3872 seml.
2626 3818 2825 3873 Oberth.

2103 3820 2306 3996 (GiNon
2328 3884 2474 3933 audio
2492 3881 2684 3935 Pamel.
2698 3882 2825 3934 Parit

2102 3960 2143 3995 νη
2192 3942 2449 3996 r.0berlh.

1700 4296 2272 4356 COMMENTARIUS.

2868 4360 2889 4397 ι
2906 4358 2911 4363 .

408 4433 747 4508 CAP.XXV.
770 4465 841 4476 -—
869 4433 945 4507 (a)
978 4432 1101 4508 .Iam
1128 4426 1229 4489 ηοή
1249 4433 1486 4504 argillam
1509 4433 1716 4508 uocabo,
1731 4434 1819 4489 sed
1831 4442 1932 4490 tes-
1958 4434 2012 4495 D
2041 4434 2191 4508 (“(e)
2218 4434 2336 4490 Nisi
2359 4444 2405 4491 et
2447 4434 2625 4508 Sileno
2647 4435 2728 4508 illi
2771 4437 2913 4508 apud
2950 4434 3172 4508 Midam,
3196 4444 3295 4508 etc.
3335 4433 3522 4492 Simile
3552 4442 3652 4508 est

340 4517 460 4563 tam.
483 4508 687 4562 Etenim
717 4507 852 4577 ignis
879 4504 1076 4575 argilla:
1100 4520 1292 4559 nomen
1314 4504 1568 4561 excussit.
1596 4505 1711 4561 Rto.

415 4580 491 4648 (b)
524 4577 587 4631 Et
617 4576 857 4633 electrum
886 4578 999 4631 licet
1038 4593 1101 4631 ea:
1125 4593 1249 4630 auro
1276 4587 1320 4648 et
1368 4587 1576 4648 argento
1608 4576 1927 4648 fwderatum.

338 4647 564 4706 Conﬂati
596 4649 870 4719 utriusque
896 4648 1093 4702 metalli
1113 4647 1449 4702 confusione.
1468 4647 1691 4713 Plinius,
1721 4649 1811 4703 lib.
1838 4647 1928 4714 IX,

339 4720 566 4778 40:1Vec
592 4720 773 4773 habent
804 4719 954 4786 ﬁnem
998 4720 1139 4790 vitia,
1163 4719 1406 4789 juvalqtte
1449 4719 1621 4786 ludere
1651 4719 1930 4790 impendio,

340 4802 389 4849 et
418 4792 568 4846 luxus
584 4791 842 4860 geminare
873 4788 1463 4861 miiscendoﬂterumque
1499 4800 1549 4844 et
1591 4790 1704 4860 ipsa
1725 4788 1934 4845 adulte-

338 4878 455 4918 rare
473 4860 725 4916 adulteria
767 4870 999 4932 naturae;
1024 4861 1151 4932 sicut
1194 4872 1459 4932 argentum
1494 4877 1622 4915 auro
1652 4861 1934 4932 confunde-

339 4951 416 4999 re,
465 4943 519 4986 ut
568 4933 751 4986 electra
802 4931 967 4999 fiant;
1014 4930 1203 4986 addere
1251 4930 1329 4985 Itis
1377 4947 1502 4997 arra,
1545 4943 1597 4985 ut
1643 4930 1930 4989 Corinthia.

344 5004 489 5061 Idem
530 5004 623 5068 ait,
655 5001 977 5075 ubicumque
1003 5003 1184 5073 quinta
1234 5003 1437 5073 argenti
1467 5003 1640 5075 portio
1668 5012 1751 5060 est
1774 5047 1787 5072 ,
1820 5004 1934 5059 ele-

342 5088 514 5131 ctrum
548 5074 747 5129 vocari.
773 5073 895 5129 th.
1402 5100 1423 5117 κ

416 5145 490 5219 (c)
518 5145 628 5200 Nec
656 5154 937 5219 argentum
981 5152 1148 5219 tamen
1195 5161 1286 5199 nec
1325 5162 1507 5219 aurum
1531 5146 1820 5216 appellabo,
1846 5146 1936 5219 sed

341 5214 618 5289 electrum.
655 5214 861 5289 Etenim
890 5214 1212 5289 _tit_species
1267 5218 1411 5289 novi
1439 5214 1697 5289 corporis,
1755 5226 1812 5271 ut
1864 5218 1939 5272 ait

342 5290 543 5355 Caius,
589 5287 676 5343 liv.
740 5286 822 5341 VII
865 5286 928 5340 de
971 5286 1179 5357 Adquit.
1229 5303 1334 5341 rer.
1381 5286 1548 5342 domf
1593 5288 1676 5344 Fit
1720 5289 1935 5344 tertium

344 5360 491 5431 quid,
533 5376 598 5484 (ἓ
632 5368 861 5429 utroque
910 5356 1213 5414 confusum.
1259 5358 1347 5414 Sic
1391 5358 1484 5416 lib.
1528 5360 1770 5415 adversus
1797 5357 1936 5414 Pra-

344 5447 511 5484 meam.
591 5445 660 5484 te.

342 5447 511 5487 meam.
545 5445 660 5486 "l6.

437 5500 538 5575 (a),
568 5500 676 5556 Sed
705 5500 992 5575 _eleclrum.
1060 5500 1283 5575 Plinius,
1340 5500 1434 5557 lib.
1504 5501 1723 5575 χχχιιι
1796 5500 1932 5557 Hist.

345 5571 548 5639 uelint
583 5590 596 5626 :
641 5591 659 5623 ι
696 5571 851 5626 Omni
901 5587 1033 5627 auro
1075 5573 1215 5627 inest
1261 5580 1539 5643 argentum
1574 5592 1587 5628 :
1617 5574 1935 5642 ubicumque

345 5644 530 5714 quinta
554 5643 757 5713 argenti
782 5643 956 5711 portio
981 5652 1083 5707 est,
1101 5643 1337 5698 electrum
1365 5655 1610 5709 vocatur,
1644 5646 1699 5699 lit
1729 5652 1781 5698 et
1806 5658 1933 5698 cura

348 5715 589 5788 electrum
629 5721 849 5788 argento
894 5714 1102 5773 addita.
1137 5715 1276 5788 quod
1295 5716 1590 5788 siquilttam
1632 5715 1930 5786 portionem

350 5786 600 5855 excessit,
631 5783 908 5841 incudibus
952 5800 1054 5843 neu
1086 5787 1306 5841 resistit.
1348 5783 1383 5840 ι’
1406 5790 1536 5843 l’Au.

2040 4505 2170 4579 illud
2203 4516 2361 4579 supra
2384 4521 2503 4577 cap.
2530 4506 2587 4572 2,
2606 4507 2697 4562 lib.
2718 4508 2781 4579 de
2800 4505 3009 4579 Pallio:
3038 4505 3232 4579 Viderit
3246 4508 3291 4563 si
3313 4508 3425 4579 quis
3445 4507 3652 4578 uspiam

2034 4576 2624 4651 alius__(orbisnempe),
2655 4578 2722 4633 ad
2757 4577 3019 4651 Mempas,
3050 4592 3109 4651 ut
3144 4576 3528 4651 Sileuuspeues
3548 4596 3651 4635 au-

2035 4664 2114 4702 res
2156 4648 2315 4722 Midae
2359 4649 2544 4722 blauit,
2595 4658 2741 4722 aptas
2789 4648 2914 4705 sane
2947 4648 3301 4722 grandioribus
3352 4648 3563 4722 fabulis;
3596 4658 3652 4706 et

2036 4719 2179 4792 quod
2208 4718 2643 4792 Itabctlllaximns
2670 4720 2863 4792 Tyrius
2893 4718 3058 4777 se'rtn.
3099 4720 3171 4777 '50
3191 4720 3279 4792 (si
3308 4719 3469 4779 modo
3494 4729 3646 4792 recte

2037 4791 2231 4863 citatnr
2266 4808 2294 4845 a
2335 4790 2568 4863 Gyraldn
2614 4792 2678 4845 de
2703 4791 2802 4849 diis
2827 4792 3127 4863 gentium),
3176 4790 3411 4863 Silenum
3456 4790 3651 4847 ebrium

2039 4860 2229 4932 laqueis
2274 4872 2319 4917 et
2365 4860 2585 4934 uinculis
2622 4860 2957 4934 (constrictum
2985 4860 3147 4919 Midae
3184 4861 3482 4934 pradixisse
3506 4865 3648 4919 varia

2039 4934 2327 5005 elidiversa.
2363 4933 2514 5005 Unde
2563 4932 2723 5005 etiam
2776 4934 2931 4991 facile
2998 4932 3253 5005 colligere
3297 4942 3404 4989 esti
3432 4942 3646 5002 poetam

2042 5003 2315 5073 Virgilium
2364 5004 2576 5075 Eclngze
2615 5003 2780 5059 Sileni
2824 5003 3195 5073 argumentum
3236 5006 3551 5075 sumpsisse,
3594 5013 3651 5060 et

2041 5076 2092 5128 in
2152 5075 2487 5145 proverbium
2540 5087 2764 5145 quoque
2798 5077 3013 5139 abiisse,
3063 5076 3262 5133 Silenis
3318 5075 3646 5133 Alcibiadeis

2041 5148 2212 5219 magis
2234 5146 2531 5219 ridiculum,
2566 5148 2713 5219 quali
2738 5148 2974 5214 nomine,
3000 5148 3068 5205 ob
3096 5146 3393 5219 grandiores
3423 5146 3644 5219 fabulas,

2040 5216 2332 5342 {{Ltegattus
2379 5216 2597 5279 alicubi
2623 5216 3120 5275 Valeutittianorum
3177 5219 3388 5279 somnia
3427 5216 3651 5290 appel-

2061 5302 2134 5341 a.
2205 5303 2299 5342 Αιι.
3402 5320 3406 5325 θ

2061 5295 2134 5341 at.
2163 5295 2299 5345 Plut.
3402 5320 3406 5325 α

2115 5359 2178 5433 (l)
2230 5361 2449 5442 Auctore
2489 5356 2837 5442 Tlteopompo.
2866 5359 2982 5419 Non
3012 5376 3152 5419 unus
3195 5359 3295 5419 fuit
3344 5358 3689 5485 Τιιεορρῖιιι·

2117 5444 2142 5483 s
2174 5447 2186 5482 :
2221 5431 2357 5485 alter
2378 5430 2478 5485 fuit
2505 5431 2815 5485 lnstortcus.
2843 5432 2981 5485 alter
3012 5442 3167 5485 poeta
3189 5430 3427 5485 comicus
3456 5447 3545 5485 aut
3594 5449 3653 5485 a-

2078 5430 2142 5507 us
2174 5447 2186 5482 :
2221 5430 2478 5507 alterfuit
2505 5431 2981 5507 liistoricus,‘alter
3012 5442 3167 5507 poeta
3189 5430 3427 5507 comicus
3456 5432 3545 5507 qui
3576 5430 3653 5507 fa-

2080 5501 2180 5557 ulae
2232 5502 2460 5572 cuipiam
2519 5517 2714 5557 nomen
2771 5502 2936 5559 Sileni
2986 5500 3152 5561 dedit.
3183 5504 3265 5559 Au
3310 5500 3657 5561 idcm'lucrit

2039 5584 2195 5647 poeta
2224 5573 2599 5647 etbistorictts
2637 5574 2902 5647 incertum
2941 5574 3136 5632 balteo.
3167 5573 3302 5647 Tota
3338 5583 3517 5633 autent
3561 5573 3655 5631 illa

2037 5641 2192 5697 Mida:
2238 5642 2409 5716 fabula
2451 5643 2891 5716 cerlteOpompo
2919 5646 3141 5707 eruitur.
3176 5645 3508 5716 Quamquam
3568 5660 3656 5703 rc-

2039 5728 2165 5768 vera
2196 5715 2424 5791 (Silenus
2444 5730 2477 5791 ξι
2518 5715 2655 5791 lllida
2688 5715 2916 5791 captus
2945 5719 3043 5791 fuit
3094 5718 3144 5773 in
3192 5715 3363 5775 hortis
3411 5716 3649 5775 atttmuis

2035 5798 2172 5856 quos
2194 5788 2245 5844 in
2278 5785 2585 5846 Macedonia
2614 5785 2867 5845 habebat.
2896 5788 2973 5847 Le
3008 5789 3106 5847 Pa.
