4008 6280
323 291 440 348 εει
1451 285 1654 343 LIBER
1693 283 2058 342 ADVERSUS
2093 281 2596 340 HEBIIOGENEM.
3171 277 3182 306 "
3582 281 3700 346 Μ

335 405 560 462 factum
592 405 852 477 professa
883 402 990 461 :In
1032 403 1286 475 principio
1314 403 1432 476 fecit
1457 402 1598 460 Deus
1633 402 1848 470 cretum,
1879 401 1972 458 de-
2007 403 2058 464 Α
2085 401 2185 456 hoc
2220 402 2333 472 ipso
2359 401 2502 472 quod
2528 407 2630 468 est,
2680 398 2990 457 etiam‘erat
3027 397 3257 470 dicetur.
3300 397 3398 456 Cui
3427 401 3688 470 competit
3763 412 3767 416 ·

342 499 487 556 hinc
515 499 947 568 dispositionem
971 497 1086 568 ejus
1102 495 1508 568 superinducit:
1541 495 1619 569 (a)
1644 497 1708 552 Et
1729 497 1981 566 separavit
2084 493 2255 564 prima
2301 493 2447 549 verbi
2489 493 2683 566 positio
2707 493 2761 548 in
2789 491 3185 558 definitionem,
3215 491 3458 562 ejusdem
3512 492 3676 548 etiam

344 590 494 646 inter
529 607 730 662 aquam
761 606 876 661 qua:
917 599 1022 644 erat
1066 591 1206 661 infra
1237 589 1611 658 ﬁrmamentum
1639 587 1792 661 (Gen.
1825 589 1866 656 Ι,
1899 587 1975 658 7),
2083 585 2372 640 declinatio
2397 585 2548 640 verbi
2576 585 2826 640 decurret
2854 584 2906 638 in
2939 583 3276 639 relationem.
3308 581 3442 648 Est,
3481 581 3678 639 defini-

351 693 404 737 et
428 699 550 754 ante
577 699 742 753 super
781 683 1168 753 ﬁrmamentum,
1199 691 1248 737 et
1286 681 1481 736 vocavit
1525 679 1663 736 Deus
1689 681 1984 749 ﬁrmameu-
2083 678 2246 733 tionis
2292 685 2486 746 caput;
2517 683 2624 730 erat
2647 717 2660 744 ,
2691 675 2938 732 relationi
2987 673 3109 731 facit
3166 673 3268 749 (9).
3301 675 3394 730 llte
3429 686 3553 730 sunt
3600 689 3687 730 ar-

354 693 404 737 et
428 699 550 754 quw
577 699 742 753 super
781 687 1168 753 ﬁrmamentum,
1199 691 1248 737 et
1286 687 1481 736 vocavit
1525 687 1663 736 Deus
1689 687 1984 749 ﬁrmanteu-
2083 687 2246 733 tionis
2292 687 2486 746 caput;
2517 687 2660 744 erat,
2691 687 2938 732 relattom
2987 687 3109 731 laett
3166 687 3268 749 (9).
3304 687 3394 730 ttae
3429 687 3553 730 sunt
3600 689 3687 730 ar-

354 785 475 830 tum
502 775 716 840 cretum,
749 775 920 846 ipsum
949 773 1088 844 quod
1120 774 1173 830 in
1202 772 1500 844 primordio
1550 772 1772 828 fecerat.
1801 771 1982 827 Proin-
2081 771 2244 852 gntia:
2265 779 2318 824 et
2343 768 2669 824 subtilitates.
2687 768 3064 824 haereticorum
3083 809 3096 834 ,
3125 767 3521 838 simplicitatem
3546 687 3733 920 como}

356 867 434 920 de
462 876 522 920 et
545 867 618 920 de
640 865 988 920 hominezEt
1011 868 1128 920 fecit
1154 866 1292 920 Deus
1315 863 1690 920 Iwmiuemmd
1710 863 2006 920 imaainem.
2082 865 2323 920 monium
2369 863 2652 920 verborum
2703 871 3011 920 torquentes
3059 863 3110 916 in
3149 861 3500 920 quaestionem
3531 860 3676 920 (10).

356 867 434 924 de
462 876 522 924 ct
545 867 618 924 de
640 865 988 922 hominezEt
1009 868 1128 938 fecit
1154 866 1292 921 Deus
1315 863 1690 920 Iwmiuemmd
1710 863 2006 936 imaginem.
2082 849 2323 920 monium
2369 863 2652 920 verborum
2703 871 3011 934 torquentes
3059 863 3110 916 in
3149 861 3500 932 quaestionem
3531 860 3676 934 (10).

363 961 468 1018 Dei
493 961 614 1030 fecit
638 955 1974 1034 illum(lbid.'27).Dehincqualiterfeceritreddit:
2083 957 2270 1029 Magna
2311 957 2517 1012 scilicet
2563 957 2788 1028 qumstio
2826 965 2938 1024 εει,
2969 957 3015 1012 si
3042 964 3158 1012 erat
3185 965 3326 1012 terra
3352 998 3368 1024 ,
3398 971 3518 1027 qua:
3546 958 3682 1011 facta

364 1050 438 1106 Et
470 1052 622 1122 ﬁnxit
649 1051 788 1106 Deus
805 1051 1055 1109 hominem
1079 1051 1144 1104 de
1171 1051 1291 1106 timo
1321 1059 1489 1118 terr-te,
1509 1059 1554 1106 et
1581 1050 1790 1120 adﬂavit
1818 1049 1869 1104 in
1894 1049 1982 1120 {a-
2081 1059 2184 1108 est.
2217 1050 2359 1106 Sane
2409 1049 2814 1120 discutiendum
2843 1065 2910 1105 an
2957 1051 3006 1105 ci
3045 1058 3312 1120 competat
3358 1049 3682 1104 invisibilcm

363 1143 496 1197 ciem
520 1143 634 1214 ejus
652 1143 841 1212 ﬂutant
860 1143 992 1208 vitm,
1023 1151 1069 1196 et
1091 1145 1260 1214 factus
1295 1151 1366 1196 est
1393 1142 1542 1196 homo
1567 1142 1622 1197 in
1653 1141 1878 1196 animam
1905 1140 1980 1195 υἱ·
2082 1155 2138 1202 et
2159 1143 2344 1200 rudem
2372 1143 2532 1198 fuisse
2559 1159 2677 1214 qua?
2708 1143 2842 1200 facta
2871 1152 2953 1199 est
2971 1185 2986 1210 ,
3011 1158 3077 1197 an
3103 1143 3151 1198 ei
3183 1157 3248 1198 ex
3278 1157 3377 1214 qua
3409 1142 3546 1199 facta
3573 1151 3678 1211 est,

365 1249 484 1288 earn
503 1231 656 1305 (Gen.
690 1233 756 1300 II,
787 1232 864 1304 7).
890 1233 958 1289 Et
987 1233 1170 1304 utique
1190 1233 1268 1289 sic
1293 1233 1448 1290 decet
1477 1235 1835 1293 narrationem
1874 1233 1977 1290 ini-
2083 1246 2141 1294 ut
2166 1237 2407 1309 ejusdem
2439 1236 2509 1292 sit
2533 1245 2662 1300 erat,
2691 1237 2846 1307 cujus
2869 1245 2924 1292 et
2949 1235 3091 1304 quod
3115 1245 3233 1292 erat
3262 1235 3403 1310 (II).

366 1341 450 1391 re,
481 1325 653 1398 primo
679 1323 920 1398 prmfari,
952 1335 1134 1406 postea
1155 1327 1749 1398 prosequimuminare,
1781 1326 1980 1382 deinde
2114 1360 2120 1365 -
2615 1331 2842 1405 CAPUT
2881 1329 3120 1386 XXVIII.

369 1417 706 1476 describere.
768 1417 1019 1488 Alioquin
1050 1432 1283 1483 ‘vanum,
1317 1419 1361 1473 si
1405 1418 1524 1488 ejus
1565 1418 1643 1476 rei
1687 1418 1840 1489 cujus
1871 1420 1981 1474 nul-
2152 1423 2347 1494 Atquin
2376 1437 2482 1478 non
2507 1431 2713 1478 tantum
2741 1422 3086 1492 probabimus
3109 1421 3268 1477 istum
3299 1420 3533 1478 habitum
3557 1419 3684 1476 huic

367 1511 473 1566 Iam
503 1511 841 1584 praemiserat
879 1511 1204 1566 mentionem
1229 1553 1246 1578 ,
1275 1511 1326 1567 id
1354 1521 1438 1568 est
1482 1513 1720 1568 materiae
1745 1555 1761 1580 ,
1795 1528 1864 1570 ne
1891 1514 1972 1584 ip-
2081 1507 2238 1572 terra:
2267 1516 2616 1584 competisse,
2643 1515 2736 1570 sed
2755 1524 2808 1571 et
2827 1514 3009 1570 illialii
3034 1530 3138 1569 non
3163 1513 3507 1585 competisse.
3537 1512 3672 1568 Nam

369 1619 488 1659 sum
514 1605 738 1674 quidem
766 1617 959 1660 nomen
986 1645 1002 1670 ,
1033 1603 1211 1660 subito
1241 1603 1466 1660 formam
1493 1616 1548 1660 et
1577 1604 1818 1660 habitum
1846 1622 1974 1677 pro-
2081 1607 2124 1662 si
2157 1607 2298 1662 nuda
2327 1606 2550 1662 materia
2601 1605 2716 1678 (t2)
2749 1606 2859 1660 Deo
2907 1605 3214 1676 subjacebat
3237 1647 3252 1670 ,
3285 1604 3434 1660 nullo
3477 1604 3683 1660 scilicet

367 1696 629 1766 mulgavit
660 1695 784 1770 (I):
813 1705 936 1752 ante
965 1705 1176 1752 enarrat
1205 1697 1378 1767 qualis
1396 1696 1574 1764 esset,
1609 1713 1768 1769 quam
1797 1712 1866 1752 an
1893 1713 1977 1754 es—
2079 1699 2346 1754 elemento
2385 1699 2699 1754 obstruente
2729 1739 2745 1768 ,
2778 1699 2822 1752 si
2851 1697 3068 1770 quidem
3112 1697 3348 1754 nondum
3391 1697 3677 1769 quicquam

371 1797 498 1854 set;
531 1787 777 1842 ostendit
823 1787 1042 1859 figuram
1073 1787 1394 1855 deformati;
1429 1805 1626 1846 nomen
1672 1790 1971 1847 abscondit.
2003 1795 2052 1856 B
2079 1799 2195 1846 erat
2239 1798 2433 1861 pratter
2473 1790 2641 1860 ipsam
2681 1799 2736 1845 et
2778 1791 2942 1844 Deum
2971 1807 2986 1856 ;
3018 1789 3198 1860 utique
3239 1789 3519 1844 invisibilis
3548 1803 3672 1845 esse

366 1880 440 1936 At
464 1890 670 1952 quanto
699 1880 1011 1936 credibilius
1039 1881 1333 1938 secundum
1371 1898 1469 1939 nos
1494 1883 1610 1954 ejus
1636 1884 1712 1939 rei
1739 1883 1968 1955 disposi-
2075 1897 2182 1937 non
2233 1890 2458 1952 poterat.
2511 1881 2644 1950 Quia
2686 1881 2785 1937 etsi
2829 1881 3075 1936 tenebras
3119 1881 3264 1936 volet
3291 1882 3343 1936 in
3377 1880 3677 1937 substantia

364 1976 568 2029 tionem
617 1972 894 2043 Scriptura
941 1973 1244 2045 subjnnxit,
1272 1977 1422 2046 cujus
1468 1976 1854 2032 institutionem
1899 1977 1972 2032 si-
2076 1974 2240 2030 fuisse
2283 1973 2523 2028 materize
2569 1971 2674 2044 (cui
2719 1972 2949 2026 articulo
2993 1971 3323 2043 respondere
3361 1971 3680 2028 debebimus

361 2065 582 2137 mulque
602 2067 1024 2123 nominationem
1067 2069 1346 2139 prmmisit.
1376 2069 1545 2138 Quam
1576 2068 1805 2139 denique
1835 2071 1970 2126 inte-
2074 2081 2173 2122 suo
2221 2066 2466 2135 ordine),
2495 2065 2656 2120 etiam
2707 2064 2907 2119 homini
2957 2061 3214 2118 tenebrm‘
3239 2062 3480 2118 visibiles
3528 2071 3674 2117 sunt.

357 2175 460 2232 ger
484 2173 678 2216 sensus
702 2171 788 2216 est
816 2178 830 2216 :
861 2159 928 2214 In
959 2161 1216 2234 principio
1253 2161 1393 2218 Deus
1435 2165 1551 2236 fecit
1585 2164 1766 2218 caelum
1790 2174 1838 2218 et
1865 2175 1968 2220 ter-
2073 2159 2186 2215 Hoc
2207 2161 2348 2214 enim
2373 2161 2547 2228 ipsum
2578 2157 2720 2228 quod
2749 2166 2876 2213 sunt
2905 2156 3138 2212 tenebrae
3168 2197 3182 2222 ,
3212 2156 3443 2220 videtur,
3475 2154 3674 2210 nedum

356 2269 511 2319 ram,
541 2263 678 2310 terra
695 2262 862 2309 autem
885 2265 990 2310 erat
1015 2255 1280 2312 invisibilis
1301 2265 1346 2312 et
1364 2257 1506 2312 rudis
1532 2257 1684 2325 (Gen.
1719 2257 1734 2310 Ι
1760 2299 1775 2322 ,
1802 2259 1866 2324 1,.
1885 2259 1968 2329 2),
2076 2253 2202 2306 Deo.
2232 2251 2302 2306 Et
2332 2249 2516 2320 utique
2559 2250 2608 2306 si
2649 2249 2932 2304 invisibilis
2963 2257 3106 2304 esset
3127 2248 3322 2325 ,_nnllo
3355 2247 3516 2302 modo
3544 2262 3673 2318 cog-

355 2362 523 2419 quam
570 2347 714 2404 Deus
767 2348 970 2406 scilicet
1015 2349 1175 2418 fecit,
1216 2350 1285 2406 de
1355 2365 1458 2421 qua
1515 2351 1788 2422 Scriptura
1845 2367 1967 2408 cum
2071 2355 2384 2402 nosceretur
2411 2343 2640 2414 qualitas
2684 2343 2822 2414 ejus.
2870 2341 3026 2398 Unde
3071 2356 3198 2412 ergo
3241 2349 3553 2412 compertus
3587 2349 3671 2396 est

355 2439 599 2494 maxime
639 2439 885 2496 ediderat
911 2439 1010 2514 (2).
1057 2441 1189 2496 Nam
1219 2451 1273 2497 et
1291 2451 1458 2496 autem
1489 2442 1660 2512 ipsum
1686 2484 1701 2508 ,
1730 2443 2000 2514 velut_[l-_
2071 2438 2436 2507 Hermogenes
2467 2435 2748 2490 informem
2776 2443 2828 2490 ct
2848 2433 3124 2490 confusam
3139 2433 3534 2490 etincooditam
3557 2433 3672 2508 (i3)

211 2573 246 2604 δ
355 2529 485 2586 bula
533 2529 896 2610 coniunctiva:
918 2506 1218 2610 particulae
1243 2533 1308 2588 ad
1331 2506 1633 2593 conneitum
1673 2506 2000 2590 narratio}?
2071 2531 2213 2586 illam
2247 2506 2408 2585 fuisse
2431 2571 2445 2595 ,
2468 2545 2590 2601 quae
2615 2538 2674 2584 ut
2695 2528 2972 2583 invisibilis
2997 2529 3200 2583 latebat
3225 2545 3240 2582 :
3271 2525 3352 2600 (ά)
3382 2536 3472 2583 aut
3497 2527 3541 2582 si
3569 2506 3670 2583 hoc

357 2623 671 2696 oppositum
720 2634 805 2679 εει
833 2622 952 2698 ('5),
1007 2637 1144 2681 terra
1195 2635 1388 2680 autem.
1439 2626 1554 2682 Hoc
1603 2626 1746 2682 enim
1797 2627 1965 2682 verbo
2069 2639 2098 2678 a
2132 2624 2242 2679 Deo
2288 2622 2590 2698 revelatum
2635 2631 2756 2688 est,
2790 2621 3018 2692 probare
3064 2621 3244 2678 debet.
3289 2621 3378 2677 Sic
3401 2632 3454 2677 et
3483 2638 3550 2677 an
3579 2638 3672 2678 ru-

353 2716 653 2772 revertitur
699 2717 767 2772 ad
803 2732 918 2772 eam
965 2717 1035 2774 de
1061 2725 1172 2789 'qua
1217 2733 1375 2790 supra
1409 2718 1654 2784 dixerat,
1686 2727 1741 2774 et
1786 2719 1968 2789 alligat
2067 2717 2151 2772 dis
2189 2715 2294 2771 dici
2343 2716 2618 2786 potuerit,
2649 2715 2953 2785 expostulo.
2999 2715 3156 2770 Certe
3206 2717 3348 2770 enim
3379 2714 3512 2772 rude
3543 2715 3671 2772 ilhtd

349 2821 600 2864 sensum.
636 2807 716 2879 (ὁ)
749 2807 898 2864 Adeo
927 2808 1078 2866 aufer
1107 2808 1232 2864 hinc
1269 2819 1439 2863 autem
1463 2851 1479 2873 ,
1503 2817 1556 2864 et
1598 2809 1770 2864 soluta
1815 2825 1964 2866 com-
2067 2818 2153 2866 est
2203 2808 2346 2879 quod
2395 2807 2769 2878 imperfectum
2821 2817 2923 2863 est.
2971 2807 3130 2864 Certe
3159 2807 3532 2878 imperfectum
3563 2823 3670 2866 non

349 2915 496 2972 pago
533 2909 650 2967 est,
680 2909 738 2957 ut
765 2909 890 2956 tunc
925 2901 1094 2971 possit
1119 2900 1188 2957 de
1216 2901 1318 2956 alia
1349 2911 1487 2956 terra
1527 2901 1727 2957 dictum
1754 2901 1960 2969 videri,
2067 2913 2242 2976 potest
2269 2918 2390 2959 esse
2414 2947 2428 2971 ,
2457 2903 2557 2957 nisi
2585 2901 2726 2972 quod
2773 2901 2971 2958 factum
3000 2911 3100 2957 est.
3135 2901 3286 2968 Quod
3313 2903 3454 2957 enim
3494 2902 3672 2958 minus
3699 2936 3736 2963 ,ι

353 2993 522 3050 Terra
545 3004 652 3052 erat
679 2994 943 3053 invisibilis
975 3005 1021 3050 et
1047 2997 1212 3051 rudis.
2066 3001 2262 3056 factum
2311 3007 2430 3064 est,
2461 2997 2826 3068 imperfectum
2876 3007 2978 3050 est.
3038 2995 3234 3058 Certe.
3279 2997 3476 3068 inquis.
3526 2997 3670 3068 Ergo

918 3086 1147 3146 CAPUT
1189 3089 1404 3145 XXVII.
2066 3093 2288 3148 materia
2318 3107 2436 3162 qua:
2477 3089 2612 3146 facta
2641 3105 2748 3144 non
2775 3097 2890 3143 erat
2917 3089 2970 3143 in
3003 3098 3172 3144 totum
3203 3087 3514 3160 imperfecta
3544 3104 3699 3162 esse_

429 3177 503 3252 (c)
531 3177 634 3235 Sed
685 3187 739 3234 tu
764 3181 1046 3250 supercilia
1080 3181 1158 3254 (4)
1186 3184 1376 3254 capitis
1399 3227 1414 3252 ,
1445 3191 1573 3242 nutu
1600 3174 1839 3256 (5)digiti
1862 3201 1955 3242 ac-
1984 3185 2030 3250 C
2062 3203 2168 3242 non
2221 3185 2410 3256 potuit.
2461 3186 2591 3251 Quae
2639 3182 2952 3254 imperfecta
3004 3196 3110 3238 non
3159 3183 3288 3250 fuit,
3317 3183 3476 3249 etiam
3510 3183 3660 3241 rudis

347 3271 736 3341 commodata,
773 3273 930 3330 altius
982 3275 1214 3342 tollens,
1260 3283 1316 3332 et
1364 3277 1512 3348 quasi
1553 3277 1952 3347 retrojactans:
2063 3295 2168 3336 non
2215 3277 2332 3334 fuit,
2386 3276 2598 3331 Initium
2643 3289 2750 3329 non
2797 3273 3003 3343 habens
3047 3275 3172 3345 quia
3219 3273 3361 3330 facta
3392 3289 3496 3330 non
3527 3275 3663 3342 fuit,

245 3349 262 3360 ’
349 3363 488 3438 Erat
514 3365 736 3436 ,inquis
768 3366 848 3436 (6)
872 3408 888 3434 ,
919 3367 1069 3436 quasi
1087 3382 1300 3438 semper
1321 3367 1514 3434 fuerit,
1545 3369 1751 3425 scilicet
1778 3370 1957 3426 innata
2059 3371 2232 3428 caruit
2272 3378 2326 3426 et
2368 3369 2692 3424 rudimento.
2735 3366 2872 3421 Initii
2904 3365 3046 3421 enim
3075 3367 3327 3422 accidens
3383 3378 3466 3422 est
3513 3369 3661 3424 rudi:

346 3468 404 3516 ct
435 3457 632 3516 infecta
655 3501 670 3526 ,
701 3469 757 3516 et
792 3459 990 3516 idcirco
1029 3461 1247 3516 materia
1293 3461 1580 3521 credenda.
1625 3463 1693 3517 At
1717 3477 1816 3534 ego
1842 3464 1958 3520 sine
2061 3471 2321 3518 mentum.
2353 3461 2520 3516 Terra
2571 3474 2700 3512 vero
2737 3473 2857 3528 qua:
2891 3456 3032 3512 facta
3067 3465 3185 3524 est,
3211 3458 3408 3514 meruit
3433 3461 3664 3516 et'rndis

347 3550 468 3607 ullo
487 3551 760 3612 lenocinio
785 3555 1238 3628 pronuntiationis
1260 3555 1576 3626 simpliciter
1593 3555 1952 3627 respondebo,
2060 3554 2186 3611 dici.
2221 3554 2411 3610 Statim
2441 3553 2583 3608 enim
2616 3559 2672 3606 ut
2699 3550 2833 3606 facta
2859 3558 2976 3618 est,
3008 3549 3194 3610 habuit
3231 3550 3558 3623 imperfecta:
3589 3555 3666 3610 lo-

344 3643 420 3702 de
448 3646 599 3702 omni
628 3662 688 3704 re
715 3663 874 3720 posse
910 3648 1014 3705 dici
1055 3656 1197 3714 erat,
1253 3647 1414 3702 etiam
1471 3647 1538 3702 de
1559 3663 1621 3702 ea
1647 3663 1770 3718 quae
1796 3649 1952 3717 facta,
2059 3661 2179 3703 cum
2207 3687 2222 3715 ,
2249 3655 2374 3702 ante
2415 3644 2822 3726 perfectionem.

342 3753 474 3809 quae
503 3748 627 3794 nata
653 3741 764 3809 sit,
794 3757 914 3811 quae
939 3739 1226 3812 aliquando
1255 3755 1363 3794 non
1395 3737 1584 3804 fuerit,
1615 3749 1672 3795 ει
1697 3755 1817 3811 quae
1843 3755 1955 3796 ma-
2623 3733 2852 3791 CAPUT
2887 3733 3084 3790 XXIX.

344 3833 488 3888 teria
539 3847 646 3888 non
686 3833 781 3890 sit.
828 3832 998 3889 Omne
1041 3833 1185 3889 enim
1233 3831 1374 3904 quod
1413 3831 1574 3887 habet
1613 3845 1770 3899 esse,
1813 3831 1955 3888 unde
2126 3833 2180 3890 Si
2221 3833 2436 3906 quidem
2472 3830 2650 3887 omnia
2680 3843 2841 3899 opera
2891 3841 2988 3882 sua
3022 3828 3162 3886 Dens
3188 3829 3377 3885 ordine
3407 3844 3663 3886 consum-

343 3923 553 3981 habeat
588 3925 710 3996 (7),
749 3926 864 3983 sive
915 3939 1010 4000 per
1041 3923 1421 3992 initium,sive
1464 3907 1584 3981 sine
1633 3924 1788 3980 initio
1829 3925 1949 3998 (8),
2057 3928 2265 3994 mavit,
2307 3926 2519 3984 incultis
2569 3923 2680 3998 (14)
2730 3921 2906 3993 primo
2949 3921 3232 3980 elementis
3273 3922 3363 3997 (e),
3405 3923 3667 3998 depalans

1587 4033 1978 4095 LECTIONES
2018 4038 2432 4096 VARIANTES.

781 4148 1277 4226 (promulgavi't‘anlte
1313 4156 1564 4226 uenat-“rat
1599 4150 1763 4226 qualia
1801 4161 1955 4212 esset,
2125 4152 2196 4226 (ξ)
2219 4154 2496 4226 ξίηεᾳὸεει
2521 4155 2672 4226 ξενηι.

339 4211 617 4273 antequam
637 4224 701 4260 an
739 4211 910 4273 esset,
935 4211 1150 4264 ostendit
1175 4225 1188 4262 :
1213 4211 1420 4273 figuram
1458 4211 1731 4277 deformat,
1774 4211 1955 4266 nomen
2127 4211 2191 4278 (9)
2221 4217 2494 4268 Relationis
2515 4220 2636 4269 Jun.

339 4272 607 4324 abscondit
641 4288 654 4323 :
680 4276 802 4325 Jun.
827 4273 895 4326 ita
917 4273 1105 4326 teaeud.
1129 4281 1304 4326 censet.
2121 4279 2137 4326 ί
2149 4278 2220 4326 lOl
2253 4280 2308 4326 In
2331 4282 2636 4326 quaestione“

339 4276 607 4324 abscondit
641 4288 654 4323 :
680 4276 802 4325 Jun.
827 4276 895 4326 ita
917 4276 1105 4342 legend.
1129 4281 1304 4328 censet.

195 4357 212 4383 ο
409 4333 492 4409 (si
515 4333 755 4409 ι’ἓίὶίιειῖξιι
776 4336 981 4409 Sermo
1009 4336 1204 4409 9t“!!!-

2121 4276 2220 4342 (l0)
2253 4280 2308 4329 In
2331 4282 2652 4342 quaestionem
2677 4293 2901 4344 magnam
2927 4278 3080 4332 Seml.

2120 4342 2222 4403 (11)
2254 4349 2324 4393 mi
2345 4355 2523 4392 onmes.
2550 4343 2840 4409 Suspicatur
2865 4342 3110 4396 Itallensis
3143 4341 3400 4409 tegendum
3431 4342 3573 4406 cujus
3594 4357 3659 4395 ex

435 4396 977 4473 ζ’),ιέάροείιειιιέεηξιῐ
1004 4398 1200 4473 φωρ·
1232 4461 1263 4473 η
1576 4470 1586 4473 _
1908 4467 2018 4473 __

715 4396 977 4473 ἐέητέθηξλί
1004 4398 1200 4473 9.0”?!“-
1232 4461 1263 4473 η
1576 4470 1586 4473 _
1908 4467 2020 4473 ._
2053 4396 2298 4473 (tussiat:

377 4523 389 4532 _
401 4457 790 4535 (ﬂisupercilio
810 4461 967 4535 βεηιρ
998 4460 1194 4513 Oberth.
1231 4461 1505 4526 Supercilio
1542 4470 1594 4513 et
1628 4464 1802 4528 capitis
1833 4471 1954 4516 nutu
1977 4467 2032 4528 1)
2119 4464 2220 4530 (12)
2249 4468 2299 4516 Si
2323 4466 2452 4515 nuda
2475 4467 2536 4516 sit
2567 4469 2788 4527 materia,
2827 4467 2936 4518 Deo
2973 4465 3116 4518 sentt.
3137 4465 3335 4535 Obertlt.
3361 4465 3413 4516 Si
3440 4467 3564 4516 nuda
3588 4469 3664 4519 sic

336 4521 530 4582 digitis,
541 4521 906 4582 accommodato
939 4532 1051 4574 Jun.
1303 4521 1315 4526 ’
1689 4521 1704 4528 ’
1977 4521 2020 4528 ”⁷
2057 4521 2172 4578 Jun.

510 4581 576 4658 ῌι
597 4585 896 4658 nutu_Seml.
923 4585 1119 4638 Obertlt.
1147 4585 1326 4638 Pamel.
2119 4590 2224 4658 (id)
2245 4589 2526 4658 Inquietam
2552 4589 2702 4658 Seml.
2723 4591 2886 4658 ορατ.
2911 4590 3150 4658 Incultum
3172 4587 3354 4658 sutspic.
3377 4590 3501 4640 Jun.

517 4643 686 4714 Ειίιιιίι
705 4655 832 4714 «ἔκηα.
871 4709 916 4714 ,-
945 4710 959 4714 _
1093 4710 1128 4714 _
2115 4643 2221 4714 (14)
2245 4643 2485 4705 Incultum
2507 4652 2616 4706 scit.
2641 4655 2876 4706 mundum
2899 4655 3020 4706 Jun.
3046 4653 3204 4706 minus
3229 4643 3367 4704 bene.

409 4645 492 4708 (6)
517 4645 572 4694 lo
609 4647 686 4696 uit
705 4655 821 4698 Jun.

409 4705 490 4773 (Ἰ)
513 4659 681 4760 113m
696 4708 850 4760 Semt.
870 4709 1062 4761 Habeat
1083 4710 1238 4762 Fran.
1877 4755 1888 4774 ,

786 4825 797 4834 ‘
1716 4817 2284 4879 COMMENTARIUS.

417 4927 800 5005 CAP.‘X_XVL
833 4961 907 4972 —
937 4931 1014 5005 (ει)
1046 4930 1114 5005 Et
1137 4933 1388 5003 separauit
1427 4934 1556 5005 inter
1597 4949 1802 5002 aquam,
1833 4952 1948 5004 qua:
2051 4939 2450 4994 accommodato.
2497 4940 2551 4994 In
2580 4939 2902 4996 editionibus
2925 4938 3234 4994 Rhenanict
3257 4937 3442 4992 codice
3477 4937 3657 4992 Divin-

334 5002 1717 5083 emtittfraﬁmamentum.Infraomninohicaccipit
1739 5002 1945 5074 auctor,
2053 5011 2203 5064 nensi
2237 5011 2469 5082 legitur:
2505 5012 2610 5066 Sed
2637 5021 2690 5083 tu
2712 5011 2982 5083 supercilio
3008 5011 3192 5081 capitis
3245 5019 3290 5064 et
3341 5018 3467 5064 nutu
3505 5008 3654 5080 digiti

337 5075 654 5153 prastinem
702 5084 794 5130 aut
825 5075 942 5153 sub,
975 5090 1153 5153 neque
1181 5077 1322 5130 enim
1350 5075 1504 5130 aliter
1533 5075 1699 5146 accipi
1739 5086 1944 5153 potest;
2051 5075 2464 5153 accommodato,
2497 5092 2589 5137 etc.
2635 5082 2754 5153 Βιε.

335 5141 490 5218 quod
537 5141 680 5200 ra-ee
705 5154 813 5214 est,
834 5153 860 5200 ὃ
882 5151 937 5210 ἦν
967 5141 1190 5204 inueniret
1208 5155 1292 5204 τοῦ
1320 5141 1672 5217 στερεώματος,
1716 5141 1912 5204 maxim

335 5225 468 5274 eum
485 5159 621 5274 ῑῗιυει
637 5214 798 5272 Hebr.
822 5215 888 5274 II.
923 5217 1274 5274 transferatur
1293 5217 1410 5273 :sub
1425 5217 1632 5274 pedibus
1653 5219 1780 5274 eius.
1811 5221 1918 5274 sicu

2121 5151 2275 5208 CAP.
2293 5141 2463 5208 XXVI
2470 5153 2608 5209 IL—
2621 5152 2698 5225 (d)
2715 5152 2814 5206 Aut
2825 5154 2869 5207 si
2883 5152 2976 5205 hoc
2991 5169 3022 5205 a
3038 5151 3144 5206 Deo
3157 5151 3429 5205 revelatum
3443 5157 3531 5202 est.
3546 5149 3647 5205 [.0-

2064 5236 2145 5274 3us
2187 5225 2529 5274 at'ltmlnmltts
2557 5227 2816 5274 adversus
2864 5223 3176 5274 hmrclicos.
3209 5234 3344 5274 ouos
3371 5220 3644 5274 sniritales

335 5214 798 5289 cumiilndﬂebr.
822 5215 888 5282 II,
923 5214 1410 5274 transferaturzsuli
1424 5214 1632 5288 pedibus
1653 5219 1780 5286 ejus,
1811 5221 1949 5276 sicut
2049 5236 2145 5277 cus
2187 5225 2529 5278 adnotamdns
2557 5214 2816 5278 ad‘rcrsus
2864 5223 3176 5283 haereticos,
3209 5234 3344 5289 quos
3371 5220 3644 5289 spiritales

545 5285 679 5374 ﬁliis
705 5287 1104 5374 ittterpretibus,
1132 5289 1221 5344 sub
1251 5281 1590 5374 ﬁrmamenti).
1623 5281 1778 5372 Ριξιιί
2049 5295 2262 5363 quidam
2281 5302 2607 5374 nuncupant,
2625 5293 3033 5374 :tttt'ettstat'icos,
3055 5281 3641 5374 quietitantnscriplnt'a

437 5345 504 5441 Ir)
527 5345 999 5441 Adeaaufer‘hinc
1027 5345 1366 5441 att'tem,:etc:
1411 5360 1639 5441 Pulchra
1679 5361 1946 5441 interpre-
2050 5345 3307 5441 Sontetnpta-Isdlisrevelationibusfuitendum
3331 5345 3637 5441 'docentzin

527 5357 672 5417 Meo
705 5355 860 5432 aufer
882 5359 999 5412 hinc
1027 5355 1364 5428 autem,'etc.
1411 5360 1639 5415 Pulchra
1679 5361 1946 5431 interpre—
2050 5355 2386 5433 contempta,
2417 5355 2546 5418 solis
2579 5355 2992 5418 revelationihus
3032 5355 3307 5416 nitendum
3337 5355 3636 5418 docentzin

334 5452 390 5504 'M
489 5469 532 5504 ,Α
563 5429 698 5504 quid
739 5428 1002 5504 particula
1032 5439 1199 5484 autent
1251 5431 1303 5484 in
1333 5431 1626 5504 Scripturis
1650 5433 1816 5486 sacris
1843 5434 1940 5487 ad-
2043 5449 2268 5504 quonon
2298 5435 2622 5490 credendum
2654 5434 2756 5486 illis
2809 5433 2962 5504 docet
3005 5431 3091 5485 hic
3121 5439 3330 5497 auctor,
3382 5431 3482 5485 nisi
3508 5447 3636 5502 pro-

329 5497 781 5635 “mitiﬁcet.
827 5499 1126 5556 Aduotatnr
1173 5511 1348 5558 autem
1375 5517 1406 5556 a
1439 5501 1701 5580 Rhenano
1746 5504 1939 5560 similis
2046 5497 2170 5559 bent
2197 5505 2244 5558 id
2275 5521 2303 5558 a
2331 5504 2442 5559 Deo
2469 5506 2780 5560 revelatum.
2817 5503 2949 5555 Pnu.

329 5571 512 5635 belli.
617 5571 720 5630 lib.
751 5569 817 5626 de
846 5567 1127 5626 Resurrect.
1149 5575 1334 5635 carnis,
1363 5574 1515 5635 infra,
1547 5588 1668 5635 cap.
1701 5573 1767 5628 40
1803 5593 1815 5628 :
1853 5575 1937 5628 Ita
2115 5576 2190 5635 (e)
2218 5573 2479 5635 Depnlans
2505 5571 2877 5635 quodammodo
2907 5586 2949 5622 nt

617 5569 817 5648 Iib._de
846 5567 1127 5626 Resurrect.
1149 5575 1334 5639 carnis,
1363 5574 1515 5648 infra,
1533 5573 1668 5648 cap.
1701 5573 1767 5648 lit)
1803 5593 1815 5628 :
1853 5575 1937 5628 Ita
2115 5576 2190 5648 (e)
2218 5573 2479 5648 Depnlans
2505 5571 2877 5648 quodammodo
2907 5571 3171 5648 mundum.
3202 5569 3465 5648 pepalans
3487 5573 3635 5648 ,Δριοε

713 5643 898 5712 homo,
925 5653 1267 5699 consertarum
1296 5639 1691 5699 substantiarum
1721 5644 1940 5701 duarum
2043 5639 2151 5710 est,
2173 5639 2556 5704 'tnanifestans,
2587 5643 2760 5712 palam
2819 5639 3130 5694 ostendens.
3183 5639 3437 5712 Adversus
3480 5641 3637 5712 Μαι·-

321 5711 926 5794 Mafﬁﬁégjbufq
957 5721 1046 5794 ρξξ-
1083 5714 1224 5794 PM!-
1569 5786 1580 5794 _
1821 5787 1850 5794 __
1891 5787 1902 5794 _
1932 5787 1943 5794 _
2043 5719 2278 5794 εἱοηεηι,Δ
2301 5716 2392 5794 lib.
2429 5714 2488 5777 V,
2521 5710 2832 5794 dpostnlnnt
2878 5720 3031 5794 vocat
3072 5710 3440 5794 tlepalatorctrt
3462 5710 3628 5767 disci-

397 5778 560 5848 m9.
579 5778 972 5854 KXVII.-—fc)
988 5783 1159 5840 Sedtu
1174 5787 1444 5858 supercilia
1465 5786 1645 5858 capitis
1658 5795 1782 5842 nutu
1797 5787 1943 5859 digiti
2046 5789 2201 5859 plina:
2229 5787 2448 5852 dit‘ill’d),
2484 5787 2534 5840 id
2574 5778 2669 5840 Vest
2707 5787 3074 5836 cuarratorem
3101 5823 3114 5847 ,
3146 5778 3630 5850 promulgaturum-

98 5942 333 6120 Δε-
