4008 6280
284 273 394 336 319
1435 288 1639 346 LIBER
1678 290 2046 352 ADVERSUS
2084 295 2580 357 HERMOGENEM.
3543 309 3652 371 250

280 402 398 455 certi
418 408 475 455 et
502 402 627 474 ipsi
658 405 919 476 peribunt
942 403 1058 475 (Ps.
1105 404 1189 470 Cl,
1218 403 1309 475 26,
1337 405 1455 478 27).
1486 407 1620 463 Nam
1647 409 1748 464 etsi
1775 420 1940 466 muta-
1971 412 2026 472 A
2050 415 2343 485 corporalis
2369 426 2458 470 aut
2482 417 2832 488 incorporalis
2861 420 2939 492 (7)
2968 422 3036 477 sit
3062 437 3282 480 necesse
3307 434 3389 481 est
3407 426 3491 496 (ut
3521 444 3647 484 con-

280 492 353 548 bit
380 494 479 565 (1)
502 494 652 551 illos
680 498 835 553 velut
867 497 1167 569 Operle
1185 536 1200 564 ,
1232 509 1279 554 et
1305 500 1668 569 mutabuntur;
1707 503 1802 560 sed
1826 516 1943 561 mu-
2046 506 2230 560 cedam
2264 507 2475 563 interim
2505 524 2627 567 esse
2645 510 2844 583 aliquid
2874 513 3210 585 incorporale
3240 515 3308 573 de
3332 492 3650 576 substantiis

280 586 412 650 tari,
440 589 667 656 perire
694 596 786 647 est
812 590 1037 660 pristino
1059 592 1241 659 statui,
1274 609 1433 661 quem
1462 593 1543 668 (‘2)
1576 594 1704 650 dum
1733 607 1941 653 mulan-
2044 598 2337 667 dumtaxat,
2377 616 2496 657 cum
2542 603 2657 675 ipsa
2686 605 2984 662 substantia
3036 622 3229 679 corpus
3259 611 3331 665 sit
3358 612 3435 667 rei
3467 612 3650 682 cujus-

278 686 394 745 ων,
416 679 752 737 amittunt.
776 680 860 754 (ιι)
887 681 954 738 Et
977 682 1136 739 stella
1168 685 1367 755 quidem
1397 687 1462 743 de
1504 688 1630 743 coelo
1673 700 1842 758 ruent,
1873 691 1942 745 si-
2043 700 2172 764 que)
2212 703 2356 749 certe
2394 705 2515 764 post
2556 694 2835 768 corporale
2883 708 2938 754 et
2984 698 3320 772 incorporale
3355 703 3490 759 nihil
3534 679 3648 761 ter-

282 782 369 828 cnt
394 773 482 845 (ὁ)
510 770 622 844 ﬁci
652 777 838 839 arbor.
882 792 996 831 cum
1030 777 1200 832 ualido
1242 792 1497 834 commota
1536 790 1682 837 vento
1703 824 1718 848 ,
1760 792 1942 838 acerba
2046 784 2203 842 tium.
2233 787 2345 858 Age
2376 802 2518 844 nunc
2544 792 2616 845 sit
2640 802 2695 846 et
2739 792 2981 862 tertium,
3008 770 3151 865 quod
3194 796 3282 851 illa
3336 807 3480 853 recta
3510 799 3650 854 ratio

277 878 379 919 sua
422 866 663 920 antisti:
720 868 929 939 (Apoc.
981 866 1071 936 Vl,
1114 869 1229 940 15).
1277 868 1481 926 Montes
1512 883 1628 927 vero
1682 882 1939 944 tamquam
2045 874 2470 948 Hermogeniana
2512 884 2857 952 compererit,
2915 901 3036 955 quae
3090 902 3265 958 neque
3305 889 3645 959 corporalem

276 973 402 1012 cm
442 958 773 1029 liquescant
815 975 846 1015 ιι
887 970 1155 1032 conspectu
1203 960 1412 1017 Domini
1442 963 1559 1035 (Ps.
1597 963 1802 1030 XCVII,
1829 965 1885 1036 5)
1920 981 1939 1021 :
2042 980 2221 1041 neque
2250 971 2640 1041 incorporalem
2684 978 2960 1033 materiam
2994 980 3118 1035 facit
3147 999 3160 1036 :
3191 983 3278 1037 ubi
3327 958 3449 1040 est?
3489 984 3649 1054 quale

277 1065 417 1107 cum
479 1053 801 1110 meum
869 1054 1072 1110 scilicet
1116 1054 1440 1126 confringere
1488 1064 1677 1111 terram
1738 1055 1837 1142 (Is.
1870 1056 1936 1125 Il,
2043 1061 2164 1117 est?
2197 1064 2321 1133 quid
2352 1069 2611 1123 vocatur?
2646 1070 2772 1140 quid
2808 1071 3174 1131 describitur?
3222 1076 3349 1148 quid
3396 1078 3648 1152 intelligi-

278 1145 399 1219 I9).
426 1145 562 1203 Sed
622 1154 691 1204 et
732 1147 964 1218 paludes,
1009 1146 1201 1218 inquit,
1246 1147 1563 1218 arefaciam;
1618 1156 1664 1203 et
1716 1159 1938 1216 qua:th
2044 1155 2170 1209 tur?
2203 1155 2432 1213 Tantum
2473 1158 2574 1216 hoc
2603 1161 2743 1217 ratio
2791 1166 3135 1236 renuntiavit,
3170 1145 3269 1225 nec
3306 1145 3644 1243 corporalem

274 1256 511 1312 nquam,
580 1256 690 1296 nec
718 1240 970 1296 invenient
1007 1240 1108 1310 (Is.
1137 1240 1407 1309 XCI,'l7;
1439 1242 1600 1310 XCII,
1630 1244 1722 1316 15)
1748 1260 1762 1297 :
1786 1245 1939 1298 etiam
2043 1248 2321 1304 materiam
2351 1266 2448 1306 nec
2479 1252 2888 1324 incorporalem.

274 1348 432 1387 mare
466 1332 751 1387 hactenus
795 1331 873 1406 (ὅ)
917 1330 1010 1411 (ε).
1047 1332 1176 1402 Quae
1190 1334 1368 1389 omnia
1389 1335 1491 1390 etsi
1513 1335 1650 1392 alter
1674 1337 1938 1406 putaverit
2579 1344 2806 1403 CAPUT
2858 1348 3103 1407 XXXVI.

272 1424 649 1494 Spiritaliter
676 1424 1099 1495 interpretanda,
1140 1440 1246 1480 non
1279 1434 1457 1483 tamen
1487 1428 1688 1499 poterit
1720 1428 1936 1486 auferre
2115 1433 2218 1489 Sed
2252 1449 2380 1491 ecce
2407 1439 2737 1493 contrarium
2767 1442 3001 1511 subjicit,
3029 1454 3119 1499 aut
3161 1444 3262 1501 alia
3294 1445 3524 1506 fortasse
3559 1465 3644 1507 ra-

272 1516 614 1589 vcritaten)
668 1518 743 1573 ita
792 1516 1115 1584 futurorum,
1145 1517 1414 1589 quomodo
1459 1520 1663 1589 scripta
1702 1529 1847 1575 sunt.
1879 1519 1936 1578 Si
2040 1524 2118 1580 tio
2143 1527 2191 1581 ei
2228 1530 2482 1595 occurrit,
2518 1545 2584 1585 ex
2625 1541 2776 1601 parte
2801 1537 3140 1605 corporalem
3188 1542 3500 1600 renuntians
3530 1561 3645 1600 ma-

276 1626 409 1681 quac
438 1610 622 1666 enim
654 1608 844 1682 ﬁgurae
877 1618 1019 1677 sunt,
1051 1626 1116 1665 ex
1154 1609 1318 1669 rebus
1343 1611 1764 1668 consistentibus
1805 1612 1938 1668 ﬂant
2042 1620 2250 1687 teriam,
2280 1633 2335 1677 et
2367 1638 2433 1678 ex
2462 1635 2615 1695 parte
2650 1626 3061 1699 incorporalem.
3098 1631 3217 1689 Jam
3255 1651 3384 1707 ergo
3408 1654 3476 1694 ne
3506 1654 3640 1694 neu-

275 1717 535 1759 necesse
571 1710 689 1764 est.
740 1717 845 1756 non
896 1716 965 1758 ex
1017 1701 1331 1757 vacantibus
1364 1720 1378 1756 :
1409 1702 1530 1773 quia
1581 1701 1713 1758 nihil
1763 1713 1935 1774 potest
2041 1719 2181 1766 trum
2210 1713 2299 1780 sit,
2333 1724 2616 1787 utrumque
2650 1721 2871 1775 materia
2903 1726 3173 1780 censenda
3202 1737 3283 1782 est
3300 1701 3472 1785 {Erit
3496 1732 3640 1788 enim

272 1792 370 1847 alii
397 1792 850 1849 similitudinem
883 1790 952 1849 de
981 1807 1080 1849 suo
1113 1802 1366 1863 priestare
1395 1792 1498 1865 (4),
1532 1794 1633 1849 nisi
1661 1795 1731 1866 sit
1754 1793 1928 1866 ipsum
1960 1807 2008 1869 Β
2037 1806 2334 1874 corporalis
2368 1817 2423 1863 et
2465 1809 2817 1881 incorporalis
2870 1815 3131 1874 adversus
3187 1824 3639 1881 renuntiationcm

274 1883 438 1956 quod
492 1885 611 1941 tali
664 1883 1018 1941 similitudine
1070 1893 1304 1956 przcstet.
1359 1884 1622 1942 Revertor
1658 1889 1817 1959 igitur
1864 1888 1931 1944 ad

272 1990 589 2040 caussam,
621 1973 971 2031 deﬁnientem
1013 1976 1194 2035 omnia
1228 1991 1293 2031 ex
1324 1975 1490 2032 nihilo
1516 1977 1678 2042 edita,
1707 1978 1759 2033 in
1789 1977 1932 2033 nihi-

277 2068 396 2123 lum
426 2078 807 2139 perventura.
842 2066 929 2122 Ex
954 2078 1160 2124 teterno
1188 2068 1354 2133 enim,
1385 2068 1433 2123 id
1474 2077 1557 2123 est
1586 2084 1650 2123 ex
1683 2070 1927 2136 materia,

273 2161 424 2229 nihil
460 2162 630 2216 Dens
658 2159 926 2216 interibile
956 2158 1189 2220 fecisset.
1217 2174 1317 2215 nec
1338 2174 1410 2215 ex
1439 2160 1730 2230 majoribus
1752 2160 1930 2215 mino-

276 2269 340 2308 ra
372 2252 771 2317 condidisset,
801 2252 884 2308 cui
914 2253 1082 2322 magis
1107 2259 1367 2322 congruat
1395 2268 1460 2307 ex
1492 2251 1791 2307 minoribus
1818 2268 1931 2308 ma-

274 2346 404 2416 jora
432 2344 785 2417 producere,
818 2345 868 2401 id
900 2354 1070 2400 estex
1104 2343 1359 2399 interibili
1397 2354 1680 2410 ueternum,
1705 2345 1848 2417 quod
1875 2358 1926 2403 et

281 2438 447 2493 carni
502 2450 723 2495 nosme
768 2437 1070 2508 pollicetur,
1096 2436 1251 2506 cujus
1276 2435 1489 2491 virtutis
1541 2445 1596 2492 et
1644 2437 1928 2508 potestatis

280 2543 402 2584 suae
436 2530 534 2602 (ὃ)
563 2529 714 2584 hunc
735 2527 845 2599 jam
886 2528 1246 2583 arrhabuncm
1299 2527 1469 2583 voluit
1495 2528 1546 2583 in
1576 2529 1731 2585 nobis
1758 2530 1928 2586 collo-

283 2636 477 2691 casse,
505 2633 581 2678 ut
611 2621 897 2678 credamus
926 2621 1087 2677 etiam
1118 2620 1267 2676 illum
1298 2621 1703 2677 universitatem
1742 2637 1808 2678 ex
1838 2625 1924 2678 ni-

285 2714 402 2772 hilo
454 2716 629 2772 velut
676 2724 1001 2781 emortuam,
1029 2730 1147 2783 qde
1194 2715 1397 2772 scilicet
1445 2731 1552 2772 non
1581 2726 1698 2773 erat
1734 2717 1836 2789 (6),
1870 2719 1923 2774 in

288 2805 399 2865 hoc
428 2817 500 2865 ut
521 2817 700 2877 esset,
728 2808 1036 2863 suscitasse.

870 2899 1098 2957 CAPUT
1145 2898 1363 2958 XXXV.

365 2998 452 3055 De
480 3006 699 3054 caetero
723 3010 853 3052 vero
879 3003 1022 3050 statu
1060 2994 1321 3059 materiae,
1354 2993 1454 3051 etsi
1505 3009 1612 3051 non
1643 3006 1728 3053 est
1750 3008 1920 3055 retra-

287 3093 596 3158 ctandum,
629 3091 775 3157 prius
800 3090 943 3146 enim
979 3097 1097 3145 erat
1124 3097 1196 3143 ~ut
1221 3103 1340 3143 eam
1363 3102 1485 3144 esse
1510 3101 1803 3159 constaret,
1834 3100 1917 3147 ta-

287 3200 420 3242 men
463 3199 567 3241 ae-
582 3185 628 3239 si
667 3186 987 3259 constiterit,
1018 3181 1420 3253 persequendus
1463 3193 1547 3239 est
1592 3184 1770 3240 ordo:
1809 3203 1916 3258 quo

292 3278 478 3350 magis
513 3291 636 3334 eam
666 3292 772 3332 non
802 3254 924 3333 esse
955 3284 1196 3339 constet,
1223 3273 1376 3345 cujus
1402 3290 1503 3332 nec
1536 3278 1772 3349 reliquus
1807 3292 1916 3336 sta-
1942 3248 1986 3312 Ο

293 3378 381 3427 tus
421 3366 725 3436 consistat,
755 3368 912 3424 simul
957 3378 1015 3422 ut
1054 3365 1465 3423 contrarietates
1502 3384 1628 3424 suas
1665 3385 1918 3442 agnoscat

295 3462 712 3536 Hermogenes.
756 3462 959 3529 Prima,
988 3461 1195 3533 inquit,
1227 3458 1362 3517 facie
1408 3461 1618 3518 videtur
1646 3465 1799 3522 nobis
1829 3467 1914 3523 in-

292 3549 615 3630 corporalis
664 3571 784 3613 esse
833 3555 1058 3611 materia
1108 3572 1121 3607 :
1167 3553 1433 3624 exquisita
1486 3563 1664 3612 autem
1710 3560 1915 3617 ratione

294 3661 486 3716 recta,
514 3648 787 3704 invenitur
815 3660 990 3718 neque
1022 3645 1317 3715 corporalis
1337 3687 1353 3712 ,
1386 3660 1558 3716 neque
1603 3647 1916 3722 incorpora-

292 3740 383 3799 lis.
413 3743 563 3811 Qna:
608 3747 690 3797 est
731 3740 833 3795 ista
875 3739 1014 3795 ratio
1039 3745 1206 3801 recta,
1233 3751 1355 3807 quae
1384 3735 1516 3791 nihil
1558 3742 1689 3795 recti
1715 3757 1915 3799 renun-

296 3835 420 3907 tiat,
459 3834 515 3891 id
540 3832 779 3891 estnihil
805 3831 972 3911 certi?
991 3830 1101 3888 Nisi
1135 3828 1291 3913 fallor
1314 3829 1479 3897 enim,
1506 3835 1682 3889 onmis
1709 3852 1795 3891 res
1820 3848 1911 3894 aut

2035 1906 2199 1952 recta:
2225 1900 2448 1955 rationis
2478 1900 2556 1974 (8)
2586 1903 2753 1972 illius,
2781 1906 2938 1976 plane
2963 1911 3225 1966 rationem
3266 1929 3370 1968 non
3417 1916 3643 1974 redden-

2037 1991 2105 2045 tis
2147 1994 2428 2048 sententize
2457 2010 2587 2059 suze,
2635 1995 2775 2052 sicut
2821 2015 2920 2055 nec
2963 2002 3067 2056 alia
3114 2004 3312 2060 reddit.
3345 2008 3638 2080 Corporale

2035 2085 2177 2139 enim
2209 2088 2447 2141 materiae
2475 2088 2589 2143 vult
2609 2103 2751 2155 esse,
2781 2091 2849 2147 de
2870 2107 2978 2163 quo
2998 2109 3225 2166 corpora
3251 2098 3479 2158 edantur
3504 2120 3519 2156 :
3549 2103 3633 2160 in-

2031 2180 2314 2249 corporale
2333 2197 2483 2248 vero,
2505 2184 2831 2241 inconditum
2857 2200 3059 2244 motum
3088 2192 3218 2262 ejus.
3256 2193 3312 2250 Si
3339 2198 3506 2264 enim,
3539 2201 3633 2268 ait,

2032 2283 2231 2342 corpus
2254 2274 2621 2330 tantummodo
2637 2289 2801 2343 esset,
2823 2278 2952 2335 nihil
2972 2281 3020 2337 ei
3050 2283 3386 2355 incorporale
3406 2304 3635 2360 appare-

2032 2373 2135 2428 ret,
2159 2364 2210 2419 id
2233 2376 2314 2419 est
2332 2375 2533 2421 mutus.
2552 2368 2604 2421 Si
2630 2384 2758 2424 vero
2781 2370 2832 2425 iu
2854 2381 3021 2427 totum
3051 2375 3403 2447 incorporalis
3422 2379 3632 2449 fuisset,

2030 2454 2234 2509 nullum
2280 2470 2476 2526 corpus
2513 2471 2583 2512 ex
2618 2473 2680 2514 ea
2725 2459 2899 2516 ﬁeret.
2933 2462 3017 2534 (ά)
3046 2463 3256 2530 Quanto
3280 2466 3396 2525 htcc
3439 2473 3637 2531 rectior

2029 2546 2198 2601 ratio!
2231 2547 2329 2600 nisi
2369 2549 2512 2618 quod
2543 2550 2587 2603 si
2612 2560 2717 2605 tam
2749 2562 2923 2608 rectas
2952 2555 3117 2611 lineas
3139 2556 3312 2627 ducis,
3350 2560 3636 2635 Hermoge-

2028 2651 2147 2701 nes,
2189 2653 2350 2708 quam
2399 2639 2534 2696 ratio
2568 2640 2668 2696 ista
2701 2641 2802 2715 (9),
2836 2645 3007 2714 pictor
3047 2656 3101 2703 te
3124 2649 3344 2708 bardior
3382 2668 3487 2710 non
3529 2666 3631 2712 ρει.
3661 2686 3714 2699 --

2024 2727 2157 2798 Quis
2183 2731 2325 2786 enim
2365 2730 2459 2786 tibi
2492 2733 2741 2789 concedit
2771 2749 2973 2792 metum
3015 2739 3068 2794 in
3098 2743 3390 2800 secundam
3426 2759 3633 2817 partem

2025 2822 2340 2878 substantiae
2364 2823 2671 2911 .deputare?
2716 2841 2841 2882 cum
2887 2829 3224 2911 substantiva
3277 2850 3366 2892 res
3397 2854 3501 2893 non
3530 2840 3622 2909 sit,

2023 2913 2146 2984 quia
2178 2929 2277 2970 ncc
2298 2907 2622 2986 corporalis;
2651 2918 2746 2974 sed
2771 2907 3025 2979 accidens
3054 2925 3099 2978 si
3126 2925 3287 2994 forte,
3315 2907 3629 2988 substantiae

2022 3014 2079 3060 et
2101 3009 2365 3076 corporis,
2396 3015 2454 3063 ut
2473 3018 2645 3077 actus,
2675 3018 2728 3066 et
2759 3013 2966 3082 pulsus,
3010 3025 3067 3070 ut
3116 3016 3317 3088 lapsus,
3347 3032 3406 3077 ut
3442 3038 3624 3092 Casus,

2026 3098 2097 3155 ita
2139 3109 2194 3156 et
2222 3110 2418 3156 motus.
2451 3101 2584 3158 Nam
2633 3106 2748 3162 sive
2791 3120 2821 3161 a
2863 3109 3154 3181 semetipso
3182 3108 3307 3183 quid
3357 3128 3625 3187 movetur,

2021 3200 2174 3246 actus
2204 3193 2320 3263 ejus
2347 3203 2430 3249 est
2464 3207 2661 3261 motus,
2691 3206 2839 3254 certe
2876 3215 3000 3269 pars
3032 3203 3348 3263 substantia:
3395 3225 3501 3264 non
3547 3221 3631 3269 est

2020 3283 2158 3339 sicut
2185 3293 2240 3338 tu
2268 3295 2471 3340 motum
2492 3286 2847 3345 substantiam
2885 3291 3016 3349 facis
3042 3296 3283 3354 materiae
3314 3299 3628 3373 incorpora-

2019 3373 2147 3430 lem.
2170 3374 2361 3431 Omnia
2393 3378 2625 3449 deniqne
2658 3393 2965 3451 moventur,
3001 3395 3094 3440 aut
3132 3402 3161 3440 a
3211 3388 3534 3462 semetipsis,
3565 3406 3627 3451 ut

2018 3468 2296 3533 animalia;
2326 3478 2415 3522 aut
2442 3471 2509 3524 ab
2534 3470 2672 3539 aliis,
2714 3471 2785 3546 (ε)
2812 3485 2864 3528 ιιι
2897 3475 3203 3533 inanimalia
3246 3481 3361 3553 (10)
3394 3503 3407 3538 :
3442 3494 3622 3544 tamen

2026 3574 2125 3614 nec
2154 3558 2452 3629 hominem,
2493 3578 2593 3618 nec
2621 3564 2852 3634 lapidem
2884 3577 2939 3622 et
2968 3573 3308 3640 corporalem
3348 3584 3402 3630 et
3442 3578 3624 3635 incor-

2019 3650 2256 3721 poralem
2288 3651 2549 3722 dicemus,
2592 3656 2715 3725 quia
2754 3666 2809 3712 et
2845 3673 3044 3730 corpus
3079 3661 3275 3720 habeat
3313 3675 3367 3722 et
3390 3680 3622 3739 motum,

2018 3740 2113 3798 sed
2136 3759 2293 3797 unam
2326 3744 2577 3800 omnibus
2611 3745 2838 3804 formam
2866 3750 3032 3807 solius
3062 3758 3475 3827 corporalitatis,
3501 3778 3623 3835 qua:

2029 3836 2340 3892 substantiae
2376 3850 2464 3892 res
2489 3849 2571 3894 est
2605 3856 2620 3894 :
2653 3840 2699 3895 si
2722 3856 2826 3912 qua
2854 3842 3210 3916 incorporalia
3238 3850 3358 3923 (11)
3405 3854 3486 3911 eis
3528 3852 3623 3912 ad.

1582 3928 1966 3992 LECTIONES
2005 3922 2433 3990 VARIANTESI

386 4027 444 4079 11
473 4025 542 4077 Et
569 4025 641 4074 sic
664 4022 889 4074 mutabit.
910 4024 1035 4073 Jun.

386 4029 415 4079 1
473 4027 542 4077 Et
569 4027 641 4074 sic
664 4027 889 4074 mutabit.
910 4027 1035 4073 Jun.

382 4027 449 4164 ἓξ
473 4089 598 4164 9.93"
621 4087 736 4164 (11³1τὲ
751 4082 1235 4164 κδεῖἶιίμέζῖθνέίέζηι
1278 4147 1396 4164 πη.
1471 4153 1508 4164 τ.
1562 4117 1611 4164 τ·

382 4143 449 4215 5)
474 4143 865 4219 fiat-amemus
890 4157 1040 4199 Pran.
1057 4143 1249 4219 Printel.
1270 4143 1583 4219 Poris._P_ost
1602 4162 1709 4201 vero
1723 4147 1915 4201 Rhena-

297 4209 442 4275 nvin;
474 4209 647 4275 Rigalt.
671 4219 829 4263 servat
852 4211 1127 4275 hactenus:
1149 4209 1220 4262 ita
1241 4224 1410 4275 omnes
1432 4213 1682 4275 deinceps.

361 4228 442 4275 πη,
474 4226 528 4264 m
561 4226 647 4262 au.
671 4226 829 4263 servat
852 4226 1089 4261 nactenus
1116 4226 1220 4262 :ua
1241 4226 1410 4264 omnes
1432 4226 1682 4275 deinceps.

361 4226 789 4390 lgéglp'otest
810 4272 1240 4324 adsimilitudinem
1272 4273 1340 4335 de
1378 4288 1469 4326 suo
1490 4276 1738 4340 'prtestare
1763 4272 1914 4326 Rhen.

297 4342 460 4393 Seml.
488 4342 689 4390 Obertlt.
1364 4394 1369 4399 1

302 4463 341 4467 __
362 4402 439 4467 (5)
466 4401 698 4452 Virtutes
734 4405 788 4449 et
814 4402 1089 4462 potestates
1122 4406 1237 4449 suas
1291 4395 1442 4451 Rhea.
1483 4394 1676 4451 Pamel.
1718 4395 1913 4451 Obcrth.

301 4463 511 4517 Virtute
534 4467 590 4514 et
613 4466 860 4527 potestate
880 4471 969 4512 sua
990 4468 1105 4511 Jun.

1940 4443 1995 4503 D

2084 4026 2156 4084 (6)
2182 4025 2287 4075 Erit
2308 4023 2461 4077 Rhea.
2480 4028 2630 4080 Seml.

2086 4088 2660 4169 ςῖζὶΊῖἐίαέίενυειπηιέμίηξα
2694 4091 2867 4169 (ἔθειρα
2912 4096 3065 4169 Rhet!-
3110 4104 3156 4169 ξι
3183 4102 3469 4169 εεφιαείεηιε
3491 4107 3615 4169 eius.

2142 4147 2389 4233 [Ba-1.1395;
2400 4153 2766 4233 ⁷’Ἐξεριᾷιξᾳι-ἱιξ.
2795 4160 2971 4223 Rigalt.
2992 4147 3063 4212 sic
3116 4147 3616 4233 Iug-util

2020 4220 2435 4278 reciprocationis,
2462 4220 2798 4278 reparationis.
2836 4254 2845 4258 -

2097 4274 2168 4339 (9)
2189 4275 2381 4347 nationi
2406 4274 2694 4347 satis'then.
2725 4282 2876 4347 Seml.
2904 4291 2952 4334 et
2990 4284 3291 4338 01ιενιΙιυεὶ
3328 4292 3615 4345 meudomm

2020 4338 2236 4403 sequax;
2239 4338 2325 4389 alii
2347 4341 2797 4403 ratiocinariaajwz.
2822 4345 2965 4396 Ratio
2987 4348 3081 4398 ista
3103 4355 3182 4401 est
3201 4350 3305 4402 alii.

2086 4400 2189 4464 (l0)
2215 4400 2482 4464 Inanimala
2504 4400 2693 4464 Pumrl.
2720 4418 2748 4455 θ
2769 4408 2877 4457 cod.
2911 4409 3064 4460 ratio.

2087 4462 2192 4527 (11)
2214 4462 2465 4527 Incorpora
2484 4462 2637 4516 Illum.
2661 4466 2815 4519 Seml.
2843 4469 3038 4523 Oberth.

1670 4561 2233 4623 COMMENTARIUS.

373 4660 459 4734 (ιι)
493 4658 561 4734 Et
587 4657 977 4734 stelltafquident
1018 4655 1083 4734 de
1107 4656 1236 4712 coelo
1264 4665 1429 4718 ruent.
1459 4657 1604 4734 sicut_
1626 4658 1712 4734 [isi
1741 4658 1909 4734 arbor.

302 4728 486 4790 verba
501 4731 618 4786 lucc
643 4745 713 4784 ex
742 4729 1061 4800 Apocalypsi
1085 4738 1365 4798 desumpta
1380 4739 1521 4794 sunt,
1556 4728 1641 4783 ubi
1671 4730 1748 4783 sic
1774 4728 1913 4800 legi-

305 4814 427 4861 tur:
446 4808 529 4859 καὶ
553 4810 599 4857 οἱ
625 4804 814 4872 ἀστέρες
839 4805 923 4857 τοῦ
949 4804 1147 4871 stipatur?
1172 4807 1345 4854 ἔπεσαν
1372 4804 1439 4862 εἰς
1467 4810 1554 4857 τιὶν
1575 4811 1679 4872 νῦν,
1703 4807 1762 4861 ὡς
1791 4810 1914 4854 συκῆ

298 4882 481 4948 pinu
525 4883 635 4936 τοὺς
674 4878 890 4948 ὃλὺνθειιδς
917 4874 1064 4948 anisi;
1091 4876 1183 4948 ὺπςὸ
1219 4879 1429 4948 prpitii-ou
1458 4877 1643 4948 aivéjuou
1662 4880 1876 4948 asta/ain)
1898 4913 1912 4936 ,

299 4942 412 5004 'boc
463 4953 568 5012 est,
630 4953 676 4999 et
745 4944 903 4998 stella:
950 4942 1014 4995 de
1065 4942 1189 4995 caelo
1245 4942 1553 5009 ceciderunt,
1600 4945 1729 4997 sicut
1787 4946 1915 5009 licus

298 5016 485 5091 objicit
552 5031 754 5088 gressus
822 5030 939 5091 suos
984 5028 1097 5065 cum
1147 5029 1179 5065 τι
1215 5030 1412 5091 magno
1445 5025 1590 5068 vento
1659 5024 1906 5066 nwvelur.

300 5084 888 5158 Porroblovaozgragcis
922 5092 1046 5138 sunt
1070 5098 1230 5158 quos_
1240 5084 1412 5158 Latini
1441 5098 1656 5155 grossos
1688 5094 1899 5158 vocant,

296 5160 412 5218 huc
438 5154 893 5217 estdeinondum
922 5165 1159 5225 maturat.
1189 5154 1550 5210 Tertullianus
1574 5169 1673 5224 pro
1701 5155 1904 5225 grossis

296 5228 491 5300 vam,
513 5232 697 5287 acerba
717 5244 810 5300 sua
842 5243 861 5281 :
884 5226 1053 5282 editio
1082 5223 1305 5300 Vulgata
1331 5226 1510 5300 ‘habet
1534 5223 1738 5300 gressus
1760 5242 1900 5300 suos,

298 5310 388 5361 at
434 5296 615 5361 υἱιιειη
660 5298 847 5357 eadm
892 5296 1279 5368 propemodm:
1328 5296 1732 5367 interpretatio,
1763 5296 1903 5365 quod

300 5375 468 5432 vertit
527 5367 912 5430 Tanaiticum.
980 5367 1112 5423 Nam
1179 5369 1309 5422 nihil
1362 5369 1503 5422 aliud
1574 5376 1657 5422 est
1714 5369 1904 5421 ὄλυνθσν

300 5446 425 5503 sive
456 5448 706 5512 tm,
740 5448 909 5512 quam
948 5440 1082 5494 licus
1109 5437 1243 5512 (iura
1283 5438 1457 5493 adhuc
1498 5448 1657 5508 atque
1686 5438 1899 5493 acerba.

300 5510 794 5581 Theodorusﬂaza
817 5512 871 5566 in
901 5525 1064 5580 opere
1102 5510 1169 5565 de
1186 5510 1394 5580 plantis
1419 5516 1607 5565 σλυνοον
1629 5519 1787 5565 vocat
1804 5523 1901 5564 ca-

868 5653 1047 5710 acerba
1093 5670 1186 5709 sua
1225 5650 1430 5706 amittit.
1475 5651 1705 5735 Crassos
1757 5664 1903 5705 suos.

366 5801 446 5889 (c)
464 5799 539 5881 Et
558 5802 682 5881 jam
701 5813 846 5858 mare
860 5798 1119 5855 hactenus.
1143 5794 1258 5855 Hoc
1279 5804 1383 5868 est,
1402 5793 1520 5853 Non
1537 5722 1906 5868 erililacmplius.

2142 4678 2299 4751 supra
2322 4664 2439 4751 ,"de
2477 4665 3062 4751 cmloLNusquanrﬁct.
3089 4673 3178 4732 Sic
3204 4676 3297 4731 lib.
3327 4679 3390 4734 de
3415 4678 3612 4751 Pallio,

2018 4732 2278 4812 (lactentis
2307 4735 2577 4812 _Sodouta._
2628 4739 2744 4812 Bm.
2794 4732 2867 4782 '—
2921 4732 3093 4799 Etiam
3165 4765 3303 4803 mare
3349 4732 3611 4812 ιὶαὲιέἱὶἱιὲἶ

2016 4804 2119 4896 At“
2162 4820 2260 4896 νερ
2296 4807 2539 4890 Imma:
2567 4810 2760 4896 ιεειυοειι
3290 4804 3611 4896 unctas;

2020 4876 2181 4955 etiam
2204 4874 2541 4955 Degumsuiis
2567 4880 2755 4947 deerit,
2774 4887 2867 4939 sed
2899 4902 3004 4942 non
3031 4874 3274 4947 insolens
3296 4874 3611 4955 liii-0';

2021 4946 2638 5073 (repleamI'I‘ertulliano,
2662 4946 2764 5024 qua
2791 4958 2956 5012 utitur
2985 4974 3101 5029 pro,
3135 4946 3241 5028 idm
3266 4946 3367 5019 non
3395 4946 3493 5036 ait,

2021 5033 2090 5070 ert
2117 5056 2131 5070 .
2210 5034 2239 5073 ε
2314 5036 2364 5073 u.

2020 5029 2131 5070 ενιι.
2162 5029 2239 5073 ιε
2272 5029 2364 5074 I’R.

2262 5110 2503 5165 XXXVI.
2529 5143 2595 5184 -έ-
2623 5113 2703 5184 (d)
2737 5117 2938 5181 Quanto
2965 5124 3072 5174 Itwc
3097 5125 3278 5178 rectior
3307 5128 3479 5181 ratio?
3508 5130 3608 5184 nisi

2007 5182 2142 5246 quod
2236 5192 2338 5234 tant
2364 5192 2523 5263 rectus
2539 5182 2698 5263 litteris
2714 5188 2878 5263 ducis,
2903 5189 3263 5263 Hermogenes.
3288 5195 3388 5250 Ubi
3414 5182 3609 5253 estan-

2009 5252 2238 5337 laetanda
2266 5253 2613 5321 provcrhialis
2644 5252 2890 5322 formula,
2920 5275 2949 5314 a
2979 5252 3245 5337 pictorum
3266 5274 3402 5332 arte,
3432 5252 3606 5337 qualis

2009 5332 2124 5410 erat
2154 5322 2515 5410 Hermogenes
2551 5334 2810 5410 mutilata,
2837 5322 2995 5410 rect-ns
3023 5334 3181 5387 lineas
3211 5322 3414 5405 ducere,
3450 5322 3604 5410 lqua;

2010 5391 2075 5445 lis
2098 5403 2179 5447 est
2201 5391 2494 5460 etiam'illa,
2520 5396 2654 5449 ultra
2688 5391 2890 5452 lineam.
2926 5401 3059 5456 Ρλιιι.

2084 5485 2159 5564 (c_)
2187 5484 2257 5564 Ut
2281 5485 2600 5564 ittauiutalia.
2634 5486 2958 5564 Vatic._cud.
2998 5492 3123 5547 Mss.
3163 5495 3443 5551 inanimato
3467 5542 3482 5564 ,
3511 5503 3605 5558 sed

2014 5556 2141 5612 illud
2161 5556 2321 5632 nolui
2370 5557 2819 5632 immutare,quod
2864 5560 3049 5632 eadem
3100 5568 3439 5632 reperiantur
3470 5556 3603 5626 intra

2011 5642 2127 5697 cap.
2161 5626 2340 5692 XCIV,
2373 5637 2427 5682 ct
2453 5628 2713 5696 ejusmodi
2765 5629 3020 5687 obsoletis
3063 5626 3278 5689 vocibus
3311 5638 3385 5691 uti
3433 5640 3607 5697 snlcat

2011 5698 2416 5829 ιιιιυιοιορψιιιιίε
2456 5707 2537 5754 cst
2562 5697 2725 5755 etiam
2766 5700 2878 5770 illa,
2912 5707 3304 5776 corporalitatis,
3336 5716 3390 5763 et
3438 5709 3606 5767 incor-

2014 5787 2160 5829 υοιά.
2236 5786 2329 5829 All.

2014 5787 2160 5845 pora.
2193 5786 2329 5836 I’All.
