4008 6280
373 277 475 336 251

1796 277 2258 337 TERTULLIANI

3566 273 3677 333 252

379 400 527 461 sunt,
560 400 653 448 aut
681 399 853 461 actus,
892 398 985 447 aut
1011 390 1313 463 passiones,
1342 397 1435 447 aut
1460 390 1659 462 ofﬁcia,
1691 390 1768 465 (a)
1789 402 1884 448 aut
1910 393 1974 448 li-
1998 394 2050 456 Α
2077 391 2227 461 Quod
2267 384 2489 459 bonum,
2521 404 2628 448 non
2657 388 2953 457 desiderat,
2982 396 3078 444 aut
3105 402 3211 444 non
3247 395 3419 459 optat,
3446 395 3540 444 aut
3564 404 3674 443 non

373 483 586 542 bidines
616 500 825 552 eorum,
852 499 958 539 non
982 485 1258 554 portiones
1298 483 1636 556 deputamus.
1679 486 1797 553 Quo
1839 500 1968 557 ergo

375 576 522 643 facit,
556 577 854 648 portionem
892 577 1129 633 materiae
1183 577 1238 632 in
1293 587 1498 633 motum
1528 578 1838 650 disponere,
1878 578 1969 649 qui

374 685 481 726 non
509 669 574 725 ad
595 669 949 725 substantiam
987 671 1238 741 pertinet,
1271 672 1365 727 sed
1386 672 1452 727 ad
1478 672 1788 728 substantia:
1817 672 1971 727 babi-

376 761 531 817 tum?
557 761 695 830 Quid
721 761 865 818 enim
891 762 935 819 si
983 750 1314 819 immobilem
1362 764 1653 835 placuisset
1682 764 1778 822 tibi
1814 765 1972 821 indu-

375 868 502 910 cere
529 855 831 922 materiam,
864 855 1120 927 numquid
1163 857 1524 940 immobilitasl
1555 860 1793 915 secunda
1846 874 1973 932 pars

376 947 565 1004 forma:
590 947 893 1005 videretur?
925 949 1016 1005 Sic
1060 951 1238 1021 itaque
1267 964 1370 1008 nec
1414 959 1592 1008 motus
1623 971 1638 1009 :
1670 952 1744 1026 (ὁ)
1775 952 1975 1010 εθάκίιο

377 1048 527 1098 motu
553 1051 610 1099 et
631 1042 757 1099 alibi
784 1042 965 1100 licebit
992 1043 1090 1115 (1).

911 1195 1140 1255 CAPUT
1177 1197 1442 1256 XXXVII.

452 1336 601 1393 Nunc
639 1335 782 1393 enim
812 1335 967 1393 video
999 1346 1050 1393 te
1078 1336 1144 1392 ad
1182 1337 1341 1393 aliam
1374 1336 1454 1409 (2)
1497 1353 1683 1395 rursus
1715 1339 1976 1396 rationem

380 1430 748 1500 reverti,quae
799 1428 893 1484 tibi
948 1428 1083 1484 nihil
1131 1431 1264 1486 certi
1313 1431 1624 1487 renuntiare
1675 1431 1973 1487 consuevit.

379 1524 512 1580 Nam
541 1524 680 1579 sicut
707 1523 786 1594 (ὃ)
818 1538 916 1579 nec
940 1524 1275 1595 corporalem
1327 1539 1427 1579 nec
1469 1524 1858 1595 incorporalem
1893 1526 1977 1579 in-

380 1617 493 1675 fers
523 1616 604 1688 (4)
634 1616 933 1684 materiam,
976 1617 1047 1671 ita
1087 1631 1187 1672 nec
1234 1616 1430 1672 bonam
1476 1631 1575 1672 nec
1617 1616 1811 1671 malam
1853 1616 1981 1673 alle-

379 1725 476 1782 gas
499 1710 581 1782 (5)
612 1728 625 1764 :
654 1717 708 1765 et
724 1709 1496 1781 proindcsuperargumentans
1527 1709 1612 1779 (6)
1639 1726 1653 1762 :
1685 1727 1704 1760 ι
1730 1708 1787 1764 Si
1804 1709 1975 1776 enim,

382 1803 583 1875 inquis,
605 1808 749 1858 esset
772 1801 909 1857 bona
935 1818 1053 1873 quae
1078 1816 1292 1873 semper
1331 1801 1434 1857 IIOC
1464 1800 1656 1869 fuerat,
1690 1816 1800 1879 non
1829 1800 1978 1856 desi-
2007 1791 2056 1852 B

381 1895 595 1952 deraret
622 1893 1071 1966 compositionem
1114 1894 1207 1949 Dci
1244 1911 1257 1948 :
1295 1894 1339 1948 si
1379 1901 1525 1949 esset
1579 1903 1769 1949 natura
1814 1893 1977 1958 mala,

380 2006 488 2046 non
533 1990 827 2060 accepisset
874 1988 1281 2045 translationem
1327 1987 1379 2042 in
1426 1987 1619 2043 melius
1653 2004 1666 2041 :
1699 2002 1798 2043 nec
1826 1986 1981 2058 quic-

382 2097 542 2154 quam
609 2079 1014 2151 compositionis
1075 2094 1190 2135 sua:
1257 2077 1602 2150 applicuisset
1678 2077 1754 2133 illi
1836 2077 1981 2134 Deus

382 2175 475 2230 tali
526 2183 713 2229 natura
771 2190 787 2228 :
846 2174 901 2227 in
952 2186 1177 2228 vacuum
1233 2170 1352 2241 (7)
1407 2171 1550 2226 enim
1600 2169 1973 2227 laborasset.»

383 2267 557 2324 Verba
609 2265 727 2320 haec
777 2273 865 2319 tua
918 2271 1046 2320 sunt
1094 2280 1107 2317 :
1175 2277 1406 2333 quorum
1469 2271 1521 2317 te
1573 2270 1629 2317 et
1681 2261 1809 2317 alibi
1862 2276 1981 2317 me-

383 2356 607 2414 minisse
632 2363 960 2426 oportuerat,
996 2371 1064 2409 ne
1090 2352 1219 2425 quid
1250 2352 1334 2408 liis
1363 2353 1693 2408 contrarium
1735 2353 1980 2409 inferres.

383 2449 492 2506 Sed
514 2449 767 2520 quoniam
792 2446 860 2502 de
889 2446 1014 2502 mali
1036 2453 1091 2501 et
1114 2445 1240 2502 boni
1285 2444 1636 2517 ambiguitate
1683 2460 1847 2518 super
1867 2459 1982 2501 ma-

384 2542 576 2598 teriam
611 2541 663 2597 in
692 2538 981 2611 pra-teritis
1001 2537 1198 2608 aliquid
1226 2536 1577 2593 tractavimus
1610 2536 1713 2609 (8),
1744 2553 1885 2593 nunc
1914 2537 1981 2593 ad

385 2641 707 2705 praesentem
733 2641 789 2689 et
812 2632 982 2688 solam
1014 2630 1442 2701 propositionem
1471 2639 1525 2686 et
1560 2631 1983 2701 argumentatio-

386 2741 512 2782 nem
545 2734 689 2780 tuam
712 2722 1072 2794 respondebo.
1103 2721 1215 2778 Nec
1240 2722 1438 2789 dicam,
1467 2730 1521 2777 et
1545 2720 1632 2777 hic
1672 2730 1726 2778 te
1774 2732 1979 2778 certum

384 2817 584 2889 aliquid
621 2817 872 2874 debuisse
922 2802 1302 2887 pronuntiasse
1355 2823 1449 2869 aut
1496 2814 1715 2880 bonam,
1746 2825 1839 2870 aut
1863 2830 1981 2870 ma-

385 2910 492 2966 lam
547 2908 646 2983 (9),
692 2917 787 2963 aut
818 2909 1031 2963 tertimn
1073 2905 1274 2978 aliquid
1306 2924 1321 2962 :
1350 2906 1446 2963 sed
1474 2905 1543 2963 de
1566 2907 1649 2961 bis
1680 2906 1796 2981 (l0)
1839 2910 1982 2980 quod

304 2998 307 3001 ’
387 3006 480 3063 tibi
532 3004 686 3060 libuit
732 3001 1131 3075 pronuntiasse,
1174 2999 1498 3057 custodisse.
1528 2999 1812 3057 Rescindis
1836 3001 1982 3057 enim

385 3097 530 3169 quod
564 3095 914 3168 pronuntiasti
941 3110 1041 3151 nec
1065 3094 1262 3149 bonam
1294 3107 1394 3149 nec
1418 3093 1651 3149 malam:
1693 3094 1819 3165 quia
1860 3110 1983 3150 cum

386 3189 559 3246 dicis:
583 3188 644 3245 Si
669 3197 798 3243 esset
844 3187 997 3255 bona,
1030 3203 1135 3242 non
1187 3183 1496 3241 desideraret
1535 3187 1824 3254 componia
1852 3185 1980 3253 Deo,
2010 3186 2055 3249 C.

387 3284 584 3341 malam
619 3281 899 3355 portendis
924 3299 937 3335 :
970 3288 1026 3337 et
1047 3295 1168 3337 cum
1194 3278 1423 3350 apponis
1451 3296 1465 3332 :
1488 3277 1552 3335 Si
1574 3288 1702 3334 esset
1729 3279 1867 3334 mala
1895 3296 1988 3334 tta-

389 3387 527 3443 tum,
556 3392 658 3430 non
694 3374 982 3429 admitteret
1022 3372 1075 3426 in
1105 3371 1284 3427 melius
1335 3370 1740 3438 translationem,
1788 3371 1986 3427 bonam

387 3465 866 3540 suboslcndisﬂl)
895 3483 910 3525 :
935 3472 1094 3537 atque
1120 3466 1192 3519 ita
1228 3473 1283 3520 et
1322 3464 1445 3519 boni
1486 3472 1544 3520 et
1589 3463 1715 3519 mali
1767 3463 1984 3519 affinem

389 3560 717 3621 constituisti
748 3557 890 3633 (l2),
920 3573 1080 3629 quam
1109 3571 1210 3613 nec
1238 3556 1447 3633 bonam;
1474 3570 1578 3612 nec
1608 3555 1804 3611 malam
1857 3570 1985 3628 pro.

391 3620 673 3714 nuntiasti.
708 3620 778 3710 Ut
815 3620 995 3707 autem
1026 3620 1707 3722 (15)argumen'trationem,
1737 3620 1871 3719 qua.
1891 3663 1989 3719 pu-

393 3748 516 3805 tasti
563 3755 615 3803 te
660 3743 1079 3817 propositionem
1114 3752 1257 3796 tuam
1296 3739 1759 3807 conﬁrmaturum,
1800 3748 1989 3796 retun-

391 3839 539 3907 dam,
585 3853 800 3912 oppono
839 3836 999 3894 etiam
1045 3834 1300 3891 illud:Si
1351 3833 1489 3889 bona
1537 3832 1725 3889 fuisset
1764 3835 1991 3891 materia

394 3946 627 4004 semper,
659 3944 827 4003 quare
851 3944 960 3987 non
985 3925 1350 3986 desiderasset
1372 3925 1425 3982 in
1450 3926 1641 3983 melius
1669 3923 1993 3983 reformari?

2072 488 2212 558 capit
2235 485 2346 560 (l4)
2364 484 2696 557 profectum?
2722 495 2780 540 ut
2798 483 2972 540 liatde
2998 483 3141 539 bono
3167 483 3383 538 melius.
3402 481 3601 554 Eque,
3630 482 3677 537 si

2073 578 2214 633 mala
2244 587 2429 633 natura
2475 577 2681 644 fuisset,
2724 591 2888 648 quare
2920 591 3024 632 non
3054 574 3287 645 potuerit
3315 590 3348 629 a
3400 575 3510 629 Deo
3539 591 3676 628 con-

2072 671 2228 738 verti,
2261 680 2366 727 uta
2399 671 2720 742 potentiore,
2751 678 2812 725 ut
2859 670 2928 724 ab
2971 684 3039 725 eo
3068 669 3159 740 qui
3203 668 3437 741 lapidum
3480 684 3681 739 quoque

2075 774 2313 820 naturam
2339 774 2624 820 convertere
2641 765 2806 819 valeat
2828 765 2883 818 in
2903 762 3041 833 ﬁlios
3066 762 3282 817 Abrahae
3306 760 3544 834 (Matth.,
3559 762 3681 831 IV)?

2072 859 2278 931 Nempe
2293 875 2422 931 ergo
2440 875 2545 915 non
2569 869 2775 915 tantum
2788 873 3069 929 comparas
3098 858 3262 914 Deum
3282 856 3397 930 (l5)
3417 858 3677 925 materiae,

2074 953 2173 1010 sed
2195 960 2251 1008 et
2268 951 2509 1023 subjicis,
2539 968 2567 1005 a
2595 967 2702 1022 quo
2729 958 2920 1005 natura
2949 950 3188 1004 materia:
3214 949 3426 1004 devinci
3449 958 3504 1004 et
3543 948 3679 1004 ed0-

2076 1044 2210 1100 mari
2233 1042 2348 1117 (16)
2374 1045 2428 1097 in
2464 1042 2657 1098 melius
2683 1057 2789 1097 non
2823 1040 3101 1112 potuisset.
3132 1040 3238 1096 Sed
3268 1049 3323 1095 et
3377 1055 3539 1113 quam
3596 1039 3685 1095 hic

2025 1212 2033 1227 1
2077 1151 2185 1209 non
2207 1136 2289 1192 vis
2314 1145 2504 1192 natura
2533 1135 2754 1202 malam,
2778 1134 2904 1189 alibi
2935 1144 2987 1190 te
3032 1132 3341 1190 confessum
3365 1133 3610 1205 negabis.

2600 1258 2827 1316 CAPUT
2856 1258 3148 1315 XXXVIII.

2152 1375 2229 1431 De
2284 1376 2387 1433 situ
2416 1375 2655 1432 materia:
2682 1375 2735 1431 id
2764 1386 2955 1442 tracto,
2985 1377 3128 1449 quod
3155 1386 3210 1433 et
3248 1376 3317 1432 de
3346 1385 3493 1432 motu
3525 1377 3674 1448 (l7),

2083 1478 2139 1525 ut
2172 1469 2768 1540 perversitatemftuam
2816 1471 3078 1527 traducat.
3134 1470 3511 1542 Subjacentem
3558 1470 3693 1527 lacis

2084 1563 2198 1619 Deo
2229 1563 2531 1628 materiam,
2584 1572 2640 1619 et
2693 1565 2877 1636 utique
2932 1566 3107 1620 locum
3161 1565 3236 1620 illi
3293 1566 3382 1636 qui
3425 1565 3497 1621 sit
3550 1566 3692 1621 infra

2086 1655 2271 1710 Deum.
2300 1655 2360 1709 In
2390 1656 2508 1711 loco
2524 1670 2653 1727 ergo
2673 1658 2919 1713 materia.
2945 1657 3000 1713 Si
3033 1661 3084 1713 in
3110 1658 3250 1724 loco,
3277 1674 3406 1729 ergo
3435 1659 3572 1712 intra
3609 1660 3692 1713 lo-

2082 1760 2202 1801 cum
2239 1764 2252 1800 :
2278 1746 2324 1802 si
2347 1746 2483 1802 intra
2513 1747 2711 1816 locum,
2744 1764 2873 1820 ergo
2897 1749 3290 1805 determinatur
3316 1764 3345 1803 a
3376 1750 3516 1815 loco,
3549 1749 3695 1804 intra

2083 1852 2243 1907 quem
2277 1846 2360 1891 est
2390 1855 2405 1891 :
2437 1837 2481 1893 si
2505 1837 2918 1905 determinatur,
2954 1839 3114 1895 liabet
3144 1838 3337 1895 lineam
3367 1847 3692 1905 extremam,

2039 1967 2047 1977 .
2082 1945 2240 2000 quam
2264 1929 2358 2002 (ε),
2379 1940 2637 2001 quantum
2659 1933 2872 2003 proprie
2896 1932 3085 2003 pictor,
3111 1934 3359 2003 agnoscis
3378 1931 3537 1986 linem
3567 1947 3698 1988 esse

2084 2025 2228 2078 onmi
2250 2025 2348 2092 rei,
2370 2025 2676 2095 eujuslinea
2695 2035 2936 2082 extrema
2951 2036 3055 2082 est.
3071 2025 3185 2081 Non
3207 2042 3335 2098 ergo
3352 2025 3695 2093 eritinﬁnita

2082 2117 2337 2184 materia,
2369 2133 2488 2187 qua:
2512 2116 2638 2172 dum
2673 2118 2725 2173 in
2752 2118 2870 2174 loco
2896 2129 2979 2174 est
3009 2118 3147 2190 (l8),
3172 2134 3201 2172 a
3227 2119 3355 2175 loco
3374 2117 3488 2189 (19)
3512 2118 3699 2174 deter-

2085 2207 2342 2275 minatur,
2368 2218 2423 2263 et
2461 2209 2587 2265 dum
2619 2208 3010 2265 determinatur
3051 2210 3118 2266 ab
3147 2210 3258 2277 illo,
3287 2221 3526 2265 extrema
3565 2226 3695 2265 eum

2087 2300 2227 2356 linea
2255 2302 2471 2372 patitur.
2493 2305 2636 2357 Attu
2658 2302 2921 2358 infinitam
2950 2302 3307 2369 facis,'dicens
3336 2321 3349 2356 :
3377 2301 3590 2359 Infinita
3614 2312 3699 2359 est

2085 2402 2287 2461 autem,
2320 2410 2386 2450 eo
2414 2394 2556 2466 quod
2580 2410 2797 2466 semper
2821 2406 2921 2451 est.
2969 2396 3036 2451 Et
3078 2397 3121 2451 si
3154 2398 3272 2468 quis
3302 2395 3694 2466 discipulorum

2087 2494 2298 2542 tuorum
2326 2487 2561 2542 voluerit
2588 2487 2975 2558 argumentari,
3026 2490 3178 2559 quasi
3224 2488 3540 2543 infinitatem
3574 2486 3688 2560 (20)

2084 2594 2225 2646 aevo,
2261 2595 2369 2634 non
2395 2580 2558 2635 modo
2588 2581 2707 2651 (2i)
2737 2581 2981 2651 corporis
3010 2581 3238 2653 intelligi
3280 2582 3415 2636 velis
3451 2599 3463 2634 :
3507 2582 3695 2653 atquin

2084 2671 2445 2744 corporaliter
2484 2670 2772 2737 infinitam,
2814 2671 3175 2743 corporaliter
3215 2669 3332 2745 (Ξὶ)
3367 2673 3695 2727 immensam

2085 2774 2140 2821 et
2163 2764 2703 2835 ineircumscriptam,
2737 2765 3018 2841 sequentia
3061 2764 3373 2820 ostendunt.
3406 2763 3585 2829 Unde,
3616 2762 3698 2817 in-

2086 2856 2227 2928 quis,
2254 2870 2354 2912 nec
2403 2866 2512 2912 tota
2543 2857 2856 2924 fabricatur,
2889 2856 2986 2912 sed
3014 2866 3192 2927 partes
3218 2857 3355 2926 ejus.
3401 2857 3552 2911 Adeo
3575 2871 3698 2911 cor-

2088 2962 2222 3019 pore
2248 2947 2479 3015 inlinita,
2502 2963 2607 3003 non
2643 2958 2884 3018 tempore
2910 2958 3014 3004 est.
3046 2948 3113 3003 Et
3134 2948 3420 3004 obduceris
3445 2948 3551 3019 (εἰ),
3576 2964 3698 3003 cor-

2089 3053 2223 3109 pore
2250 3054 2369 3095 eam
2389 3039 2651 3094 inﬁnitam
2676 3038 2898 3107 faciens,
2931 3055 3051 3094 cum
3081 3039 3254 3094 locum
3280 3039 3327 3094 ei
3356 3038 3694 3105 adscribcns,

2089 3130 2227 3186 intra
2276 3130 2453 3187 locum
2482 3140 2538 3187 et
2577 3139 2872 3186 extremam
2921 3130 3024 3186 loci
3068 3130 3264 3185 lineam
3307 3128 3553 3185 includis.
3589 3129 3699 3185 Sed

2092 3231 2291 3288 tamen,
2325 3239 2422 3278 cur
2448 3237 2553 3278 non
2587 3232 2752 3277 totam
2776 3238 2894 3278 eam
2924 3222 3237 3278 formaverit
3260 3223 3420 3286 Deus,
3446 3237 3551 3276 non
3583 3223 3700 3277 seio

2090 3316 2193 3371 nisi
2215 3332 2316 3387 qua
2348 3325 2441 3372 aut
2467 3315 2754 3381 invalidus,
2783 3326 2875 3372 aut
2897 3316 3132 3373 invidus.
3173 3315 3356 3387 Itaque
3387 3316 3504 3390 (25)
3532 3316 3700 3372 dimi-

2091 3408 2239 3465 dium
2266 3410 2384 3481 ejus
2405 3426 2524 3482 quae
2549 3426 2654 3465 non
2684 3420 2793 3466 tota
2823 3410 3048 3466 formata
3100 3411 3170 3466 sit
3200 3426 3405 3482 qumro,
3437 3420 3493 3465 ut
3524 3409 3703 3481 qualis

2092 3514 2198 3561 tota
2249 3505 2409 3563 fuerit
2428 3519 2735 3576 agnoscam.
2775 3504 3046 3561 Debuerat
3073 3491 3236 3561 enim.
3256 3505 3395 3560 Deus
3426 3513 3482 3558 ut
3512 3519 3699 3560 exem-

2091 3597 2327 3669 plarium
2389 3596 2461 3671 (e)
2513 3598 2848 3668 antiquitatis
2915 3598 2981 3655 ad
3030 3597 3255 3669 gloriam
3293 3596 3474 3669 operis
3523 3595 3700 3667 palam

2092 3689 2306 3747 fecisse.

2648 3782 2878 3842 CAPUT
2913 3782 3161 3855 XXXIX.

2150 3927 2232 3984 Sit
2258 3940 2400 3983 nunc
2419 3923 2715 3993 deﬁnitiva,
2731 3923 2871 3981 sicut
2889 3924 3090 3982 rectius
3116 3921 3210 3981 tibi
3234 3922 3466 3994 videtur,
3488 3937 3585 3995 per
3605 3921 3702 3980 de-

1650 4059 2031 4123 LECTIONES
2066 4061 2502 4146 lvanraurns.

484 4200 532 4268 l)
554 4203 783 4268 Liquebit
807 4199 957 4255 Rhea.

482 4265 531 4319 2)
553 4265 689 4318 Illam
704 4265 856 4318 Rhea.

352 4348 365 4361 ν
459 4328 533 4381 l5)
558 4328 696 4380 Sicut
720 4338 865 4379 rran.
906 4330 1034 4380 Par.

460 4386 535 4457 (4‘,
559 4390 714 4457 Infert
735 4386 878 4443 send.

392 4462 397 4483 ³
423 4458 433 4512 l
461 4454 535 4517 (5)
559 4454 871 4517 Adlegasset.

392 4509 430 4554 τ’
457 4509 530 4581 (6)
554 4509 1117 4581 Superargumentasset
1149 4512 1291 4566 seml.
1326 4509 1526 4567 Obertlt.
1564 4509 1992 4577 Superargumen-

396 4577 487 4633 tas.
514 4577 613 4630 Sed
630 4577 836 4630 'emm’si
857 4577 1033 4629 nitens

483 4642 534 4693 7)
562 4641 615 4691 In
635 4655 809 4692 vanum
838 4651 982 4691 Fran.

481 4699 532 4754 si
556 4702 942 4754 Retractavimus
966 4701 1110 4752 Rhea.
1134 4699 1285 4752 Seml.

512 4200 533 4409 ξ

2096 4201 2120 4264 ε
2162 4194 2269 4264 (l2)
2292 4197 2355 4264 Et
2375 4195 2579 4250 additur
2602 4193 2752 4264 pltea.
2770 4193 2985 4264 seminat
3008 4193 3140 4264 aliis.

2190 4257 2269 4322 13)
2292 4262 2344 4312 Si
2366 4257 2704 4322 autemVRhen.
2731 4259 2874 4310 seml.
2904 4258 3098 4311 Obertlt.

2190 4321 2268 4387 11)
2292 4323 2432 4387 Cupit
2454 4321 2578 4374 male
2601 4322 2711 4387 qod.
2744 4324 2933 4387 Wouw.

2194 4381 2263 4436 151
2290 4381 2554 4435 Do'minum
2578 4382 2727 4436 Rhea.
2747 4383 2897 4434 Seml.
2923 4381 3116 4433 Pamel.

2161 4444 2267 4511 (lli)
2293 4448 2473 4511 Melius
2492 4449 2736 4511 potuisset
2758 4444 3078 4511 Riten._Seml.

2190 4505 2265 4560 l7)
2293 4508 2369 4560 De
2389 4505 2521 4560 moto
2542 4508 2685 4560 Ithen.
2707 4505 2850 4558 seml.
2889 4506 3053 4557 Obert.

2190 4565 2267 4641 lii)
2292 4570 2348 4641 In
2373 4571 2478 4622 loco
2500 4584 2599 4641 quo
2624 4569 2842 4641 ali_en._et
2857 4565 2945 4620 alii
2964 4581 3096 4633 seqq.

2196 4634 2273 4696 19)
2295 4632 2350 4696 In
2364 4648 2473 4696 ;quo
2498 4632 2577 4683 est
2595 4632 2736 4696 addit
2757 4634 2881 4682 Jun.

2190 4689 2274 4747 20)
2302 4689 2541 4746 Inﬁnitam
2566 4694 2695 4747 then
2718 4689 2908 4744 Pamel.

2299 4756 2437 4818 Ero,
2466 4770 2560 4809 non
2585 4764 2717 4818 motu
2744 4755 2899 4818 Eran.

481 4759 657 4830 9')_Ayt
680 4767 823 4830 bona,
848 4768 934 4830 aut
955 4763 1075 4814 mala
1099 4760 1269 4815 iidem.
2168 4759 2271 4830 (gl)
2299 4759 2437 4830 (live,
2466 4770 2560 4809 non
2585 4772 2619 4830 ri

491 4816 565 4888 l0)
589 4827 694 4878 Nec
715 4816 967 4877 Ilic'ltlten.
994 4832 1039 4876 et
1059 4837 1302 4888 sequaces.
1489 4885 1498 4888 Α
2170 4816 2275 4888 (g3)
2296 4819 2366 4888 μί
2387 4816 2707 4888 corporaliter
2730 4816 2878 4888 Rhea:
2905 4817 3062 4869 Fran.

464 4758 534 4829 '9')
558 4768 657 4815 Aut
680 4767 823 4825 bona,
848 4768 934 4814 aut
955 4763 1075 4814 mala
1099 4760 1269 4815 iidem.
2190 4759 2243 4808 2|
2299 4758 2437 4826 divo,
2466 4770 2560 4809 non
2585 4764 2717 4807 motu
2744 4758 2899 4806 Fran.

491 4829 545 4880 l0
589 4827 694 4878 Nec
715 4826 798 4876 hic
822 4824 967 4877 nheri.
994 4832 1039 4876 et
1059 4837 1302 4888 sequaces.
2194 4821 2253 4871 22
2302 4819 2366 4868 ω
2387 4833 2469 4869 cor
2492 4817 2707 4869 ioraliter
2730 4816 2828 4868 alte
2905 4854 2912 4867 ι

395 4934 399 4943 .
459 4771 566 4956 IIII
590 4889 857 4955 Apponens
873 4889 1087 4940 ostendit
1109 4887 1210 4939 edit
1230 4883 1382 4939 Rhea.
1406 4885 1576 4938 eodem
1594 4894 1755 4939 sensu.
2168 4758 2275 4949 $23
2296 4880 2362 4933 Ut
2383 4836 2584 4933 additur
2603 4893 2633 4931 α
2655 4830 2912 4933 ηοηηιιίΫῖδ.

1753 5008 2316 5070 ΟΟΜΜΕΝΤᾹΒΠΒ.

398 5163 422 5186 "
472 5163 553 5235 (a)
578 5156 679 5218 Au't
723 5157 956 5235 libidines
990 5171 1184 5235 eorum.
1225 5150 1503 5235 Libidines
1539 5148 2002 5235 voeat‘appetitus
2105 5145 2551 5235 tuinLutnnihileit
2575 5156 3065 5235 opuseamyocem
3097 5139 3693 5235 praetermitterejhn.

402 5219 868 5294 etiiiblinationes.
910 5230 1000 5286 Sic
1032 5229 1086 5284 in
1125 5226 1216 5282 lib.
1247 5228 1309 5280 de
1332 5223 1618 5294 Patientia,
1659 5228 1714 5275 ut
1739 5234 1884 5294 cunt,
1920 5219 2002 5272 in-

2177 5218 2259 5289 (d)
2283 5215 2352 5273 Et
2382 5210 2670 5289 obduceris.
2698 5215 3004 5289 monuimus
3033 5210 3157 5270 ante
3182 5229 3287 5289 non
3318 5212 3506 5276 semel,
3530 5210 3697 5289 elidu-

405 5280 1619 5380 alii,“iiiiEiiiéigirai'déiargmneutram;
1640 5280 2002 5380 sententiam»:
2104 5280 2307 5374 cere'et
2347 5280 3693 5380 obduciIertullianoesse“refellere‘etnrelelli.

403 5360 813 5437 animam»...
829 5372 1139 5431 discordent.
1157 5366 1494 5425 Libidinibus
1513 5406 1529 5432 ,
1561 5363 1613 5419 id
1638 5360 2000 5488 esﬁégudiis.

477 5520 559 5592 (Ii)
584 5519 690 5578 Sed
717 5518 781 5572 de
794 5526 946 5592 intota
973 5523 1019 5572 et
1044 5513 1174 5592 alibi
1193 5509 1378 5592 licebit.
1405 5505 1740 5592 subauditur
1768 5504 2003 5592 disputas

406 5574 625 5661 νεξήὶίὶξί
651 5600 735 5647 est
784 5589 983 5661 licebit,
1018 5601 1115 5661 pro
1138 5581 1376 5661 liquebit,
1410 5588 1469 5661 ut
1496 5579 1549 5633 in
1576 5574 2002 5661 prmcedcj'itibtts

408 5645 502 5722 Iib'.
527 5645 709 5719 licuit.
738 5675 870 5728 pro,
908 5645 1072 5729 liquit,
1103 5645 1286 5729 idest,
1307 5645 1783 5729 liquidum—evasit.
1821 5645 1996 5729 Illius.

480 5717 631 5791 CAP.
648 5717 801 5789 XXX
814 5717 945 5785 VIII.
958 5717 1109 5798 L—(c)
1136 5728 1304 5794 Quam
1327 5717 1796 5801 quantttntproprie
1815 5721 1995 5788 pictor.

409 5807 499 5867 Sic
518 5806 738 5863 omnino
752 5804 840 5861 hic
857 5802 1007 5860 locus
1024 5815 1040 5869 ;
1056 5813 1177 5854 nam
1191 5804 1437 5868 quantum
1447 5799 1658 5863 capitur
1669 5804 1769 5861 pro
1780 5804 1834 5844 ιη
1846 5803 2000 5860 quan-

2103 5362 2219 5418 sive
2239 5360 2530 5424 contraria,
2562 5360 2784 5415 aeinter
2804 5374 2863 5414 se
2890 5356 3180 5429 pugnanﬁa
3217 5362 3548 5429 asserentem
3576 5366 3697 5421 cap-

2108 5443 2220 5488 tum
2241 5432 2409 5487 teneri
2439 5423 2523 5485 vel
2543 5438 2749 5487 tenere.
2779 5423 3061 5485 Rue-nf—
3103 5426 3165 5481 Et
3192 5425 3474 5482 obduceris.
3521 5423 3597 5478 Ita
3642 5430 3698 5476 ut

2108 5503 2340 5559 eradere
2370 5517 2474 5555 non
2508 5502 2701 5571 possis.
2730 5501 2853 5557 Ric.

2183 5575 2256 5644 (ρ)
2292 5564 2679 5644 Exemplariam
2727 5572 3065 5644 antiquitatis.
3093 5567 3351 5644 Intelligit
3399 5564 3689 5644 exemplar.

2102 5636 2201 5701 Sic‘
2220 5636 2380 5715 paulo
2408 5636 2642 5715 post:Et
2673 5644 2747 5699 vis
2772 5636 2982 5715 meliora
3002 5636 3305 5715 deteriorum
3332 5636 3695 5715 exemplarium

2103 5711 2421 5789 feg‘é._Non'
2468 5715 2905 5789 aliter-“adpersm
2944 5711 3324 5769 Valentinianos
3377 5714 3594 5779 usurpat
3622 5711 3694 5761 si-

2097 5776 2369 5875 gillarium
2394 5802 2493 5861 pro
2520 5786 2766 5860 sigillari.
2788 5785 2910 5843 Ric.
