4008 6280
198 292 305 352 ass
1402 293 1607 352 LIBER
1643 293 2007 355 aovsasus
2043 294 2537 356 nanuoceusu.
2763 346 2774 358 .
3363 252 3367 260 ’
3424 280 3427 281 ί
3486 302 3593 359 est

208 412 557 469 mutationes
588 410 863 479 sunset
881 408 1244 468 translationes
1272 430 1286 470 :
1326 413 1395 470 sit
1421 424 1475 472 et
1495 415 1892 486 comprehensi-
1920 418 1972 477 A
1996 416 2172 488 ginem
2224 416 2389 473 refert
2434 415 2575 490 (l0),
2622 423 2681 473 ut
2707 414 2856 473 dicas
2882 423 3049 473 totum
3091 416 3209 487 ejus
3239 419 3480 491 partibus
3504 437 3595 477 co—

207 504 350 571 hilis,
389 512 457 559 ut
492 522 647 575 qua:
715 498 1054 570 fabricatur,
1087 503 1274 575 inquis,
1312 521 1339 559 a
1373 508 1502 571 Deo.
1535 509 1657 579 quia
1683 519 1738 564 et
1765 523 1896 564 cou-
1997 500 2395 579 gnosci?Ceite
2444 525 2510 565 ex
2541 508 2631 565 illo
2675 516 2788 564 toto
2812 508 2916 564 erit
2943 505 3105 563 etiam
3135 511 3256 576 hoc,
3298 513 3441 582 (μιοᾱ
3485 529 3591 570 non

212 603 520 665 vertihilis.
559 613 630 657 et
662 600 1064 664 demutabilis,
1092 599 1533 672 et‘dispartihilis.
1563 605 1893 660 Demutatio-
1999 603 2146 658 venit
2174 602 2227 657 in
2277 601 2744 659 deformationem.
2777 603 2843 656 Et
2884 618 3046 673 supra
3094 604 3307 660 edidisti
3361 590 3466 660 non
3516 618 3595 661 to-

212 711 306 751 nes
325 694 493 750 enim
516 695 695 765 eius,
721 696 943 764 inquis,
960 692 1333 763 dispartibilem
1348 711 1465 751 eam
1483 697 1771 753 ostendunt
1793 697 1893 769 (α).
2000 705 2106 750 tam
2130 680 2248 751 eam
2275 696 2588 752 fabricatum
2619 696 2759 769 (ll).
2795 694 2960 767 Igitur
2988 696 3072 752 vel
3103 695 3204 754 hoc
3227 698 3358 754 rude
3381 708 3435 754 et
3462 714 3594 754 con-

216 788 281 843 Et
306 787 402 843 hic
435 804 470 841 a
526 788 729 845 lineis
763 789 878 845 tuis
904 788 1143 843 excidisti
1183 788 1281 860 (ὁ),
1309 791 1504 861 quibus
1531 792 1673 849 circa
1702 806 1894 863 perso-
2000 787 2174 844 fusum
2200 796 2255 845 et
2283 784 2697 860 incompositum
2728 787 2842 861 (12)
2872 804 2977 845 non
3038 799 3213 861 potest
3251 793 3301 845 in
3347 790 3599 863 expolitis

215 896 339 936 nam
384 880 498 936 Dei
539 896 706 936 usus
765 895 855 949 es,
885 881 1230 951 praescrihcns
1262 882 1426 938 Deum
1471 880 1548 955 (t)
1593 883 1739 939 illam
1789 899 1895 939 non
1999 889 2054 936 et
2081 878 2346 936 distinctis
2372 889 2427 935 et
2447 879 2759 951 compositis
2790 881 3121 959 recognosci,
3146 898 3263 953 qua:
3290 898 3390 937 nec
3421 892 3598 953 partes

216 990 281 1031 ex
300 974 659 1045 semetipso
687 973 915 1049 fecisse,
947 974 1064 1044 quia
1111 973 1159 1028 in
1206 984 1384 1044 partes
1407 974 1592 1033 venire
1618 990 1724 1031 non
1768 990 1896 1046 pos-
2001 973 2240 1030 materia:
2267 972 2533 1043 appellari
2546 973 2817 1040 convenit,
2845 990 2968 1029 cum
2998 988 3027 1028 a
3045 973 3215 1031 forma
3248 973 3363 1047 ejus
3382 991 3448 1032 ex
3473 992 3594 1032 mu-

215 1073 294 1121 set
327 1066 433 1137 qui
471 1066 560 1119 sit
621 1074 885 1120 aeternus
913 1073 966 1119 et
1012 1080 1229 1120 manens
1258 1064 1309 1121 in
1337 1082 1531 1133 aevum,
1563 1081 1627 1122 ac
1666 1082 1761 1137 per
1795 1067 1899 1123 hoc
2000 1064 2202 1121 talione
2229 1064 2397 1122 divisa
2426 1073 2787 1122 recesserunt.

217 1157 629 1212 immutabilis
661 1155 1101 1239 etindivisihilis.
1130 1156 1183 1213 Si
1214 1167 1269 1212 et
1296 1159 1518 1214 materia
1538 1158 1724 1215 eadem
1742 1168 1898 1216 aeter-
2572 1157 2802 1217 CAPUT
2860 1156 2998 1215 XLI.

218 1250 399 1306 nitate
428 1258 765 1315 censetur,
801 1263 975 1320 neque
1000 1249 1205 1306 initium
1246 1250 1452 1307 habens
1493 1265 1668 1321 neque
1711 1251 1896 1318 tinem,
2074 1252 2338 1309 Revertor
2353 1250 2419 1306 ad
2448 1259 2674 1316 motum,
2718 1262 2776 1305 ut
2805 1251 3001 1324 ubique
3026 1260 3078 1310 te
3104 1252 3365 1310 lubricum
3414 1265 3598 1313 osten-

220 1343 425 1398 eadem
456 1341 716 1396 ratione
742 1355 852 1396 non
887 1342 1082 1408 poterit
1109 1342 1210 1411 pati
1241 1341 1677 1412 dispertitionem
1704 1355 1760 1399 et
1796 1343 1897 1399 de-
2002 1342 2144 1399 dam.
2180 1342 2510 1409 lnconditus,
2543 1353 2597 1399 et
2625 1342 2900 1408 confusus,
2920 1354 2974 1399 et
2993 1344 3328 1401 turbulentus
3358 1348 3453 1402 fuit
3484 1364 3599 1402 ma.

222 1437 660 1502 mutatimiem,
715 1450 823 1504 qua
882 1434 959 1505 (2)
1004 1451 1102 1491 nec
1140 1436 1300 1508 Dens.
1333 1436 1390 1492 In
1422 1438 1740 1493 reternitatis
1771 1453 1899 1494 con-
2005 1435 2153 1489 teriae
2182 1443 2379 1489 motus.
2406 1433 2496 1490 Sic
2514 1433 2667 1489 enim
2688 1442 2744 1490 et
2772 1435 2896 1490 olla:
2922 1435 3158 1507 undiqtte
3187 1436 3490 1495 ebullicntis
3523 1439 3599 1513 sif-

223 1528 404 1583 sortio
462 1527 703 1597 posita,
738 1526 1023 1597 participet
1051 1541 1171 1582 cum
1215 1528 1305 1583 illo
1349 1528 1427 1600 ('5)
1457 1544 1676 1585 necesse
1722 1539 1902 1595 est,et
2005 1524 2363 1581 militudinem
2389 1525 2615 1596 apponis
2647 1525 2784 1597 (l3).
2809 1524 2879 1581 Et
2896 1526 3166 1597 quomodo
3186 1527 3311 1583 alibi
3332 1530 3468 1584 alius
3497 1546 3527 1584 ει
3552 1539 3603 1586 te

223 1620 401 1684 vires,
451 1627 521 1674 ct
581 1618 747 1687 leges
797 1626 853 1672 et
889 1618 1221 1676 conditiones
1254 1620 1588 1676 :eternitatis.
1614 1620 1790 1692 [Eque
1821 1621 1900 1693 (ὁ)
2004 1618 2359 1674 adfirmatur?
2388 1633 2508 1673 cum
2531 1617 2675 1673 enim
2701 1618 2782 1674 vis
2814 1620 3093 1695 materiam
3140 1636 3239 1676 nec
3276 1621 3470 1678 bonam
3503 1639 3604 1681 nec

226 1729 357 1769 cum
386 1712 556 1768 dicis
592 1730 608 1766 :
649 1713 847 1768 Partes
870 1714 1051 1767 autem
1081 1713 1201 1780 ejus
1240 1713 1418 1767 omnia
1445 1713 1607 1769 simul
1637 1728 1700 1768 ex
1722 1715 1901 1770 omni-
1978 1713 2201 1768 .malam
2223 1711 2498 1768 inducere.
2518 1711 3000 1784 lgitur,snhjacens
3017 1717 3238 1771 materia
3251 1717 3473 1786 aequalis
3490 1732 3607 1772 mo-

230 1805 337 1871 bus
360 1804 631 1871 habent,
662 1814 725 1859 ut
746 1820 814 1859 ex
839 1804 1076 1873 partibus
1104 1813 1272 1859 totum
1301 1803 1685 1875 dignoscatur:
1716 1806 1901 1878 utique
1929 1811 1978 1872 B
2006 1807 2170 1861 menti
2221 1804 2426 1861 habens
2456 1814 2683 1871 motum,
2717 1820 2891 1876 neque
2940 1805 3006 1861 ad
3060 1806 3281 1877 bonum,
3327 1794 3502 1878 neque
3538 1810 3604 1864 ad

232 1915 332 1954 eas
363 1909 583 1970 partes
620 1896 866 1967 intelligi
887 1897 987 1963 vis,
1006 1912 1125 1967 qua:
1145 1912 1211 1953 ex
1243 1897 1333 1952 illa
1365 1897 1586 1969 prolata:
1612 1906 1758 1965 sunt,
1780 1913 1902 1970 qua:
2006 1897 2205 1952 malum
2239 1895 2529 1966 plurimum
2578 1896 2769 1968 vergit.
2806 1896 2861 1954 Si
2909 1897 3134 1969 :cqualis
3172 1900 3450 1967 momenti,
3494 1901 3606 1973 jam

238 1990 413 2047 hodie
466 1991 760 2046 videntur
790 2004 818 2042 a
860 1989 1032 2045 nobis.
1082 1989 1365 2058 Quomodo
1413 2005 1543 2063 ergo
1595 1991 1776 2046 omnia
1837 2007 1902 2048 ex
2006 2002 2113 2043 non
2146 1985 2504 2053 turbulentus,
2546 2002 2647 2042 nec
2672 1987 2989 2044 cacahacius
3018 1988 3171 2060 (l4),
3219 1992 3311 2046 sed
3343 1993 3612 2064 composi-
3642 1999 3707 2019 "'

241 2084 534 2139 omnibus
560 2082 803 2147 habent,
836 2082 1017 2151 utique
1045 2097 1109 2138 ex
1141 2082 1399 2153 pristinis,
1423 2083 1635 2154 quando
1663 2100 1781 2155 qua:
1809 2084 1907 2139 lio-
2009 2092 2094 2138 tus
2137 2093 2192 2139 et
2240 2091 2567 2154 temperatus
2596 2082 2754 2154 (15);
2787 2083 3012 2151 scilicet,
3034 2084 3124 2156 qui
3156 2085 3297 2142 inter
3321 2087 3522 2144 bonum
3553 2098 3609 2145 et

244 2175 340 2233 die
367 2176 685 2241 videntur,
721 2173 878 2229 aliter
905 2173 1136 2228 habeant
1173 2190 1332 2245 quam
1376 2174 1599 2246 pristina
1654 2174 1907 2233 fuer‘hnt?
2009 2177 2208 2233 malum
2235 2191 2334 2233 suo
2360 2175 2584 2232 arbitrio
2608 2176 2857 2248 agitatus,
2891 2176 2943 2232 in
2975 2186 3219 2233 neutram
3274 2188 3451 2235 tamen
3486 2195 3608 2250 par-

931 2264 1156 2322 CAPUT
1200 2264 1313 2320 XL.
1374 2306 1381 2315 -η
2011 2280 2117 2327 tem
2162 2284 2364 2340 pronus
2409 2279 2464 2326 et
2517 2285 2775 2340 prteceps,
2803 2269 3017 2337 mediae,
3056 2270 3396 2341 quoduaiunt,
3437 2273 3610 2344 agiuae

331 2360 499 2417 Dicis
544 2359 607 2415 in
642 2358 841 2414 melius
868 2357 1210 2414 reformatam
1257 2359 1557 2428 materiam,
1589 2359 1771 2431 utique
1822 2361 1904 2434 (5)
2011 2360 2590 2437 (d)(16)a:quilihrato
2615 2363 2816 2432 impetu
2853 2360 3140 2417 ferebatur.
3187 2361 3335 2429 llaec,
3376 2364 3607 2434 inquies,

259 2454 330 2511 de
357 2453 885 2511 deterioribus;et
922 2452 1002 2506 vis
1024 2451 1243 2507 meliora
1265 2452 1592 2508 deteriorum
1632 2453 1907 2523 exempla.
2012 2471 2116 2510 non
2174 2466 2280 2521 est,
2327 2455 2441 2510 haec
2470 2453 2930 2526 turbulentia(l'7)
2975 2463 3029 2512 et
3056 2448 3335 2527 passivitas
3379 2457 3454 2529 (e)
3502 2474 3609 2514 non

261 2548 411 2602 rium
448 2546 640 2601 ferre.
681 2542 913 2599 Confusa
955 2559 1044 2599 res
1072 2554 1205 2611 erat,
1256 2560 1395 2600 nunc
1441 2560 1571 2601 vero
1612 2546 1909 2615 composita
2012 2556 2124 2613 est;
2154 2547 2250 2602 sed
2279 2545 2602 2612 moderatio,
2627 2558 2682 2602 et
2718 2546 2980 2603 modestia
3006 2588 3021 2613 ,
3079 2556 3134 2604 et
3185 2547 3393 2618 jnstitia
3438 2559 3611 2606 mota-

266 2651 356 2696 est
390 2657 406 2693 :
441 2648 507 2696 et
534 2639 629 2693 vis
649 2652 720 2692 ex
746 2636 1055 2707 compositis
1084 2634 1437 2707 incomposita
1467 2637 1715 2708 praeberi.
1758 2636 1910 2694 Nulla
2014 2639 2176 2696 tionis
2227 2637 2295 2711 (Γ)
2326 2637 2442 2711 (18)
2472 2648 2719 2699 neutram
2768 2637 2821 2692 in
2864 2647 3068 2709 partem
3122 2639 3426 2696 inclinantis
3475 2641 3612 2713 (l9).

174 2743 231 2795 ’τ
269 2748 363 2788 res
393 2730 712 2803 speculum
752 2729 974 2784 alterius
1017 2728 1096 2785 rei
1124 2729 1227 2801 (6),
1270 2729 1320 2784 id
1350 2738 1434 2785 est
1467 2746 1572 2785 non
1599 2731 1905 2801 coaequalis.

272 2825 460 2883 Nemo
518 2839 590 2878 se
625 2822 770 2892 apud
802 2831 1068 2878 tonsorem
1095 2822 1162 2891 (c)
1199 2839 1293 2893 pro
1333 2823 1547 2909 homine
1586 2824 1786 2880 mulum
1832 2825 1914 2880 in-

274 2920 501 2989 spexit,
536 2914 647 2970 nisi
693 2914 738 2968 si
779 2914 866 2983 qui
896 2924 1044 2984 putat
1075 2915 1126 2969 in
1180 2916 1279 2970 hac
1309 2917 1673 2971 exstructionc
1701 2916 1910 2983 mundi,

276 3008 586 3079 dispositae
626 3006 741 3076 jam
773 3014 829 3059 et
868 3016 1097 3075 comptae
1124 3004 1224 3077 (7),
1273 3006 1554 3062 informem
1580 3017 1635 3063 et
1660 3007 1913 3064 incultam
2018 3022 2190 3080 neque
2206 3006 2272 3062 ad
2296 3004 2493 3061 malum
2524 3005 2744 3075 pronior
2771 3012 2889 3061 erat
2916 3013 3115 3070 motus,
3149 3006 3333 3077 utique
3359 3009 3499 3065 inter
3521 3010 3619 3067 bo-

280 3102 594 3158 materiam
625 3098 973 3170 respondere.
999 3099 1139 3167 Quid
1171 3099 1331 3156 hodie
1352 3100 1581 3157 informe
1609 3102 1661 3156 in
1678 3099 1912 3169 'mundo,
2019 3100 2144 3155 num
2184 3108 2239 3155 et
2286 3097 2484 3172 malum
2525 3095 2784 3168 agebatur
2812 3113 2827 3151 :
2854 3105 2912 3151 ut
2947 3111 3015 3152 ex
3051 3095 3155 3152 hoc
3174 3112 3390 3181 quoque
3446 3113 3622 3159 mate-

284 3196 427 3268 quid
463 3204 620 3251 retro
660 3192 741 3266 (8)
770 3195 1062 3264 Speciatum
1102 3196 1154 3249 in
1184 3195 1428 3262 materia,
1457 3205 1516 3251 ut
1539 3197 1817 3268 speculum
1852 3197 1923 3254 sit
1946 3209 1992 3273 ρ
2024 3193 2159 3248 riatn
2206 3188 2666 3247 determinahilem
2732 3186 3009 3259 adpareat,
3064 3188 3220 3259 cujus
3273 3200 3453 3247 motus
3516 3211 3620 3251 nec

286 3288 545 3344 mundus
572 3286 855 3343 materiae?
878 3286 1009 3342 Cum
1038 3289 1336 3343 ornamenti
1367 3289 1585 3345 nomine
1632 3289 1703 3344 sit
1756 3305 1920 3361 penes
2027 3282 2166 3339 malo
2192 3294 2292 3338 nec
2318 3279 2461 3336 bono
2490 3294 2688 3351 pronus
2715 3276 2817 3351 (9)”,
2849 3294 2916 3335 eo
2941 3277 3085 3349 quod
3114 3278 3168 3333 in
3216 3290 3465 3341 neutrum
3494 3301 3619 3340 ver-

226 3401 255 3421 -
288 3380 530 3438 Grmcos
566 3378 797 3435 mundus
812 3377 911 3452 (9),
937 3379 1207 3451 quomodo
1240 3380 1500 3439 inornata:
1525 3382 1767 3438 materiae
1788 3382 1922 3438 ima-
2022 3380 2182 3453 gebat
2212 3376 2349 3449 (2t),
2378 3377 2516 3433 intra
2543 3383 2831 3448 utrumque
2855 3376 2924 3434 ab
2947 3385 3177 3448 utroque
3194 3380 3621 3456 pendebat(22),

602 3534 615 3539 ‘
1174 3546 1185 3555 η·
1554 3518 1936 3634 ΙᾸξΟἸῚΟΝΕδ
1976 3517 2394 3579 VABIANTES.

367 3631 448 3762 iii
472 3630 1124 3762 333$_§i3iéiaihiie§f""'

477 3697 645 3755 Quam
667 3694 856 3745 rolebat
878 3695 1026 3747 lmen.

394 3700 448 3757 ὲ)
477 3700 645 3755 Quam
667 3700 856 3745 t'olebai
878 3700 1026 3747 Illtett.

391 3755 448 3822 3)
474 3759 609 3810 Eunt
630 3756 703 3807 illi
721 3755 866 3822 illum.
887 3758 1036 3822 Serui.

393 3776 448 3872 ἵ)
474 3776 1205 3884 ἵᾘέἳυίὲἧῗπέὲἶῗὶῗὶωηει.

482 3884 670 3946 Utique
692 3882 1024 3956 deterioribus
1040 3884 1184 3934 then.

397 3949 431 3999 ϐ
480 3947 571 3998 Est
586 3946 810 4004 alterius,
835 3959 869 3995 ι.
888 3957 935 3995 e.
961 3943 1107 3996 nheri.
1134 3955 1205 3997 sei

402 3952 458 4074 Ἰ)
486 4008 733 4070 υἰδιωὶω
751 4009 852 4071 jam
864 4015 916 4057 et
937 4014 1205 4071 contempta

397 3949 458 4074 εῗί

2014 2732 2199 2798 Plane,
2223 2733 2267 2787 si
2292 2733 2396 2787 huc
2423 2740 2478 2787 et
2500 2732 2646 2799 illuc,
2671 2743 2761 2786 aut
2784 2731 2837 2786 in
2862 2731 3093 2787 alterum
3139 2734 3306 2805 magis
3349 2720 3616 2807 proclina-

2015 2823 2241 2897 ret(20),
2258 2833 2381 2879 tunc
2395 2821 2850 2889 inconcinnitatis,
2870 2832 2925 2879 et
2939 2821 3340 2895 inmqualitatis,
3360 2834 3413 2882 et
3430 2829 3616 2884 turbu-

2017 2915 2197 2972 lentiae
2223 2915 2467 2972 denotari
2496 2922 2814 2971 mereretur.
2831 2914 3022 2981 Porro,
3049 2915 3287 2985 sineque
3306 2921 3372 2972 ad
3389 2917 3618 2984 bonum,

2027 3631 2218 3701 agnovit
2239 3644 2299 3682 uc
2320 3625 2568 3696 proposuit
2588 3628 2837 3681 lectionem
2867 3641 3014 3743 quam
3041 3643 3204 3684 omnes
3224 3645 3364 3685 suam
3392 3634 3626 3698 fecerunt.

2094 3696 2199 3743 fl3t
2220 3693 2454 3743 Oooones
2476 3691 2623 3743 Rhen.
2643 3690 2798 3743 Seml.
2827 3694 2867 3743 0
2899 3700 2991 3743 ert.

2119 3697 2199 3764 μᾷ)
2220 3690 2454 3764 Qppones
2476 3691 2623 3764 πήρη.
2640 3690 2798 3764 _Seml.
2827 3690 2991 3764 Qbert.

2119 3756 2197 3820 14)
2224 3756 2506 3820 Εὑὸεὼςιιὶιιε
2528 3756 2714 3817 Paris;
2738 3756 3035 3807 cacabaceus
3049 3757 3203 3808 Fran.

2121 3818 2198 3883 15)
2225 3818 2550 3882 Τθίιιροηῐιιι·
2707 3825 2837 3883 ,Πρησ-
2914 3880 2923 3883 Δ
3268 3826 3273 3829 .

2014 3936 2017 3939 γ
2091 3879 2194 3944 (16)
2214 3879 2448 3943 l’rzec'eps
2491 3880 2673 3930 mediat
2713 3880 2841 3944 quod
2880 3880 3019 3932 aiunt
3053 3883 3259 3944 ginoten
3294 3882 3455 3941 then.‘
3476 3879 3631 3934 Seml.

2030 3943 2413 4014 οθέἕῖιεέῖοτξινει
2432 3954 2623 4014 οηυιςδςκ
2733 3943 2737 3944 ⁷
2812 4008 2822 4014 .
3069 3943 3129 4014 ⁷-
3216 4003 3228 4014 .

2093 4005 2195 4072 (t7)
2215 4003 2520 4072 Turbulenta
2544 4004 2690 4055 alien.
2716 4008 2883 4055 contra
2908 4017 3072 4058 euntes
3093 4003 3282 4059 Saufer
3304 4004 3500 4071 coniicit
3542 4004 3635 4057 de-

2029 4066 2187 4122 lerida'
2206 4080 2309 4120 esse
2329 4066 2490 4118 verba.

381 4134 460 4199 (8)
486 4127 698 4183 'l'et'rum
723 4130 1031 4199 RIten._seml.
1054 4131 1256 4199 pbeith.
2091 4131 2196 4199 (ιβ)
2221 4130 2498 4199 ljlutationis
2516 4128 2934 4199 {commutationis
2955 4127 3101 4181 Rhea.

940 4191 1201 4311 cum
1221 4270 1352 4329 seqq.

414 4320 494 4384 li)
522 4320 823 4370 Fabrrcatam
844 4320 963 4371 ιῡιά.

417 4384 497 4448 12)
518 4383 582 4435 Et
602 4380 799 4447 confugi
818 4389 872 4434 et
885 4383 1001 4435 mihi
1011 4391 1291 4448 computum
1315 4382 1590 4449 Rhenanus,
1607 4382 1693 4450 qui
1705 4383 1931 4439 utendum

2121 4196 2175 4244 l9
2219 4190 2488 4243 Judicantis
2510 4193 2658 4242 Semt.
2680 4189 2875 4242 Oberilt.

2116 4256 2177 4307 20
2223 4254 2558 4306 Proclivarunt
2579 4250 2732 4305 Seml.
2754 4259 2875 4305 conti

2119 4320 2168 4369 2|
2223 4318 2465 4368 Vertebat
2486 4314 2633 4367 Ithen.
2659 4314 2833 4381 Sami.

2098 4322 2200 4446 (Sﬁi
2229 4379 2476 4432 Censebat
2497 4376 2642 4431 Rhea.
2668 4385 2714 4431 et
2734 4378 2875 4443 ciust

2091 3696 2115 3949 ἒ

482 3882 670 3946 Utique
692 3882 1024 3946 deterioribus
1040 3884 1184 3934 then.
1210 3884 1335 3935 Jun:

480 3947 571 3998 Est.
585 3943 810 4004 alterius,
835 3946 869 3995 i.
888 3957 935 3995 e.
961 3943 1107 3996 nheri.
1134 3947 1276 3997 sentt.

486 4008 733 4070 Disposita
751 4009 852 4071 jam
864 4015 916 4057 et
937 4014 1218 4071 contempla
1230 4008 1379 4061 alien.
1404 4007 1489 4075 qui
1507 4009 1763 4077 legendum
1782 4015 1925 4075 puta-

309 4074 395 4126 bat
416 4076 683 4131 concepta.

2091 4131 2115 4384 ἒ

413 4250 494 4325 lit)
521 4250 730 4325 [idem
770 4255 916 4325 Rhegi.
938 4257 1069 4325 solus
1090 4272 1201 4310 cum
1221 4270 1352 4325 seqq.
2223 4254 2558 4325 Rroclivarudt
2579 4250 2732 4325 Serui.
2754 4259 2922 4325 contra
2941 4267 3121 4306 attines.

414 4314 494 4384 Η)
519 4320 823 4384 fabricatam
844 4318 963 4384 ibid.
1242 4322 1245 4329 '
1284 4314 1298 4325 '
1316 4314 1328 4324 ’
1368 4382 1377 4384 ᾼ
1682 4382 1691 4384 _
1840 4383 1844 4384 ν
2099 4314 2200 4384 [2!)
2223 4318 2465 4384 Yertehat
2486 4314 2633 4384 triten.
2659 4314 2812 4384 Sami.

417 4376 497 4448 12)
518 4383 582 4435 Et
602 4380 799 4447 confugi
818 4389 872 4434 et
885 4383 1001 4435 mihi
1011 4391 1291 4448 computum
1315 4382 1590 4449 Rhenanus,
1607 4382 1693 4450 qui
1705 4383 1931 4439 utendum
1955 4410 2009 4471 Β
2098 4376 2200 4446 (22)
2229 4379 2476 4432 Censebat
2497 4376 2642 4431 Rhea.
2668 4385 2714 4431 et
2734 4378 2841 4443 ejus
2859 4391 2993 4444 seqq.
3014 4381 3181 4432 contra
3203 4391 3382 4433 eomes.

1687 4488 2245 4550 COilMEhTAlllUS.

408 4632 485 4705 (a)
515 4630 901 4706 Dispartibifem
923 4626 1037 4688 eam
1064 4633 1357 4690 ostendunt.
1405 4632 1519 4706 [loc
1565 4639 1650 4688 est
1692 4598 1934 4706 divisilii-
2038 4628 2454 4706 ερςςζεῃικῇλμ.

330 4703 462 4775 lem,
489 4703 635 4775 quod
666 4714 842 4760 tamen
864 4720 985 4760 cum
1011 4707 1380 4774 superioribus
1406 4703 1762 4773 Hermogenis
1807 4718 1933 4759 ver-

331 4768 420 4833 bis
446 4768 847 4847 noiteongruit.
901 4768 1120 4832 Dicebat
1170 4776 1311 4831 enim
1344 4777 1508 4832 Deum
1560 4768 1936 4847 materiatae:

333 4847 514 4918 seipso
546 4845 731 4910 fuisse,
756 4847 845 4916 qui
876 4855 1316 4903 tamenmternus
1343 4857 1455 4903 erat
1481 4855 1538 4902 et
1563 4845 1933 4911 indivisibilis;

335 4934 478 4974 nunc
507 4933 637 4974 vero
684 4920 963 4990 materiam
995 4918 1141 4973 illam
1184 4918 1505 4975 divisibilem
1550 4927 1720 4990 putat,
1775 4926 1937 4989 atque

334 5004 515 5046 secum
544 4991 618 5045 ita
649 4999 871 5060 pugnat.
905 4989 983 5044 Ls
1008 4989 1107 5046 Pa.

406 5061 489 5133 (h)
523 5064 568 5133 Α
593 5058 741 5133 lineis
760 5062 859 5133 luis
887 5061 1135 5133 excidisti.
1163 5063 1204 5116 A
1236 5074 1404 5131 scopo
1422 5058 1729 5133 laherrasti.
1753 5058 1939 5133 Neque

336 5131 477 5216 puto
499 5131 750 5216 allusisse
775 5132 862 5216 hic
889 5132 955 5187 ad
973 5143 1163 5216 artem
1191 5134 1411 5216 pictoris
1437 5132 1610 5197 illius;
1641 5145 1763 5186 cum
1792 5132 1936 5216 enim

336 5201 391 5260 id
436 5203 668 5274 intelligi
709 5212 870 5273 queat
905 5205 1035 5258 satis
1083 5201 1364 5263 commode
1389 5220 1494 5259 non
1522 5202 1846 5274 recurrendo
1870 5201 1939 5257 ad

337 5275 489 5332 illam
515 5273 1167 5345 allusionem,-crederem
1197 5275 1249 5329 id
1278 5274 1610 5331 Tertulliano
1664 5273 1937 5345 indignum

336 5346 395 5405 in
418 5362 489 5401 eo
512 5360 732 5405 semper
755 5346 1051 5401 immorari.
1084 5344 1160 5400 LE
1188 5346 1287 5403 Pa.
1926 5380 1929 5381 ν

408 5417 565 5477 CAP.
599 5413 869 5488 XL.~—-(c)
902 5414 1068 5471 Nemo
1116 5434 1169 5472 se
1212 5417 1351 5489 apud
1398 5426 1669 5481 tonsorem,
1701 5426 1807 5472 etc.
1858 5413 1937 5470 Ad

336 5505 545 5548 marem
573 5489 811 5560 respicit,
838 5503 945 5560 quo
962 5489 1179 5557 speculo
1203 5491 1275 5543 uti
1297 5489 1473 5544 solent
1501 5500 1748 5544 tonsores
1772 5506 1785 5551 ;
1816 5502 1938 5541 nam

336 5574 393 5635 et
414 5560 587 5629 addit,
606 5570 667 5615 ut
689 5560 1066 5635 Speculnm‘sit
1088 5561 1304 5635 mundus
1332 5561 1577 5635 ntuteriie.
1600 5576 1629 5612 a
1651 5574 1760 5629 quo
1780 5562 1941 5613 etiam

336 5631 535 5693 novam
586 5644 815 5697 vocem,
847 5631 1124 5698 spcciatmn
1175 5632 1435 5686 derivavit
1480 5642 1686 5694 attetnr,
1741 5647 1835 5694 pro
1877 5646 1944 5683 eu

334 5702 483 5778 quod
502 5701 808 5778 inspeculo
828 5704 1134 5778 speciosum
1146 5713 1407 5778 apparet;
1429 5700 1569 5778 Nam
1594 5711 1639 5778 et
1660 5702 1942 5778 speculum,

334 5772 512 5853 iitqttit
542 5772 714 5835 Varro
735 5775 806 5829 de
831 5776 938 5843 ling
980 5772 1071 5826 lat.
1103 5774 1195 5829 lib.
1227 5773 1315 5828 IV.
1342 5794 1375 5835 a
1397 5772 1688 5845 aperiendo,
1717 5772 1855 5845 quod
1879 5772 1946 5827 ibi

705 5866 1147 5932 Turonum
1190 5866 1271 5928 Il.

2111 4698 2269 4777 CAR.
2296 4698 2593 4777 XL|.-_—-(d)
2624 4699 2832 4769 Medica,
2858 4702 2998 4771 quod
3030 4705 3201 4777 aiunt,
3216 4705 3412 4777 ﬁngitur.
3443 4701 3493 4757 ls
3518 4715 3639 4756 mo-

2042 4781 2129 4828 tus
2157 4773 2361 4829 scilicet
2385 4773 2474 4844 qui
2502 4773 2640 4846 adeo
2665 4781 2993 4846 temperatus
3023 4786 3079 4830 ut
3115 4773 3318 4832 nullam
3351 4777 3403 4829 in
3425 4782 3638 4846 partem

2038 4855 2245 4915 vergat,
2281 4843 2509 4915 parsque
2534 4843 2677 4899 nulla
2707 4844 3097 4915 prteponderel.
3129 4846 3226 4903 Est
3253 4843 3509 4913 enim,'ut
3528 4844 3640 4915 ,(10-

2040 4925 2126 4989 cet
2144 4914 2362 4982 Festus,
2380 4914 2534 4989 agiua
2560 4914 2911 4989 foramen_cui
2933 4918 3186 4974 inseritur
3205 4928 3261 4976 et
3297 4920 3349 4975 in
3373 4932 3480 4989 quo
3513 4931 3638 4971 ver-

2041 4987 2174 5043 titur
2189 5000 2387 5057 scapus
2411 4987 2642 5043 trutinae.
2681 4986 2759 5042 LE
2799 4985 2897 5042 Pa.

2117 5060 2195 5125 (e)
2222 5057 2350 5113 ch
2380 5058 2687 5113 turbulentia
2708 5068 2755 5112 et
2781 5059 3067 5129 passivitas.
3095 5059 3156 5116 In
3184 5060 3408 5118 vetustis
3444 5072 3634 5129 exem-

2042 5128 2314 5202 pluribus
2343 5129 2537 5202 legitur
2589 5128 2897 5202 turbulenta.
2950 5131 3144 5187 Verum
3227 5133 3394 5202 magis
3465 5128 3645 5202 placet

2043 5198 2369 5257 iurbufentia.
2393 5198 2531 5266 Quid
2578 5201 2832 5271 passivum
2864 5211 3020 5257 vocet
3044 5198 3426 5265 Tertullianus,
3458 5198 3643 5255 multis

2043 5274 2099 5329 iu
2120 5272 2274 5345 locis,
2296 5279 2563 5345 proutres
2583 5270 3138 5345 tulit,_ann_otavimns.
3162 5273 3259 5335 Hic
3297 5270 3643 5345 passivitate»:

2044 5353 2205 5400 vocat
2232 5341 2663 5414 dissolutionem,
2693 5342 2811 5399 sive
2842 5341 3481 5414 inordinationem’atque
3509 5356 3643 5399 con-

2043 5416 2330 5470 fusionem.
2362 5412 2532 5467 llum.

2118 5483 2185 5557 (f)
2216 5483 2799 5557 ,Justitimntotutionis.
2847 5483 2946 5541 Sic
2996 5481 3149 5541 initio
3200 5486 3320 5543 libri
3349 5484 3417 5542 de
3448 5482 3639 5549 Pallio,

2045 5552 2310 5611 Juititiam
2333 5552 2478 5622 pallii
2524 5554 2676 5607 dixit.
2697 5554 2818 5609 lilG.

2119 5629 2194 5698 (ε)
2247 5624 2355 5679 Nec
2406 5625 2540 5676 nialo
2570 5624 2839 5698 neebouo
2892 5640 3106 5696 pronus.
3159 5629 3271 5685 Iloc
3310 5634 3417 5688 e51,
3468 5636 3644 5691 neque

2048 5694 2369 5769 ad‘n'mliqo,
2401 5708 2572 5764 neque
2621 5694 2689 5750 ad
2732 5694 2931 5751 bonum
2973 5713 3195 5769 pronus.
3260 5700 3466 5752 Pronus
3517 5706 3642 5748 cum

2049 5770 2249 5829 dativo.
2275 5762 2449 5823 Rana,

2999 5860 3244 5943 (Ηαὶι.)
