4008 6280
415 291 522 348 235

1833 286 2292 346 TERTULLIANI

3612 288 3716 347 256

417 409 604 465 ethoc
634 408 851 465 nomine
879 407 948 463 ab
988 412 1214 478 utroque
1267 404 1746 462 determinabatur.
1797 402 1906 458 Sed
1958 412 2014 460 et
2040 407 2090 466 Α
2118 412 2401 475 antequam
2447 402 2847 487 disponeretur,
2903 412 3218 471 concretus,
3241 404 3532 476 inquietus,
3569 405 3717 478 inap-

420 503 619 556 bonunt
649 511 705 558 et
733 501 929 556 malum
959 499 1012 556 in
1041 499 1160 556 loco
1182 499 1336 567 facis,
1365 514 1484 555 cum
1501 498 1637 554 dicis
1666 505 1872 553 motum
1900 512 2010 552 ma-

415 595 566 651 teria:
588 594 639 648 in
673 601 919 650 neutrum
968 606 1154 647 eorum
1196 589 1363 648 fuisse
1393 605 1716 661 propensum
1744 607 1757 644 :
1785 589 2008 645 materia

416 689 560 743 enim
583 703 702 757 qua:
742 687 794 741 in
819 686 939 741 loco
963 692 1098 752 erat,
1130 699 1305 754 neque
1344 683 1447 738 huc
1475 689 1649 753 neque
1678 681 1803 738 illuc
1828 681 2008 738 dever-

402 764 570 852 ‘gens.
604 782 659 835 in
686 780 800 836 loca
831 794 938 835 non
981 770 1309 849 devergebat
1361 777 1414 833 in
1450 776 1643 848 quibus
1668 785 1784 832 erat
1809 776 2007 832 bonum

413 883 467 929 et
498 874 718 928 malum.
760 873 901 929 Dans
927 879 1106 926 autem
1149 872 1323 925 locum
1351 869 1493 925 bono
1519 878 1574 924 et
1623 868 1786 935 malo,
1816 882 2009 938 corpo-

412 967 546 1023 ralia
573 983 635 1023 ea
679 966 831 1032 facis,
859 963 1103 1020 faciendo
1127 962 1354 1029 localia;
1386 961 1508 1033 quia
1539 976 1658 1032 qua:
1705 961 1879 1017 locum
1907 959 2006 1014 ha-

409 1060 560 1125 bent,
588 1059 733 1131 prius
758 1068 842 1113 est
885 1065 944 1111 ut
985 1056 1282 1127 corporalia
1315 1054 1440 1111 sint.
1486 1054 1722 1126 Denique
1751 1054 2004 1125 incorpo-

408 1151 841 1223 raliaproprium
886 1150 1062 1207 locum
1082 1162 1191 1206 non
1232 1147 1511 1216 haberent,
1544 1148 1647 1204 nisi
1673 1147 1727 1203 in
1753 1162 2003 1219 corpore,

408 1260 530 1300 cum
578 1244 793 1313 corpori
840 1242 1111 1299 accidunt.
1148 1241 1236 1298 Ad
1263 1243 1462 1299 bonum
1489 1249 1668 1298 autem
1708 1250 1764 1297 et
1804 1240 2004 1296 malum

405 1353 512 1394 non
542 1337 869 1409 devergente
896 1338 1141 1403 materia,
1169 1346 1229 1393 ut
1256 1345 1348 1392 aut
1369 1336 1667 1408 corporalia
1689 1345 1781 1400 aut
1813 1335 2003 1392 localia

403 1446 511 1485 non
537 1430 880 1501 devergebat.
914 1429 1118 1485 Bonum
1138 1444 1267 1501 ergo
1289 1439 1342 1485 et
1370 1430 1591 1497 malum,
1611 1444 1783 1496 erras,
1812 1429 1857 1484 si
1879 1428 2004 1485 sub-

403 1526 628 1580 stantias
668 1539 790 1581 esse
816 1523 915 1580 vis.
955 1523 1295 1580 Substantias
1320 1524 1464 1579 enim
1495 1524 1627 1579 facis
1655 1523 1849 1593 quibus
1887 1523 2002 1580 loca

403 1617 666 1688 assignas.
695 1617 838 1673 Loca
866 1626 1048 1674 autem
1079 1617 1343 1689 assignas,
1366 1632 1487 1673 cum
1529 1617 1771 1673 materiae
1795 1625 1997 1674 motum

397 1709 466 1765 ab
489 1718 711 1782 utraque
730 1709 951 1791 regione
968 1696 1285 1780 suspendis.

983 1801 1214 1859 CAPUT
1244 1801 1406 1858 XLII.

470 1895 785 1969 Dispersisti
822 1896 1027 1961 omnia,
1058 1909 1127 1950 ne
1153 1893 1221 1950 de
1248 1893 1496 1965 proximo
1521 1906 1682 1965 quam
1729 1892 1997 1950 contraria

398 1990 501 2047 sibi
527 1990 635 2045 sint
675 1985 997 2044 relucercnt.
1032 1987 1097 2040 At
1121 2000 1222 2070 ego
1242 1985 1487 2058 colligam
1516 1985 1837 2057 singttla,~et
1864 1999 2020 2060 con-/

394 2080 584 2135 feram.
634 2077 972 2134 Inconditum
1005 2075 1291 2133 a‘dseveras
1328 2086 1533 2131 motum
1564 2075 1825 2143 materiae,
1846 2090 1995 2130 eam-

393 2188 499 2244 que
526 2170 714 2242 adjicis
763 2169 957 2227 sectari
989 2168 1376 2224 informitatem
1413 2175 1440 2223 ἴ
1450 2162 1648 2223 dehinc
1671 2167 1821 2234 alibi,
1850 2164 1994 2223 desi-

392 2265 584 2322 derare
631 2263 876 2334 componi
923 2278 951 2315 a
979 2261 1111 2316 Deo.
1144 2260 1423 2316 Desiderat
1466 2260 1842 2316 formationem
1868 2273 1990 2329 quae

388 2364 630 2413 sectatur
676 2352 1100 2421 informitatem,
1150 2361 1241 2407 aut
1307 2360 1543 2407 sectatur
1604 2350 1989 2407 informitatem

387 2464 509 2520 qua:
551 2445 822 2504 desiderat
873 2443 1289 2501 formationem?
1322 2442 1453 2499 Non.
1481 2444 1564 2498 vis
1596 2443 1765 2498 videri
1817 2443 1986 2499 Deum

388 2542 587 2614 atquari
639 2540 879 2597 materiae
907 2581 924 2608 ,
976 2547 1032 2595 ct
1107 2537 1326 2609 subjicis
1403 2538 1603 2594 habere
1664 2538 1806 2593 illam
1860 2552 1985 2593 cum

305 2681 357 2696 -.
391 2635 503 2690 Deo
536 2633 992 2689 communionem.
1048 2630 1383 2702 [inpossibile
1428 2630 1594 2698 enim,
1637 2629 1833 2701 inquis,
1876 2643 1983 2686 non

387 2727 674 2784 habentem
729 2724 873 2782 illam
926 2740 1211 2784 commune
1260 2723 1459 2795 aliquid
1528 2739 1650 2778 cum
1692 2723 1836 2790 Deo,
1896 2736 1986 2778 or-

384 2821 503 2877 nari
531 2835 649 2878 eam
676 2821 743 2877 ab
780 2821 917 2893 ipso.
943 2820 1164 2893 Atquin,
1187 2820 1231 2875 si
1257 2833 1542 2875 commune
1577 2817 1776 2888 aliquid
1821 2816 1983 2877 habe-

384 2912 478 2968 bat
510 2927 631 2969 cum
656 2911 790 2981 Deo,
815 2928 922 2968 non
947 2910 1289 2968 desiderabat
1314 2910 1568 2967 exornari
1596 2910 1664 2964 ab
1687 2911 1824 2981 ipso,
1850 2924 1983 2980 pars

382 3006 591 3063 scilicet
617 3005 714 3062 Dei
753 3020 850 3077 per
875 3006 1333 3062 communionem.
1367 3007 1473 3058 Aut
1500 3013 1555 3059 et
1599 3004 1740 3058 Deus
1771 3011 1982 3073 poterat

382 3099 563 3155 Ornari
590 3115 620 3154 a
646 3100 890 3164 materia,
926 3098 1173 3155 habendo
1224 3112 1352 3153 cum
1394 3097 1486 3152 illa
1525 3096 1723 3168 aliquid
1769 3105 1825 3152 et
1860 3096 1982 3167 ipse

2114 495 2513 567 prehensibilis,
2540 510 2651 566 prae
2679 496 2953 553 nimietate
2967 496 3300 554 certaminis.
3325 497 3534 553 Dehinc
3555 496 3718 567 subji-

2111 587 2225 642 cis:
2258 585 2416 642 Stetit
2443 596 2621 642 autem
2650 588 2703 641 in
2733 588 2825 642 Dei
2863 588 3335 659 compositionem,
3369 599 3425 643 et
3475 588 3716 660 inappre-

2113 675 2430 733 hensibilem
2460 676 2646 732 habuit
2686 677 2960 734 conditum
3014 678 3092 751 (5)
3123 688 3349 745 motum,
3400 694 3512 751 prae
3550 679 3714 735 tardi-

2113 779 2221 826 tate
2248 771 2507 828 inconditi
2549 781 2750 830 motus.
2782 774 2953 845 Supra
2981 783 3257 830 certamen
3305 775 3475 830 motui
3500 774 3583 847 (4)
3620 773 3715 831 ad-

2111 862 2323 926 scribis;
2352 862 2440 919 hic
2456 863 2785 921 tarditatem.
2829 865 2961 921 Nam
2990 866 3060 923 de
3085 878 3274 922 natura
3304 867 3545 923 materia:
3570 881 3706 939 quo-

2109 958 2212 1014 ties
2238 956 2420 1025 cadas,
2458 959 2643 1030 accipe
2689 959 2793 1030 (5).
2842 959 3016 1031 Supra
3043 959 3178 1016 dicis
3218 978 3230 1015 :
3262 960 3317 1016 Si
3345 969 3524 1015 autem
3570 967 3714 1017 esset

2109 1053 2332 1109 materia
2362 1062 2553 1111 natura
2584 1053 2747 1119 mala,
2793 1068 2900 1110 non
2948 1056 3248 1126 accepisset
3300 1055 3713 1114 translationem

2108 1143 2163 1199 in
2187 1145 2400 1213 melius,
2449 1160 2550 1201 nec
2581 1146 2723 1201 Deus
2743 1144 2945 1217 aliquid
2979 1148 3388 1217 compositionis
3410 1162 3718 1204 accommo-

2107 1233 2290 1292 dasset
2308 1233 2415 1303 illi;
2438 1238 2493 1292 in
2514 1250 2738 1292 vacuum
2780 1236 2925 1292 enim
2962 1236 3280 1294 laborasset.
3314 1238 3505 1294 Finisti
3545 1239 3707 1311 igitur

2106 1328 2240 1386 duas
2259 1331 2575 1398 sententias,
2602 1346 2702 1387 nec
2722 1334 3002 1387 materiam
3025 1342 3216 1387 natura
3248 1333 3471 1399 malam,
3488 1347 3588 1389 nec
3617 1348 3718 1391 na-

2105 1428 2282 1477 turam
2305 1422 2425 1493 ejus
2442 1439 2473 1477 a
2499 1424 2607 1479 Deo
2629 1423 2869 1494 potuisse
2885 1425 3151 1482 converti.
3178 1425 3382 1481 Horum
3404 1426 3711 1496 immemor,

2106 1522 2294 1583 postea
2344 1513 2509 1570 infers
2547 1514 2664 1588 (6):
2694 1517 2765 1572 At
2794 1515 2883 1572 ubi
2934 1518 3143 1588 accepit
3193 1519 3643 1589 compositionem
3681 1536 3714 1577 ιι

2104 1606 2216 1663 Deo
2247 1615 2305 1664 et
2362 1617 2552 1664 ornata
2595 1615 2696 1676 est,
2730 1610 2965 1665 cessavit
2990 1625 3021 1664 a
3072 1617 3283 1666 natura.
3325 1610 3385 1666 Si
3427 1612 3479 1666 in
3511 1611 3713 1668 bonum

2102 1700 2391 1758 reformata
2417 1710 2522 1772 est,
2551 1703 2736 1775 utique
2784 1702 2851 1760 de
2892 1703 3035 1759 malo
3081 1705 3373 1761 reformata
3414 1714 3528 1770 est;
3574 1704 3714 1761 Etsi

2031 1805 2077 1866 Β
2108 1808 2202 1864 per
2229 1795 2678 1864 compositionem
2710 1795 2810 1852 Dei
2858 1796 3093 1855 cessavit
3136 1812 3165 1851 a
3211 1807 3401 1853 natura
3429 1797 3577 1864 mali,
3611 1811 3715 1853 na-

2104 1892 2221 1941 tura
2237 1887 2466 1942 cessavit
2493 1901 2647 1959 ergo,
2680 1895 2735 1943 et
2761 1888 2903 1945 mafa
2934 1887 3035 1944 fuit
3064 1900 3250 1945 natura
3291 1899 3416 1946 ante
3436 1890 3717 1960 composi-

2102 1979 2326 2048 tionem,
2348 1989 2404 2037 et
2449 1979 2702 2037 desinere
2751 1981 2927 2052 potuit
2969 1997 3000 2037 a
3046 1990 3236 2040 natura
3270 1992 3393 2055 post
3440 1982 3711 2040 reforma-

2100 2073 2326 2129 tionem.

2663 2166 2752 2224 CA
2762 2167 2915 2226 PU'I“
2941 2167 3126 2225 XLIV.

2168 2256 2278 2317 Sed
2303 2269 2359 2317 et
2385 2261 2614 2333 qualiter
2642 2271 2921 2332 operatum
2944 2262 3107 2320 facias
3146 2262 3335 2330 Deum,
3368 2262 3616 2334 sequitur
3648 2270 3709 2319 ut

2095 2354 2395 2412 ostendam.
2428 2354 2593 2411 Plane
2615 2368 2645 2409 a
2671 2352 3006 2425 philosophis
3046 2354 3281 2422 recedis,
3312 2355 3407 2411 sed
3436 2367 3616 2412 tamen
3651 2363 3709 2412 et

2093 2461 2124 2501 a
2157 2445 2454 2518 prophetis.
2481 2446 2648 2503 Stoici
2678 2446 2823 2503 enim
2861 2446 3050 2502 volunt
3078 2448 3247 2503 Deum
3287 2449 3365 2503 sic
3398 2461 3500 2519 per
3527 2455 3705 2504 mate-

2092 2541 2226 2596 riam
2279 2541 2671 2608 decucurrisse,
2701 2541 3102 2612 quomodomel
3149 2555 3246 2612 per
3283 2541 3455 2619 favos.
3483 2541 3555 2598 At
3598 2550 3701 2597 tu:

2094 2630 2235 2700 Non,
2279 2632 2477 2704 inquis,
2524 2632 2891 2704 pertransiens
2943 2634 3089 2689 illam
3131 2634 3257 2691 facit
3296 2635 3577 2705 mundum,
3607 2635 3704 2693 sed

2094 2726 2432 2781 solummodo
2463 2739 2728 2797 apparens
2754 2734 2810 2781 et
2834 2726 3273 2798 appropinquans
3292 2728 3363 2792 ei,
3391 2730 3530 2783 sicut
3571 2727 3703 2785 facit

2087 2819 2179 2889 qui
2220 2817 2385 2874 decor
2404 2815 2480 2890 (a)
2506 2818 2846 2875 solummodo
2895 2833 3182 2890 apparens,
3217 2829 3279 2876 et
3309 2836 3530 2892 magnes
3561 2820 3704 2892 lapis

2087 2909 2423 2967 solummodo
2452 2911 2907 2982 appropinquans.
2940 2910 3079 2979 Quid
3125 2912 3303 2968 simile
3348 2914 3490 2969 Deus
3521 2912 3700 2969 fabri-
3804 2940 3809 2945 ι

2086 3018 2217 3060 cans
2270 3004 2563 3071 mundum,
2620 3013 2675 3061 et
2719 3004 2887 3061 decor
2936 3005 3223 3062 vulnerans
3278 3007 3541 3076 animum,
3587 3016 3690 3064 aut

2086 3112 2306 3168 magnes
2355 3096 2643 3153 adtrahcns
2668 3095 3069 3153 ferrum?Nam
3118 3099 3218 3155 etsi
3244 3100 3492 3170 apparuit
3540 3100 3693 3157 Deus

385 3205 695 3258 commune;
719 3201 773 3246 et
795 3191 909 3262 jam
936 3192 989 3247 in
1014 3191 1113 3246 hoc
1141 3188 1450 3246 necessitati
1475 3188 1696 3259 subjicis
1716 3188 1910 3253 Deum,
1933 3187 1982 3243 si
2006 3203 2052 3268 ρ
2086 3191 2346 3260 materiae,
2370 3190 2467 3247 sed
2495 3204 2602 3245 non
2634 3191 2934 3247 vulneravit
2981 3191 3149 3258 illam,
3196 3192 3339 3263 quod
3382 3192 3548 3249 decor
3578 3195 3703 3251 ani-

381 3281 481 3338 fuit
523 3281 722 3355 aliquid
776 3285 828 3338 in
857 3283 1079 3340 materia
1108 3291 1326 3355 propter
1365 3281 1509 3353 quod
1538 3296 1656 3337 eam
1703 3280 1981 3338 formaret.

381 3370 680 3430 Commune
720 3383 898 3430 autem
952 3375 1095 3431 inter
1144 3372 1266 3430 illos
1306 3371 1460 3441 facis,
1501 3371 1645 3444 quod
1696 3387 1727 3427 a
1785 3380 1985 3427 semet-

387 3469 520 3539 ipsis
564 3466 644 3542 (i)
685 3479 743 3525 et
772 3485 988 3541 semper
1028 3477 1334 3526 moventur.
1367 3466 1507 3537 Quid
1534 3469 1712 3523 minus
1740 3467 1984 3524 materiae

381 3575 545 3631 quam
586 3562 698 3619 Deo
740 3561 1044 3617 adscribis?
1073 3562 1267 3618 Totum
1314 3562 1643 3619 consortium
1688 3561 1981 3616 divinitatis

327 3676 352 3693 ο
385 3650 489 3708 hoc
517 3653 643 3720 erit,
675 3653 894 3710 libertas
921 3654 1271 3709 etaeternitas
1295 3662 1495 3708 motus.
1536 3652 1644 3709 Sed
1677 3653 1814 3707 Deus
1834 3667 1982 3709 com-

383 3743 578 3811 posite,
606 3742 831 3801 materia
858 3743 1131 3800 incondite
1159 3754 1461 3800 moventur.
1487 3742 1689 3799 Tamen
1734 3742 1981 3798 divinum

384 3836 634 3907 proinde,
665 3847 814 3894 motu
843 3836 1070 3909 proinde
1101 3838 1272 3895 libero
1301 3846 1357 3894 et
1385 3848 1610 3911 aeterno.
1636 3836 1834 3913 thuin
1864 3834 1984 3907 plus

382 3929 624 3986 materiae
647 3929 765 4001 das,
794 3931 881 3988 cui
905 3931 1056 3988 licuit
1083 3932 1162 3988 sic
1189 3930 1396 3988 moveri
1421 3929 1693 4003 quomodo
1720 3931 1831 3986 Deo
1876 3943 1983 3984 non

379 4018 567 4101 licuit.
823 4084 855 4097 __

949 4116 1181 4175 CAPUT
1225 4117 1413 4176 XLIII.

377 4212 386 4255 .'
451 4206 530 4263 De
550 4216 700 4264 motu
725 4215 783 4265 et
820 4208 953 4269 illud
982 4211 1305 4268 notaverim.
1332 4194 1512 4280 ‘Nam,
1540 4209 1836 4268 secundum
1862 4207 1984 4265 olla:

383 4297 812 4372 similitudinem,
860 4302 941 4360 sic
964 4312 1082 4361 erat
1137 4304 1239 4378 (2),
1269 4304 1468 4379 inquis,
1514 4305 1752 4363 materia:
1782 4313 1982 4368 motus,

2086 3298 2272 3338 mam:
2316 3291 2373 3339 et
2426 3282 2472 3338 si
2500 3281 2975 3355 adpropinquavit,
3008 3283 3105 3339 sed
3154 3299 3263 3340 non
3312 3283 3538 3341 cohaesit
3588 3286 3700 3357 illi,

2086 3376 2229 3447 quod
2278 3391 2497 3448 magnes
2543 3376 2709 3434 ferro.
2740 3377 2875 3433 Puta
2922 3392 3065 3434 nunc
3106 3378 3351 3449 exentpla
3399 3388 3490 3433 tua
3546 3394 3704 3437 com-

2083 3478 2290 3541 petere.
2344 3468 2540 3537 Certe,
2582 3470 2632 3525 si
2711 3470 3021 3541 apparcndo
3096 3479 3152 3526 et
3215 3472 3703 3544 appropinquando

2087 3564 2360 3631 materiae,
2416 3563 2540 3618 fecit
2590 3579 2655 3619 ex
2704 3564 2793 3618 illa
2840 3562 2981 3620 Deus
3024 3565 3325 3633 mundum,
3384 3567 3569 3638 utique
3620 3583 3698 3626 ex

2084 3670 2191 3724 quo
2260 3656 2507 3726 apparuit
2572 3655 2739 3723 fecit,
2797 3666 2853 3712 et
2918 3673 2986 3712 cx
3043 3672 3150 3728 quo
3222 3660 3697 3731 apprOpinquavit.

2085 3744 2230 3817 Ergo
2301 3747 2521 3817 quando
2581 3763 2688 3802 non
2754 3745 2953 3803 fecerat
3001 3759 3192 3817 retro,
3258 3765 3359 3806 nec
3420 3765 3698 3823 apparue-

2086 3847 2167 3893 rat
2194 3836 2271 3892 illi
2300 3879 2315 3905 ,
2357 3853 2458 3894 nec
2493 3838 3037 3910 adpropinquaverat.
3071 3839 3139 3896 Et
3163 3841 3249 3896 cui
3279 3841 3538 3899 credibile
3568 3853 3657 3901 est
3676 3884 3697 3916 ,

2089 3929 2256 3997 Deum
2283 3946 2390 3986 non
2416 3933 2730 4003 apparuisse
2757 3934 3042 3989 materias?
3070 3933 3155 3990 vel
3187 3951 3290 4006 qua
3321 3936 3688 3993 consubstan-

2087 4023 2200 4078 tiali
2227 4038 2339 4078 sua:
2371 4039 2467 4094 per
2491 4025 2847 4080 aeternitatem
2871 4025 2895 4080 ?
2946 4025 3015 4081 ab
3040 4041 3104 4082 ea
3134 4026 3292 4098 longe
3334 4027 3498 4085 fuisse
3524 4044 3695 4099 quem

2089 4115 2359 4172 credimus
2391 4117 2588 4187 ubique
2615 4132 2739 4173 esse
2760 4158 2777 4186 ,
2807 4125 2863 4173 et
2889 4117 3087 4189 ubique
3137 4133 3396 4190 apparere
3442 4120 3570 4192 (7)?
3600 4120 3693 4177 cui

2088 4209 2249 4264 etiam
2292 4205 2368 4282 (ὁ)
2416 4208 2729 4265 inanimalia
2765 4216 2821 4266 et
2860 4209 3213 4283 incorporalia
3255 4210 3445 4269 laudes
3479 4222 3692 4271 canunt

2094 4298 2234 4371 apud
2263 4297 2535 4356 Danielem
2578 4300 2600 4373 (
2624 4299 2759 4357 Dari.
2789 4343 2807 4371 ,
2836 4300 2971 4373 III).
3009 4302 3252 4372 Quantus
3281 4305 3367 4361 hic
3392 4306 3544 4363 locus
3566 4345 3584 4377 ,
3619 4307 3679 4365 in

1618 4398 2016 4481 LECTIONES
2051 4415 2469 4475 VARIANTES.

467 4536 516 4612 1)
537 4536 890 4612 gift-etnpdjicit
908 4537 1073 4612 bisque
1095 4541 1212 4611 legit
1231 4551 1508 4599 moventur.

464 4599 513 4654 2)
537 4601 643 4651 Erit
664 4599 813 4652 Rhea.
838 4604 992 4654 Seml.

461 4649 513 4722 δ)
539 4649 1015 4718 iussisiussis.
1038 4666 1191 4719 Sami.
1211 4649 1487 4722 abem."

461 4721 511 4786 4)
536 4723 696 4775 Motus
721 4723 865 4778 Illum.
892 4735 938 4781 et
956 4729 1055 4780 duo
1076 4742 1320 4797 sequaces.

493 4535 516 4786 ξ

370 4940 403 4985 Γ
637 4940 991 5025 Χιξνε-τ-(ει)
1018 4949 1167 5025 Sicut
1193 4951 1318 5023 facit
1341 4954 1429 5022 qui
1456 4952 1623 5009 decor.
1661 4954 1719 5010 Id
1750 4962 1852 5021 est,
1887 4954 1989 5010 ali-

377 5015 502 5097 guis
522 5015 1060 5097 dccpr.-Sed_hoc'ab
1087 5015 1470 5097 Rhénano'est.
1500 5025 1632 5080 Nam
1661 5037 1817 5082 antea
1838 5015 1990 5097 lege-

376 5083 559 5152 batur,
585 5085 735 5167 Fagit
757 5090 883 5154 quid
909 5093 1062 5167 decor
1090 5095 1408 5167 solummodo
1437 5113 1713 5167 apparens.
1734 5083 1992 5166 Quodre-

379 5168 520 5241 CIum
539 5168 639 5241 est.
669 5159 840 5241 Decor
856 5163 1196 5241 solummodo
1221 5159 1488 5241 apparens
1508 5159 1632 5241 facit
1648 5159 1869 5241 aliquid,
1886 5169 1988 5241 hoc

374 5238 478 5296 est,
494 5230 739 5287 vulnerat
753 5232 991 5290 animum
1009 5276 1024 5303 ,
1040 5246 1098 5292 ut
1116 5237 1233 5307 ipse
1251 5230 1376 5293 in'ox
1391 5240 1554 5294 dicet.
1571 5230 1874 5312 Lucretius,
1888 5240 1982 5298 IV:

469 5341 572 5414 Sed
597 5348 774 5414 tamen
785 5354 894 5399 esto
909 5346 1012 5414 jam
1025 5350 1296 5414 quantovis
1317 5352 1417 5401 oris
1437 5352 1644 5413 honore,

481 5404 569 5455 Cui
602 5410 804 5459 veneris
826 5404 1069 5463 membris
1086 5416 1160 5464 vis
1174 5414 1402 5464 omnibus
1421 5404 1741 5542 exhortaétarz‘
1756 5422 1853 5543 Sate.

694 5518 705 5529 .
1691 5487 1705 5527 t
1728 5508 1758 5528 ι.

365 5549 390 5656 1
427 5571 533 5656 ‘(b)
564 5558 882 5631 Inanimalia
910 5588 959 5656 e_t
983 5579 1351 5656 incorporafia.
1384 5582 1590 5656 Alludit
1617 5584 1682 5639 ad
1710 5584 1969 5656 hymnum

374 5648 537 5722 trium
584 5659 887 5722 puerorum
914 5650 1050 5722 Dan.
1085 5648 1140 5713 δέ
1180 5653 1341 5722 juxta
1379 5654 1671 5709 editionem
1714 5648 1966 5711 Theodo.

367 5713 529 5794 tionis
551 5731 566 5779 ;
592 5713 738 5771 nam
777 5720 830 5773 in
873 5719 1093 5794 light-ato
1130 5713 1236 5777 non
1275 5724 1460 5779 haberi
1502 5736 1647 5780 recte
1686 5727 1966 5782 atmotavit
2069 5713 2343 5794 ϋόἱῐὲῗὲεῖι
2371 5713 2650 5794 sententi;

2164 4603 2199 4653 6

2168 4602 2220 4715 ϐξ
2243 4602 2480 4677 Insciens
2504 4602 2671 4670 Rheni,
2693 4613 2863 4659 casura
2876 4621 3054 4661 onmes.

2168 4667 2197 4715 7
2244 4665 2474 4715 Undique
2501 4668 2602 4715 Lat.

2244 4665 2474 4731 Undique
2501 4668 2602 4718 Lat.

2000 4543 2056 4605 1)
2146 4538 2220 4733 ἓῦξ
2245 4541 2444 4606 Accipis
2464 4554 2612 4605 supra
2629 4542 2823 4607 iudices
2844 4542 2995 4596 Rhea.
3021 4543 3174 4599 Seml.
3201 4548 3397 4602 Oberth.

2164 4603 2199 4653 6
2243 4602 2480 4655 lnserens
2504 4603 2671 4670 altera,
2693 4613 2863 4659 casura
2876 4621 3054 4661 onmes.

2168 4667 2197 4715 7
2244 4665 2474 4731 Undique
2501 4668 2602 4718 Lat.

2158 4750 2177 4765 κ

1730 4836 2292 4901 COMMENTARIUS.

2096 4952 2250 5032 titulo
2287 4952 2349 5032 Β.
2392 4955 2692 5032 Cyprianus
2728 4956 2880 5016 libris
2903 4960 2969 5016 de
3005 4956 3189 5032 Lapsis
3237 4969 3294 5017 et
3331 4961 3394 5017 de
3436 4960 3688 5019 Oratione

2095 5022 2390 5107 Dominicis.
2415 5022 2516 5107 Qui
2548 5022 2651 5084 loci
2679 5032 2970 5107 annotandi
2997 5022 3478 5107 prodietiuhyntni
3506 5049 3684 5107 cano-

2093 5100 2215 5151 nica
2241 5100 2575 5172 auctoritate,
2620 5115 2778 5168 quam
2806 5104 2967 5159 etiam
2997 5104 3234 5158 Ecclesia
3265 5100 3551 5160 illi'tribuit
3572 5147 3588 5172 ,
3624 5108 3683 5163 iu

2092 5182 2196 5246 qua
2224 5183 2331 5246 non
2361 5169 2522 5246 modo
2547 5186 2691 5226 nunc
2709 5172 3045 5246 _in_sabbatis
3075 5184 3303 5244 quatuor
3334 5169 3638 5246 temporum
3660 5220 3679 5246 ,

2093 5239 2186 5314 sed
2215 5238 2282 5314 ab
2308 5240 2459 5314 initio
2482 5242 2751 5314 nascentis
2778 5242 3054 5308 Ecclesiae,
3083 5238 3297 5314 semper
3328 5248 3379 5300 in
3407 5238 3552 5301 omni
3588 5238 3682 5304 so:-

2088 5308 2370 5366 Iemnitatc
2402 5311 2454 5383 in
2485 5313 2655 5367 sacris
2676 5312 2918 5371 fidelium
2949 5308 3289 5383 decantata":
3322 5318 3485 5373 fuisse
3511 5318 3681 5375 trium

2086 5394 2374 5454 puerorum
2406 5380 2665 5454 hymnum
2684 5425 2701 5451 ,
2745 5395 3007 5442 testantur
3028 5380 3356 5454 Augustinus
3384 5405 3550 5444 serm.
3578 5391 3678 5454 47,

2080 5450 2144 5505 de
2194 5450 2617 5523 Tempore'(qui
2666 5450 2914 5513 eumdem
2963 5450 3140 5513 etiam"
3172 5460 3486 5514 nominatim
3536 5450 3679 5516 citat

2080 5537 2167 5600 ep.
2201 5523 2327 5600 ιξςὶ,
2384 5524 2447 5578 de
2482 5523 2700 5600 Jejunio
2735 5526 2993 5600 sabbati),
3041 5537 3099 5584 et
3128 5529 3410 5597 Ruﬂinns,
3455 5531 3549 5585 lib.
3589 5527 3676 5599 ἢ..

2078 5594 2198 5671 adv.
2229 5594 2630 5671 Hieronymum.
2662 5597 2760 5652 Cui
2793 5599 2930 5655 idem
2951 5594 3315 5671 Hieronymus
3344 5594 3665 5671 respondet,

2073 5663 2329 5745 quidquid
2369 5663 2444 5722 de
2475 5682 2540 5721 eo
2579 5675 2868 5794 scriﬂserat
2918 5685 3013 5725 sua
3052 5670 3106 5726 in
3151 5663 3674 5741 Danielem'prmfa;

2073 5741 2246 5794 tione.
2278 5752 2343 5791 ex
2382 5739 2650 5794 sententia
2728 5741 3028 5794 ebraeorum
3057 5741 3278 5794 dixisse.
3310 5742 3487 5794 Ouid?
3510 5744 3664 5794 auod

2728 5741 3028 5813 ebraeorum
3057 5741 3278 5813 dixisse.
3310 5742 3487 5810 Quid?
3510 5744 3666 5813 quod

361 5780 423 5837 Β.
466 5777 849 5858 Hieronymus.
898 5789 1163 5848 Eumdem
1202 5777 1368 5850 etiam
1393 5777 1964 5868 citatior—omﬁologeSi-s

2096 5777 2213 5861 ueni
2229 5777 3294 5883 ιιῖενῶἴῇἰῖἱίὲἓιῆὶῖῗέιῖνὸἓὲἓίεῖἑῖεἰῖιέἨι
3311 5777 3668 5886 Win-233i:
