4008 6280
261 358 363 415 237

1389 358 1587 415 LIBER
1630 358 1993 419 ADVERSUS
2031 361 2552 427 IIEMIOGENEM._

3506 367 3611 424 938

263 488 365 547 quo
393 472 551 529 Deus
581 486 619 528 a
650 448 917 529 materia
951 476 1145 525 tantum
1172 469 1422 542 distabat,
1458 484 1514 530 ut
1539 490 1714 546 neque
1744 475 1908 546 adpa-
1939 482 1993 540 Α
2017 470 2277 549 adparere
2317 488 2373 534 et
2415 478 2847 550 adpmpinquare
2883 479 3160 535 cessavit?
3202 481 3399 551 Atquin
3437 485 3611 551 magis

268 578 408 621 reret
486 582 691 637 neque
747 564 1211 636 adpropinquaret
1256 577 1382 624 ante
1428 569 1614 629 mundi
1669 569 1906 626 molitio-

266 660 412 715 nem?
443 660 677 727 Credo,
716 659 1101 733 peregrinatus
1127 663 1292 720 estad
1322 662 1468 725 illam
1489 662 1558 720 de
1587 663 1896 736 longinquo,

264 766 382 807 cum
414 754 688 823 primum
722 755 787 810 ei
817 748 986 808 violuit
1008 752 1253 823 adparere
1276 763 1330 810 et
1353 755 1803 828 adpropinquare.

904 845 1122 917 CAPUT
1186 847 1346 906 XLV.
1572 900 1579 905 .

331 940 404 996 At
444 941 616 996 enim
664 938 968 1013 prophetae
1010 949 1064 995 et
1111 942 1335 1012 apostoli
1409 954 1517 997 non
1561 942 1636 997 ita
1691 942 1916 999 tradunt

263 1032 541 1088 mundum
579 1047 617 1086 a
654 1032 790 1087 Deo
816 1031 1035 1099 factum,
1063 1041 1355 1106 apparente
1383 1034 1721 1093 solummodo
1745 1045 1800 1092 et
1821 1051 1917 1109 ap-

266 1126 714 1198 propinquante
748 1125 994 1182 materiae
1017 1167 1033 1192 ,
1074 1126 1163 1197 qui
1193 1141 1292 1182 nec
1321 1126 1601 1183 materiam
1628 1127 1790 1182 ullam
1818 1143 1916 1183 no-

263 1221 674 1288 minaverunt,
703 1218 804 1276 sed
827 1218 1002 1290 primo
1021 1218 1273 1290 Sopltiam
1315 1219 1583 1276 conditam
1608 1220 1811 1275 initium
1833 1219 1915 1293 (I)

265 1313 468 1365 viai-nn:
506 1310 572 1365 in
604 1326 787 1382 opera
805 1310 968 1381 ipsius
1014 1308 1035 1383 (
1061 1309 1243 1376 Prom,
1283 1308 1420 1375 VIII,
1446 1309 1519 1365 22
1547 1310 1567 1383 )
1604 1329 1617 1366 :
1647 1310 1840 1366 dehinc
1862 1319 1918 1366 et

263 1420 575 1460 mwnem
631 1402 917 1475 prolatum
943 1446 958 1468 ,
1010 1419 1097 1472 per
1126 1418 1273 1475 quem
1311 1403 1484 1457 omnia
1520 1406 1658 1475 facta
1684 1410 1840 1469 sunt,
1870 1409 1920 1457 et

263 1500 372 1554 sine
395 1514 509 1570 quo
534 1501 762 1570 factum
789 1508 864 1551 est
890 1495 1017 1552 nihil
1042 1495 1265 1570 (10am,
1290 1495 1334 1562 Ι,
1356 1496 1391 1552 5
1415 1494 1458 1568 ).
1515 1496 1755 1566 Denique
1805 1511 1916 1550 ser-

264 1608 418 1647 mone
444 1594 581 1663 ejus
631 1592 757 1648 celi
784 1590 1072 1660 conﬁrmati
1095 1600 1212 1645 sunt
1235 1631 1251 1655 ,
1294 1599 1341 1644 et
1378 1590 1562 1661 spiritu
1596 1590 1759 1661 ipsius
1796 1588 1916 1643 uni-

266 1700 427 1739 versa
497 1685 745 1738 virtutes
796 1697 970 1737 cornu:
1014 1680 1162 1754 (Ps.
1219 1680 1484 1747 XXXIII,
1533 1679 1637 1753 6).
1690 1681 1785 1736 llic
1836 1687 1920 1737 est

266 1774 367 1830 Dei
389 1775 640 1830 dantem
671 1784 721 1829 et
764 1788 949 1828 manus
989 1774 1152 1828 antire
1190 1789 1280 1843 per
1306 1788 1432 1843 quas
1474 1782 1712 1844 operatus
1747 1780 1820 1828 est
1861 1787 1920 1827 ea

2020 584 2280 642 apparere
2310 571 2472 641 erepit
2495 610 2510 637 ,
2550 580 2605 627 et
2643 570 2839 640 ubique
2877 572 3152 626 conveniri
3184 572 3325 628 Deus
3350 613 3364 639 ,
3406 590 3470 628 ex
3505 589 3612 644 quo

2024 659 2196 716 factus
2222 649 2588 717 est'mundus.
2628 647 2792 717 Vides
2816 675 2945 733 ergo
2982 663 3434 733 quemadmodum
3475 680 3607 735 ope-

2018 758 2229 810 ratione
2255 753 2350 810 Dei
2380 754 2628 811 universa
2679 753 2982 810 consistunt
3014 754 3117 828 (6),
3155 754 3233 828 (a)
3278 757 3497 811 valentia
3528 756 3610 811 fa-

2019 845 2214 902 cientis
2242 857 2463 913 terram,
2503 845 2841 918 intelligentia
2871 847 3112 918 parantis
3138 847 3345 915 orbem,
3371 856 3426 903 et
3455 864 3605 903 sensu

2021 938 2366 997 extendentis
2388 939 2581 997 caelum
2616 959 2630 995 :
2656 956 2763 995 non
2791 938 3100 1010 adparentis
3124 943 3479 1009 solummodo,
3503 960 3603 999 nec

2034 1031 2529 1103 adpropinquantis,
2572 1030 2667 1087 sed
2691 1030 2997 1088 adhibentis
3024 1040 3198 1088 tantos
3221 1034 3385 1089 animi
3415 1036 3494 1090 sui
3522 1037 3603 1090 ni:

2019 1137 2133 1192 sus,
2164 1124 2427 1195 sophiam,
2458 1120 3035 1191 valentiam,’sensum,
3084 1141 3386 1182 sermonem
3409 1170 3423 1194 ,
3456 1129 3612 1198 spiri-

2022 1226 2136 1273 tum
2162 1259 2176 1284 ,
2210 1218 2472 1273 virtutem
2500 1235 2514 1273 :
2541 1233 2661 1289 quae
2690 1218 2764 1273 illi
2802 1233 2909 1272 non
2961 1229 3117 1274 erant
3156 1219 3238 1293 (7)
3282 1223 3605 1286 necessaria,

2022 1311 2069 1366 si
2122 1308 2203 1385 (8)
2253 1310 2564 1383 adparendo
2604 1311 2974 1368 tantummodo
3026 1322 3080 1367 et
3134 1313 3612 1387 adpropinquanti»
3698 1296 3711 1302 ’

2025 1403 2297 1474 profectus
2349 1404 2551 1461 fuisset
2589 1403 2692 1478 (9).
2744 1404 2872 1461 Haec
2920 1412 3100 1485 autem
3154 1416 3278 1461 sunt
3342 1406 3416 1481 (b)
3480 1411 3612 1464 invi-

2022 1496 2191 1552 sibilia
2231 1500 2341 1570 ejus
2370 1540 2387 1566 ,
2434 1516 2555 1569 qua:
2600 1499 2892 1557 secundum
2936 1501 3240 1572 apostolum
3293 1504 3355 1556 ab
3405 1505 3611 1559 institu-

2026 1591 2161 1645 tione
2224 1592 2403 1646 mundi
2463 1590 2633 1664 (I0)
2712 1593 2778 1648 de
2835 1592 2988 1648 factis
3050 1594 3166 1663 ejus
3233 1599 3616 1666 conspiciuntur

2025 1683 2251 1758 (Rom,
2294 1684 2562 1756 ΠΛΟ),
2611 1701 2718 1742 non
2773 1688 3013 1743 materias
3077 1688 3258 1743 nescio
3309 1705 3464 1757 quat,
3521 1696 3614 1746 sed

2025 1776 2295 1832 sensualia
2327 1776 2516 1847 ipsius.
2569 1777 2701 1844 Quis
2720 1778 2858 1832 enim
2884 1780 3115 1849 cognovit
3140 1797 3337 1834 sensum
3367 1780 3569 1835 Domini
3594 1782 3618 1835 1’

264 1885 385 1937 quc
428 1867 527 1941 (ε)
582 1867 813 1922 molitus
863 1876 937 1921 est
963 1865 983 1940 (
1010 1865 1112 1935 ls.,
1139 1863 1371 1932 XLVIII,
1404 1867 1473 1922 15
1502 1865 1544 1938 ).
1579 1865 1748 1935 Opera
1771 1866 1915 1922 enim
1946 1879 1993 1939 Β
2022 1870 2099 1926 De
2120 1884 2226 1940 quo
2244 1869 2509 1926 exclamat
2537 1870 2655 1939 (II)
2685 1886 2698 1923 :
2731 1871 2777 1924 0
2816 1871 3126 1941 profundum
3153 1873 3443 1926 divitiarum
3468 1884 3515 1928 et
3534 1890 3620 1928 so-

270 1978 533 2017 ntanusms
567 1970 795 2017 tuarum
818 2001 834 2027 ,
892 1960 1060 2032 inquit
1091 2002 1107 2027 ,
1148 1960 1265 2017 cwli
1298 1960 1317 2032 (
1349 1958 1443 2014 Ps.
1466 1958 1554 2015 CII
1582 2002 1597 2027 ,
1634 1958 1710 2015 26
1736 1959 1795 2031 );
1829 1975 1918 2029 per

270 2070 403 2123 anas
438 2064 493 2109 et
524 2066 761 2109 suemus
789 2060 865 2105 est
890 2059 1111 2117 terram,
1149 2060 1194 2106 et
1223 2050 1395 2122 palmo
1421 2050 1604 2105 cretum
1653 2050 1736 2122 (3)
1791 2050 1811 2123 (
1843 2049 1920 2106 Is.

273 2147 403 2216 XL,
444 2147 524 2203 ιε
558 2145 609 2220 ).
657 2145 780 2202 Noli
832 2146 901 2200 ita
932 2144 1011 2216 (4)
1057 2145 1167 2200 Deo
1213 2143 1455 2208 adulari,
1501 2152 1560 2198 ut
1606 2143 1741 2199 velis
1771 2143 1921 2198 illum

274 2242 397 2297 solo
426 2242 569 2296 visu
623 2250 682 2295 et
724 2238 847 2295 solo
890 2252 1113 2295 accessu
1152 2245 1231 2293 tot
1270 2252 1335 2293 ac
1377 2246 1552 2294 tantas
1597 2236 1923 2293 substantias

278 2334 600 2403 promlisse
625 2375 647 2401 ,
698 2340 755 2387 et
803 2346 909 2388 non
951 2330 1186 2401 propriis
1227 2328 1433 2386 viribus
1478 2330 1792 2396 instituisse.
1834 2329 1925 2386 Sic

288 2428 437 2482 enim
469 2437 537 2483 et.
582 2425 863 2482 Jcremias
886 2424 1270 2492 commendat;
1316 2422 1458 2479 Deus
1501 2425 1692 2495 faciens
1739 2432 1927 2479 terram

280 2521 333 2575 in
356 2522 613 2576 calentia
646 2534 764 2586 sua,
808 2534 997 2589 parans
1024 2517 1194 2572 orbem
1223 2516 1561 2599 intelligentia
1585 2532 1682 2571 sua
1708 2558 1721 2579 ,
1757 2524 1803 2569 et
1830 2531 1922 2571 suo

281 2631 437 2670 sensu
453 2612 709 2670 extendit
724 2609 1002 2682 calant(5)
1018 2609 1259 2682 (lenm,
1280 2609 1364 2678 LI,
1388 2611 1476 2676 IS,
1508 2608 1599 2664 Ps.
1624 2607 1810 2675 LXIV,
1837 2608 1918 2680 7).

287 2706 379 2762 lla:
406 2716 550 2763 sunt
585 2704 741 2760 vires
766 2702 903 2775 ejus,
922 2701 1337 2773 quibusenisus,
1362 2700 1649 2757 totumhoc
1663 2698 1919 2756 condidit.

286 2800 464 2872 thier
496 2808 601 2856 est
626 2797 801 2871 gloria
826 2796 965 2869 ejus,
981 2796 1027 2853 si
1044 2795 1321 2851 laboravit.
1348 2794 1589 2866 Denique
1609 2795 1823 2866 septima
1842 2794 1926 2849 die

289 2895 549 2962 requievit
584 2890 654 2946 ob
674 2887 911 2961 operibus
937 2888 957 2962 (
972 2886 1103 2944 Gen.
1119 2885 1282 2959 ",2).
1305 2886 1600 2958 Utrumque
1624 2901 1723 2943 suo
1748 2900 1919 2942 more.

292 2986 398 3043 Ant
424 2988 476 3043 si
522 2983 813 3053 adparens
849 2979 1192 3037 solummodo
1227 2987 1285 3037 et
1319 2978 1760 3051 adpropinquans
1797 2975 1926 3034 fecit

295 3080 445 3139 hunc
473 3076 760 3137 mundum
788 3117 806 3144 ,
837 3073 1097 3147 ntnnquid
1122 3087 1248 3131 cum
1277 3073 1456 3130 facere
1491 3070 1691 3139 desiit,
1732 3085 1920 3128 rursus

2025 1961 2180 2035 phire,
2211 1970 2269 2037 ut
2301 1959 2374 2034 (ε)
2400 1960 2714 2034 invenlibilia
2728 1961 2935 2032 judicia
2958 1965 3095 2034 ejus,
3119 1974 3164 2017 et
3191 1964 3612 2037 ininvestigabiles

2025 2054 2119 2109 uite
2141 2053 2294 2123 ejus!
2340 2051 2361 2128 (
2386 2051 2540 2108 Rom.
2571 2051 2662 2117 XI,
2694 2053 2765 2109 55
2790 2054 2830 2123 ).
2861 2054 2998 2122 Quid
3029 2054 3143 2109 haec
3169 2056 3339 2126 magis
3382 2058 3619 2127 sapiunt,

2027 2160 2187 2216 quam
2215 2152 2274 2200 ut
2301 2159 2369 2201 ex
2395 2144 2567 2200 nibilo
2596 2145 2779 2200 omnia
2819 2144 2959 2199 facta
2987 2146 3138 2200 sint?
3181 2162 3300 2216 quae
3339 2163 3440 2203 nec
3470 2148 3621 2204 inve-

2027 2237 2144 2292 nire
2171 2251 2271 2291 nec
2300 2235 2611 2308 investigari
2640 2236 2742 2291 nisi
2770 2252 2801 2291 a
2831 2236 2947 2291 solo
2978 2236 3089 2293 Deo
3112 2228 3335 2307 possent
3361 2256 3375 2305 ;
3417 2240 3614 2308 alioqui

2027 2327 2419 2399 investigabilia
2443 2370 2459 2397 ,
2504 2328 2550 2383 si
2585 2343 2651 2383 ex
2681 2328 2904 2383 materia
2931 2336 3058 2383 sunt
3102 2329 3419 2401 investigata
3449 2341 3505 2387 et
3536 2332 3619 2386 in-

2028 2430 2209 2475 venta.
2251 2420 2415 2492 Igitur
2441 2420 2493 2476 in
2533 2430 2792 2492 quantum
2832 2422 3075 2477 constitit
3113 2424 3391 2478 materiam
3420 2424 3625 2481 nttllant

2030 2513 2218 2580 fuisse,
2251 2529 2315 2570 cx
2344 2512 2447 2568 hoc
2470 2512 2631 2569 etiam
2663 2513 2810 2583 quod
2836 2513 3130 2572 nectalem
3163 2524 3436 2586 competat
3462 2517 3625 2572 fuisse

2028 2605 2202 2677 qualis
2247 2603 2536 2671 inducitur,
2589 2605 2643 2661 in
2686 2613 2893 2661 tantum
2935 2607 3193 2676 probatur
3237 2608 3356 2680 (I2)
3380 2609 3561 2664 omnia
3591 2624 3623 2663 a

2030 2699 2142 2754 Deo
2169 2714 2235 2753 ex
2266 2696 2434 2753 nihilo
2458 2695 2622 2765 facta,
2654 2697 2759 2752 nisi
2805 2697 2949 2769 quod
2984 2697 3349 2770 Hermogenes
3376 2700 3623 2756 eumdem

2026 2801 2222 2848 statum
2253 2790 2607 2847 deseribendo
2636 2791 2912 2858 materize,
2943 2806 3050 2861 quo
3081 2790 3194 2863 (15)
3225 2802 3310 2847 est
3363 2793 3478 2863 ipse
3497 2834 3512 2861 ,
3545 2793 3626 2848 in-

2026 2884 2320 2948 conditum,
2348 2880 2664 2949 confusum,
2695 2881 3085 2948 turbulentum,
3116 2873 3362 2952 ancipitis
3387 2893 3441 2938 et
3483 2899 3621 2954 pra}-

2025 2979 2202 3050 cipitis
2231 2986 2286 3034 et
2320 2976 2510 3035 fervidi
2539 2983 2717 3033 motus
2735 3019 2751 3045 ,
2779 2978 3160 3034 documentum
3192 2976 3308 3051 (14)
3333 2980 3464 3035 artis
3513 2994 3627 3036 sua:

2025 3071 2156 3128 dum
2180 3070 2435 3136 ostendit,
2464 3069 2581 3141 ipse
2607 3084 2668 3126 se
2704 3068 2894 3141 pinxit.

1569 3182 1952 3243 LECTIONES
1986 3182 2397 3241 VARIANTES.

386 3316 410 3366 t
460 3316 628 3365 Initia
652 3316 803 3361 Rhen.
827 3316 977 3362 Semt.
998 3316 1194 3359 ouertn.

383 3316 439 3442 Ξ)
464 3378 654 3438 Atque
678 3371 877 3423 molitus
895 3369 1040 3421 triten.
1066 3365 1217 3421 Seml.
1238 3364 1432 3419 oberth.
1779 3425 1791 3437 .

360 3316 445 3508 ἓξ)
470 3437 709 3508 piamen.
734 3422 1500 3508 et_poste_wn.1utsolent,~Smtl.
1540 3424 1734 3479 oberth.
1772 3438 1935 3479 inver-

330 3502 342 3513 .
362 3428 445 3508 (5')
474 3428 709 3522 alienun.
734 3441 780 3486 et
801 3438 905 3497 post
917 3446 1046 3503 estin,
1069 3438 1121 3484 ut
1140 3428 1309 3490 solent,
1346 3431 1383 3481 S

301 3514 439 3555 εταιθ
464 3500 680 3556 legunt.
711 3497 886 3547 coelum
912 3504 965 3545 et
987 3495 1145 3556 mimo
1167 3503 1364 3546 terram.

366 3514 439 3555 ne
464 3512 520 3551 te
560 3512 647 3550 wtt
669 3512 687 3547 .'
711 3512 886 3547 caelum
912 3512 965 3545 et
987 3512 1037 3556 pa

366 3563 449 3628 (ι)
472 3512 600 3628 N901}
616 3561 689 3610 ita
710 3551 1037 3628 nheri._Seml.'

2124 3296 2175 3361 8)
2203 3296 2269 3362 Ut
2285 3296 2567 3362 apparendo
2584 3294 2780 3362 obertlt.
2805 3309 2917 3347 cum
2936 3292 3053 3349 iisd.

2125 3362 2175 3423 9)
2192 3359 2376 3423 sseae
2394 3359 2568 3423 fuisset
2582 3360 2696 3423 vult.
2717 3361 2821 3409 Lat.

2132 3418 2208 3483 t0)
2234 3421 2311 3472 De
2328 3435 2423 3474 non
2443 3422 2590 3474 inser.
2613 3422 2764 3483 Eheu.
2790 3434 2878 3472 nec
2894 3418 3073 3483 Δ,ςειηιη
3095 3432 3184 3483 nec
3208 3419 3403 3483 oberth.

2126 3479 2206 3553 11)
2230 3483 2293 3553 I_£t
2309 3482 2477 3553 clamat
2501 3497 2513 3532 :
2539 3482 2827 3553 profundum
2847 3498 2861 3545 ;
2886 3479 3040 3535 iidem
3054 3479 3239 3547 pariter
3264 3481 3358 3550 leg.

2129 3545 2202 3598 t2)
2229 3547 2535 3597 Probaretur
2545 3545 2699 3597 iidem
2720 3551 2887 3597 contra
2902 3545 3083 3597 manes.

2135 3595 2209 3674 i3)
2232 3595 2319 3674 gl.
2330 3595 2470 3673 quod
2482 3595 2723 3674 asinae.

2135 3622 2209 3674 to)
2233 3622 2316 3660 At.
2338 3622 2470 3673 quoa
2493 3622 2569 3660 est
2598 3623 2611 3658 I
2674 3622 2723 3659 e.

2133 3674 2208 3739 14)
2232 3670 2554 3724 Documentis
2745 3668 2896 3724 Seml.
2921 3669 3119 3723 oberth.

1687 3842 2248 3905 COMMENTARIUS.

313 3988 441 4035 tate
469 3970 744 4033 servanda
763 4012 781 4039 ,
807 3970 937 4027 citet
961 3984 1027 4024 ex
1049 3967 1220 4037 ipsius
1247 3963 1437 4039 hymni
1465 3961 1779 4039 praemissis,
1809 3975 1930 4033 quae

315 4034 591 4108 similiter
620 4044 672 4099 in
698 4034 915 4098 hebraco
940 4058 1043 4096 non
1071 4034 1354 4102 habentur,
1384 4034 1514 4108 illud
1535 4035 1680 4108 quod
1708 4048 1932 4108 silescu-

315 4105 425 4178 sus
454 4119 535 4174 sit
556 4116 698 4187 ignis
724 4114 834 4169 49:
864 4112 1191 4187 cubitorum.
1225 4106 1509 4187 Quomon
1525 4106 1683 4187 etiam
1727 4105 1789 4187 D.
1820 4107 1933 4187 Au-

318 4177 612 4265 gustinus,
642 4187 772 4265 illud
799 4201 865 4241 ex
884 4183 1128 4265 ejusdem
1157 4179 1447 4265 mammia.
1467 4177 1736 4265 Quoniam
1757 4177 1937 4265 justus

329 4248 397 4323 vos
424 4265 486 4318 in
510 4248 764 4316 omnibus
791 4248 1515 4328 quae'fecistinobistepist.
1539 4248 1664 4304 122.
1697 4248 1839 4303 ΡΑιι.

406 4332 570 4391 CAP.
604 4329 763 4386 XLV.
798 4319 871 4369 -ῖ-
921 4323 1000 4400 (a)
1038 4323 1273 4380 Valentia
1310 4319 1542 4400 facientis
1583 4331 1803 4400 terram,
1833 4326 1939 4373 etc.

332 4400 633 4463 Hieremia:
660 4400 752 4467 51,
781 4395 945 4455 voces
980 4395 1173 4469 graeca?
1208 4402 1335 4469 sunt
1380 4395 1645 4469 «siqui,
1675 4401 1941 4469 τῇ-σορίᾳ,

332 4457 639 4539 Reduc...
669 4457 777 4528 Pro
805 4457 1394 4541 qttihtts'trapstulit__et
1416 4457 1601 4541 Iticget
1624 4457 1787 4541 paulo
1817 4457 1947 4541 pust

339 4533 552 4615 auctor,
572 4533 869 4608 valentiori,
887 4533 943 4597 id
964 4548 1067 4606 est,
1094 4534 1484 4601 fortitudinem,
1513 4533 1945 4606 intelligentiam,

341 4634 586 4677 sensum.
618 4617 757 4675 Psu.

417 4636 844 4766 ἳῗιῖῗῖἠὶἓέῗρξιεα
892 4682 1038 4766 eius.
1056 4756 1069 4766 .
1088 4689 1194 4766 sw;
1233 4676 1358 4766 ,νερ
1374 4720 1410 4766 ε.
1424 4674 1731 4766 iusius
1770 4675 1948 4766 9.653

342 4747 531 4820 ιιιδηῖιί
566 4760 850 4819 creatione
878 4747 1146 4812 creaturis
1173 4751 1447 4807 intellecta
1482 4748 1753 4804 videntur.
1786 4747 1945 4803 Rom.

348 4838 402 4983 if
417 4834 916 4983 (ξ’ἷῖηἳὶιυεηιερίιξςι
926 4893 1283 4983 Missae,
1300 4901 1349 4983 ει
1367 4888 1942 4983 interfuisset?-

344 4963 566 5052 Qtl‘at'tdo
589 4963 968 5055 pertinaciter
990 4963 1334 5024 consentiunt
1361 4963 1693 5035 exemplaria
1720 4976 1840 5035 qua:
1864 4963 1949 5016 vi-

2033 3957 2210 4015 dimus
2235 3956 2418 4030 omnia
2442 3999 2457 4025 ,
2488 3954 3148 4030 arbitrorqininventibilia
3172 3956 3373 4014 dictum
3411 3960 3637 4030 perinde

2034 4046 2098 4086 ac
2118 4031 2161 4086 si
2194 4029 2342 4086 dicas
2380 4028 2797 4100 iucompetihilia
2820 4069 2842 4100 ,ί
2891 4044 3085 4099 nempe
3114 4044 3232 4100 quin
3272 4028 3497 4086 inveniri
3531 4050 3630 4089 ne;

2036 4111 2257 4172 queant,
2300 4110 2354 4155 et
2380 4099 2629 4171 cognoSci
2668 4099 2964 4171 quamlibet
2988 4099 3296 4156 annitatnnr
3326 4121 3337 4155 :
3371 4108 3634 4172 quemad-

2042 4173 2260 4229 modum
2289 4180 2343 4229 et
2377 4172 2750 4239 investigabile
2775 4172 2863 4226 hic
2893 4172 3157 4243 signiﬁcat
3183 4214 3196 4236 ,
3230 4173 3370 4243 quod
3415 4176 3633 4230 investi-

2080 4245 2154 4299 at'i
2186 4260 2289 4298 non
2323 4252 2515 4313 potest.
2569 4242 2876 4299 Meminisse
2915 4242 3098 4313 autem
3135 4242 3395 4300 debemus
3423 4245 3633 4300 Tertul-

2069 4316 2249 4371 ianunt
2294 4312 2347 4369 in
2395 4314 2684 4370 reddendis
2728 4314 2920 4372 grmcis
2966 4312 3334 4370 duriusculum
3385 4334 3524 4371 esse.
3578 4317 3638 4372 Id

2051 4387 2193 4457 quod
2222 4387 2276 4442 in
2305 4386 2672 4457 superioribus
2696 4385 2848 4440 libris
2878 4385 3253 4457 indicavimus.
3297 4385 3426 4440 Erat
3455 4398 3640 4442 autem

2050 4458 2169 4514 haec
2189 4474 2293 4514 vox
2318 4457 2476 4528 vulgo
2516 4456 2758 4512 fortassis
2786 4458 3052 4511 usitatior.
3098 4456 3208 4510 Nos
3232 4457 3335 4512 vim
3358 4459 3515 4528 graeci
3548 4475 3642 4510 vo-

2052 4529 2230 4586 cabuli
2254 4527 2441 4600 ,_qut_)d
2467 4538 2563 4600 est
2580 4532 2913 4600 ἀνεξερεὸνητα.
2939 4527 3281 4600 attendentes
3303 4566 3321 4594 ,
3357 4527 3645 4600 inervibilia

2051 4598 2337 4669 aliquando
2380 4598 2665 4671 legendum
2714 4598 3035 4671 putavimus.
3081 4599 3331 4655 Rusu.—
3360 4599 3645 4657 lninventt-

2052 4673 2173 4729 bilia
2193 4671 2394 4744 judicia
2435 4669 2568 4744 eius,
2612 4680 2717 4727 etc.
2753 4669 2813 4724 In
2829 4680 3151 4744 graecoruest
3176 4675 3518 4744 ἀνεξερεύνητᾷ
3544 4675 3645 4744 hoc

2054 4753 2139 4800 est
2165 4741 2420 4815 impervia
2451 4741 2506 4815 et
2549 4741 3109 4815 incomprehensibilia
3131 4783 3146 4811 ,
3193 4741 3459 4815 utvulgus
3490 4743 3639 4812 Icgil.

2055 4812 2454 4885 Porro'parum
2493 4814 2716 4869 interest
2743 4813 2788 4867 si
2815 4812 2963 4882 legas
2990 4813 3392 4885 investigabiles
3429 4822 3520 4867 aut
3563 4816 3647 4866 in-

2057 4884 2475 4957 investigabiles,
2502 4897 2785 4957 utrumque
2813 4884 2959 4940 enim
2998 4884 3149 4942 reddi
3176 4884 3353 4956 potest
3375 4901 3439 4942 ex
3465 4896 3646 4956 graeco

2055 4955 2422 5027 ἀνεξιχνὶοιςτοι.
2455 4955 2533 5014 ιε
2561 4957 2660 5014 PR.

3160 5175 3174 5184 ’
3224 5175 3305 5224 3υ.
3316 5162 3462 5223 .0“.
3487 5123 3651 5213 Μή.

1429 5279 2594 5362 Μία-»ωηιξη-
