4008 6280
321 3115 364 3145 β

356 418 464 474 959

1783 389 2252 457 ΤΕἉΤΙΞΗΑΙᾹΝΓ

798 707 1176 797 QUINTI
1236 701 1733 779 SEPTIMII
1791 653 2422 776 FLORENTIS
2481 693 3233 770 TERTULLIANI

3559 383 3668 443 9.40

1883 563 1888 566 ,
2169 555 2288 566 -..ραν
2423 555 2498 563 ...-
2580 563 2653 566 νᾼ4
2670 551 2869 562 *ιι-ι’.-
3085 555 3333 562 -ιι--υ--ρ
3370 554 3391 559 ι
3414 555 3439 559 —
3540 556 3561 557 γέ

500 582 503 585 .
687 577 771 585 -..ιγ
946 574 957 581 .
1032 569 1533 581 ..ι-..-ΑΜ
1817 561 1874 568 ἰ’-η
3218 570 3219 575 η
3312 584 3315 585 7
3446 584 3457 585 ὲ
3590 582 3595 586 ἢ

724 604 1022 614 M——
1080 586 1185 608 ναν-ξ
1240 601 1261 605 α·
1311 606 1314 610 .
1499 601 1626 610 ...ο-..-λ
1641 599 1848 608 ασ-οσ--υ-ον--οο
1911 599 1942 606 ...
2123 595 2232 604 ...ο-ο.
2250 595 2356 602 -—--—
2401 593 2460 602 ...-
2507 595 2512 599 ι
2613 591 2649 599 ..ο
2729 593 2755 599 --
2873 589 2967 597 κ--υ-
2991 587 2995 591 >
3075 584 3199 591 *ον’”νν
3258 585 3273 590 ³·
3367 583 3425 589 ⁵ἥ
3474 580 3503 590 ’⁵

2169 555 2288 566 ον’...
2305 555 2498 566 ’.ι’-³....-

842 875 1906 1029 ADVERSUS
1983 869 2922 1028 MARCION
2945 869 3234 1014 ΕΜ

1386 1100 1838 1212 LIBRI
1911 1097 2011 1225 Q
2037 1094 2414 1223 UINQ
2440 1093 2662 1204 UE.

1835 1330 2204 1384 -οθίᾶωϐτὲθ

790 1619 1120 1681 SYNOPSIS
1180 1615 1564 1677 HISTORICA.

469 1759 666 1814 Marcio
706 1758 915 1830 Synape
981 1759 1035 1810 in
1085 1755 1250 1811 Ponto
1293 1764 1441 1808 natus
1495 1760 1567 1807 est
1616 1752 1752 1807 circa
1793 1766 1987 1805 annum

319 1837 343 1906 7
390 1849 708 1914 CXLVIII,
786 1851 1066 1921 imperante
1086 1848 1379 1902 .Antonino.
1425 1844 1524 1898 Hic
1562 1845 1705 1899 initio
1747 1845 1860 1898 vita:
1903 1859 1993 1896 ca-

389 1944 610 1998 stitatem
666 1957 772 2013 pra:
823 1957 876 1996 se
936 1943 1101 2011 ferens
1164 1937 1528 1991 monac/torum
1578 1935 1812 1989 instituta
1868 1950 1990 2004 pro-

391 2036 552 2106 fessus
577 2042 683 2097 est,
718 2042 925 2103 parente
974 2039 1123 2084 natus
1167 2028 1430 2082 catholica:
1468 2027 1836 2082 communionis
1881 2025 1989 2095 epi-

315 2147 337 2184 ‘t
386 2141 561 2195 scopo.
619 2123 826 2187 Postea,
859 2139 976 2177 cum
1025 2121 1271 2192 virginem
1331 2120 1639 2183 adamasset,
1683 2135 1743 2172 ea
1799 2118 1990 2172 abusus

391 2227 484 2270 est.
541 2214 618 2270 0b
659 2219 790 2268 hunc
841 2215 997 2286 igitur
1050 2215 1296 2267 incestam
1337 2210 1567 2265 Ecclesia
1610 2209 1672 2263 ab
1730 2211 1842 2280 ipso
1899 2226 1992 2277 pa-

393 2319 534 2364 rente
574 2309 750 2380 pulsas
781 2319 872 2374 est,
900 2309 1006 2362 viro
1048 2323 1161 2360 cum
1186 2305 1365 2377 primis
1399 2305 1658 2374 religioso,
1678 2320 1738 2357 ac
1772 2304 1993 2358 veritatis

395 2421 572 2458 amore
607 2400 1026 2474 ﬂagrantissimo,
1062 2409 1110 2456 et
1139 2401 1191 2454 in
1238 2397 1543 2470 episcopalis
1571 2399 1801 2453 muneris
1829 2398 1995 2450 admi-

335 2525 338 2530 -
397 2496 696 2550 nistratione
733 2493 1173 2565 prwstantissimo.
1207 2491 1302 2546 Cui
1333 2507 1448 2544 cum
1481 2491 1677 2544 Marcio
1714 2490 1829 2556 diu,
1863 2490 1998 2542 ntul-

405 2601 612 2659 tumque
639 2588 994 2657 supplicasset,
1021 2603 1081 2639 ac
1111 2585 1457 2656 paenitentiam
1487 2584 1808 2656 postulasset,
1835 2601 1866 2636 a
1911 2599 2000 2652 pa-

403 2691 478 2734 tre
518 2679 751 2751 precibus
777 2679 932 2732 nullis
961 2677 1197 2732 obtinuit.
1227 2676 1447 2730 Romam
1481 2677 1646 2746 itaque
1676 2692 1728 2730 se
1753 2675 1994 2742 contulit,

401 2785 446 2828 et
468 2774 687 2828 seniores
711 2773 908 2839 adiens,
933 2771 1018 2842 qui
1049 2771 1112 2826 ab
1157 2763 1512 2840 apostolorum
1525 2769 1790 2840 discipulis
1812 2769 1995 2836 edocti,

400 2868 571 2922 adhuc
615 2875 933 2937 supererant,
985 2874 1040 2918 ut
1089 2865 1141 2918 in
1186 2861 1591 2918 communionem
1627 2863 1996 2927 admitteretur,

405 2961 598 3030 [rustra
629 2957 792 3028 petiit.
825 2955 1163 3024 Quamobrem
1185 2955 1537 3009 exstimulatus
1564 2955 1757 3008 invidia
1779 2995 1792 3019 ,
1833 2971 1894 3008 ac
1921 2956 2000 3007 ira

408 3051 648 3122 percitus,
676 3049 778 3104 illis
807 3049 934 3103 dixit
952 3047 1276 3103 :Ecelesiam
1299 3058 1532 3102 vestram
1558 3062 1658 3119 ego
1679 3047 2000 3116 dissociabo,

405 3144 461 3199 in
493 3158 719 3213 eamque
747 3141 979 3196 schisma
1005 3142 1392 3210 sempiternum
1425 3141 1709 3196 immittam
1735 3159 1748 3208 ;
1773 3151 1816 3196 et
1839 3143 2004 3198 disce-

413 3237 557 3303 dens,
581 3237 648 3289 ad
675 3235 966 3306 impostoris
989 3232 1234 3288 Cerdonis
1257 3234 1489 3288 hwresim
1524 3235 1798 3303 confugere
1823 3235 1874 3288 in
1895 3238 2009 3289 ani-

409 3347 549 3384 mum
576 3328 773 3383 induxit
795 3327 872 3399 (S.
891 3326 1239 3396 Epiphanius,
1268 3325 1462 3380 haeres.
1491 3325 1868 3397 42).Cerdonis
1897 3330 2008 3383 lucc

418 3431 568 3476 erant
614 3421 855 3491 dogmata
883 3435 901 3472 :
931 3417 1096 3473 Deum
1137 3419 1260 3487 legis
1299 3417 1613 3472 conditorem
1651 3419 1812 3473 alium
1840 3437 1943 3474 esse
1982 3439 2014 3474 a

347 3552 377 3575 ε
417 3513 578 3569 Patre
606 3512 810 3566 Domini
849 3510 1009 3564 nostri
1034 3508 1160 3564 Jesu
1189 3507 1409 3574 Christi;
1449 3510 1582 3563 lianc
1607 3509 1792 3565 bonum
1822 3512 1978 3582 fuisse
1997 3555 2010 3579 ,

413 3607 563 3662 illaut
592 3603 1022 3671 malum;Jesum
1059 3603 1313 3658 Christum
1351 3619 1519 3656 veram
1557 3613 1837 3674 nostrazque
1893 3623 2014 3660 con-

418 3697 807 3774 substantialem
835 3712 1042 3750 carnem
1073 3712 1173 3749 non
1198 3697 1532 3766 assumpsisse
1558 3738 1573 3762 ,
1606 3713 1695 3751 nec
1730 3698 1792 3752 de
1824 3700 2016 3770 virgine

421 3789 594 3844 Maria
633 3797 807 3842 natum
833 3786 1005 3856 fuisse.
1055 3786 1243 3841 Durm.
1322 3831 1329 3836 .

494 3883 640 3953 Opus
667 3880 906 3934 adversus
934 3878 1248 3933 Marcionem
1296 3879 1612 3950 conscripsit
1636 3878 2015 3947 Tertullianus,

428 3986 706 4046 postquam
745 3973 798 4028 in
828 3970 1269 4028 Montanistarum
1321 3987 1560 4028 errorem
1601 3973 1782 4042 lapsus
1809 3983 1891 4029 est
1913 4018 1928 4042 ,
1962 3985 2019 4029 ut

425 4075 721 4136 apparetex
743 4063 847 4119 illis
863 4062 1041 4118 verbis
1067 4064 1206 4134 (cap.
1227 4061 1423 4127 XXIX,
1448 4062 1534 4118 lib.
1558 4062 1638 4137 l):
1656 4063 1706 4117 Ν
1713 4065 1898 4121 ubendi
1904 4067 2020 4136 jam

427 4159 608 4212 modus
636 4155 860 4227 ponitur,
894 4153 1164 4208 Paracleto
1194 4165 1421 4219 auctore,
1451 4171 1607 4210 unum
1636 4157 1689 4209 in
1721 4157 1825 4225 [ide
1848 4160 2026 4212 matri-

399 4307 406 4314 κ
429 4253 658 4307 monium
672 4248 1032 4320 praescribitur,
1057 4257 1110 4303 et
1135 4247 1259 4302 dum
1275 4264 1430 4302 novas
1451 4249 1746 4318 propltetias
1790 4266 2026 4308 comme-

429 4354 628 4408 morat,
665 4352 719 4397 et
747 4343 815 4397 de
841 4339 1160 4412 quibusdam
1189 4340 1608 4397 revelationibus
1641 4342 1866 4413 loquens
1891 4346 2027 4398 scri-

430 4439 512 4494 bit
542 4437 651 4509 (lib.
681 4435 770 4504 1V,
801 4452 918 4508 cap.
947 4433 1042 4507 22)
1074 4453 1086 4490 :
1119 4434 1196 4490 De
1233 4452 1332 4505 quo
1371 4438 1502 4490 inter
1527 4454 1617 4492 nos
1638 4479 1654 4506 ,
1683 4447 1729 4491 ct
1761 4440 2028 4510 psyclticos

437 4530 647 4601 quwstio
690 4537 797 4593 est;
846 4543 964 4597 qua:
1009 4525 1248 4597 profecto
1292 4528 1596 4595 distinctio,
1642 4531 2034 4585 communionis

438 4622 683 4690 designat
711 4619 1096 4674 diversitatem.
1125 4619 1250 4674 Haec
1275 4629 1450 4675 tamen
1479 4621 1698 4676 minime
1740 4622 2036 4693 impediunt

373 4706 405 4730 ‘
438 4715 565 4785 quin
597 4727 732 4782 opus
761 4711 900 4766 istud
949 4710 1267 4766 Tertulliani
1323 4713 1579 4781 optimum
1615 4713 1718 4768 dici
1757 4724 1951 4784 queat,
1982 4723 2036 4769 et

445 4805 610 4860 veluti
647 4804 929 4859 thesaurus
959 4803 1274 4872 antiquioris
1303 4803 1602 4875 theologias.
1631 4805 1866 4861 Primum
1896 4822 2032 4877 opu-

441 4898 651 4954 sculum
673 4895 774 4949 hoc
795 4898 982 4951 eodem
1010 4896 1075 4950 de
1100 4905 1416 4967 argumento
1443 4907 1774 4963 exaraverat,
1799 4898 1893 4954 sed
1915 4914 2037 4953 eur-

443 4990 607 5056 venti,
640 5000 693 5044 ut
722 4988 901 5054 aiunt,
926 4990 1150 5053 calamo,
1172 4991 1323 5060 "quod
1359 4999 1540 5060 postea
1574 4989 1685 5062 (lib.

449 5085 678 5156 pleniore
705 5081 952 5151 positione
982 5080 1292 5147 resciderat,
1320 5083 1414 5138 sed
1447 5093 1501 5140 et
1544 5083 1682 5138 istud
1709 5084 1894 5154 fraude
1931 5084 2038 5154 [ra-

450 5179 541 5232 tris
563 5184 813 5245 apostolo:
841 5173 942 5229 sibi
980 5173 1289 5244 subreptum
1319 5174 1449 5230 dicit
1473 5192 1488 5242 ;
1520 5193 1679 5246 quam
1701 5177 1963 5246 jacturam
1988 5186 2044 5232 ut

386 5332 410 5350 .
449 5275 755 5338 repararet,
817 5265 985 5322 hocce
1030 5266 1244 5320 tertium
1275 5266 1610 5321 elucubravit
1648 5284 1789 5321 anno
1817 5267 1913 5323 XV
1947 5269 2045 5324 Sc-

401 5379 404 5388 '
461 5377 574 5419 vert
603 5360 960 5431 imperatoris,
993 5375 1022 5413 a
1047 5357 1246 5414 Christi
1274 5358 1432 5413 natali
1458 5357 1659 5415 CCVII.
1691 5359 1934 5415 Laurea.

747 5505 992 5573 TOTIUS
1027 5513 1272 5572 OPERIS
1309 5511 1762 5571 CONSPECTUS.

535 5681 713 5736 Primo
741 5680 919 5748 itaque
956 5677 1076 5734 loco
1105 5677 1200 5734 Dei
1253 5676 1512 5733 unitatem
1550 5685 1605 5732 et
1631 5675 2048 5748 singularitatem

464 5772 716 5837 ostendit,
747 5785 868 5825 cum
899 5769 1225 5841 impossibile
1274 5769 1486 5824 evincat
1523 5771 1628 5823 duo
1659 5769 1770 5823 dari
1801 5782 2050 5838 suprema

465 5867 639 5922 entia:
667 5864 753 5934 qui
781 5863 914 5917 enim
954 5864 1054 5919 duo
1089 5864 1249 5935 potuit
1287 5861 1582 5932 admittere,
1612 5862 1744 5916 idem
1783 5872 1828 5917 et
1867 5861 2051 5930 plura;

1751 1420 2320 1532 prooemium.

2019 1625 2071 1684 Α
2099 1622 2209 1684 post
2235 1614 2338 1668 duo
2365 1610 2496 1667 enim
2524 1610 2815 1678 multitudo,
2846 1610 3031 1666 unione
3049 1612 3164 1683 jam
3192 1627 3421 1681 excussa,
3451 1627 3690 1667 numerus

2093 1716 2260 1761 autem
2301 1704 2576 1760 divinitatis
2605 1721 2803 1758 summa
2843 1707 3040 1758 ratione
3075 1715 3304 1760 constare
3331 1706 3490 1761 debet.
3521 1706 3692 1762 Porro

2096 1797 2368 1865 Marcion,
2403 1805 2461 1852 ut
2489 1795 2612 1850 bina
2640 1811 2736 1852 sua
2777 1796 3080 1853 adstrucret
3141 1799 3396 1870 principia
3419 1842 3435 1868 ,
3477 1799 3690 1856 dicebat

2095 1889 2405 1946 Creatorem
2437 1906 2557 1946 esse
2581 1887 2925 1960 culpandum,
2948 1890 3144 1960 quippe
3169 1891 3257 1960 qui
3285 1890 3545 1946 malorum
3574 1906 3698 1946 auc-

2095 1991 2179 2038 tor
2200 1982 2458 2037 dicendus
2485 1980 2643 2046 foret,
2675 1981 2949 2053 inquiente
2975 1982 3251 2052 Scriptura
3269 1983 3559 2056 (Is.'XLV,
3585 1985 3641 2054 7)
3673 1999 3688 2038 :

2097 2078 2209 2149 Ego
2240 2081 2467 2148 formans
2498 2094 2693 2147 pacem,
2723 2087 2769 2132 et
2792 2092 2970 2134 creans
2997 2080 3209 2132 malum.
3241 2082 3305 2134 At
3333 2079 3699 2136 Tertullianus

2099 2170 2337 2225 ostendit
2387 2168 2610 2241 impium
2665 2186 2803 2239 esse,
2839 2170 3208 2242 hlasphemum
3250 2181 3304 2226 et
3343 2172 3698 2227 temerarium

2093 2263 2162 2319 de
2195 2263 2302 2318 Deo
2327 2262 2506 2318 dicere
2551 2262 2786 2335 (captlll
2809 2306 2825 2331 ,
2856 2264 2912 2336 4)
2945 2279 2958 2317 :
2989 2263 3079 2319 Sic
3108 2279 3209 2319 non
3230 2264 3398 2318 debuit
3434 2263 3595 2330 Deus,
3651 2273 3700 2318 et

2094 2355 2168 2410 sic
2185 2355 2346 2426 magis
2365 2355 2556 2409 debuit.
2587 2355 2790 2410 Deinde
2819 2355 3092 2411 Creatoris
3124 2356 3419 2412 bonitatem
3451 2355 3703 2424 patefacit

2099 2448 2154 2502 in
2181 2447 2430 2502 omnibus
2457 2447 2575 2517 ejus
2604 2449 2858 2517 operibus
2877 2435 3293 2512 elucescentem,
3317 2463 3380 2504 ac
3403 2447 3702 2518 praesertim

2102 2539 2154 2594 in
2186 2539 2340 2609 primi
2370 2539 2604 2595 hominis
2641 2539 3018 2596 edormatione
3075 2555 3138 2595 ac
3177 2541 3468 2596 creatione.
3503 2540 3705 2596 Deinde

2100 2630 2294 2685 divina:
2323 2630 2542 2706 iustitia:
2587 2630 2640 2684 in
2689 2625 2952 2686 malorum
2997 2632 3275 2701 punitione
3317 2633 3705 2689 necessitatem
3732 2641 3754 2668 ⁴’

2103 2722 2343 2778 ostendit
2375 2764 2389 2786 ,
2423 2723 2487 2778 ad
2517 2723 2686 2777 malos
2716 2723 3046 2779 coercendos
3071 2733 3124 2779 et
3149 2723 3215 2780 ad
3248 2725 3540 2781 avertenda
3572 2741 3707 2796 pec-

2104 2825 2254 2880 cata,
2285 2831 2403 2885 quze
2430 2827 2615 2869 contra
2649 2814 2742 2870 Dei
2805 2815 3112 2870 mandatum
3156 2825 3212 2872 et
3239 2817 3564 2873 voluntatem
3604 2817 3708 2873 ad-

2031 2904 2078 2963 B
2108 2910 2390 2963 mittuntur
2427 2907 2536 2981 (lib.
2563 2907 2629 2974 ll,
2660 2924 2776 2976 cap.
2821 2908 2909 2979 15)
2946 2927 2958 2962 :
2995 2907 3118 2966 Non
3144 2910 3276 2964 enim
3303 2911 3589 2980 sufﬁciebat
3615 2911 3711 2966 bo-

2105 3019 2228 3056 num
2247 3018 2334 3070 per
2353 3001 2672 3069 semetipsum
2686 3001 3050 3066 commendari,
3071 3001 3166 3056 nisi
3189 3003 3262 3056 vis
3279 3002 3450 3072 aliqua
3471 3013 3712 3073 prwcsset

2110 3094 2338 3159 timendi,
2363 3109 2477 3165 qua:
2507 3093 2693 3148 bonum
2722 3094 2874 3147 etiam
2901 3095 3123 3149 nolentes
3157 3104 3431 3164 appeteret,
3461 3105 3506 3150 et
3533 3107 3710 3151 casto-

2111 3188 2220 3242 dire
2245 3187 2545 3257 impelleret.
2577 3186 2824 3241 Etlrmnis
2853 3187 3013 3256 igitur
3037 3187 3288 3257 peccandi
3326 3189 3545 3244 libertas
3572 3206 3714 3260 pan-

2113 3279 2258 3334 ditnr
2289 3278 2700 3349 peccatoribus,
2745 3278 2870 3333 dum
2920 3279 3026 3335 illis
3070 3279 3210 3334 Deus
3253 3280 3586 3350 proponitur,
3619 3281 3716 3351 qui

2117 3371 2237 3441 igne
2267 3380 2322 3424 et
2356 3379 2554 3424 tartaro
2584 3370 2774 3441 punire
2806 3371 3018 3440 nequit,
3047 3379 3100 3425 et
3129 3370 3219 3441 qui
3251 3371 3426 3426 timeri
3467 3387 3572 3426 non
3613 3388 3718 3442 po-

2118 3468 2243 3518 test.
2290 3469 2344 3516 et
2392 3460 2526 3515 nolit
2571 3458 2708 3532 (cap.
2771 3459 2882 3530 '16).
2937 3461 3139 3527 Quanto
3191 3461 3380 3516 malum
3431 3462 3714 3533 iniustitia,

2117 3561 2258 3606 tanto
2285 3551 2468 3608 bonum
2487 3553 2692 3622 justitia
2716 3568 2733 3614 ;
2765 3551 2896 3605 bona
2923 3553 3076 3622 igitur
3103 3552 3370 3617 severitas,
3407 3555 3525 3623 quia
3554 3555 3716 3621 iusta,

2115 3645 2158 3699 si
2185 3646 2340 3700 bonus
2360 3645 2543 3716 judex,
2568 3645 2622 3699 id
2642 3655 2712 3700 est
2751 3646 2942 3716 justus.
2967 3643 3100 3698 Item
3120 3655 3300 3699 uetera
3321 3645 3472 3712 bona,
3496 3663 3585 3716 per
3604 3662 3721 3713 quae
3763 3665 3772 3669 '

2118 3755 2246 3807 Opus
2277 3738 2463 3792 bonum
2493 3737 2649 3790 currit
2681 3735 2824 3792 bona:
2848 3737 3146 3802 severitatis,
3167 3738 3269 3790 sive
3299 3737 3396 3805 ira,
3426 3739 3529 3792 sive
3551 3753 3720 3792 atmu-

2122 3830 2267 3898 latio,
2298 3835 2400 3886 sive
2436 3829 2655 3896 scevitia,
2689 3830 2782 3884 Dei
2818 3829 3066 3886 videlicet
3105 3831 3422 3896 volitiones,
3460 3848 3591 3902 quas
3619 3849 3722 3890 nos

2123 3921 2270 3978 hisce
2301 3922 2525 3978 vocibus
2551 3922 2944 3992 SigﬂiﬁCumttS,
2981 3938 3169 3979 omnes
3197 3933 3377 3980 tamen
3405 3925 3668 3980 humanas
3689 3943 3721 3982 a

2046 4013 2090 4075 C
2129 4015 2236 4070 Deo
2267 4013 2541 4083 passiones
2579 4014 2763 4084 procul
2799 4013 3129 4084 ablegantes.
3175 4016 3308 4072 Cum
3339 4025 3514 4073 tamen
3547 4017 3724 4089 philo-

2126 4106 2279 4177 sophi
2301 4147 2315 4171 ,
2349 4120 2645 4178 eorumque
2687 4116 2983 4163 sectatores
3025 4107 3295 4176 haeretici,
3329 4125 3396 4164 ne
3429 4109 3592 4166 Deum
3633 4111 3723 4166 itt-

2129 4197 2387 4253 ducerent
2407 4197 2526 4252 sive
2549 4197 2886 4268 passionibus
2908 4197 3220 4265 obnoxium,
3245 4200 3357 4255 sive
3383 4200 3719 4268 mutabilem,

2131 4299 2185 4346 et
2202 4305 2268 4345 ex
2290 4299 2653 4360 consequente
2669 4290 3070 4360 cdrrnptibilcm
3093 4301 3147 4346 et
3170 4292 3473 4358 mortalem,
3500 4295 3724 4348 omnino

2133 4383 2497 4439 insensibilem
2553 4383 2823 4453 tingebant
2867 4384 3003 4454 (cap.
3059 4382 3172 4454 lli).
3217 4383 3374 4451 Bene,
3433 4387 3727 4455 reponebat

2134 4477 2516 4545 Tertullianus,
2540 4476 2674 4549 quod
2701 4476 3106 4532 Christianorum
3135 4487 3209 4533 est
3228 4520 3243 4546 ,
3283 4480 3436 4534 etiant
3472 4493 3725 4536 mortuum

2135 4569 2300 4623 Deum
2329 4569 2551 4637 credere,
2576 4580 2620 4623 et
2651 4579 2817 4623 tamen
2845 4570 3008 4625 vivere
3027 4571 3083 4623 in
3110 4585 3216 4625 (evo
3240 4587 3485 4627 azvorum.
3516 4573 3726 4629 Stultis-

2134 4663 2269 4727 simi,
2303 4662 2390 4731 qui
2419 4663 2481 4716 de
2519 4662 2756 4717 Immanis
2783 4663 2953 4716 divina
2980 4662 3280 4732 praedicant,
3314 4673 3388 4732 ut,
3408 4665 3644 4736 quoniam
3673 4666 3724 4720 in

2139 4755 2340 4809 homine
2355 4757 2689 4825 corruptoria:
2706 4756 3011 4809 conditionis
3028 4745 3273 4811 Itbbentur
3293 4758 3586 4827 bujusmodi
3609 4775 3729 4830 pas-

2140 4849 2305 4902 siones
2327 4889 2340 4914 ,
2369 4847 2558 4902 idcirco
2587 4856 2632 4902 et
2671 4849 2724 4901 in
2771 4847 2877 4901 Deo
2915 4847 3143 4918 ejusdem
3170 4858 3330 4902 status
3359 4851 3728 4906 existimentur.

2145 4939 2202 4995 In
2233 4939 2425 5012 quibus
2447 4940 2625 4996 verbis
2654 4947 2876 5009 apparet
2921 4937 3233 4994 Tertulliani
3258 4956 3374 4996 :evo
3395 4951 3727 4998 constantem

1720 4991 1809 5100 ἔν’
1840 5009 1959 5100 cf”;
1982 4990 2036 5064 ί)
2063 5035 2115 5096 Ι)
2142 4990 2305 5090 fuisse
2356 5043 2410 5089 et
2442 5042 2610 5088 ratam
2638 5032 2705 5088 de
2735 5032 2931 5088 Christi
2951 5032 3247 5100 divinitate,
3275 5049 3339 5090 ac
3360 5035 3520 5090 trium
3543 5035 3731 5092 Perso-

2148 5145 2334 5183 narum
2351 5128 2550 5183 unitate
2565 5127 2882 5182 doctrinam.
2910 5127 3060 5196 Dein,
3081 5144 3234 5184 suum
3260 5126 3588 5202 prosequens
3615 5146 3730 5186 scr-

2149 5237 2396 5286 monent,
2428 5219 2606 5276 subdit
2662 5236 2674 5272 :
2723 5217 2967 5274 Discerne
3017 5219 3386 5291 substantiam,
3437 5233 3486 5277 et
3511 5239 3646 5290 ,suos
3687 5220 3734 5275 ei

2148 5313 2391 5368 distribue
2409 5328 2584 5366 sensus
2611 5321 2714 5365 tam
2735 5311 2976 5377 diversos,
3005 5329 3163 5381 quam
3187 5313 3479 5369 substantia:
3504 5314 3729 5388 exigunt,

2150 5407 2271 5460 licet
2299 5406 2553 5460 vocabulis
2593 5405 2966 5459 communicare
2991 5406 3273 5460 videantur.
3315 5404 3455 5460 Nam
3491 5417 3538 5461 et
3565 5408 3737 5461 dexte-

2153 5515 2285 5564 ram,
2318 5507 2363 5551 et
2399 5497 2601 5563 oculos,
2630 5506 2684 5550 et.
2707 5497 2858 5566 pedes
2887 5495 2984 5550 Dei
3015 5497 3261 5569 legimus;
3287 5514 3388 5552 non
3421 5499 3536 5555 ideo
3573 5508 3738 5552 tamen

2157 5591 2389 5644 humanis
2429 5589 2876 5660 comparabuntur,
2916 5590 3034 5660 quia
3071 5590 3132 5642 de
3168 5590 3508 5660 appellatione
3546 5592 3740 5648 socian-

2156 5692 2304 5736 tur...
2330 5680 2485 5737 Prior
2525 5681 2719 5736 bonitas
2746 5680 2843 5736 Dei
2871 5681 3149 5734 secundum
3192 5693 3463 5749 naturam,
3507 5683 3740 5739 severitas

2159 5773 2402 5842 posterior
2427 5773 2705 5828 secundum
2728 5769 3218 5840 caussdm(cap.15,
3240 5771 3349 5843 14).
3377 5773 3612 5830 Primum
3642 5771 3740 5843 igi-

2160 5872 2243 5920 tur
2273 5865 2480 5932 malum
2505 5876 2812 5937 peceatum,
2841 5863 2981 5937 quod
3002 5876 3159 5934 ptena
3180 5866 3460 5924 subsecuta
3491 5879 3594 5940 est,
3623 5881 3741 5939 qua:
