4008 6280
35 2459 236 2515 θέῗιέιιιι
257 2491 264 2494 -
330 2482 352 2515 τ

304 218 432 283 ιιι

358 529 626 584 bonorum
669 531 988 601 defensoria,
1045 539 1090 584 et
1125 530 1427 585 delictorum
1467 531 1695 599 inimica,
1745 542 1894 603 atque
1936 534 1987 586 in

361 623 467 676 hoc
489 622 681 676 ordine
711 621 829 676 Deo
857 623 1030 694 digna.

447 716 523 772 Ut
555 731 688 771 vero
717 717 850 770 mali
878 717 1135 785 originem
1163 715 1397 786 detegat,
1431 717 1648 773 humani
1690 718 1987 774 libertatem

375 809 599 864 arbitrii
631 808 918 863 constituit
962 809 1356 877 Tertullianus,
1400 810 1587 870 dicens
1622 829 1634 864 :
1667 810 1735 865 In
1769 828 1866 878 quo
1896 812 1990 866 hoc

375 901 559 972 ipsum
583 901 757 972 imago
787 913 834 955 et
856 902 1134 955 similitudo
1159 899 1256 955 Dei
1280 902 1630 974 deputaretur,
1662 903 1860 956 arbitrii
1888 905 1988 957 sci-

389 993 512 1046 licet
543 992 754 1046 libertas
785 1002 832 1045 et
885 1001 1119 1062 potestas.
1150 993 1218 1046 At
1265 993 1439 1063 imago
1469 1007 1684 1062 semper
1713 1003 1794 1046 est
1831 993 1992 1062 origi-

377 1083 492 1140 nali
519 1083 766 1147 inferior,
796 1093 843 1137 et
863 1100 991 1154 opus
1012 1084 1228 1154 inferius
1248 1084 1462 1154 artiﬁce,
1491 1093 1772 1155 propterea
1801 1096 1990 1139 natura

381 1191 480 1230 sua
510 1175 816 1231 defectibilc
849 1175 986 1248 (cap.
1021 1175 1135 1247 10);
1155 1185 1203 1230 et
1227 1177 1354 1230 sicut
1386 1175 1521 1230 Deus
1542 1176 1733 1246 homini
1757 1177 1873 1231 vin
1887 1186 1993 1230 sta-

383 1279 496 1322 tunt
523 1269 731 1322 induxit
755 1311 772 1336 ,
800 1269 871 1323 ita
902 1271 1049 1322 homo
1077 1271 1254 1322 mortis
1281 1277 1468 1322 statum
1494 1271 1740 1338 adtraxit,
1770 1280 1823 1326 et
1852 1270 1991 1325 idem

383 1360 460 1415 de
523 1361 716 1430 angelo
756 1359 1077 1428 dicendum;
1111 1361 1251 1416 Deus
1276 1361 1419 1416 enim
1449 1361 1695 1432 angelum
1727 1361 1871 1429 fecit,
1901 1363 1992 1433 qui

384 1454 626 1523 seipsum
696 1454 750 1509 in
793 1454 1091 1509 daemonem
1150 1454 1518 1508 commutavit.
1565 1454 1635 1509 Et
1678 1455 1781 1509 hoc
1839 1466 1994 1525 pacto

383 1544 750 1614 objectionem
783 1545 962 1611 solvit,
991 1544 1057 1600 ad
1087 1545 1444 1600 accusandum
1467 1544 1780 1602 Creatorem
1805 1562 1868 1601 ex
1898 1548 2000 1604 ho-.

383 1637 552 1692 minis
584 1646 638 1691 et
667 1637 980 1707 angelorum
1013 1637 1161 1708 lapsu
1191 1629 1526 1708 desumptam
1555 1654 1570 1703 ;
1605 1638 1854 1693 nimirum
1911 1641 1993 1695 vel
2044 1674 2047 1677 -

1495 233 1625 288 LIB.
1665 233 1682 288 Ι
1737 232 2100 290 ADVERSUS
2138 235 2560 293 MARCIONEM.

334 340 564 396 malum
615 352 753 410 est;
785 352 845 397 at
869 342 1085 399 alterius
1127 343 1346 415 generis
1376 345 1540 412 ntala,
1571 345 1773 399 scilicet
1803 347 1987 416 quibus
2021 347 2070 405 Α

347 421 772 506 rependuntur,
792 447 1029 491 eceteram
1054 453 1142 491 suo
1169 438 1372 492 nomine
1399 439 1551 504 bona,
1580 439 1698 509 quia
1735 440 1901 508 justa,
1940 450 1987 494 et

3583 237 3691 296 24?.

2174 349 2534 405 Marcionistae
2597 348 2921 421 objiciebant
2971 348 3505 410 earnem’assumere
3552 355 3697 410 indi-

2091 455 2251 511 gnum
2317 440 2482 497 fuisse
2508 442 2720 497 Christo
2748 457 2864 499 eam
2888 443 3031 500 enim
3057 455 3308 499 terrenam
3327 446 3692 521 substantiam,

2090 535 2392 589 stercoribus
2421 536 2661 606 infertam
2681 577 2696 601 ,
2730 538 2958 592 cloacam
2985 545 3185 592 uterttm
3214 538 3426 609 virginis
3453 539 3689 609 appella-

2093 627 2232 693 bant,
2259 640 2304 682 et
2331 638 2508 697 partus
2533 629 2797 683 immunda
2817 640 2864 684 et
2915 629 3154 700 pudenda
3178 639 3445 697 tormenta,
3470 639 3514 685 et
3544 647 3695 698 puer-

2092 720 2220 789 perii
2245 737 2456 790 spurcos
2476 763 2490 786 ,
2523 723 2726 790 noxios,
2759 721 2985 777 ludicros
3006 722 3170 776 exitus
3197 723 3298 777 late
3327 723 3691 791 persequeban-

2093 821 2174 865 tur
2199 812 2334 884 (cap.
2361 814 2471 886 ΙΙ).
2499 816 2568 870 At
2589 814 2704 870 haec
2729 816 2904 870 omnia
2929 815 3060 870 dicit
3085 815 3449 871 Tertullianus
3471 819 3689 872 sanctis-

2094 904 2222 958 sima
2271 921 2331 958 ac
2355 907 2627 961 reverenda
2653 924 2758 962 esse
2783 924 2938 978 Opera
2962 917 3184 974 naturae,
3215 923 3334 977 quae
3358 918 3534 964 tamen
3565 925 3688 964 cum

2095 995 2293 1050 Marcio
2319 997 2531 1069 indigna
2557 999 2666 1054 Deo
2693 998 3022 1064 ostenderet,
3047 999 3181 1054 nihil
3209 1008 3387 1054 tamen
3416 999 3690 1070 proﬁciet;

2095 1105 2214 1143 nam
2249 1106 2350 1144 non
2377 1091 2471 1144 erit
2497 1091 2757 1163 indignior
2783 1102 2945 1146 morte
2979 1092 3240 1158 nativitas,
3269 1101 3315 1146 et
3341 1108 3490 1146 cruce
3515 1092 3692 1164 infan-

2097 1182 2200 1247 tia,
2235 1192 2279 1236 et
2317 1191 2502 1237 natura
2538 1199 2721 1254 paena,
2760 1193 2805 1238 et
2835 1199 2988 1237 carne
3018 1183 3301 1237 damnatio.
3345 1181 3406 1236 Si
3444 1199 3558 1238 vere
3595 1185 3694 1237 ista

2098 1289 2276 1342 passus
2297 1283 2368 1327 est
2389 1273 2640 1340 Christus,
2670 1274 2837 1328 ntinus
2866 1274 3045 1345 fuisset
3080 1276 3223 1329 nasci
3265 1274 3403 1345 (cap.
3433 1273 3549 1344 ΙΟ).
3577 1273 3698 1330 Ca:-

2099 1373 2295 1430 terum,
2325 1365 2370 1419 si
2390 1365 2458 1418 ad
2497 1362 2688 1420 certum
2715 1375 2994 1434 spectemus
3018 1408 3033 1433 ,
3061 1365 3205 1420 nulla
3231 1366 3513 1421 substantia
3538 1367 3698 1436 digna

2099 1467 2170 1512 est
2192 1475 2346 1528 quant
2387 1456 2531 1512 Deus
2555 1458 2757 1512 induat.
2788 1457 3156 1527 Quodcumque
3193 1458 3418 1512 induerit
3454 1458 3697 1528 ipse,"di-

2097 1565 2251 1620 gnum
2281 1551 2426 1621 facit,
2459 1552 2652 1624 absque
2681 1550 2946 1604 mendacio
2971 1559 3173 1615 tamen;
3221 1560 3268 1604 et
3293 1551 3405 1604 ideo
3429 1551 3576 1620 quale
3621 1558 3696 1604 est

2098 1649 2154 1693 ut
2176 1641 2396 1695 dedecus
2418 1641 2780 1695 existimaverit
2807 1644 3069 1695 veritatem
3092 1641 3259 1711 potius
3307 1657 3462 1710 quam
3485 1643 3695 1696 menda-

385 1728 617 1784 inscitiae
637 1738 692 1783 et
714 1729 1046 1799 ignorantizn,
1071 1730 1114 1783 si
1143 1738 1417 1799 peccatum
1442 1730 1714 1800 utriusque
1733 1746 1833 1785 non
1858 1747 1991 1801 prze—
2024 1742 2070 1802 Β
2098 1735 2231 1787 cium
2280 1734 2493 1788 carnis?
2537 1733 2762 1801 Verum,
2798 1749 2921 1789 cum
2969 1733 3383 1805 pramuntiatum
3439 1724 3578 1789 foret
3629 1735 3697 1788 de

390 1823 584 1888 novit;
613 1823 700 1878 vel
732 1823 984 1889 malitize,
1017 1823 1128 1892 qui,
1158 1837 1277 1877 cum
1305 1823 1640 1893 pratviderit,
1687 1840 1792 1879 non
1824 1826 1994 1895 impe-

382 1913 543 1970 divit.
573 1914 704 1969 Nam
734 1914 874 1970 Deus
899 1925 954 1970 et
980 1915 1133 1984 ﬁdem
1161 1924 1215 1970 et
1254 1917 1552 1986 gravitatem
1583 1931 1732 1971 suam
1765 1917 1815 1971 in
1847 1918 1993 1971 omni

383 2021 560 2077 opere
580 2021 800 2061 servare
822 2005 1084 2070 debebat;
1111 2008 1447 2061 conservavit
1472 2001 1632 2075 igitur
1655 2023 1810 2078 opus,
1837 2009 1996 2078 quale

383 2097 711 2153 condiderat
738 2141 752 2164 ,
802 2098 851 2154 id
878 2108 959 2154 est
990 2100 1156 2155 libero
1186 2099 1466 2168 praeditum
1495 2101 1716 2156 arbitrio
1747 2101 1884 2174 (cap.
1915 2103 1994 2174 7).

386 2191 457 2246 Si
483 2192 617 2244 enint
649 2192 804 2260 semel
835 2191 1024 2245 homini
1064 2193 1358 2262 permiserat
1388 2192 1586 2248 arbitrii
1639 2192 1914 2248 libertatem
1950 2207 1998 2250 et

389 2293 737 2353 potestatem,
784 2284 954 2354 utique
996 2285 1240 2366 fruendas
1283 2302 1368 2339 eas
1406 2301 1472 2341 ex
1504 2287 1618 2357 ipsa
1664 2287 1998 2344 institutione

391 2376 759 2446 permiserat:
795 2391 952 2446 posse
979 2387 1157 2433 autem
1185 2393 1408 2447 peccare
1436 2387 1519 2434 est
1550 2379 1706 2450 hujus
1736 2379 2000 2436 libertatis

393 2472 822 2537 consectarium,
847 2470 987 2542 quod
1014 2471 1154 2528 Deus
1175 2472 1416 2541 permisit
1434 2487 1554 2528 cum
1577 2473 1840 2543 adjunctis
1862 2475 1996 2540 suis,

397 2561 640 2631 peccatis
683 2562 888 2617 scilicet
915 2572 970 2618 et
999 2562 1276 2633 suppliciis
1300 2606 1316 2630 ,
1347 2579 1468 2634 qua:
1498 2567 1678 2620 omnia
1723 2576 1905 2636 postea
1947 2566 1998 2622 in

397 2668 517 2709 sum
546 2655 734 2725 gloriae
760 2657 1124 2713 ostensionem
1156 2658 1442 2714 convertit.

477 2749 670 2803 Postea
720 2749 786 2803 ad
835 2749 1042 2805 Messias
1109 2750 1418 2806 missionem
1474 2760 1529 2806 et
1573 2751 1999 2810 incarnationem

398 2841 779 2913 progrediens,
810 2843 937 2898 dicit
983 2843 1096 2914 (lib.
1130 2835 1218 2910 ΙΙΙ,
1250 2861 1368 2916 cap.
1401 2843 1456 2918 3)
1515 2843 1772 2900 Christum
1813 2863 1912 2900 non
1941 2864 2003 2901 ea:

400 2937 529 2991 solis
559 2937 824 2990 virtutibus
862 2937 1170 2992 credendum
1206 2939 1384 3010 fuisse,
1416 2939 1510 2994 sed
1542 2955 1607 2994 ex
1638 2941 1848 3008 praeviis
1870 2957 2000 3011 pro-

400 3027 691 3100 phetarum
734 3027 801 3082 de
832 3029 923 3082 illo
962 3031 1262 3097 vaticiniis;
1295 3031 1558 3102 siquidem
1602 3032 1803 3087 dictum
1847 3045 1999 3102 erat,

2103 1825 2351 1892 Christo,
2383 1841 2503 1880 eum
2550 1826 2854 1896 opprobriis
2883 1825 3229 1881 saturandum
3273 1834 3329 1880 et
3379 1824 3696 1880 confusione

2099 1917 2470 1988 operiendum,
2502 1917 2636 1972 adeo
2668 1927 2725 1972 ut
2755 1917 2954 1972 vermis
2976 1927 3259 1988 appareret
3295 1925 3350 1972 et
3381 1932 3486 1972 non
3513 1916 3694 1981 homo,

2101 2007 2420 2064 erubescere
2446 2007 2728 2078 oportebat
2759 2006 2885 2078 (lib.
2917 2007 3010 2073 ιν,
3051 2025 3166 2077 cap.
3209 2007 3300 2077 21)
3325 2048 3338 2070 ,
3372 2017 3423 2061 ut
3451 2007 3697 2061 dedecore

2100 2101 2211 2170 ejus
2239 2101 2377 2155 salus
2405 2109 2581 2155 nostra
2606 2110 2880 2165 constaret;
2910 2111 2956 2155 et
2984 2102 3226 2172 quoniam
3259 2101 3409 2155 homo
3444 2117 3545 2154 non
3573 2117 3696 2155 eru-

2101 2192 2274 2247 buerat
2329 2192 2555 2264 lapidem
2595 2202 2641 2247 et
2673 2193 2870 2264 lignum
2907 2193 3167 2258 adorans,
3209 2193 3382 2246 eadem
3415 2193 3698 2247 constantia

2103 2305 2204 2342 non
2230 2290 2472 2360 confusus
2488 2288 2551 2342 de
2562 2286 2764 2343 Christo
2783 2303 2876 2359 pro
2903 2287 3219 2356 impudentia
3243 2283 3550 2340 idololatria:
3575 2267 3714 2340 satis,

2105 2379 2216 2435 Deo
2246 2385 2410 2451 fuerat
2449 2397 2538 2452 per
2569 2380 2939 2452 impudentiam
2966 2379 3108 2448 ﬁdei.
3138 2378 3302 2434 Addit
3338 2388 3522 2434 notum
3575 2395 3690 2432 ont-

2104 2474 2262 2529 nibus
2299 2482 2741 2544 compertumque
2793 2473 2980 2537 fuisse,
3011 2470 3286 2527 Christum
3320 2480 3500 2525 natmn
3529 2486 3596 2526 ex
3625 2471 3702 2525 ia-

2105 2568 2250 2623 mi'ia
2279 2567 2464 2634 David,
2493 2583 2615 2622 cum
2638 2566 2814 2622 adhuc
2839 2565 2984 2636 apud
3017 2564 3235 2620 Judaaos
3267 2565 3498 2620 tribuum
3532 2577 3586 2620 et
3625 2564 3703 2618 fa-

2106 2661 2372 2716 miliarum
2401 2659 2676 2714 distinctio
2701 2657 3060 2715 custodiretur
3078 2656 3192 2727 (lib.
3218 2657 3305 2721 lV,
3330 2657 3543 2727 cap.7),
3575 2666 3620 2710 et
3650 2657 3702 2710 in

2107 2769 2261 2809 censu
2301 2752 2626 2822 reperiretur
2661 2751 2899 2820 Augusti,
2940 2767 3090 2822 quem
3134 2758 3309 2804 testem
3349 2749 3701 2818 fidelissimum

2107 2844 2392 2899 Dominica:
2428 2843 2704 2898 nativitatis
2751 2843 2986 2897 Romana
3024 2842 3229 2896 archiva
3285 2841 3594 2895 custodiunt.
3633 2839 3705 2895 Se

2107 2937 2302 2993 Filium
2334 2935 2566 2989 hominis
2607 2935 2921 3004 appellavit,
2952 2934 3079 2989 dum
3119 2934 3222 2988 sibi
3248 2943 3568 3003 potestatem
3603 2933 3701 2986 tri-

2111 3028 2224 3082 buit
2260 3036 2477 3099 peccata
2506 3025 2830 3091 dimittendi,
2871 3035 2928 3079 ut
2970 3034 3268 3094 putesceret
3316 3041 3500 3080 verum
3536 3025 3701 3080 Deum

401 3120 597 3174 multos
626 3129 882 3187 venturos,
916 3130 963 3174 et
1000 3122 1147 3193 signa
1185 3124 1408 3192 facturos
1429 3166 1443 3188 ,
1477 3134 1522 3176 et
1560 3125 1764 3178 virtutes
1793 3141 2005 3196 magnas
2033 3133 2077 3195 ρ
2111 3120 2268 3175 simul
2309 3133 2449 3184 esse,
2479 3126 2534 3172 et
2572 3117 2843 3170 hominem
2876 3130 3063 3171 verum
3096 3132 3110 3169 :
3141 3131 3298 3184 neque
3332 3117 3466 3170 enim
3501 3115 3705 3168 mentiri

403 3212 657 3275 edituros,
684 3227 775 3266 nec
793 3211 908 3268 ideo
935 3222 1100 3267 tamen
1125 3214 1481 3269 admittendos.
1513 3213 1612 3271 Ubi
1645 3225 1696 3270 ct
1723 3215 1853 3271 illud
1883 3219 2002 3271 ani-

405 3305 701 3361 madvertit
740 3320 769 3360 a
804 3307 1079 3376 prOphetis
1146 3306 1277 3377 (cap.
1405 3307 1525 3362 ideo
1552 3311 1726 3379 futura
1753 3309 2005 3363 interdum

405 3415 508 3470 pro
532 3400 652 3469 jam
683 3399 950 3453 transactis
978 3399 1264 3467 enuntiari,
1295 3401 1418 3469 quia
1445 3399 1584 3469 apud
1615 3401 1780 3456 Deum
1812 3418 1914 3456 non
1942 3402 2008 3457 sit

407 3481 703 3557 cli/ferentia
731 3493 988 3562 tentporis,
1016 3491 1158 3562 apud
1185 3507 1330 3561 quem
1357 3493 1659 3562 uniforment
1679 3494 2010 3548 statumtem-

407 3596 594 3652 porum
619 3581 794 3652 dirigit
821 3583 1096 3648 teternitas,
1126 3591 1172 3636 et
1200 3583 1499 3637 divinationi
1520 3586 1828 3655 prophetiae
1855 3585 2010 3656 fami-

409 3677 544 3730 liare
569 3687 641 3731 est
691 3677 827 3748 quod
864 3678 1136 3747 prospicit,
1166 3677 1287 3731 dum
1315 3679 1558 3748 prospicit
1573 3679 1689 3749 jam
1714 3679 1898 3747 visum,
1932 3689 2012 3733 at-

408 3786 512 3838 que
553 3772 625 3823 ita
657 3771 771 3841 jam
809 3781 1146 3838 expunctum,
1197 3769 1252 3823 id
1300 3781 1372 3824 est
1415 3773 1553 3825 omni
1595 3772 1744 3826 modo
1780 3776 2010 3844 futurum

411 3863 782 3918 demonstrare.
806 3861 877 3919 Ut
902 3878 1030 3919 vero
1053 3862 1361 3919 ostenderet
1396 3863 1564 3917 Deum
1623 3879 1807 3918 verum
1831 3865 2008 3919 homi-

410 3972 542 4013 nem
571 3955 760 4022 fuisse,
794 3971 902 4010 non
933 3955 1272 4012 umbratilem
1304 3964 1358 4010 et
1389 3955 1779 4025 phantasticum
1800 3996 1815 4021 ,
1847 3956 2008 4024 dicit,

413 4051 460 4106 si
497 4050 552 4104 in
580 4047 798 4104 Christo
817 4063 925 4104 non
955 4047 1146 4103 fuisset
1171 4063 1295 4104 vera
1321 4047 1642 4114 humanitas,
1667 4062 1768 4102 nec
1788 4048 2014 4104 creden-

414 4143 544 4198 dam
586 4143 638 4196 in
670 4156 737 4197 eo
773 4156 955 4196 veram
993 4141 1326 4196 divinitatem
1365 4140 1504 4212 (cap.
1549 4140 1606 4211 8)
1644 4158 1658 4195 :
1702 4141 1922 4207 Nam,si
1960 4142 2014 4196 in

413 4233 624 4291 Christo
651 4251 754 4289 non
807 4244 914 4288 erat
959 4233 1096 4305 quod
1124 4231 1402 4300 videbatur,
1431 4242 1478 4286 et
1507 4232 1640 4302 quod
1667 4240 1773 4286 erat
1802 4234 2014 4287 mentie—

415 4328 590 4392 batur,
625 4341 745 4382 caro
771 4341 860 4380 nec
893 4342 1047 4387 caro.
1091 4325 1239 4378 homo
1280 4340 1371 4378 nec
1414 4324 1598 4391 homo,
1641 4326 1852 4394 proinde
1879 4324 2016 4381 Deus

415 4420 677 4483 Christus,
706 4437 795 4474 nec
823 4419 982 4473 Deus.
1006 4417 1109 4474 Cur
1129 4419 1383 4472 enimnon
1412 4418 1562 4472 etiam
1593 4416 1689 4470 Dei
1714 4419 2018 4488 phantasma

2111 3222 2278 3284 posset
2307 3210 2542 3268 Christus
2566 3252 2581 3276 ,
2615 3219 2668 3264 ut
2692 3227 2744 3265 se
2775 3208 2974 3264 Filium
3003 3209 3220 3263 hominis
3243 3210 3629 3280 pronuntiaret,
3659 3209 3705 3260 si

2111 3323 2212 3361 non
2235 3323 2347 3360 vere
2375 3315 2516 3370 erat;
2545 3318 2642 3359 nec
2683 3313 2897 3373 peccata
2934 3302 3236 3367 dimittere,
3265 3305 3312 3358 si
3348 3318 3506 3358 verus
3565 3304 3705 3357 Deus

2111 3414 2217 3454 non
2247 3398 2454 3464 fuisset,
2480 3396 2751 3452 hominem
2785 3393 3008 3464 proinde
3039 3393 3207 3448 fuisse
3235 3393 3383 3448 illum
3414 3409 3573 3464 quem
3605 3393 3707 3446 Da-

2113 3489 2267 3544 nielis
2317 3487 2595 3558 prophetia
2645 3495 2967 3540 consecutum
3017 3483 3395 3556 prtenuntiabat
3433 3484 3707 3554 judicandi

2114 3590 2430 3653 potestatem.
2469 3579 2662 3635 Verum
2699 3578 2766 3633 de
2794 3576 2995 3632 Christi
3033 3591 3202 3647 regno
3231 3577 3456 3646 loquens
3489 3575 3706 3630 'l‘ertul-

2115 3672 2308 3736 lianus,
2340 3670 2679 3740 apertissime
2713 3668 2950 3724 ostendit
2984 3683 3045 3723 se
3075 3667 3443 3723 chiliastarum
3467 3665 3709 3736 opinioni

2115 3764 2426 3829 adhaesisse,
2459 3761 2602 3833 quod
2631 3762 2826 3816 mirum
2859 3776 2964 3815 non
2995 3774 3118 3815 esse
3155 3759 3315 3814 debet
3349 3758 3708 3830 perpendenti

2116 3867 2170 3915 ct
2197 3857 2636 3912 Montanistarum
2664 3854 2958 3909 visionibus
2985 3851 3145 3907 ﬁdem
3175 3851 3509 3905 adhibuisse.

2189 3950 2258 4008 Ut
2300 3964 2478 4005 rerum
2502 3947 2814 4002 Creatorem
2857 3953 3176 4000 accusarent
3220 3942 3600 4007 Marcionistae,
3643 3955 3710 3996 eo

2117 4043 2413 4116 praisertim
2459 4040 2745 4097 utebantur
2786 4037 3010 4093 artilicio
3065 4046 3119 4092 et
3161 4035 3306 4103 dolo,
3353 4049 3459 4104 quo
3504 4032 3712 4089 Novum
3741 4084 3761 4123 τ

2118 4135 2520 4191 Testamentum
2545 4129 2731 4186 Veteri
2776 4127 3117 4200 opponebam
3142 4143 3157 4192 ;
3181 4135 3238 4182 et
3274 4127 3319 4182 si
3358 4140 3478 4196 qua:
3507 4125 3620 4180 sive
3661 4125 3715 4178 in

2119 4229 2256 4299 lege,
2308 4228 2428 4282 sive
2472 4226 2525 4280 in
2569 4223 2847 4295 prophetis
2875 4222 2959 4277 vel
2989 4221 3119 4276 dura
3163 4220 3250 4275 vel
3299 4218 3590 4290 abjectiora
3619 4231 3716 4272 oc-

2122 4320 2446 4385 currebant,
2495 4319 2642 4389 parvi
2711 4313 3008 4387 penderent
3064 4323 3119 4370 et
3163 4328 3264 4368 ceu
3299 4310 3720 4380 contemptibilia

2122 4420 2528 4485 exaggerarent.
2563 4413 2633 4466 At
2671 4409 3032 4464 Tertullianus
3081 4407 3170 4462 illa
3218 4405 3327 4460 duo
3373 4403 3718 4459 Testamenta

415 4512 689 4586 portavit?
729 4512 808 4566 An
845 4511 1050 4566 credant
1074 4512 1121 4566 ei
1147 4511 1210 4564 de
1238 4511 1476 4564 interiore
1501 4509 1812 4576 substantia,
1843 4511 1929 4580 qui
1955 4512 2018 4564 sit
2045 4530 2096 4589 υ
2123 4522 2229 4562 non
2258 4522 2285 4558 a
2318 4503 2533 4559 diverso
2564 4499 2830 4572 prodiisse
2877 4506 3096 4554 auctore
3124 4493 3498 4589 patefaciebat,
3528 4491 3622 4548 sed
3651 4491 3721 4589 ab

417 4612 486 4665 de
505 4607 756 4663 exteriore
774 4606 1088 4677 frustratus?
1113 4605 1306 4660 Verum
1329 4615 1506 4659 autem
1531 4603 1802 4658 Immineat
1835 4603 2017 4667 fuisse,

415 4699 606 4756 omnia
636 4697 925 4753 ostendunt.
950 4713 1089 4774 ⁵(ιιιίιξ
1114 4696 1276 4751 de-eo
1303 4695 1354 4750 in
1387 4694 1692 4765 Evangeliis
1718 4694 1917 4764 scripta
1941 4694 2021 4750 le-

416 4800 641 4864 guntur,
668 4788 918 4843 videlicet
941 4798 994 4843 et
1021 4787 1283 4856 tetigisse,
1306 4795 1360 4842 ct
1383 4795 1582 4840 tactum
1605 4785 1673 4840 ab
1694 4785 1814 4840 aliis
1836 4784 2020 4851 fuisse;

417 4887 685 4956 scriptum
712 4891 796 4938 est
820 4883 963 4939 enim
1011 4881 1280 4952 tangendo
1307 4881 1547 4936 inﬁrmos
1570 4893 1664 4935 eos
1691 4879 1971 4945 liberasse,
1997 4894 2027 4934 a

419 4977 728 5052 peccatrice
751 4985 921 5031 tactos
951 4974 1068 5044 ejus
1098 4973 1263 5044 pedes
1291 4987 1356 5028 ac
1405 4972 1618 5043 perfuso
1639 4979 1914 5042 unguento
1935 4970 2027 5026 de-

423 5073 649 5137 libutos,
677 5083 779 5125 nec
805 5083 912 5123 non
939 5081 1178 5138 passum,
1209 5073 1503 5132 mortuum,
1526 5065 1841 5134 etspiritum
1870 5063 1938 5118 ab
1963 5078 2029 5118 eo

419 5165 709 5228 emissum,
745 5170 801 5217 et
847 5170 968 5232 post
1023 5142 1473 5215 resurrectionem
1499 5172 1558 5213 se
1582 5171 1799 5213 carnem
1831 5165 1884 5211 et
1907 5170 2029 5212 ossa

423 5258 628 5314 habere
651 5256 1076 5318 demonstrasse,
1113 5249 1353 5321 jubendo
1402 5257 1460 5303 ut
1485 5264 1607 5304 eum
1641 5257 1925 5320 tangerent
1975 5257 2033 5304 et

423 5353 745 5423 palparent;
777 5345 1013 5415 alioquin
1035 5385 1050 5410 ,
1074 5344 1120 5398 si
1146 5357 1328 5397 veram
1358 5356 1464 5396 non
1494 5341 1769 5397 habuisset
1787 5355 2028 5409 carnem,

424 5459 530 5502 nec
556 5455 756 5515 passus
778 5479 796 5507 ,
829 5452 931 5494 nec
969 5444 1211 5492 mortuus
1244 5434 1459 5500 fuisset,
1492 5443 1778 5505 propterea
1809 5448 1909 5488 nec
1938 5448 2029 5488 re-

423 5538 795 5598 surrexisset;
837 5530 1068 5604 proinde
1105 5527 1282 5598 inanis
1322 5535 1406 5582 est
1443 5527 1577 5581 lides
1608 5535 1812 5600 nostra,
1855 5524 2032 5580 inanis

422 5643 480 5692 et
511 5626 830 5703 praedicatio
855 5622 1255 5697 (apostolorum,
1281 5619 1370 5692 qui
1414 5617 1532 5675 falsi
1563 5617 1653 5676 Dei
1685 5625 1847 5675 testes
1881 5617 2033 5674 inve-

423 5723 697 5788 nirentur.
1005 5744 1046 5758 κ

2127 4615 2234 4655 uno
2267 4596 2565 4667 eodemque
2595 4636 2609 4659 ,
2651 4594 2740 4664 qui
2787 4603 2966 4647 tamen
3015 4592 3229 4646 diverso
3266 4603 3327 4644 se
3359 4587 3528 4660 gessit
3554 4584 3718 4640 modo

2123 4693 2273 4762 juxta
2305 4690 2523 4744 humani
2560 4686 2774 4758 generis
2813 4693 3018 4740 statum
3039 4693 3095 4739 et
3123 4681 3508 4738 conditionem.
3539 4678 3723 4734 Primo

2128 4786 2269 4839 enim
2297 4783 2436 4837 Deus
2465 4779 2675 4835 nonnisi
2703 4779 2944 4833 tenuiora
2975 4775 3238 4848 pollicitus
3257 4783 3342 4829 est
3369 4773 3610 4843 pratmia,
3632 4784 3727 4825 ve-

2129 4877 2224 4932 luti
2250 4873 2580 4930 arrhabones
2609 4872 2918 4927 sublimium
2964 4868 3270 4924 divitiarum
3295 4909 3311 4932 ,
3344 4880 3476 4936 quas
3504 4865 3607 4918 illis
3635 4876 3725 4917 re-

2129 4967 2381 5025 servavit.
2409 4965 2624 5020 Divitias
2655 4973 2896 5035 praestare
2917 4960 3028 5015 Deo
3056 4977 3160 5016 non
3195 4961 3534 5027 incongruens
3559 4953 3725 5019 dicit,

2131 5079 2222 5134 per
2261 5078 2386 5138 quas
2429 5060 2589 5114 multa
2629 5057 2748 5113 inde
2789 5072 2947 5126 opera
2965 5053 3186 5126 justitia:
3224 5060 3272 5104 et
3315 5045 3599 5102 dilectionis
3626 5045 3725 5096 ad-

2133 5155 2505 5216 ministrantur,
2533 5152 2672 5206 sicut
2697 5158 2752 5204 et
2776 5149 2880 5203 alia
2913 5156 3128 5202 terrena
3161 5143 3298 5197 bona
3341 5138 3463 5192 data
3503 5142 3559 5190 et
3603 5149 3728 5203 pro-

2135 5251 2296 5304 missa
2341 5248 2394 5301 in
2417 5245 2596 5300 Veteri
2625 5243 3012 5304 Testamento;
3041 5251 3160 5309 quae
3199 5247 3306 5288 non
3335 5229 3513 5284 minus
3562 5239 3728 5293 quam

2133 5337 2371 5396 caelestia
2400 5335 2466 5390 ad
2494 5334 2806 5390 Creatorem
2837 5330 2960 5385 C(Bli
3001 5337 3056 5384 et
3102 5336 3260 5381 terrae
3304 5315 3622 5374 distribuere
3671 5320 3731 5367 et

2137 5428 2349 5499 elargiri
2382 5429 2611 5496 pertinet
2637 5425 2739 5495 (Ι).
2775 5423 2996 5490 Objecta
3027 5429 3240 5488 quoque
3262 5410 3418 5466 diluit
3444 5407 3729 5499 desumpta

2137 5541 2201 5583 ex
2227 5491 2580 5578 Israelitarum
2608 5491 2772 5578 furto,
2801 5512 2944 5582 quod
2974 5511 3025 5564 in
3053 5506 3336 5576 Egyptios
3361 5499 3469 5552 Deo
3493 5491 3727 5563 j't'tbente

2137 5612 2468 5673 commisisse
2497 5611 2741 5664 videntur
2767 5603 2978 5659 Hebraei
3000 5643 3014 5666 ,
3037 5611 3091 5655 et
3112 5597 3212 5651 alia
3244 5609 3308 5647 ex
3334 5593 3729 5658 pratceplorum

2137 5701 2556 5772 contradictione
2584 5699 2895 5768 deprompta
2922 5735 2934 5758 ,
2962 5681 3282 5765 utﬁquando
3311 5679 3414 5733 illis
3447 5674 3523 5747 (Ξ)
3562 5677 3701 5734 vetui
