4008 6280
314 190 422 250 945

1742 185 2199 246 TERTULLIANI

3517 189 3626 247 2H

315 311 485 376 facere
508 307 888 392 sititititudiiieni
918 308 1145 365 omnium
1195 322 1309 378 qua:
1356 313 1474 363 sunt
1496 275 1563 360 in
1589 304 1750 372 creto,
1781 313 1831 358 et
1858 304 1921 359 in
1938 314 1994 376 Α
2019 311 2078 361 ut
2116 303 2321 360 facilius
2352 302 2512 361 homo
2552 304 2622 359 ad
2659 278 3009 376 jejunandum
3042 304 3152 362 Deo
3188 303 3619 373 l'ormaretur...,.

316 412 470 464 terra.
503 409 549 456 ct
578 402 631 456 in
660 400 842 471 aquis,
878 408 933 457 et
970 398 1129 456 simul
1166 397 1326 469 jussit
1392 405 1451 453 ut
1491 396 1738 467 serpentis
1786 395 1915 451 attici

318 496 541 567 efﬁgiem
569 496 919 567 efforntarent,
937 500 985 547 et
1003 490 1275 548 Cherubim
1296 498 1343 544 et
1388 489 1664 561 Seraphim
1679 505 1839 544 aurea
1862 489 1918 545 in

316 605 453 644 arca:
469 589 744 660 ﬁguratum
760 586 1045 659 exemplum
1062 584 1165 658 (5),
1189 585 1281 643 ubi
1303 584 1432 643 dicit
1470 584 1729 654 imagines
1749 582 1919 639 solius

320 680 640 738 idololatriae
669 695 858 735 caussa
903 679 1193 751 prohiberi.
1242 677 1335 737 Sic
1383 688 1439 734 et
1492 677 1697 735 talionis
1754 676 1919 746 legem

319 775 441 830 ideo
489 773 670 829 datam
719 770 870 839 dicit,
926 780 989 826 ut
1032 770 1318 828 commissio
1366 769 1574 842 injuria:
1612 778 1749 823 metu
1795 768 1918 825 vicis

319 866 493 921 statim
520 879 809 919 occursuro:
848 863 1249 932 repastinaretur
1269 903 1286 931 ,
1313 871 1361 919 et
1392 861 1599 917 licentia
1623 859 1918 916 retributio-

318 958 396 1012 nis
428 956 697 1026 prohibitio
721 965 846 1010 esset
874 954 1269 1026 provocationis.
1786 1018 1791 1029 ε

398 1051 662 1107 Ridcbant
687 1048 925 1104 lneretici
950 1054 1006 1103 et
1030 1046 1457 1119 aspernabantur
1509 1060 1630 1116 qua:
1660 1044 1714 1102 in
1740 1044 1919 1103 Veteri

324 1143 670 1199 Testamento
709 1140 1001 1211 abjectiora
1049 1139 1391 1215 videbantur,
1444 1138 1745 1210 cuiusmodi
1789 1149 1917 1199 sunt

318 1244 541 1291 cruenta
568 1233 828 1290 sacriﬁcia
860 1231 965 1309 (4),
1006 1233 1322 1289 ablutionum
1348 1233 1622 1305 negatione
1649 1233 1921 1302 scrupulo-

319 1330 492 1383 sitates
545 1314 600 1381 et
629 1326 871 1381 ciborum
904 1325 1166 1382 delectus.
1197 1325 1323 1382 Hinc
1345 1333 1527 1381 autem
1550 1326 1731 1382 omnia
1753 1341 1782 1380 a
1808 1325 1919 1382 Deo

318 1421 531 1475 fuerunt
559 1420 852 1491 praestituta
871 1459 886 1489 ,
917 1428 973 1472 ut
1012 1419 1125 1475 istis
1155 1420 1401 1491 legalibus
1427 1419 1711 1490 disciplinis
1736 1435 1919 1474 occur-

318 1518 541 1572 rentibus
566 1516 766 1588 ubique,
809 1532 872 1571 ne
894 1516 990 1571 ulli
1017 1526 1267 1572 momento
1312 1525 1546 1573 vacarent
1592 1533 1624 1571 a
1673 1515 1765 1572 Dei
1809 1532 1919 1572 res-

322 1621 635 1682 pectu...:ut
661 1611 791 1666 nihil
810 1611 873 1664 de
897 1611 1098 1666 arcanis
1118 1611 1365 1682 attingant
1391 1610 1771 1682 si‘gniﬁcantiis,
1795 1609 1921 1681 legis

2022 390 2408 453 sacrificiorum
2435 412 2649 469 quoque
2671 412 2859 462 onera,
2888 405 2943 454 et
2965 396 3365 468 operationnm,
3390 406 3443 453 et
3470 396 3625 454 ablu-

2022 489 2228 545 tionum
2274 490 2584 560 negotiosas
2625 482 3069 561 scrupttlositales
3120 504 3283 545 nemo
3333 490 3627 560 repreheno

2008 580 2219 663 datm;
2246 581 2341 638 sed
2369 582 2514 637 illam
2546 583 2641 639 Dei
2669 582 2983 639 industriam
3012 583 3209 639 sentiat
3244 598 3347 654 qua
3376 585 3626 655 populum

2022 688 2252 748 pronum
2301 674 2352 729 in
2401 674 2759 731 idololatriam
2800 682 2855 733 et
2926 674 3433 745 transgressionem,
3478 676 3628 747 ejns-

1986 766 2168 842 ;modi
2195 765 2386 823 ciliciis
2414 767 2658 839 religioni
2685 783 2797 825 suae
2831 767 2999 824 voluit
3035 767 3394 838 adstringere,
3421 769 3620 840 quibus

2022 858 2349 930 superstitio
2377 859 2560 917 smeuli
2599 859 2876 932 agebatur,
2922 868 2983 915 ut
3002 859 3071 916 ab
3114 875 3177 916 ea
3223 870 3475 917 avocaret
3503 862 3625 918 illos

2025 953 2127 1027 (6).
2160 951 2267 1010 Sed
2296 953 2349 1010 in
2379 953 2508 1027 ipsis
2534 954 2881 1011 commerciis
2909 954 3032 1009 vitae
3084 962 3140 1011 et
3199 955 3626 1012 conversationis

2022 1046 2272 1104 humana:
2317 1045 2465 1103 domi
2490 1061 2554 1102 ac
2583 1047 2716 1104 loris
2740 1087 2755 1114 ,
2786 1046 2854 1103 ad
2880 1062 3049 1119 usque
3071 1062 3258 1104 curam
3285 1048 3624 1109 vasculorum

2022 1140 2361 1197 omnifariam
2409 1140 2695 1210 diSIinxit",
2744 1151 2802 1198 ut
2852 1142 2971 1199 istis
3019 1141 3283 1213 legalibus
3327 1142 3645 1223 disciplinis
3690 1220 3697 1223 ν

1991 1218 2431 1293 °occurrentihus
2473 1235 2703 1307 ubique,
2731 1251 2799 1292 ne
2841 1236 2936 1291 ulli
2990 1245 3265 1293 momento
3305 1243 3559 1292 vacarent
3597 1250 3627 1290 a

2023 1328 2120 1385 Dei
2161 1337 2481 1399 respectu...
2517 1327 2597 1383 Ad
2642 1327 2746 1384 hoc
2791 1327 3114 1384 beneﬁcium
3138 1366 3155 1395 ,
3189 1341 3295 1384 non
3326 1342 3463 1382 onus
3494 1326 3628 1397 legis

2021 1420 2387 1492 adiuvandum
2436 1420 2734 1493 prophetas
2778 1419 3070 1487 ordinavit,
3099 1418 3359 1476 docentes
3408 1419 3519 1474 Deo
3543 1417 3627 1473 di-

2022 1530 2148 1585 gna,
2196 1514 2424 1579 auferre
2468 1512 2742 1584 nequitias
2787 1513 2857 1569 de
2904 1512 3119 1580 anima,
3165 1508 3629 1582 exquirere‘judiv

2024 1606 2167 1662 cium
2199 1647 2214 1670 ,
2296 1613 2363 1662 ‘et
2441 1613 2658 1669 caetera.
2709 1620 2831 1675 qua:
2871 1603 3149 1675 religionis
3213 1602 3502 1659 essentiam
3574 1609 3630 1659 et

326 1705 609 1776 spiritualis
654 1705 845 1760 scilicet
886 1714 934 1759 et
975 1705 1304 1775 prophetiae,
1346 1715 1393 1760 et
1436 1705 1491 1759 in
1537 1704 1768 1759 omnibus
1794 1720 1920 1776 pene
1948 1718 1998 1779 Β
2034 1699 2421 1773 perfectionem
2468 1699 2521 1757 in
2589 1698 2788 1755 virtute
2833 1706 2890 1753 et
2932 1696 3090 1752 bonis
3112 1694 3366 1769 operibus
3396 1693 3625 1749 locatam

322 1799 635 1868 argumentis
660 1798 894 1870 ﬁgurata!
919 1795 1022 1870 (5).
1061 1816 1079 1849 ι
1110 1798 1167 1853 Si
1192 1797 1299 1864 lex,
1323 1798 1530 1863 scribit,
1562 1797 1761 1870 aliquid
1783 1797 1920 1854 ciliis

324 1892 580 1957 detrahit,
614 1901 669 1950 et
704 1892 977 1948 immunda
1017 1890 1330 1961 pronuntiat
1356 1890 1630 1959 animalia,
1663 1906 1784 1962 quae
1822 1891 1921 1946 ali-

323 1985 539 2055 quando
564 1983 844 2041 benedicta
873 1991 1039 2051 sunt,
1067 1982 1350 2040 consilium
1389 1981 1705 2039 exercendas
1735 1982 1913 2039 conti-

324 2079 520 2133 nentite
543 2077 800 2149 intellige,
820 2087 874 2134 et
894 2077 1092 2134 fraenos
1111 2076 1392 2147 impositos
1405 2076 1481 2132 illi
1501 2076 1638 2147 gulae
1656 2090 1912 2146 agnosce,

317 2184 604 2238 qitw,cum
648 2184 836 2238 panem
882 2168 1066 2225 ederet
1116 2168 1425 2241 angelorum
1482 2182 1831 2236 cucumeres,
1864 2177 1920 2224 et

322 2276 559 2334 pepones
604 2261 978 2334 Egyptiorum
1005 2261 1368 2319 desiderabat.
1408 2263 1655 2333 Agnosce
1679 2262 1840 2318 simul
1865 2270 1923 2319 et

242 2407 251 2412 .
319 2355 612 2412 comitibus
647 2355 808 2425 gulae,
842 2354 1045 2410 libidini
1098 2354 1304 2410 scilicet
1351 2362 1512 2425 atque
1541 2353 1767 2411 luxuria:
1790 2369 1916 2426 pro-

325 2454 666 2517 spectum...:
698 2445 924 2516 proinde
954 2454 1093 2512 utet
1117 2446 1358 2517 pecuniae
1387 2446 1546 2502 ardor
1559 2447 1922 2518 restinguere-

321 2551 408 2598 tnr
448 2558 515 2599 ex
554 2551 741 2615 parte,
771 2543 839 2600 de
881 2559 984 2615 qua
1028 2544 1198 2600 victus
1244 2543 1564 2600 necessitate
1616 2549 1915 2608 caussatur,

319 2635 677 2705 pretiosorum
715 2637 955 2695 ciborum
976 2638 1197 2696 ambitio
1220 2638 1457 2696 detracta
1478 2645 1562 2695 est
1581 2655 1596 2704 ;
1621 2645 1915 2708 postremo,

2024 1795 2298 1851 evincunt.
2345 1792 2582 1864 Longius
2635 1789 2979 1863 progreditur
3039 1789 3093 1845 in
3160 1789 3262 1845 hac
3311 1786 3626 1857 exponenda

2022 1886 2266 1943 doctrina
2292 1926 2308 1953 ,
2339 1894 2394 1943 et
2420 1885 2473 1940 in
2504 1884 2621 1955 lege
2651 1890 2972 1953 prmceptam
3009 1880 3199 1952 probat
3223 1880 3542 1946 caritatem,
3571 1886 3628 1937 et

2023 1977 2339 2049 iniuriarum
2370 1976 2604 2042 veniam,
2638 1982 2913 2031 reservata
2950 1972 3062 2028 Deo
3098 1971 3357 2038 vindicta,
3390 1985 3510 2041 quae
3537 1983 3630 2025 ne-

2023 2070 2261 2128 cessaria
2303 2075 2407 2134 est,
2459 2077 2519 2123 ut
2561 2066 2776 2123 scelesti
2827 2060 3075 2121 homines
3122 2063 3173 2117 in
3215 2062 3410 2117 ordine
3457 2061 3631 2117 conti-

2029 2175 2260 2222 neantur
2330 2162 2433 2238 (7).
2476 2159 2641 2219 Addit
2703 2157 2975 2215 Christum
3037 2153 3451 2213 conditionaliter
3492 2170 3628 2212 nunc

2027 2238 2205 2333 fecisse
2242 2257 2444 2314 divortii
2495 2255 2886 2328 prohibitionem
2914 2294 2929 2318 ,
2983 2252 3027 2308 si
3076 2250 3192 2307 ideo
3239 2249 3353 2321 quis
3406 2247 3633 2303 dimittat

2023 2370 2258 2420 uxorem,
2285 2352 2352 2408 'ut
2389 2352 2548 2407 aliam
2581 2350 2755 2406 ducat.
2807 2334 3049 2418 Deniqu‘e
3098 2346 3237 2400 hanc
3278 2342 3419 2398 circa
3468 2339 3624 2395 ﬁdem

2025 2444 2264 2516 regulam
2307 2442 2466 2499 tradit
2495 2440 2577 2514 (8)
2607 2482 2621 2503 .
2668 2440 2799 2496 nihil
2843 2449 3029 2495 temere
3067 2434 3397 2498 credendum,
3446 2440 3628 2489 temere

2024 2555 2178 2610 porro
2203 2537 2379 2607 credi,
2414 2518 2765 2608 quodcumque
2805 2535 2916 2591 sine
2954 2531 3166 2604 originis
3211 2528 3471 2600 agnitione
3510 2541 3624 2579 cre-

2024 2631 2178 2686 ditur.
3234 2620 3478 2681 Luurnn.

2064 2754 3621 2782 MM

1376 2846 1850 2959 LIBER
1920 2840 2558 2956 PRIMUS.

1702 3077 2181 3136 θθιοωιοοθα

1644 3248 2283 3355 stramentum.

382 3441 509 3497 Cum
578 3441 719 3510 prius
776 3440 1078 3512 apusculum
1114 3455 1262 3496 suum
1290 3453 1559 3496 snvsnsus
1596 3452 1905 3496 mucronem
1933 3437 1976 3501 C
2081 3435 2169 3491 Vl.
2205 3436 2364 3509 Atque
2387 3435 2538 3502 adeo,
2570 3450 2672 3492 non
2700 3434 2852 3490 modo
2890 3433 2995 3490 duo
3025 3450 3175 3506 pares
3195 3477 3210 3503 ,
3262 3437 3351 3493 sed
3375 3454 3465 3495 nec
3495 3439 3609 3495 dis—

313 3534 541 3606 pleniore
584 3544 757 3603 postea
803 3533 1166 3602 compositione
1206 3532 1489 3589 rescidisset
1523 3529 1902 3595 Tertullianus,

312 3637 358 3681 et
402 3642 513 3680 eam
542 3629 702 3697 frater
727 3624 936 3694 quidont
963 3623 1144 3679 deinde
1174 3631 1414 3694 apostata
1460 3621 1906 3677 mendosissimum

311 3717 637 3801 exhibuisset,
682 3716 954 3770 necessitas
1010 3714 1089 3770 illi
1134 3718 1274 3786 facta
1319 3723 1394 3770 est
1440 3712 1827 3779 emendationis,
1858 3721 1906 3767 et

2015 3545 2164 3602 pares
2194 3528 2316 3583 deos
2344 3543 2494 3601 posse
2515 3527 2772 3583 constitui.

2086 3621 2198 3678 VII.
2229 3620 2414 3692 Neque
2437 3637 2555 3677 vero
2607 3620 2687 3678 illi
2735 3620 3049 3692 patrocinari
3077 3614 3260 3678 nomen
3289 3622 3387 3679 Dei
3410 3667 3427 3693 ,
3457 3628 3609 3687 etiam

2011 3715 2129 3770 aliis
2146 3715 2453 3787 permissum
2480 3714 2533 3770 in
2558 3713 2844 3787 Scripturis
2862 3731 2881 3782 ;
2901 3714 3020 3787 quia
3040 3714 3230 3772 idcirco
3257 3717 3328 3774 eis
3349 3735 3450 3775 non
3470 3735 3608 3777 com-

302 3811 646 3865 innovationis
690 3809 887 3864 occasio
927 3809 1124 3882 aliquid
1165 3808 1389 3880 adjicere
1429 3808 1714 3881 persuasit;
1771 3808 1907 3862 unde
2010 3806 2132 3877 petit
2163 3806 2412 3877 possessio
2433 3806 2616 3860 summi
2645 3806 2840 3879 magni.

305 3904 359 3957 in
390 3905 608 3973 quinque
633 3903 789 3958 libros
813 3920 941 3973 opus
960 3901 1099 3958 istud
1128 3902 1368 3968 excrevit,
1399 3917 1614 3974 quorum
1640 3899 1794 3973 primi
1829 3899 1897 3954 li-

304 3997 382 4051 bri
407 4006 756 4068 argumentum
782 3998 862 4052 hic
884 3998 1088 4057 damus.

377 4089 418 4145 l.
470 4088 533 4143 In
558 4090 735 4159 primis
760 4093 929 4160 itaque
977 4097 1090 4160 post
1136 4088 1433 4145 invectivam
1470 4089 1525 4143 in
1582 4086 1898 4153 Marcionem

307 4178 601 4243 Ponticum,
631 4181 768 4252 quod
814 4180 1016 4250 nuptias
1043 4179 1325 4248 abstulerit,
1354 4179 1637 4252 Evangelia
1665 4196 1898 4235 corrose-

308 4274 396 4339 rit,
422 4281 470 4327 et
492 4270 659 4326 Deum
683 4287 832 4342 quem
858 4271 1136 4338 invenerat,
1166 4272 1386 4326 extincto
1414 4271 1604 4327 lumine
1626 4271 1748 4340 ﬁdei
1773 4271 1898 4326 ami-

305 4367 459 4431 serit;
476 4367 588 4439 jam
620 4364 978 4419 destinandum
1003 4365 1297 4421 hwreticum
1325 4364 1506 4428 docet;
1529 4365 1668 4436 quia,
1702 4365 1897 4421 deserto
1960 4399 1972 4407 -

298 4458 436 4528 quod
464 4459 603 4527 prius
652 4461 821 4528 fuerat
846 4499 861 4525 ,
888 4456 943 4512 id
974 4466 1148 4528 postea
1203 4455 1299 4512 sibi
1337 4456 1539 4528 elegerit
1580 4456 1716 4526 quod
1760 4467 1896 4512 retro

299 4564 404 4603 non
430 4558 574 4613 erat;
604 4549 754 4603 sicuti
791 4550 942 4604 latius
970 4548 1099 4605 libro
1128 4566 1195 4606 ns
1232 4563 1750 4607 pnsscntp'rtontnus
1792 4566 1890 4607 sn-

294 4657 495 4703 Vsnsus
523 4657 832 4700 ltA-IRETICOS
857 4644 1171 4699 sustinuerit.

368 4736 430 4790 ll.
457 4735 676 4803 Deinde,
704 4736 833 4791 duos
861 4735 980 4791 deos
1012 4735 1159 4791 illum
1183 4735 1457 4803 adtulisse;
1488 4733 1804 4802 Creatorem,
1835 4736 1891 4792 id

299 4838 373 4885 est
398 4837 661 4898 nostrum;
683 4841 729 4883 et
754 4845 904 4885 suum
928 4845 989 4885 ac
1028 4829 1259 4888 ccrdonis
1294 4831 1643 4902 informatoris
1681 4834 1761 4889 sui
1780 4853 1800 4903 ,-
1826 4834 1883 4891 il-

293 4923 402 4977 lum
426 4920 638 4987 malum,
671 4915 825 4994 h‘ujus
852 4937 967 4978 vero
997 4922 1206 4978 bonum.

358 5012 445 5082 Ill.
483 5011 693 5079 Verum,
729 5012 1073 5071 Christianam
1097 5015 1359 5071 veritatem
1396 5015 1626 5073 districte
1651 5033 1882 5089 pronun-

293 5107 444 5162 tiasse
470 5122 488 5162 :
519 5106 701 5173 Deum,
732 5107 777 5162 si
799 5123 930 5164 unus
953 5124 1056 5164 non
1095 5108 1182 5176 sit,
1208 5125 1313 5167 non
1336 5126 1462 5179 esse,
1494 5104 1553 5167 eo
1577 5111 1716 5184 quod
1738 5128 1881 5168 sum-

284 5214 398 5252 mus
426 5213 640 5269 magnus
665 5198 751 5264 sit,
776 5198 858 5253 cui
880 5198 1013 5255 nihil
1033 5200 1298 5271 adaquari
1319 5202 1498 5273 possit.

356 5287 447 5344 IV.
480 5286 603 5344 Non
623 5306 774 5361 posse
792 5290 945 5347 etiam
979 5291 1082 5347 duo
1106 5309 1305 5350 summa
1329 5309 1517 5366 magna
1537 5334 1553 5361 ,
1585 5295 1738 5351 etiam
1767 5295 1877 5352 dis-

282 5381 444 5436 tincta
461 5381 566 5436 suis
595 5381 782 5451 ﬁnibus
806 5385 1102 5441 consistere.

352 5472 420 5527 V.
450 5473 511 5528 Si
528 5474 663 5529 enim
690 5474 790 5528 duo
815 5477 1016 5532 summti
1060 5493 1269 5549 magna,
1294 5477 1446 5533 etiam
1478 5477 1629 5549 plura
1670 5479 1874 5535 admitti

282 5564 475 5629 debere,
507 5582 623 5620 cum
661 5565 952 5634 Valentino,
984 5571 1071 5639 qui
1098 5586 1253 5640 usque
1301 5569 1369 5625 ad
1412 5568 1626 5641 triginta
1665 5584 1872 5627 leonum

279 5657 449 5725 fretus,
470 5673 681 5713 examen
711 5658 987 5715 divinitatis
1016 5658 1216 5729 eﬁudit.

1915 4599 1971 4661 D

2083 3896 2215 3954 VIII.
2243 3895 2409 3953 Porro
2427 3898 2641 3955 liceresin
2665 3895 3118 3967 Marcionistarum
3148 3900 3227 3956 vel
3240 3901 3364 3957 inde
3375 3904 3604 3977 probari,

2004 3991 2139 4064 quod
2167 4006 2353 4048 novum
2396 3990 2566 4048 Deum
2595 3990 2820 4064 faciant,
2852 4007 2970 4048 cum
3007 4008 3156 4050 verus
3198 3992 3340 4052 Deus
3380 4007 3597 4057 (εισι-ηας

2003 4085 2089 4139 sit.

2071 4176 2162 4235 IX.
2197 4177 2393 4250 quue,
2428 4179 2626 4237 etiamsi
2670 4181 2837 4239 solum
2866 4183 3124 4255 agnitione
3146 4200 3333 4240 novum
3384 4150 3597 4257 dicant,

1999 4270 2135 4346 quod
2165 4270 2302 4328 Deus
2326 4273 2530 4345 ignotus
2557 4260 2665 4329 esse
2691 4290 2795 4331 non
2821 4276 3061 4349 potuerit,
3093 4292 3252 4348 neque
3276 4278 3519 4334 incertus.

2071 4360 2139 4418 X.
2174 4361 2281 4418 Sed
2307 4380 2338 4417 a
2368 4364 2653 4434 primordio
2681 4381 2880 4440 semper
2927 4368 3165 4440 agnitus;
3218 4370 3406 4442 quippe
3448 4387 3601 4443 quens
3650 4408 3659 4417 ο

2001 4454 2173 4509 anima
2198 4464 2245 4511 et
2272 4456 2597 4524 conscientia,
2626 4459 2778 4514 etiam
2806 4458 3027 4525 ethnica,
3052 4461 3269 4518 noverit.

2070 4545 2164 4603 XI.
2214 4546 2460 4616 Proinde,
2504 4566 2621 4605 cum
2672 4549 2773 4607 Dei
2813 4553 2915 4608 sint
2941 4554 3131 4623 omnia,
3160 4555 3206 4611 si
3227 4554 3358 4611 nihil
3382 4558 3591 4629 creavit,

1997 4642 2146 4699 deum
2174 4658 2275 4698 non
2294 4659 2402 4699 esse
2427 4661 2575 4716 quem
2600 4644 2832 4702 Marcion
2854 4647 3052 4702 statuit.

2065 4735 2182 4792 XII.
2214 4734 2283 4793 Ut
2310 4745 2479 4794 autem
2504 4738 2651 4795 illum
2697 4739 2850 4795 deum
2877 4745 2985 4796 esse
3012 4742 3244 4809 conﬁteri
3289 4761 3586 4818 possemus,

1990 4829 2099 4885 sine
2123 4846 2305 4888 caussa
2329 4839 2499 4887 tamen
2527 4848 2634 4889 esse
2652 4848 2767 4889 eum
2792 4833 3086 4892 deberemus
3110 4840 3476 4908 argumentari,
3502 4843 3588 4913 qui

1989 4939 2096 4979 rem
2116 4919 2215 4979 non
2239 4923 2473 4994 haberet,
2490 4941 2605 4981 cum
2627 4941 2707 4982 res
2732 4942 2914 4983 caussa
2942 4928 3007 4982 sit
3032 4936 3087 4983 ut
3109 4930 3172 4984 sit
3195 4929 3411 5000 aliquid.

2059 5015 2201 5072 XIII.
2228 5014 2409 5088 Neque
2427 5033 2541 5072 vero
2568 5034 2695 5090 opus
2720 5034 2828 5074 esse
2856 5035 3038 5091 parum
3063 5020 3275 5095 dignum
3300 5022 3411 5079 Deo
3438 5041 3585 5105 inun-

1987 5108 2151 5174 dum;
2179 5108 2303 5180 ipsis
2328 5109 2624 5167 testimoniis
2652 5109 3075 5184 philowphorum
3094 5113 3291 5185 probat.

2057 5201 2198 5259 XIV.
2232 5201 2348 5258 lmo
2380 5202 2532 5258 etiam
2577 5203 2853 5260 minutiam
2896 5205 3143 5263 animalia
3167 5215 3256 5262 aut
3284 5209 3467 5279 juvare
3491 5219 3581 5266 aut

1987 5294 2204 5360 (uadere;
2227 5302 2276 5349 et
2304 5309 2394 5349 nec
2453 5309 2638 5367 aquam
2681 5294 2778 5350 Dei
2824 5297 3064 5353 creatoris
3109 5298 3368 5371 reprobari
3409 5316 3441 5356 a
3483 5302 3579 5358 deo

1983 5384 2265 5441 Marcionis
2287 5427 2304 5453 ,
2335 5400 2436 5456 qua
2461 5399 2580 5442 suos
2616 5385 2777 5443 obluit
2808 5403 2822 5441 :
2847 5402 2937 5442 nec
2965 5388 3133 5445 oleum
3156 5430 3172 5459 ,
3194 5407 3295 5462 quo
3318 5408 3440 5447 suos
3470 5409 3573 5449 un-

1979 5478 2087 5549 guit
2113 5494 2127 5531 :
2157 5492 2248 5530 nec
2274 5492 2485 5542 partem,
2517 5494 2615 5549 quo
2636 5478 2804 5547 ipsum
2829 5495 3011 5551 corpus
3048 5496 3197 5537 suum
3235 5493 3572 5555 reprtesentat

1979 5568 2099 5641 (hac
2125 5578 2198 5621 est
2227 5583 2445 5636 prtvsens
2468 5568 2708 5639 ostendit.)
2734 5569 2785 5623 in
2813 5573 3167 5627 sacramentis.

1977 5682 1998 5734 ι
2050 5656 2166 5716 XV.
2196 5657 2391 5714 Deinde
2442 5657 2607 5727 addit,
2663 5660 2759 5716 deo
2807 5660 3088 5719 Marcionis
3132 5680 3233 5721 non
3262 5681 3372 5723 esse
3413 5683 3564 5727 suum
