4008 6280
307 262 441 331 3.45

1473 265 1600 322 LIB.
1639 265 1661 322 I
1701 261 2067 322 ADVERSUS
2102 264 2526 324 MARCIONEM.

3562 269 3670 327 246

308 360 536 441 ~ctutum
562 395 618 441 et
646 387 903 441 mundum
922 383 1006 456 (de
1018 400 1113 456 quo
1142 384 1292 439 latius
1315 382 1450 455 intra
1478 381 1565 437 lib.
1594 381 1682 452 V),
1706 389 1813 436 tum
1835 379 1970 452 quod
1996 380 2050 439 Α
2147 381 2314 440 XXV.
2343 383 2594 451 Proinde,
2629 383 2793 441 Deum
2822 401 2925 441 non
2949 386 3062 441 sola
3088 367 3313 442 bonitate
3337 386 3664 442 censendum.

334 477 413 537 ad
442 479 851 551 quindecimuiri
899 495 1053 548 usque
1081 477 1255 535 Severi
1283 476 1606 549 imperatoris
1631 491 1822 530 annum
1848 476 1971 548 (quo

345 569 466 627 haec
497 572 783 642 scripsisse
821 586 877 625 se
913 578 1088 624 auctor
1124 568 1337 642 indicat)
1362 568 1507 623 nulla
1535 568 1653 623 talis
1680 567 1970 622 substantia

347 671 627 734 comperta
658 664 750 729 sit,
773 650 887 717 tum
922 661 1056 730 quod
1097 660 1291 732 alioqui
1314 650 1509 716 \nouem
1550 661 1671 714 deos
1709 658 1972 731 assignare

350 758 654 815 censebitur
685 755 948 813 Marcion.
976 742 992 756 ’

430 848 579 906 XVI.
610 832 798 920 Neque
823 848 969 905 illum
1007 865 1115 904 esse
1136 848 1411 904 invisibilia
1449 848 1560 913 sola
1588 855 1851 926 operatum
1879 845 1972 920 (si-

355 943 467 996 cuti
510 942 668 999 latius
717 941 872 996 etiam
897 941 1030 997 dicto
1056 941 1143 997 lib.
1173 940 1241 1009 V,
1272 938 1456 1014 infra),
1485 941 1575 998 sed
1600 940 1827 1013 ejusdem
1865 955 1971 996 esse

357 1037 590 1091 auctoris
620 1035 845 1091 visibilia
869 1044 914 1090 et
941 1030 1234 1090 invisibilia.

438 1124 603 1183 XVII.
660 1126 729 1180 Et
758 1142 874 1181 vero
894 1142 994 1180 non
1020 1125 1242 1197 suﬁicere
1259 1125 1338 1180 illi
1364 1124 1460 1179 deo
1497 1140 1657 1180 unum
1682 1139 1810 1196 opus
1838 1122 1966 1188 libe-

357 1217 578 1272 rationis
617 1216 872 1284 hominis,
914 1233 1029 1271 cum
1082 1217 1234 1273 etiam
1273 1231 1363 1288 per
1406 1214 1512 1270 alia
1563 1231 1718 1286 opera
1765 1230 1967 1271 severus

362 1306 513 1365 Deus
541 1309 807 1381 protulerit
834 1309 887 1362 in
908 1309 1158 1363 notitiam.

439 1399 625 1457 XVIII.
664 1399 971 1455 Revelatum‘
999 1400 1118 1454 item
1167 1399 1316 1454 illum
1356 1415 1458 1455 non
1498 1407 1631 1454 recte
1674 1398 1777 1452 dici
1806 1440 1822 1467 ,
1879 1398 1966 1468 qui

358 1509 525 1562 neque
550 1502 737 1547 natura
782 1508 845 1546 ea:
890 1493 1125 1563 operibus
1150 1534 1167 1561 ,
1219 1508 1380 1560 neque
1421 1491 1746 1564 doctrindea:
1779 1492 1966 1563 prwdi-
2006 1550 2015 1563 ,η

356 1587 649 1641 cationibus
669 1585 919 1640 revelatus
944 1585 1028 1639 sit.

431 1678 579 1735 XIX.
611 1677 795 1750 Neque
817 1678 968 1733 etiam
992 1679 1046 1733 in
1068 1676 1269 1734 Christo
1297 1676 1447 1747 Iesu,
1497 1688 1604 1734 tum
1628 1680 1766 1750 quod
1812 1680 1857 1736 is
1884 1697 1965 1734 re-

2149 473 2342 533 XXVI.
2383 475 2572 533 Verum
2590 478 2655 533 de
2670 478 2864 548 iudicio
2894 495 3111 552 quoque,
3164 478 3489 551 quiviiulicet
3535 496 3651 552 pec-

2077 577 2212 633 cata,
2244 578 2289 624 et
2314 569 2540 625 damnet.

2146 659 2362 716 XXVII.
2394 661 2597 735 Alioqui
2624 661 2970 733 peccatoribus
3001 662 3203 720 nullum
3232 665 3465 720 timorem
3492 667 3624 737 fore.

2151 753 2388 811 XXVIII.
2414 754 2481 811 Et
2510 758 2583 812 sic
2607 757 2760 812 etiam
2783 767 2918 815 stare
2942 774 3045 813 non
3064 774 3211 830 posse
3233 758 3351 826 ﬁdei
3375 774 3668 814 sacramen-

2060 853 2186 901 tum
2216 847 2466 918 baptisma
2485 889 2499 911 ,
2530 848 2668 918 quod
2689 839 2921 916 remiss'io
2962 858 3033 904 est
3062 848 3384 915 delictorum,
3412 850 3664 907 absolutio

2074 941 2270 1009 mortis,
2301 941 2634 1013 regeneratio,
2663 943 2948 997 consecutio
2994 942 3226 1013 Spiritus
3267 944 3462 1012 sancti,
3495 945 3665 1017 signat

2074 1035 2292 1104 denique
2320 1043 2369 1090 et
2395 1033 2530 1089 lauat
2561 1050 2580 1089 :
2607 1051 2720 1106 quae
2747 1040 2980 1107 conferre
3019 1053 3123 1091 non
3148 1046 3347 1107 potest,
3386 1038 3489 1093 nisi
3516 1040 3603 1109 qui
3630 1057 3664 1094 a

2072 1128 2354 1200 primordio
2378 1128 2564 1184 creavit
2604 1129 2882 1195 hominem,
2936 1139 2984 1185 et
3034 1130 3258 1186 animum
3281 1131 3327 1187 ei
3357 1132 3592 1201 contulit,
3617 1143 3665 1190 et
3728 1186 3741 1198 ,

2071 1241 2166 1297 pro
2194 1231 2395 1293 peccato
2417 1222 2484 1275 ad
2509 1232 2720 1277 mortem
2743 1223 3021 1277 damnavit.

2142 1315 2336 1371 XXIX.
2363 1313 2630 1372 Postremo
2674 1314 2953 1370 Marcionis
2997 1318 3213 1372 haeresin
3249 1316 3533 1389 impugnat,
3563 1335 3664 1388 qua

2072 1409 2236 1481 tingui
2258 1407 2457 1463 nolebat
2484 1408 2581 1463 nisi
2606 1409 2820 1479 virgines
2850 1418 2895 1462 et
2925 1408 3123 1465 ccelibes
3155 1452 3169 1479 ,
3213 1418 3319 1465 tum
3362 1410 3499 1481 quod
3529 1427 3655 1466 con-

2067 1505 2271 1577 iugium
2295 1498 2601 1561 benedixerit
2637 1504 2793 1573 Deus,
2827 1515 2933 1560 tum
2958 1505 3115 1575 quod,
3138 1505 3182 1559 si
3202 1506 3393 1577 nuptiae
3411 1522 3512 1561 non
3537 1506 3661 1573 sint,

2069 1600 2313 1652 sanctitas
2337 1598 2431 1652 erit
2455 1597 2599 1652 nulla
2630 1615 2649 1652 :
2680 1598 2780 1653 imo
2824 1597 2918 1653 hoc
2946 1597 3040 1654 erit
3066 1608 3338 1654 sementem
3378 1606 3538 1653 totum
3567 1614 3660 1668 ge-

2070 1691 2204 1746 neris
2232 1691 2443 1745 humani
2464 1707 2804 1761 compescere.

354 1772 558 1827 velatus
607 1772 674 1827 sit
738 1769 855 1841 plus
902 1779 1104 1825 centum
1143 1770 1434 1843 quindecim
1474 1773 1622 1827 annis
1654 1781 1772 1827 ante
1800 1770 1961 1828 Deum

2138 1782 2309 1838 XXX.
2343 1782 2589 1853 Denique,
2620 1784 2819 1858 epilogo
2845 1787 2977 1842 brevi
3019 1786 3257 1844 lectorem
3286 1785 3354 1842 ad
3399 1794 3657 1858 sequentes

352 1865 669 1931 Marcionis,
711 1865 798 1936 qui
848 1865 938 1919 sub
966 1864 1262 1937 Antonino;
1305 1875 1445 1930 tum,
1492 1871 1632 1937 quod
1652 1868 1964 1938 praeesserit

347 1959 732 2030 separatione»:
759 1956 901 2011 illam
926 1955 1077 2028 Legis
1098 1967 1145 2012 et
1168 1956 1456 2030 Evangelii,
1473 1974 1629 2030 quam
1659 1958 1715 2015 in
1736 1959 1959 2016 antithe-

347 2049 500 2109 sibus
528 2049 762 2104 Marcion
794 2050 990 2119 primus
1007 2057 1321 2105 commentus
1342 2059 1435 2106 est.
1835 2118 1840 2122 ί

426 2141 554 2198 XX.
588 2140 809 2196 Frustra
851 2150 1016 2197 autem
1051 2140 1275 2212 obstrepi
1303 2142 1366 2197 ab
1396 2142 1598 2198 diversa
1625 2153 1795 2215 parte,
1826 2145 1963 2215 quod

349 2233 601 2290 Marcion
644 2233 876 2307 regulum
920 2249 1019 2288 non
1048 2234 1326 2301 innovarit,
1372 2235 1461 2291 sed
1511 2245 1649 2291 retro
1693 2236 1960 2292 adultera-

349 2335 463 2381 tam
505 2325 755 2381 recurarit
780 2367 795 2393 ,
826 2324 1058 2395 exemplo
1089 2322 1267 2391 Pauli,
1318 2326 1406 2395 qui
1432 2324 1647 2381 Petrum
1687 2328 1962 2399 reprehen-

349 2419 513 2487 derit,
558 2420 679 2489 quia
703 2420 757 2473 in
783 2418 874 2474 illo
900 2418 1066 2474 solum
1095 2419 1526 2475 conversationem
1560 2420 1961 2492 reprehenderit,

349 2528 462 2568 non
490 2512 644 2579 ﬁdem
670 2508 941 2566 Creatoris.

426 2604 577 2660 XXI.
615 2604 829 2660 Stetisse
856 2606 1028 2677 itaque
1047 2608 1251 2673 semper
1265 2605 1417 2669 ﬁdem
1438 2605 1493 2660 in
1514 2603 1808 2662 Creatorem
1833 2618 1883 2662 et
1907 2607 1963 2662 in

349 2694 620 2753 Christum
650 2698 785 2766 ejus,
808 2712 910 2751 non
934 2697 1084 2751 modo
1113 2695 1208 2750 sub
1248 2696 1516 2768 apostolis,
1540 2698 1631 2752 sed
1653 2708 1699 2753 et
1719 2699 1774 2753 in
1800 2715 1960 2772 apos-

353 2788 526 2844 tolicis
560 2787 802 2844 Ecclesiis
831 2806 850 2844 :
879 2790 1021 2860 apud
1044 2806 1171 2861 quas
1199 2788 1432 2846 Christus
1454 2831 1470 2859 ,
1503 2806 1606 2847 non
1633 2792 1845 2849 alterius
1878 2793 1961 2849 dei

354 2901 516 2956 quam
549 2884 810 2940 Creatoris
835 2884 1136 2940 ostenditur.

403 2999 575 3056 XXII.
593 2998 717 3054 Jam
734 3014 850 3055 vero
867 3000 1171 3054 naturaliter
1188 2999 1376 3056 bonum
1397 3001 1499 3056 dici
1519 3018 1621 3091 non
1637 3018 1784 3073 posse
1807 3003 1960 3058 deum

355 3092 644 3149 Marcionis
662 3133 677 3159 ,
699 3091 790 3163 qui
821 3090 883 3146 ab
904 3092 1050 3147 initio
1085 3092 1282 3148 homini
1318 3093 1466 3164 lapso
1494 3110 1598 3149 non
1626 3096 1952 3169 succurrerit.

429 3207 627 3265 XXIII.
663 3206 843 3280 Neque
877 3209 1252 3273 rationabiliter
1292 3211 1498 3280 bonum,
1523 3228 1581 3268 eo
1600 3214 1738 3285 quod
1761 3215 1958 3272 homini

354 3304 535 3375 (juxta
560 3300 884 3357 Marcionem
909 3319 939 3356 a
966 3318 1020 3357 se
1042 3302 1235 3375 alieno)
1262 3319 1552 3361 succurrere
1575 3306 1810 3362 uoluerit.

429 3394 626 3451 XXIV.
658 3380 841 3466 Neque
868 3397 1087 3471 perfecte
1113 3396 1300 3451 bonum
1328 3438 1343 3462 ,
1405 3398 1560 3468 quod,
1601 3402 1765 3473 juxta
1805 3401 1957 3459 Mar-

352 3491 579 3556 cionem,
612 3492 842 3543 animam
866 3489 1029 3544 solam
1055 3488 1234 3557 salvet,
1266 3507 1369 3546 non
1385 3506 1585 3548 carnem
1605 3533 1620 3561 ,
1648 3511 1765 3565 quia
1789 3505 1958 3555 tamen

353 3584 500 3656 apud
522 3584 675 3637 illum
706 3574 1066 3653 tinguitur,’de
1089 3583 1281 3654 nuptiis
1322 3583 1542 3652 tollitur,
1580 3594 1626 3640 et
1656 3587 1710 3641 in
1746 3589 1952 3660 confes-

347 3678 501 3735 sione
526 3677 752 3733 nominis
775 3677 1022 3731 servitium
1061 3676 1277 3747 patitur.

421 3905 499 4035 ὃ)
533 3906 841 3981 Quemquam
864 3905 1012 3958 Rhen.

478 3973 500 4034 )
531 3969 911 4035 Pontusigttur,
933 3971 1012 4035 qui

478 3969 500 4034 )
531 3969 911 4035 Pontus'igitur,
933 3971 1020 4036 qui
1040 3969 1262 4026 Euxinus
1281 3969 1431 4024 Rhea.

2066 1874 2222 1933 libros
2250 1884 2527 1947 prtcparat.
2559 1876 2697 1933 Pw.

2587 1992 2815 2051 CAPUT
2835 1993 3125 2053 PRIMUM.

2137 2104 2192 2162 Si
2216 2105 2342 2178 quid
2366 2116 2515 2163 retro
2534 2116 2741 2178 gestum
2762 2117 2842 2164 est
2864 2109 3018 2165 nobis
3037 2109 3292 2168 adversus
3312 2112 3658 2183 Marcionem,

2060 2196 2173 2268 jam
2201 2196 2324 2253 hinc
2358 2197 2551 2254 viderit
2581 2196 2682 2272 (α).
2717 2198 2920 2254 Novam
2952 2216 3066 2257 rem
3107 2201 3449 2275 adgredimur
3469 2180 3657 2261 exne-—

2066 2295 2198 2344 tere.
2235 2288 2308 2361 (b)
2349 2289 2590 2345 Primum
2621 2292 2937 2362 opusculum
2968 2293 3120 2364 quasi
3163 2305 3505 2367 properatum
3550 2298 3663 2368 ple-

2068 2380 2220 2437 niore
2240 2391 2424 2453 postea
2453 2384 2846 2454 compositione
2889 2385 3235 2444 resciderant;
3272 2388 3421 2445 Hanc
3449 2406 3661 2462 quoque

2065 2474 2304 2557 nondum
2354 2475 2697 2546 exemplariis
2749 2477 3047 2546 suffectum,
3076 2477 3265 2537 fraude
3295 2480 3368 2555 (c)
3401 2490 3526 2538 tunc
3552 2483 3706 2539 fre-7

2064 2568 2183 2634 tris,
2227 2562 2422 2624 dehinc
2465 2578 2742 2641 apostatar,
2783 2572 2974 2637 amisi;
3006 2573 3093 2643 qui
3125 2571 3262 2628 forte
3306 2573 3667 2645 descripserat

2064 2663 2307 2734 qumdam
2346 2664 2776 2733 mendosissime,
2818 2676 2874 2721 et
2905 2664 2986 2739 (ιι)
3030 2667 3273 2723 exhibuit
3319 2667 3657 2741 frequentiae.

2064 2755 2472 2813 Emendationis
2515 2758 2809 2813 necessitas
2836 2759 2978 2831 facta
3020 2767 3121 2814 est.
3155 2757 3521 2817 Inuovationis
3543 2762 3662 2832 ejus

2062 2849 2275 2905 occasio
2326 2848 2539 2920 aliquid
2575 2849 2810 2920 adjicere
2874 2852 3162 2922 persuasit.
3216 2852 3293 2908 Ita
3344 2834 3514 2927 styIus
3561 2856 3662 2910 iste

2062 2956 2205 2996 nunc
2229 2939 2296 2997 de
2319 2940 2558 2996 secundo
2584 2941 2792 3008 tertius,
2820 2952 2873 2998 et
2894 2942 2962 2998 de
2990 2943 3268 3014 tertlojam
3296 2944 3416 2999 hinc
3432 2947 3658 3016 primus,

2062 3035 2204 3092 hunc
2229 3036 2470 3107 opusculi
2496 3036 2577 3092 sui
2604 3037 2806 3094 exitum
2839 3037 3146 3093 necessario
3171 3036 3442 3108 praefatur,
3472 3038 3544 3112 (ε)
3591 3055 3659 3095 ne

2060 3126 2344 3202 quem,(l)
2372 3130 2598 3185 varietas
2635 3128 2752 3200 ejus
2787 3128 2839 3184 in
2875 3130 3118 3202 disperso
3174 3136 3387 3201 reperta
3428 3131 3657 3186 confun-

2060 3168 2846 3294 33.75'14.}.13533135315}
2873 3168 3652 3297 ἶᾷἷῖὶιέἷηιέξξξς,’ἷιαῖἔὲζἘξ)

2061 3324 2308 3386 negatur,
2334 3314 2822 3371 nomineilluditur.
2844 3315 3134 3385 Caeterum,
3160 3316 3480 3388 hospitalem
3514 3317 3659 3372 Pon-

2060 3416 2174 3465 tum
2196 3424 2297 3466 nec
2332 3408 2402 3467 de
2439 3412 2544 3467 situ
2569 3411 2805 3468 aestimes
2835 3428 2850 3467 :
2875 3411 2947 3467 ita
2971 3411 3041 3467 ab
3075 3410 3481 3467 humanioribus
3506 3410 3658 3467 fretis

2060 3503 2445 3575 nostris,quasi
2474 3494 2703 3575 quodam
2735 3503 2996 3561 barbariae
3035 3519 3146 3560 suae
3173 3503 3378 3576 pudore
3408 3506 3654 3561 secessit.

2060 3593 2263 3653 Gentes
2291 3596 2642 3653 ferocissimae
2661 3595 2957 3655 inhabitant
2976 3594 3083 3671 (h),
3102 3594 3147 3652 si
3185 3605 3363 3655 tamen
3390 3594 3658 3652 habitatur
3674 3622 3714 3649 εν
3733 3606 3759 3643 θ

2062 3696 2115 3751 in
2138 3698 2395 3768 plaustro.
2413 3689 2939 3760 Sedesincerta,vita
2956 3688 3141 3758 cruda,
3160 3689 3328 3747 libido
3349 3688 3652 3762 promiscua

1613 3795 1996 3865 LECTIONES
2033 3807 2446 3869 VARIANTES.

2140 3928 2214 3994 (3)
2246 3926 2428 3982 Natura
2449 3926 2601 3982 omitt.
2626 3930 2774 3982 Rhen.

1715 4087 2272 4160 COMMENTARIUS.

432 4192 591 4252 CAP.
612 4192 810 4267 I.-(a)
843 4193 917 4267 Si
933 4193 1056 4263 quid
1080 4202 1221 4267 retro
1235 4203 1432 4267 gestum
1450 4206 1524 4253 est
1555 4199 1698 4257 nobis
1718 4204 1962 4262 adversus

350 4262 710 4337 Marcionem,
732 4262 850 4337 jam
899 4262 1018 4320 hinc
1064 4262 1265 4321 viderit.
1307 4266 1698 4329 Dissertissime
1747 4275 1962 4335 abdicat

350 4335 621 4408 quicquid
645 4335 1247 4408 adversusMarciunem
1272 4347 1396 4394 ante
1424 4336 1590 4399 hosce
1620 4343 1786 4402 libros
1811 4362 1957 4404 com-

351 4406 640 4481 posuerat.
658 4406 719 4464 Id
745 4423 873 4464 vero
891 4407 1056 4481 tuisse
1075 4422 1328 4481 versuum
1351 4410 1569 4481 aliquid,
1589 4415 1808 4474 minime
1831 4433 1952 4476 esse

350 4479 661 4561 putandum
688 4560 691 4561 ν
718 4480 1080 4561 ostendimus,
1117 4479 1801 4561 prazfationeadpoemata
1836 4507 1956 4561 qua:

353 4549 529 4636 iulgo
568 4549 885 4636 Tertulliani
923 4552 1171 4636 nomine
1201 4550 1459 4636 adyersps
1503 4549 1828 4636 M_arcionem
1853 4549 1960 4619 'in-

351 4621 688 4693 scriptaﬁpro
715 4621 1057 4690 Septimianis
1084 4622 1296 4678 obtrudi
1323 4625 1519 4681 solent.
1542 4626 1661 4685 Btc.

433 4692 521 4765 (b)
550 4692 790 4768 Primum
827 4694 1144 4768 opusculupt
1166 4694 1313 4768 quasi
1352 4708 1699 4768 praperatum.
1733 4702 1962 4761 Inchoa-

356 4763 598 4846 ωεπὲ
632 4764 789 4846 mae,
841 4765 1016 4846 qualia
1058 4763 1276 4846 Origeni
1321 4763 1771 4846 piguintiliano.
1802 4785 1965 4846 atque

358 4836 530 4916 etiam
553 4835 730 4916 '_I‘_ullio
759 4836 1001 4905 qumdam
1029 4834 1373 4916 excidisse‘in
1391 4834 1496 4916 _l_ib.
1525 4834 1960 4916 adﬂet-ennium,

359 4907 535 4985 refert
563 4905 948 4985 Hieronymus.
980 4920 1179 4985 comm.
1207 4909 1259 4962 in
1285 4907 1512 4985 Abdiam
1545 4928 1572 4985 :_
1592 4912 1653 4969 Si
1703 4916 1799 4971 hoc
1851 4905 1958 4985 ille,

359 4990 468 5034 tam
499 4979 563 5059 de
601 4978 744 5059 libris
773 4975 841 5059 ad
865 4975 1196 5059 lict-ennium,
1222 4996 1377 5059 quam
1424 4980 1489 5036 de
1524 4983 1806 5059 rhetoricis,
1832 4975 1957 5059 quos

355 5053 559 5126 ερον-ει
591 5049 984 5126 perfectissimos
1032 5060 1175 5126 puto,
1218 5049 1289 5105 au
1325 5055 1758 5126 comparationem
1787 5049 1958 5116 senilis

357 5121 563 5200 peritia:
586 5122 761 5200 dicere
782 5121 964 5200 potuit,
992 5121 1362 5200 quantoAmagis
1376 5121 1467 5196 ego
1497 5125 1651 5182 libere
1686 5124 1959 5200 proﬁtebor

354 5192 407 5263 et
429 5193 563 5247 illud
589 5194 749 5263 fixisse
772 5192 981 5259 puerilis
1006 5193 1215 5263 ingenii.
1248 5192 1299 5248 et
1321 5192 1646 5253 hoc’matura:
1669 5192 1956 5257 senectutis.

354 5262 428 5318 In
458 5260 620 5337 libris
648 5278 852 5337 quoque
880 5260 1398 5337 contra'blarcionem
1429 5267 1710 5337 Septimius
1756 5270 1960 5328 Tertul-

355 5337 533 5391 lianus
562 5335 662 5387 hoc
686 5332 822 5408 idem
843 5348 1021 5408 passus
1049 5341 1155 5408 est;
1177 5343 1234 5408 et
1259 5332 1512 5408 Origenes
1531 5340 1583 5394 iu
1614 5339 1810 5396 Cantic.
1836 5361 1958 5399 can-

350 5408 595 5469 ticorum,
621 5413 672 5458 et
698 5402 1043 5468 Quintilianus
1066 5405 1119 5458 in
1142 5402 1420 5461 duodecim
1446 5409 1588 5465 libris
1614 5411 1640 5465 1
1650 5412 1959 5472 ustitutionis

355 5477 645 5534 Oratoriae.
687 5473 811 5527 Βία.

421 5547 686 5626 (“il-7"“
709 5544 907 5626 "‘"I‘"
940 5545 1055 5600 (λείη
1079 5556 1352 5626 erasm-
1393 5549 1700 5626 Marcioms.
1732 5557 1822 5626 (lui
1850 5557 1959 5613 fra-

345 5613 440 5682 ιβιδ
454 5613 580 5698 fuit-
608 5613 1057 5698 qlta_mtliu_vcre_
1067 5613 1423 5698 Christianus.
1467 5613 1764 5698 Liquetex'
1781 5630 1960 5685 verbis

338 5686 815 5756 antecedentibus
880 5686 1264 5747 Tertullianum
1328 5686 1585 5753 adversus
1636 5696 1957 5756 Marcionem

329 5766 669 5841 scripsisse.
699 5755 783 5814 La
802 5756 896 5814 Pu.

2143 4216 2223 4297 (d)
2253 4218 2502 4297 Exhibuit
2530 4221 2847 4297 frequentiae.
2889 4223 3003 4297 Hoc
3028 4229 3132 4295 est,
3153 4223 3335 4297 emisit
3354 4223 3413 4297 in
3440 4225 3655 4297 vulgus.

2064 4283 2159 4342 Sic
2273 4283 2640 4367 Apploget'ico;
2673 4295 2979 4367 frequentius
3043 4283 3305 4351 montium
3336 4293 3470 4352 dixit
3512 4283 3656 4353 ictas

2062 4362 2323 4416 montium
2350 4362 2575 4420 incolas.
2607 4362 2726 4422 th.
2761 4362 2772 4367 ’
3182 4424 3185 4427 .

2141 4429 2217 4510 (c)
2247 4432 2502 4510 Nc__quem
2524 4438 2741 4492 uarietas
2780 4438 2890 4508 ejus
2917 4438 2969 4491 in
2999 4436 3230 4510 disperso
3281 4448 3481 4510 reperta
3532 4456 3657 4495 cono

1985 4522 2040 4586 Ι)
2064 4503 2269 4586 fundat.
2322 4504 2433 4586 [Ioc
2480 4509 2676 4586 frustra
2727 4503 2991 4586 metueret
3034 4503 3103 4586 ge
3137 4503 3399 4586 versibus,
3436 4511 3481 4565 si
3522 4525 3658 4586 quos

2068 4573 2328 4649 adversus
2346 4576 2665 4634 Marcionem
2686 4579 3010 4649 scripsisset.
3034 4579 3166 4635 Nam
3193 4580 3270 4636 illi
3293 4573 3426 4637 satis
3450 4573 3571 4638 sese
3588 4583 3657 4639 ab

2070 4643 2319 4720 hocstyli
2344 4663 2539 4719 genere
2564 4643 2853 4706 secernunt
2882 4651 3089 4720 procul.
3120 4650 3241 4709 Βία.
3425 4680 3433 4687 ~

2144 4716 2211 4790 (f)
2235 4716 2433 4796 Pontus
2478 4722 2566 4791 qui
2607 4722 2792 4796 dicitur
2818 4716 3075 4789 Euxinus,
3107 4734 3292 4779 natura
3311 4733 3549 4796 negatur.
3580 4724 3671 4781 Sic

2069 4789 2500 4867 emendavimns,‘
2530 4792 2789 4867 suadente
2815 4802 3068 4867 veterum
3113 4789 3513 4867 exemplarium,
3532 4798 3669 4852 scri-

2069 4869 2229 4937 plura
2263 4861 2602 4937 lmjusutodi,
2641 4863 2839 4919 Pontus
2877 4865 2963 4937 qui
3001 4861 3441 4937 igitur-"Echinus.
3474 4866 3667 4921 Volu‘c‘

2068 4932 2429 5001 ratPithaaus,
2461 4934 2655 4990 Pontus
2699 4938 2786 5006 qui
2811 4952 2844 4990 a
2878 4932 3071 4991 Graecis
3101 4935 3349 4991 Euxinus.
3381 4937 3663 4992 Nihilomi-

2063 5016 2170 5057 nus
2208 5012 2384 5077 tamen
2431 5006 2639 5076 probari
2670 5014 2848 5077 potest
2873 5007 3084 5077 vulgata
3109 5008 3287 5071 lectio,
3323 5006 3516 5062 Pontus
3562 5008 3658 5076 igi-

2062 5083 2152 5128 tur
2195 5076 2282 5145 qui
2327 5073 2563 5134 Eudinus
2607 5073 2793 5134 natura
2844 5073 3094 5151 negatur,
3143 5080 3346 5201 mli‘mine
3406 5073 3660 5133 illuditur.

3230 5165 3297 5201 ιο.

3230 5165 3297 5206 IG.

2162 5219 2215 5289 g)
2247 5218 2500 5278 Euxinus.
2529 5223 2716 5275 natura
2749 5230 2981 5291 negatur.
3017 5219 3227 5291 Etenim
3268 5218 3409 5291 lallit
3439 5217 3659 5291 menda-

2064 5289 2156 5346 cio
2200 5292 2552 5360 cognominis.
2606 5307 2726 5346 cum
2755 5289 2827 5345 ob
2872 5291 3142 5360 ingenium
3174 5290 3272 5345 loci
3301 5303 3364 5344 ac
3389 5289 3651 5360 feritatem

2066 5357 2289 5426 natura},
2319 5369 2477 5426 ἄξενος
2503 5363 2603 5416 dici
2624 5362 2837 5416 debeat.
2861 5357 2978 5417 una.
3021 5390 3090 5400 -—
3117 5360 3252 5415 Cum
3279 5360 3381 5415 dici
3413 5357 3655 5412 debuerit

2060 5432 2418 5501 inhospitalis,
2442 5432 2582 5486 unde
2605 5432 2786 5486 Uvid.:

2156 5544 2313 5606 Quem
2336 5550 2477 5595 tenet
2499 5544 2677 5595 Euxini
2700 5544 2912 5594 mendax
2936 5540 3226 5605 cognomine
3246 5546 3465 5648 ιλοιίἓιῗῄἱ

2065 5704 2075 5735 ι
2141 5694 2222 5767 (h)
2254 5694 2432 5750 Gentes
2462 5693 2790 5767 ferocissimae
2813 5687 3116 5767 inhabitanl-
3147 5686 3345 5767 Gentes
3368 5688 3469 5741 illa:
3499 5686 3644 5739 fuero

2064 5760 2340 5838 Sarmatas,
2371 5760 2579 5837 Geloni,
2608 5765 2918 5837 Massagetae
2957 5763 3011 5815 et
3032 5774 3201 5837 genus
3223 5760 3527 5816 universum
3552 5770 3681 5871 po;
