4008 6280
263 323 362 380 219

1391 314 1520 372 LIB.
1560 315 1581 372 Ι
1623 309 1983 370 ADVERSUS
2006 270 2444 371 IMARCION‘EM.

3463 310 3572 370 250

267 441 418 494 deum
456 436 812 508 praesumpsit
840 447 958 490 esse
983 433 1177 490 debere
1199 432 1250 489 lu
1281 443 1487 504 partem
1517 433 1672 488 bonae
1702 432 1859 488 arbo-
1887 430 1940 489 A
1967 447 2216 502 magnum
2238 475 2252 495 ,
2285 445 2473 490 eversa
2505 430 2842 497 conditione,
2866 438 2939 496 et,
2973 437 3028 486 ut
3049 429 3119 485 ita
3151 427 3402 494 dixerim,
3449 430 3568 499 lege

271 531 340 586 ris
369 531 550 586 bonos
583 529 806 583 fructus.
839 525 907 580 Et
932 526 1002 580 ita
1033 525 1083 580 in
1105 525 1322 608 Christo
1348 524 1497 596 quasi
1525 523 1681 580 aliam
1709 523 1861 578 inve-

269 625 413 678 uiens
437 621 881 693 dispositionem.
915 617 1080 673 solius
1119 627 1175 673 et
1223 632 1370 687 purze
1411 615 1776 687 benignitatis,
1807 622 1864 670 ut

268 715 490 770 diversa:
514 729 544 766 a
573 713 861 778 Creatore,
891 708 1042 765 facile
1081 723 1272 764 novam
1295 717 1350 763 et
1395 707 1660 778 hospitam
1700 722 1863 780 argu-

225 833 244 850 -
269 813 536 861 tuentatus
565 813 649 859 est
677 803 1006 857 divinitatem
1059 801 1114 856 in
1144 799 1360 856 Christo
1405 815 1504 855 suo
1546 800 1860 867 revelatam,

268 898 584 969 modicoque
609 897 804 950 exinde
832 894 1094 950 fermento
1124 903 1288 948 totam
1318 892 1440 948 fidei
1486 908 1718 948 massam
1751 893 1861 948 INB-

267 991 426 1060 retico
490 1003 655 1044 acore
703 986 783 1060 (l)
813 987 1023 1059 decepit
1065 984 1164 1059 (a).
1210 985 1404 1040 Habuit
1457 994 1512 1041 et
1564 985 1864 1042 Cerdonem

199 1115 234 1125 ρο
269 1083 552 1156 quemdam
603 1081 678 1154 (b)
707 1081 1106 1136 inl'ormatoretn
1149 1077 1384 1134 scandali
1439 1077 1627 1149 hujus;
1661 1077 1866 1149 qnoifa-

266 1179 415 1232 cilius
442 1177 582 1233 duos
609 1175 744 1232 deos
789 1175 914 1229 cruci
945 1174 1286 1245 perspexisse
1313 1187 1373 1228 se
1397 1171 1860 1228 existimaverunt.

267 1271 436 1327 Unum
466 1270 613 1326 enim
643 1283 749 1323 non
779 1269 981 1338 integre
1007 1267 1270 1321 viderant.
1290 1264 1659 1336 Lippientibus
1703 1264 1864 1319 etiam

223 1361 552 1432 'siugularis
614 1361 834 1416 lucerna
901 1372 1185 1413 numerosa
1238 1365 1340 1413 est.
1396 1357 1639 1412 Alterum
1708 1356 1868 1427 igitur

266 1456 439 1519 deum,
468 1470 630 1526 quem
663 1453 908 1510 confiteri
947 1452 1258 1523 cogebatur,
1294 1451 1362 1507 de
1390 1451 1532 1505 malo
1560 1449 1868 1506 infamando

264 1549 566 1604 destruxit:
597 1548 852 1614 alterum,
888 1561 1049 1617 quem
1077 1545 1432 1601 commentari
1463 1545 1862 1611 connitebatur,

265 1641 327 1696 de
354 1643 498 1696 bono
542 1639 870 1710 proferendo
907 1639 1227 1694 construxit.
1263 1637 1370 1692 Has
1399 1648 1616 1691 naturas
1668 1636 1866 1708 quibus

263 1733 586 1802 disposuerit
616 1731 876 1797 articulis,
928 1747 1022 1802 per
1061 1731 1204 1802 ipsas
1229 1729 1611 1800 responsiones
1655 1737 1868 1784 nostras

269 1825 625 1880 ostendimus.

1299 962 1552 970 _._—.———-

1557 960 1856 971 -——-——‘

252 961 454 974 ~—

238 1051 628 1066 ...ρ-.ρὼ

885 1914 1112 1972 CAPUT
1149 1914 1241 1971 111.

328 2009 656 2080 Principalis
705 2007 902 2079 itaque.
950 2018 1005 2064 et
1046 2006 1127 2079 (2)
1155 2005 1348 2063 exinde
1379 2014 1486 2062 tota
1531 2006 1863 2077 congressio,

264 2104 325 2160 de
349 2121 583 2161 numero
629 2120 645 2167 ;
677 2119 743 2158 an
766 2103 900 2158 duos
917 2102 1050 2158 deos
1071 2103 1229 2158 liceat
1256 2101 1458 2169 induci,
1488 2102 1533 2156 si
1567 2103 1704 2157 forte
1731 2117 1861 2173 poe-

262 2197 357 2250 tira
409 2208 461 2252 et
497 2195 730 2267 pictor-ia
774 2195 982 2249 licentia
1035 2195 1122 2265 (ιο),
1151 2204 1204 2250 et
1235 2195 1391 2249 tertia
1438 2193 1547 2261 jam
1581 2193 1863 2249 haeretica.

261 2288 361 2342 Sed
391 2289 601 2343 veritas
644 2286 934 2341 christiana
965 2285 1225 2340 destricte
1267 2285 1670 2354 pronuntiavit:
1702 2284 1864 2351 Deus,

263 2382 301 2434 si
333 2396 434 2434 non
465 2394 612 2434 unus
642 2386 744 2442 est,
779 2392 882 2432 non
911 2387 995 2432 est
1024 2395 1037 2432 :
1069 2377 1190 2446 quia
1207 2377 1420 2446 dignius
1446 2375 1718 2432 credimus
1759 2391 1866 2432 non

262 2491 410 2539 esse,
441 2474 832 2546 quodcumque
884 2487 990 2554 non
1045 2473 1115 2526 ita
1157 2471 1313 2527 fuerit
1347 2481 1424 2526 ιιι·
1455 2487 1578 2530 esse
1627 2472 1864 2529 debebit.

261 2567 418 2621 Deum
466 2575 656 2622 autem
702 2573 758 2619 ut
801 2565 938 2619 scias
1001 2579 1166 2619 unum
1222 2579 1343 2620 esse
1403 2564 1638 2633 debere,
1687 2581 1870 2637 qumro

259 2660 374 2728 quid
429 2661 504 2714 sit
579 2658 836 2725 Deus,ct
901 2672 1006 2713 non
1052 2657 1210 2714 aliter
1277 2657 1537 2714 invenies.
1601 2659 1868 2726 Quantum

261 2750 482 2806 humana
514 2749 756 2805 conditio
776 2748 843 2805 de
881 2749 994 2804 Deo
1037 2748 1263 2804 delinire
1292 2757 1488 2818 potest,
1539 2749 1594 2804 id
1664 2749 1866 2806 definio

218 2844 397 2914 γαιηοά
448 2853 512 2899 et
562 2843 801 2898 omnium
844 2842 1171 2897 conscientia
1213 2851 1512 2914 agnoscet:
1547 2841 1629 2914 (tl)
1658 2842 1866 2910 Deum,

221 2895 531 3003 ξειιιιιηιιιιη
572 2948 693 2988 esse
732 2947 1013 3003 magnum,
1057 2933 1108 2987 in
1150 2934 1446 2988 aeternitate
1484 2934 1859 3000 constitutum,

217 3001 492 3089 iiuuatum
529 3070 542 3093 ,
568 3027 852 3090 infectum,
883 3027 1000 3081 sine
1021 3027 1204 3092 initio,
1231 3025 1348 3082 sine
1374 3025 1498 3082 fine.
1533 3026 1687 3082 Hunc
1720 3028 1868 3082 enim

259 3131 446 3177 statum
477 3119 778 3176 mtcruitati
795 3117 1120 3174 censendum
1145 3159 1161 3184 ,
1185 3133 1304 3189 qua:
1326 3131 1593 3174 summum
1619 3133 1870 3188 magnum

1968 539 2087 593 qua:
2109 538 2322 578 sununo
2347 536 2542 593 magno
2569 523 2698 578 nihil
2715 521 2842 577 sinit
2865 521 3160 592 adreqnari.
3193 522 3332 593 Ergo
3352 521 3570 589 unicum

1967 618 2037 673 sit
2058 632 2278 673 necesse
2300 628 2419 686 est,
2464 617 2608 688 quod
2643 617 2801 672 fuerit
2831 631 3100 672 summum
3145 630 3397 687 magnum
3425 657 3441 682 ,
3472 630 3570 687 par

1969 727 2075 766 non
2099 710 2342 766 habendo
2362 751 2377 777 ,
2397 725 2464 765 ne
2487 724 2591 765 non
2611 709 2678 764 sit
2698 723 2964 764 summum
2989 724 3261 779 magnum.
3297 709 3439 778 Ergo
3460 725 3568 765 non

1968 802 2121 858 aliter
2145 803 2244 857 erit
2271 818 2428 874 quam
2451 817 2548 872 per
2575 801 2715 872 quod
2745 801 2906 856 habet
2934 816 3057 859 esse
3083 843 3098 867 ,
3142 801 3193 856 id
3225 812 3305 856 est
3335 801 3414 874 (3)
3446 802 3568 858 uni-

1968 911 2090 950 cum
2130 895 2371 950 omnino.
2411 895 2642 951 Proinde
2687 894 2832 950 Deus
2859 910 2982 949 cum
3011 909 3279 950 summum
3311 909 3563 964 magnum

1963 987 2077 1053 sit,
2118 997 2262 1043 recte
2291 987 2486 1041 veritas
2514 996 2697 1042 nostra
2728 987 3123 1057 pronuntiavit:
3159 979 3336 1063 Deusl
3384 987 3427 1040 si
3461 975 3568 1044 non

1971 1088 2244 1146 ιιιιιιερλξι-³
2275 1094 2382 1134 non
2413 1078 2661 1150 (milia
2688 1079 2840 1150 quasi
2870 1079 3180 1134 dubitemus
3208 1093 3329 1135 esse
3361 1079 3526 1135 Deum
3547 1121 3566 1150 ,

1969 1173 2232 1228 dicendo:
2277 1171 2332 1228 Si
2363 1186 2469 1227 non
2500 1187 2636 1227 unus
2655 1214 2670 1238 ,
2705 1187 2809 1227 non
2830 1179 2950 1237 est;
2977 1171 3070 1228 sed
3099 1173 3220 1244 quia
3247 1188 3404 1244 quem
3434 1188 3565 1229 con-

1973 1265 2188 1322 fidimus
2213 1280 2354 1332 esse,
2377 1265 2425 1320 id
2441 1279 2561 1320 eum
2594 1263 2676 1336 (4)
2701 1263 3019 1321 deﬁniamus
3050 1279 3171 1321 esse
3221 1264 3364 1336 quod
3388 1265 3431 1320 si
3460 1280 3567 1322 non

1970 1370 2082 1426 est,
2125 1361 2265 1418 Deus
2293 1379 2398 1418 non
2429 1373 2550 1432 est,
2593 1363 2673 1438 (ὅ)
2733 1378 2998 1419 summum
3036 1363 3242 1420 scilicet
3267 1370 3554 1435 magnum,

1971 1452 2141 1510 Porro
2165 1495 2181 1520 ,
2221 1469 2489 1512 summum
2543 1472 2794 1528 magnum
2833 1455 3048 1512 unicum
3092 1456 3162 1511 sit
3199 1470 3418 1512 necesse
3457 1463 3562 1512 est.

1975 1547 2113 1618 Ergo
2139 1556 2192 1604 et
2211 1549 2351 1605 Deus
2381 1551 2570 1606 unicus
2591 1549 2712 1606 erit.
2754 1545 2870 1604 Non
2895 1548 3051 1604 aliter
3079 1549 3222 1605 Deus
3245 1591 3258 1614 ,
3288 1549 3390 1604 nisi
3415 1564 3566 1604 sum-

1971 1656 2116 1716 mum
2157 1657 2440 1712 magnum;
2486 1659 2585 1700 nec
2623 1643 2783 1700 aliter
2825 1657 3090 1698 summum
3131 1632 3415 1714 magnlim,
3459 1643 3562 1698 nisi

1973 1751 2154 1806 parem
2195 1752 2299 1792 non
2342 1738 2584 1804 habens;
2629 1752 2730 1792 nec
2768 1737 2923 1792 aliter
2963 1751 3145 1807 parem
3185 1751 3290 1790 non
3323 1735 3563 1800 habens,

2305 1146 2658 1159 ——-—

1972 1154 2300 1165 ——————

1898 1826 1946 1888 B
1977 1830 2074 1884 nisi
2116 1831 2303 1887 unicus
2344 1830 2522 1887 fuerit.
2564 1829 2724 1886 Certe
2764 1844 3157 1900 quemcumque
3195 1829 3358 1882 alium
3399 1829 3566 1882 Deum

1971 1922 2246 1978 induxeris
2267 1963 2285 1989 ,
2323 1938 2433 1978 non
2462 1923 2563 1978 alia
2595 1921 2800 1992 poteris
2831 1936 2952 1976 eum
2983 1919 3154 1975 forma
3187 1919 3325 1974 tueri
3354 1919 3558 1986 Deum,

1970 2029 2128 2085 quam
2157 2022 2214 2068 ut
2243 2022 2297 2069 et
2324 2014 2398 2069 illi
2427 2015 2697 2085 proprium
2728 2012 3024 2069 divinitatis
3053 2010 3406 2081 adscripseris
3431 2052 3446 2076 ,
3492 2011 3568 2065 si-

1971 2113 2061 2160 cut
2103 2092 2360 2160 ieteruum
2387 2147 2402 2173 ,
2450 2105 2524 2160 ita
2567 2113 2622 2160 et
2657 2119 2926 2160 summum
2981 2117 3253 2174 magnum.
3287 2102 3403 2156 Duo
3440 2117 3570 2173 ergo

1970 2215 2177 2255 summa
2205 2215 2394 2272 magna
2415 2197 2683 2271 quomodo
2705 2199 3001 2253 consistent
3025 2238 3041 2262 ,
3069 2211 3189 2251 cum
3214 2193 3316 2250 hoc
3334 2195 3404 2250 sit
3424 2209 3569 2249 sum-

1971 2307 2118 2348 mum
2147 2306 2396 2362 maguum
2421 2332 2437 2357 ,
2479 2305 2575 2361 par
2602 2305 2704 2346 non
2741 2288 2984 2345 habere?
3015 2304 3109 2358 par
3134 2295 3312 2342 autem
3343 2300 3451 2341 non
3485 2284 3566 2358 (6)

1973 2384 2202 2449 habere,
2231 2400 2352 2440 cum
2395 2383 2475 2458 (7)
2501 2385 2589 2440 uni
2619 2393 2916 2454 competat,
2949 2385 2999 2438 in
3026 2381 3234 2438 duobus
3274 2395 3393 2437 esse
3422 2379 3568 2436 nullo

1971 2478 2132 2534 modo
2158 2477 2345 2548 possit.

2601 2569 2830 2626 CAPUT
2871 2567 2963 2625 ιν.

2045 2661 2151 2717 Sed
2177 2662 2634 2733 argumentabitur
2662 2661 2924 2732 quilibet,
2957 2674 3116 2732 posse
3137 2665 3190 2714 et
3215 2658 3324 2714 duo
3349 2673 3567 2715 summa

1974 2770 2162 2826 magna
2194 2756 2490 2810 consiStcre
2521 2755 2770 2826 distincta
2802 2763 2962 2823 atque
2987 2751 3255 2821 disiuncta
3288 2751 3340 2806 in
3367 2751 3478 2806 suis
3508 2751 3570 2810 l‘t-

1975 2849 2131 2905 nibus
2155 2891 2170 2914 ,
2208 2857 2262 2904 et
2289 2848 2473 2920 utique
2501 2847 2782 2904 advocabit
2808 2845 3113 2916 cxemplmn
3139 2862 3151 2898 :
3196 2844 3378 2916 Regna
3403 2855 3594 2912 tcrra-_

1975 2958 2091 2998 rum
2135 2949 2279 2996 tanta
2315 2954 2544 2996 numero
2567 2980 2584 3004 ,
2611 2925 2684 2994 let
2713 2949 2892 2991 tamen
2919 2951 3130 2990 summa
3163 2951 3350 3004 magna
3375 2936 3426 2989 in
3453 2935 3566 2989 suis

1975 3034 2272 3106 quibusque
2311 3029 2614 3103 regionibus
2636 3072 2650 3096 ,
2676 3037 2730 3083 et
2764 3027 2966 3098 putabit
2996 3028 3186 3097 utique
3222 3025 3302 3098 (8)
3339 3029 3571 3081 humana

1975 3125 2170 3180 divinis
2215 3121 2560 3179 conferenda.
2592 3119 2708 3175 Jam
2731 3133 2883 3188 ergo,
2915 3118 2958 3172 si
2981 3118 3103 3173 huic
3125 3116 3571 3188 argumentationi

260 3214 417 3270 Deum
449 3212 661 3269 efﬁciat
681 3253 696 3280 ,
728 3210 853 3265 dum
887 3209 988 3264 hoc
1011 3219 1089 3264 εει
1120 3209 1170 3265 in
1214 3209 1325 3265 Deo
1351 3210 1465 3280 ipsa
1485 3251 1500 3275 ,
1530 3219 1690 3280 atque
1717 3209 1786 3264 ἱῐιι
1817 3217 1872 3266 ει
1898 3222 1942 3284 C
1978 3218 2125 3273 locus
2152 3214 2368 3271 dabitur
2391 3254 2405 3281 ,
2435 3211 2565 3284 quid
2595 3210 2844 3282 prohibet
2868 3252 2883 3275 .
2917 3224 3022 3264 non
3053 3208 3174 3264 dico
3203 3218 3256 3263 et
3279 3208 3490 3262 tertium
3518 3216 3572 3262 et

256 3317 444 3361 caetera
472 3324 490 3371 ;
533 3313 589 3359 ut
608 3304 677 3358 sit
711 3303 853 3358 Deus
877 3316 1145 3357 summum
1179 3316 1431 3373 magnum
1457 3343 1474 3369 ,
1495 3311 1550 3358 et
1575 3303 1741 3357 forma
1767 3343 1782 3370 ,
1813 3311 1868 3357 et

257 3399 509 3464 ratione,
546 3406 602 3451 et
642 3395 728 3461 vi,
760 3405 814 3450 et
843 3403 1128 3466 potestate.
1166 3394 1299 3449 Cum
1337 3394 1406 3450 de
1441 3395 1545 3450 isto
1585 3395 1869 3450 conveniat

256 3491 388 3560 apud
411 3504 614 3545 omnes
636 3489 817 3560 (nemo
832 3489 976 3544 enim
1004 3487 1219 3559 negabit
1239 3487 1402 3543 Deum
1435 3503 1702 3543 summum
1723 3504 1871 3560 mag-

262 3599 383 3638 num
427 3582 562 3654 quid
595 3596 749 3646 esse,
787 3581 887 3636 nisi
927 3582 1016 3652 qui
1055 3582 1248 3648 poterit
1283 3581 1449 3636 Deum
1476 3583 1662 3648 imum,
1692 3583 1868 3638 modi-

257 3690 372 3729 cum
408 3673 541 3745 quid
566 3715 582 3740 ,
617 3687 648 3728 e
672 3673 941 3727 contrario
969 3671 1352 3742 pronuntiare,
1409 3681 1469 3726 ut
1513 3673 1678 3728 Deum
1710 3683 1864 3744 neget

255 3765 553 3821 auferendo
583 3762 726 3834 quod
761 3763 852 3818 Del
881 3765 1006 3834 est),
1038 3778 1157 3833 quae
1177 3763 1278 3818 erit
1297 3763 1407 3833 jam
1430 3763 1666 3819 conditio
1699 3766 1864 3836 ipsius

256 3861 449 3914 Stnnmi
482 3856 711 3928 magni?
737 3872 928 3927 nempe
958 3866 1015 3912 ut
1039 3857 1166 3912 nihil
1193 3857 1270 3912 illi
1301 3857 1642 3930 adznquetur,
1677 3859 1727 3915 id
1759 3872 1862 3925 est,

259 3961 311 4006 ut
327 3967 430 4007 non
454 3951 529 4008 sit
546 3949 692 4005 aliud
710 3964 973 4003 sumnnnn
998 3963 1276 4020 magnum:
1301 3952 1445 4020 quia,
1469 3953 1513 4008 si
1532 3951 1711 4019 fuerit,
1728 3954 1867 4010 adu:-

256 4045 509 4117 quabitur
533 4087 550 4112 ,
591 4051 646 4098 et
687 4043 732 4097 si
767 4041 1135 4113 adaequabitur
1156 4085 1172 4112 ,
1201 4059 1307 4100 non
1335 4045 1435 4100 crit
1460 4045 1568 4116 jam
1597 4061 1865 4103 sumnnuu

1971 3319 2219 3380 quartum
2268 3305 2427 3362 deum
2474 3303 2756 3370 inducere,
2815 3317 3004 3358 verum
3045 3310 3122 3356 tot
3175 3300 3283 3371 jam
3350 3313 3574 3355 numero

1971 3410 2099 3472 quot
2126 3409 2180 3454 ct
2223 3398 2459 3468 gentium
2505 3396 2696 3467 reges?
2741 3396 2817 3452 De
2861 3395 2971 3449 Deo
3017 3394 3231 3462 agitur,
3269 3392 3424 3462 cujus
3471 3393 3573 3448 hoc

1973 3489 2336 3563 principaliter
2379 3488 2654 3560 proprium
2706 3490 2830 3553 est;
2873 3484 3074 3540 nullius
3111 3483 3340 3554 exempli
3381 3498 3574 3552 capere

1972 3581 2446 3654 comparationem.
2471 3581 2581 3636 lloc
2600 3587 2785 3634 natura
2807 3578 2920 3648 ipsa
2941 3619 2957 3644 ,
2996 3576 3039 3631 si
3055 3591 3159 3631 non
3178 3575 3368 3644 aliquis
3385 3573 3573 3643 Isaias,

1972 3677 2058 3732 vel
2089 3676 2203 3746 ipse
2234 3689 2327 3746 per
2355 3673 2544 3727 Isaiam
2573 3673 2710 3726 Deus
2737 3668 3148 3726 concionabitur
3195 3684 3208 3720 :
3250 3666 3327 3738 (e)
3378 3665 3472 3720 Cui
3498 3683 3576 3721 me

1967 3770 2252 3827 similabitis
2268 3767 2368 3841 (fr.
2387 3767 2498 3831 XL,
2515 3765 2642 3838 25)?
2662 3764 2859 3820 Divinis
2880 3763 3101 3818 forsitan
3124 3758 3577 3830 comparabuntur

1971 3865 2242 3920 humana?
2275 3864 2380 3918 Deo
2413 3875 2518 3916 non
2551 3861 2620 3915 ita
2655 3857 2926 3932 (9):aliud
2947 3857 3088 3932 enim
3111 3856 3270 3921 Deus,
3301 3853 3577 3922 aliudqutn

1973 3957 2086 4013 Dei.
2105 3956 2358 4023 Denique,
2378 3953 2465 4023 qui
2481 3929 2727 4021 exemplo
2740 3951 2903 4004 uteris
2918 3929 3234 4018 regis,quasi
3253 3944 3444 3999 summi
3462 3959 3575 3998 ma-

1970 4053 2079 4123 gni,
2108 4049 2227 4106 vide
2255 4049 2448 4120 nejam
2476 4061 2580 4103 non
2609 4045 2780 4116 possis
2802 4059 2869 4101 eo
2892 4043 2986 4098 uti.
3005 4041 3119 4099 Rex
3139 4039 3302 4106 enim,
3321 4038 3418 4092 etsi
3433 4052 3578 4094 sum-

1477 4164 1862 4262 ιεοτιθδεδ
1902 4167 2322 4228 VARIANTES.

344 4280 387 4354 l)
427 4281 625 4354 ger-ore
650 4277 857 4338 Semler,
881 4277 992 4331 cod.
1021 4277 1217 4332 Pithtri.

340 4343 670 4412 Egi-"‘1'-
748 4405 789 4412 _
889 4401 1002 4412 __.

316 4405 389 4471 (ᾗ)
429 4405 571 4471 [ἀίει
594 4405 715 4471 Jun.
747 4405 914 4471 Venet.
942 4405 1051 4467 Rig.

317 4467 392 4531 (4⁷)
429 4467 597 4518 fidem
623 4467 828 4518 Semler.
857 4467 988 4518 idem
1011 4476 1159 4519 nan.

318 4532 393 4596 (5)
429 4531 496 4583 Et
518 4527 675 4580 inser.
722 4527 929 4581 Semfer.

2065 4283 2111 4339 ϐ)
2152 4281 2270 4332 Cum
2293 4292 2387 4329 non
2417 4287 2598 4339 trouw.

2068 4334 2118 4452 at
2155 4334 2711 4452 eaeaeae”-

2215 4421 2230 4452 )
2531 4438 2542 4450 .

2065 4400 2115 4465 8)
2156 4400 2564 4468 Ubique'Seml;
2609 4463 2618 4468 _
2738 4462 2748 4468 Α
2844 4425 2862 4468 λ

2063 4456 2114 4535 9)
2149 4456 2322 4520 Nost'ra
2345 4463 2491 4518 Ithcn.
2527 4461 2621 4513 Dei
2645 4462 2814 4514 nostro
2835 4456 2986 4510 Seml.

1651 4630 2206 4692 COMMENTARIUS.

326 4753 402 4826 (a)
434 4752 628 4826 Totam
657 4750 778 4826 ﬁdei
801 4765 1020 4826 massam
1053 4749 1286 4826 haeretica
1310 4763 1458 4826 acere
1488 4747 1705 4826 decepit.
1729 4749 1875 4826 _Pro-
1909 4751 1963 4811 D
1991 4747 2501 4826 nitio,quantun_t_,ut
2525 4739 2706 4826 verbis
2731 4737 3415 4826 auctpr‘isprazccdentib‘us
3438 4747 3580 4826 utar,

259 4821 392 4910 prie,
423 4825 652 4894 decepit.
687 4822 784 4878 Est
812 4823 952 4877 enim
986 4822 1203 4896 perfidia
1227 4821 1472 4892 quaedam
1504 4823 1556 4875 in
1605 4821 1744 4876 aceti
1771 4836 1867 4876 nc-

256 4908 658 5040 qu(':i';l.Habu_it
690 4974 736 5020 et
757 4964 1036 5040 Cerdonem
1068 4965 1369 5040 quemdam.
1413 4961 1872 5040 cerdonisdisci-

261 5033 423 5110 pulos
455 5037 699 5110 Marcion
769 5037 1006 5110 magistri
1051 5033 1352 5110 doctrinam
1387 5035 1591 5110 adhuc
1629 5033 1870 5110 adauxit,

256 5106 698 5183 sicque‘pessimi
725 5106 958 5178 magistri
985 5108 1216 5178 optimus
1241 5107 1337 5162 fuit
1369 5106 1662 5177 discipulus
1679 5117 1733 5162 et
1752 5107 1874 5160 imi-

257 5180 420 5238 tator.
457 5181 542 5236 LE
573 5180 670 5234 Pa.

325 5254 496 5309 CAP.
519 5248 759 5321 lll.——(c)
797 5249 858 5304 Si
885 5253 1014 5320 forte
1043 5249 1239 5321 poetica
1287 5258 1334 5303 et
1373 5248 1588 5321 pistoria
1645 5248 1872 5303 licentia.

254 5325 533 5394 Quoniam
562 5320 817 5394 concessa
855 5321 1032 5394 omnia
1071 5320 1322 5394 videntur
1376 5320 1672 5394 pictoribus
1705 5328 1876 5394 atque

256 5391 438 5466 {luetis
457 5437 474 5459 ,
511 5393 699 5448 eadem
718 5392 943 5466 licentia
971 5391 1203 5466 Marcion
1231 5391 1474 5466 ut_i_velle
1499 5405 1559 5466 se
1586 5391 1871 5466 significat,
1898 5417 1912 5427 -

258 5460 315 5522 ut
344 5467 687 5537 impietatem
717 5463 768 5517 in
804 5463 967 5537 Deum
994 5461 1255 5517 adstruat.
1280 5461 1460 5537 Neque
1490 5462 1558 5515 de
1590 5461 1755 5537 nihilo
1780 5460 1866 5517 hic

255 5533 494 5607 picturae
514 5535 646 5607 facit
671 5534 1023 5598 mentionem;
1043 5549 1186 5607 nam,
1211 5542 1266 5607 ut
1280 5533 1384 5586 alio
1403 5533 1519 5607 loco
1539 5533 1862 5607 monuimus,

255 5602 490 5680 Apelles
512 5615 568 5662 et
600 5603 963 5680 Hermogenes
1003 5603 1338 5680 professione
1367 5605 1597 5680 pictores
1626 5602 1862 5680 fuerunt,

255 5674 558 5805 fuitequalrn
593 5675 674 5802 [ad
731 5674 1040 5730 turbandam
1073 5675 1369 5730 Ecclesiatu
1409 5675 1644 5730 animum
1677 5674 1865 5746 appel-

275 5762 461 5805 erent.
531 5764 565 5805 ε
640 5762 692 5801 tt.

253 5753 461 5808 let-ent.
485 5753 565 5805 ιιι
593 5753 692 5802 Pa.

331 5820 422 5899 (ά)
453 5819 629 5880 Deum
653 5833 906 5880 summum
934 5835 1038 5880 em
1061 5834 1324 5906 magnum.
1359 5817 1586 5878 Pulchra
1615 5815 1708 5877 Dei
1727 5814 1862 5880 deﬂv

1989 4811 2213 4873 Immone
2262 4815 2486 4870 conditio
2536 4813 2600 4868 de
2663 4811 2771 4866 Deo
2827 4812 3042 4880 deﬁnire
3096 4821 3274 4876 potest.
3325 4811 3584 4866 Similiter

1986 4900 2164 4946 autem
2193 4889 2327 4943 dixit
2361 4888 2494 4942 infra
2526 4899 2644 4954 cap.
2678 4885 2709 4938 7
2742 4901 2754 4936 :
2791 4881 2940 4936 Hanc
2991 4898 3184 4952 nempe
3215 4882 3304 4937 Dei
3333 4881 3583 4938 substan-

1986 4963 2111 5017 tiam
2142 4961 2362 5014 iuvenies
2383 4958 2545 5014 solam
2574 4957 2821 5013 innatant.
2841 4955 3106 5024 infectum,
3131 4954 3292 5008 solam
3313 4962 3580 5024 mgnum,

1977 5043 2026 5088 et
2053 5031 2392 5088 universitatis
2417 5027 2761 5083 conditrirem.
2813 5025 2875 5079 Et.
2900 5021 3058 5093 Supra
3115 5025 3209 5078 fih.
3251 5023 3320 5077 ad
3361 5021 3581 5076 Hermo-

1977 5121 2156 5175 genem
2187 5119 2308 5174 cap.
2348 5103 2378 5156 7
2405 5098 2610 5175 :Deum
2638 5108 2902 5160 wternum,
2932 5097 3040 5149 sine
3065 5095 3318 5175 innatu_m,
3349 5094 3580 5175 omnibus

1981 5164 2228 5246 inajorem
2256 5164 2309 5228 'et
2353 5172 2735 5246 sublimiorem,
2769 5184 2859 5222 nec
2885 5176 3061 5221 natum
3087 5181 3179 5221 nec
3227 5165 3439 5235 factum,
3471 5164 3580 5218 sine

1978 5245 2122 5301 initio
2141 5287 2157 5312 ,
2183 5248 2290 5300 sine
2317 5246 2436 5311 line.
2475 5245 2609 5297 I‘Au.

2052 5305 2205 5373 ΟΑῙ).
2231 5305 2476 5385 μὴ’-(ε)
2505 5313 2597 5385 Cttt'
2619 5309 3029 5385 ntesintilabitis?
3057 5307 3222 5385 Paulo
3257 5305 3578 5385 aliter-ﬁgis

1981 5388 2229 5444 turlsaiar.
2250 5385 2339 5449 40,
2357 5375 2790 5438 Cili'assimilastis
2809 5380 3104 5443 Dominum,
3120 5378 3270 5449 juxt_a
3295 5375 3457 5438 LXX.
3486 5375 3578 5430 aut

1976 5459 2165 5523 Deum,
2187 5447 2335 5526 juxta
2369 5453 2689 5526 versionetn_
2711 5452 2769 5504 Β.
2803 5450 3109 5526 H_ieronyt_t_ti
3137 5449 3160 5500 ?
3215 5447 3284 5526 Et
3333 5455 3478 5502 certe
3507 5461 3577 5500 cx

1973 5531 2076 5586 hoc
2107 5519 2224 5582 loco
2255 5526 2503 5580 didicisse
2526 5523 2783 5594 Sibyllam
2829 5521 2996 5594 Deum
3030 5519 3212 5594 dicere
3253 5519 3574 5594 immensum

1970 5612 2025 5657 ct
2045 5598 2329 5660 inlinitutn,
2356 5587 2779 5648 traditCle'mens
2808 5587 3120 5660 Alexandra
3139 5587 3232 5640 lib.
3260 5587 3324 5640 lll
3349 5588 3570 5660 S_t_rom.,

1970 5653 2172 5740 etpost
2217 5653 2338 5740 eum
2394 5665 2678 5727 Eusebius,
2707 5659 2923 5740 lib..Xlll
2954 5659 3039 5740 tle
3080 5655 3312 5740 Prwpar.
3362 5653 3566 5740 .Isjuang.

1969 5725 2165 5815 graece,
2192 5739 2280 5794 ubi
2307 5738 2500 5815 docet,
2533 5725 2907 5815 quze'pulchre
2935 5729 3076 5815 dicta
3119 5738 3296 5815 suntIa
3326 5725 3567 5796 philOSQ‘!

1971 5799 2112 5890 phis,
2144 5799 2211 5883 ex
2242 5799 2620 5884 prophetarum
2652 5799 2714 5861 ea
2737 5803 2886 5860 libris
2916 5807 3213 5860 mutuasse.
3248 5799 3383 5872 Pint.
