  <div class='ocr_page' id='page_1' title='image "/cluster/home/n/w/nwhite01/storage/ocr_20150623/2/uva.x000669815/131.png"; bbox 0 0 4008 6280; ppageno 0'>
   <div class='ocr_carea' id='block_1_1' title="bbox 336 208 442 269">
    <p class='ocr_par' dir='ltr' id='par_1_1' title="bbox 336 208 442 269">
     <span class='ocr_line' id='line_1_1' title="bbox 336 208 442 269; baseline -0.019 0"><span class='ocrx_word' id='word_1_1' title='bbox 336 208 442 269; x_wconf 66' lang='grc' dir='ltr'><strong>εει</strong></span> 
     </span>
    </p>
   </div>
   <div class='ocr_carea' id='block_1_2' title="bbox 1718 162 2188 261">
    <p class='ocr_par' dir='ltr' id='par_1_2' title="bbox 1718 162 2188 261">
     <span class='ocr_line' id='line_1_2' title="bbox 1718 162 2188 261; baseline 0 -1"><span class='ocrx_word' id='word_1_2' title='bbox 1718 162 2188 261; x_wconf 64' lang='lat' dir='ltr'><strong>maremari]</strong></span> 
     </span>
    </p>
   </div>
   <div class='ocr_carea' id='block_1_3' title="bbox 3449 207 3646 265">
    <p class='ocr_par' dir='ltr' id='par_1_3' title="bbox 3449 207 3646 265">
     <span class='ocr_line' id='line_1_3' title="bbox 3449 207 3646 265; baseline -0.01 0"><span class='ocrx_word' id='word_1_3' title='bbox 3449 207 3646 265; x_wconf 72' lang='grc'><strong>’252</strong></span> 
     </span>
    </p>
   </div>
   <div class='ocr_carea' id='block_1_4' title="bbox 344 312 3638 400">
    <p class='ocr_par' dir='ltr' id='par_1_4' title="bbox 344 312 3638 400">
     <span class='ocr_line' id='line_1_4' title="bbox 344 312 3638 400; baseline -0.002 -18"><span class='ocrx_word' id='word_1_4' title='bbox 344 338 495 382; x_wconf 88' lang='lat' dir='ltr'><strong>mum</strong></span> <span class='ocrx_word' id='word_1_5' title='bbox 534 337 789 398; x_wconf 78' lang='lat' dir='ltr'><strong>maguum</strong></span> <span class='ocrx_word' id='word_1_6' title='bbox 825 329 910 379; x_wconf 90' lang='lat' dir='ltr'><strong>est</strong></span> <span class='ocrx_word' id='word_1_7' title='bbox 947 321 1000 376; x_wconf 92' lang='lat' dir='ltr'><strong>in</strong></span> <span class='ocrx_word' id='word_1_8' title='bbox 1038 334 1138 377; x_wconf 90' lang='lat' dir='ltr'><strong>suo</strong></span> <span class='ocrx_word' id='word_1_9' title='bbox 1165 318 1300 376; x_wconf 92' lang='lat' dir='ltr'><strong>solio</strong></span> <span class='ocrx_word' id='word_1_10' title='bbox 1328 331 1498 392; x_wconf 86' lang='lat' dir='ltr'><strong>usque</strong></span> <span class='ocrx_word' id='word_1_11' title='bbox 1521 318 1589 375; x_wconf 86' lang='lat' dir='ltr'><strong>ad</strong></span> <span class='ocrx_word' id='word_1_12' title='bbox 1612 320 1783 376; x_wconf 88' lang='lat' dir='ltr'><strong>Deum</strong></span> <span class='ocrx_word' id='word_1_13' title='bbox 1808 359 1825 384; x_wconf 90' lang='lat'><strong>,</strong></span> <span class='ocrx_word' id='word_1_14' title='bbox 1862 328 1940 372; x_wconf 79' lang='lat' dir='ltr'><strong>ta-</strong></span> <span class='ocrx_word' id='word_1_15' title='bbox 1967 319 2021 377; x_wconf 85' lang='lat' dir='ltr'><strong>A</strong></span> <span class='ocrx_word' id='word_1_16' title='bbox 2046 328 2167 389; x_wconf 85' lang='lat' dir='ltr'><strong>post</strong></span> <span class='ocrx_word' id='word_1_17' title='bbox 2194 334 2392 387; x_wconf 88' lang='lat' dir='ltr'><strong>unum;</strong></span> <span class='ocrx_word' id='word_1_18' title='bbox 2439 327 2563 393; x_wconf 88' lang='lat' dir='ltr'><strong>post</strong></span> <span class='ocrx_word' id='word_1_19' title='bbox 2599 312 2763 376; x_wconf 88' lang='lat' dir='ltr'><strong>unum</strong></span> <span class='ocrx_word' id='word_1_20' title='bbox 2802 320 2971 400; x_wconf 74' lang='lat' dir='ltr'><strong>enim,</strong></span> <span class='ocrx_word' id='word_1_21' title='bbox 3002 334 3278 379; x_wconf 88' lang='lat' dir='ltr'><strong>numerus.</strong></span> <span class='ocrx_word' id='word_1_22' title='bbox 3312 319 3442 391; x_wconf 65' lang='lat' dir='ltr'><strong>Quae</strong></span> <span class='ocrx_word' id='word_1_23' title='bbox 3467 323 3638 392; x_wconf 86' lang='lat' dir='ltr'><strong>potuit</strong></span> 
     </span>
    </p>
   </div>
   <div class='ocr_carea' id='block_1_5' title="bbox 346 406 1944 482">
    <p class='ocr_par' dir='ltr' id='par_1_5' title="bbox 346 406 1944 482">
     <span class='ocr_line' id='line_1_5' title="bbox 346 406 1944 482; baseline -0.006 -9"><span class='ocrx_word' id='word_1_24' title='bbox 346 417 472 474; x_wconf 83' lang='lat' dir='ltr'><strong>t&#39;ne&#39;n</strong></span> <span class='ocrx_word' id='word_1_25' title='bbox 521 414 658 471; x_wconf 86' lang='lat' dir='ltr'><strong>infra</strong></span> <span class='ocrx_word' id='word_1_26' title='bbox 685 413 854 470; x_wconf 88' lang='lat' dir='ltr'><strong>Deum</strong></span> <span class='ocrx_word' id='word_1_27' title='bbox 880 431 894 468; x_wconf 92' lang='lat'><strong>:</strong></span> <span class='ocrx_word' id='word_1_28' title='bbox 936 418 1277 482; x_wconf 89' lang='lat' dir='ltr'><strong>comparatus</strong></span> <span class='ocrx_word' id='word_1_29' title='bbox 1305 416 1483 467; x_wconf 89' lang='lat' dir='ltr'><strong>autem</strong></span> <span class='ocrx_word' id='word_1_30' title='bbox 1514 406 1582 465; x_wconf 90' lang='lat' dir='ltr'><strong>ad</strong></span> <span class='ocrx_word' id='word_1_31' title='bbox 1614 408 1782 470; x_wconf 87' lang='lat' dir='ltr'><strong>Deum</strong></span> <span class='ocrx_word' id='word_1_32' title='bbox 1806 452 1820 476; x_wconf 96' lang='lat'><strong>,</strong></span> <span class='ocrx_word' id='word_1_33' title='bbox 1850 425 1944 465; x_wconf 87' lang='lat' dir='ltr'><strong>ex-</strong></span> 
     </span>
    </p>
   </div>
   <div class='ocr_carea' id='block_1_6' title="bbox 348 499 1943 577">
    <p class='ocr_par' dir='ltr' id='par_1_6' title="bbox 348 499 1943 577">
     <span class='ocr_line' id='line_1_6' title="bbox 348 499 1943 577; baseline -0.003 -13"><span class='ocrx_word' id='word_1_34' title='bbox 348 504 492 564; x_wconf 61' lang='lat' dir='ltr'><strong>cidet</strong></span> <span class='ocrx_word' id='word_1_35' title='bbox 520 505 631 577; x_wconf 82' lang='lat' dir='ltr'><strong>jam</strong></span> <span class='ocrx_word' id='word_1_36' title='bbox 670 503 740 561; x_wconf 91' lang='lat' dir='ltr'><strong>de</strong></span> <span class='ocrx_word' id='word_1_37' title='bbox 786 517 999 560; x_wconf 89' lang='lat' dir='ltr'><strong>summo</strong></span> <span class='ocrx_word' id='word_1_38' title='bbox 1034 516 1229 574; x_wconf 83' lang='lat' dir='ltr'><strong>magno</strong></span> <span class='ocrx_word' id='word_1_39' title='bbox 1258 503 1518 558; x_wconf 88' lang='lat' dir='ltr'><strong>translato</strong></span> <span class='ocrx_word' id='word_1_40' title='bbox 1556 499 1636 575; x_wconf 90' lang='lat' dir='ltr'><strong>(l)</strong></span> <span class='ocrx_word' id='word_1_41' title='bbox 1668 502 1721 558; x_wconf 92' lang='lat' dir='ltr'><strong>in</strong></span> <span class='ocrx_word' id='word_1_42' title='bbox 1751 504 1943 560; x_wconf 91' lang='lat' dir='ltr'><strong>Deum.</strong></span> 
     </span>
    </p>
   </div>
   <div class='ocr_carea' id='block_1_7' title="bbox 348 594 1944 669">
    <p class='ocr_par' dir='ltr' id='par_1_7' title="bbox 348 594 1944 669">
     <span class='ocr_line' id='line_1_7' title="bbox 348 594 1944 669; baseline -0.003 -12"><span class='ocrx_word' id='word_1_43' title='bbox 348 597 464 657; x_wconf 80' lang='lat' dir='ltr'><strong>Hoc</strong></span> <span class='ocrx_word' id='word_1_44' title='bbox 486 599 533 654; x_wconf 99' lang='lat' dir='ltr'><strong>si</strong></span> <span class='ocrx_word' id='word_1_45' title='bbox 553 599 627 653; x_wconf 89' lang='lat' dir='ltr'><strong>ita</strong></span> <span class='ocrx_word' id='word_1_46' title='bbox 647 639 661 664; x_wconf 88' lang='lat'><strong>,</strong></span> <span class='ocrx_word' id='word_1_47' title='bbox 695 594 967 669; x_wconf 90' lang='lat' dir='ltr'><strong>quomodo</strong></span> <span class='ocrx_word' id='word_1_48' title='bbox 1004 596 1170 653; x_wconf 89' lang='lat' dir='ltr'><strong>uteris</strong></span> <span class='ocrx_word' id='word_1_49' title='bbox 1198 595 1318 665; x_wconf 84' lang='lat' dir='ltr'><strong>ejus</strong></span> <span class='ocrx_word' id='word_1_50' title='bbox 1345 596 1423 650; x_wconf 89' lang='lat' dir='ltr'><strong>rei</strong></span> <span class='ocrx_word' id='word_1_51' title='bbox 1451 597 1700 668; x_wconf 86' lang='lat' dir='ltr'><strong>exemplo</strong></span> <span class='ocrx_word' id='word_1_52' title='bbox 1751 597 1819 653; x_wconf 87' lang='lat' dir='ltr'><strong>ad</strong></span> <span class='ocrx_word' id='word_1_53' title='bbox 1848 596 1944 653; x_wconf 90' lang='lat' dir='ltr'><strong>Dei</strong></span> 
     </span>
    </p>
   </div>
   <div class='ocr_carea' id='block_1_8' title="bbox 351 688 1940 764">
    <p class='ocr_par' dir='ltr' id='par_1_8' title="bbox 351 688 1940 764">
     <span class='ocr_line' id='line_1_8' title="bbox 351 688 1940 764; baseline -0.003 -14"><span class='ocrx_word' id='word_1_54' title='bbox 351 691 830 764; x_wconf 87' lang='lat' dir='ltr'><strong>comparationem,</strong></span> <span class='ocrx_word' id='word_1_55' title='bbox 848 704 988 763; x_wconf 83' lang='lat' dir='ltr'><strong>quae,</strong></span> <span class='ocrx_word' id='word_1_56' title='bbox 1007 688 1133 746; x_wconf 90' lang='lat' dir='ltr'><strong>dum</strong></span> <span class='ocrx_word' id='word_1_57' title='bbox 1154 689 1222 746; x_wconf 90' lang='lat' dir='ltr'><strong>ad</strong></span> <span class='ocrx_word' id='word_1_58' title='bbox 1239 689 1696 760; x_wconf 86' lang='lat' dir='ltr'><strong>comparationem</strong></span> <span class='ocrx_word' id='word_1_59' title='bbox 1712 689 1940 758; x_wconf 78' lang='lat' dir='ltr'><strong>accedit,</strong></span> 
     </span>
    </p>
   </div>
   <div class='ocr_carea' id='block_1_9' title="bbox 353 781 1948 854">
    <p class='ocr_par' dir='ltr' id='par_1_9' title="bbox 353 781 1948 854">
     <span class='ocr_line' id='line_1_9' title="bbox 353 781 1948 854; baseline -0.003 -12"><span class='ocrx_word' id='word_1_60' title='bbox 353 783 614 843; x_wconf 81' lang='lat' dir='ltr'><strong>amittitur</strong></span> <span class='ocrx_word' id='word_1_61' title='bbox 638 782 664 837; x_wconf 71' lang='grc' dir='ltr'>τ</span> <span class='ocrx_word' id='word_1_62' title='bbox 689 781 829 853; x_wconf 82' lang='lat' dir='ltr'><strong>Quid</strong></span> <span class='ocrx_word' id='word_1_63' title='bbox 859 797 1001 840; x_wconf 92' lang='lat' dir='ltr'><strong>nunc</strong></span> <span class='ocrx_word' id='word_1_64' title='bbox 1024 823 1040 849; x_wconf 94' lang='lat'><strong>,</strong></span> <span class='ocrx_word' id='word_1_65' title='bbox 1070 781 1117 839; x_wconf 90' lang='lat' dir='ltr'><strong>si</strong></span> <span class='ocrx_word' id='word_1_66' title='bbox 1142 796 1242 839; x_wconf 89' lang='lat' dir='ltr'><strong>nec</strong></span> <span class='ocrx_word' id='word_1_67' title='bbox 1264 785 1404 839; x_wconf 87' lang='lat' dir='ltr'><strong>inter</strong></span> <span class='ocrx_word' id='word_1_68' title='bbox 1430 796 1584 854; x_wconf 87' lang='lat' dir='ltr'><strong>reges</strong></span> <span class='ocrx_word' id='word_1_69' title='bbox 1609 782 1948 854; x_wconf 88' lang='lat' dir='ltr'><strong>plurifarium</strong></span> 
     </span>
    </p>
   </div>
   <div class='ocr_carea' id='block_1_10' title="bbox 353 868 1949 946">
    <p class='ocr_par' dir='ltr' id='par_1_10' title="bbox 353 868 1949 946">
     <span class='ocr_line' id='line_1_10' title="bbox 353 868 1949 946; baseline -0.002 -14"><span class='ocrx_word' id='word_1_70' title='bbox 353 873 526 932; x_wconf 82' lang='lat' dir='ltr'><strong>videri</strong></span> <span class='ocrx_word' id='word_1_71' title='bbox 564 882 741 946; x_wconf 90' lang='lat' dir='ltr'><strong>potest</strong></span> <span class='ocrx_word' id='word_1_72' title='bbox 775 884 1042 930; x_wconf 87' lang='lat' dir='ltr'><strong>summum</strong></span> <span class='ocrx_word' id='word_1_73' title='bbox 1068 885 1318 944; x_wconf 90' lang='lat' dir='ltr'><strong>magnum</strong></span> <span class='ocrx_word' id='word_1_74' title='bbox 1349 914 1364 939; x_wconf 96' lang='lat'><strong>,</strong></span> <span class='ocrx_word' id='word_1_75' title='bbox 1392 868 1486 929; x_wconf 89' lang='lat' dir='ltr'><strong>sed</strong></span> <span class='ocrx_word' id='word_1_76' title='bbox 1512 873 1728 930; x_wconf 90' lang='lat' dir='ltr'><strong>unicum</strong></span> <span class='ocrx_word' id='word_1_77' title='bbox 1750 883 1806 928; x_wconf 92' lang='lat' dir='ltr'><strong>et</strong></span> <span class='ocrx_word' id='word_1_78' title='bbox 1835 875 1949 929; x_wconf 85' lang='lat' dir='ltr'><strong>sin-</strong></span> 
     </span>
    </p>
   </div>
   <div class='ocr_carea' id='block_1_11' title="bbox 354 962 1952 1039">
    <p class='ocr_par' dir='ltr' id='par_1_11' title="bbox 354 962 1952 1039">
     <span class='ocr_line' id='line_1_11' title="bbox 354 962 1952 1039; baseline -0.001 -15"><span class='ocrx_word' id='word_1_79' title='bbox 354 968 580 1039; x_wconf 75' lang='lat' dir='ltr'><strong>gulare;</strong></span> <span class='ocrx_word' id='word_1_80' title='bbox 607 966 748 1038; x_wconf 82' lang='lat' dir='ltr'><strong>apud</strong></span> <span class='ocrx_word' id='word_1_81' title='bbox 781 982 907 1022; x_wconf 91' lang='lat' dir='ltr'><strong>eum</strong></span> <span class='ocrx_word' id='word_1_82' title='bbox 942 962 1143 1023; x_wconf 82' lang='lat' dir='ltr'><strong>scilicet</strong></span> <span class='ocrx_word' id='word_1_83' title='bbox 1173 966 1263 1039; x_wconf 92' lang='lat' dir='ltr'><strong>qui</strong></span> <span class='ocrx_word' id='word_1_84' title='bbox 1283 978 1377 1023; x_wconf 89' lang='lat' dir='ltr'><strong>rex</strong></span> <span class='ocrx_word' id='word_1_85' title='bbox 1403 983 1587 1039; x_wconf 83' lang='lat' dir='ltr'><strong>regum</strong></span> <span class='ocrx_word' id='word_1_86' title='bbox 1614 968 1682 1025; x_wconf 88' lang='lat' dir='ltr'><strong>ob</strong></span> <span class='ocrx_word' id='word_1_87' title='bbox 1727 968 1952 1024; x_wconf 90' lang='lat' dir='ltr'><strong>summi-</strong></span> 
     </span>
    </p>
   </div>
   <div class='ocr_carea' id='block_1_12' title="bbox 358 1050 1941 1133">
    <p class='ocr_par' dir='ltr' id='par_1_12' title="bbox 358 1050 1941 1133">
     <span class='ocr_line' id='line_1_12' title="bbox 358 1050 1941 1133; baseline -0.001 -14"><span class='ocrx_word' id='word_1_88' title='bbox 358 1050 520 1119; x_wconf 85' lang='lat' dir='ltr'><strong>tatem</strong></span> <span class='ocrx_word' id='word_1_89' title='bbox 542 1057 921 1132; x_wconf 77' lang='lat' dir='ltr'><strong>magnitudinis</strong></span> <span class='ocrx_word' id='word_1_90' title='bbox 964 1067 1019 1114; x_wconf 89' lang='lat' dir='ltr'><strong>et</strong></span> <span class='ocrx_word' id='word_1_91' title='bbox 1044 1057 1432 1130; x_wconf 76' lang='lat' dir='ltr'><strong>subiectionem</strong></span> <span class='ocrx_word' id='word_1_92' title='bbox 1460 1070 1780 1117; x_wconf 73' lang='lat' dir='ltr'><strong>czetcrorum</strong></span> <span class='ocrx_word' id='word_1_93' title='bbox 1811 1076 1941 1133; x_wconf 86' lang='lat' dir='ltr'><strong>gra-</strong></span> 
     </span>
    </p>
   </div>
   <div class='ocr_carea' id='block_1_13' title="bbox 357 1151 1951 1227">
    <p class='ocr_par' dir='ltr' id='par_1_13' title="bbox 357 1151 1951 1227">
     <span class='ocr_line' id='line_1_13' title="bbox 357 1151 1951 1227; baseline -0.001 -16"><span class='ocrx_word' id='word_1_94' title='bbox 357 1154 563 1223; x_wconf 90' lang='lat' dir='ltr'><strong>duum,</strong></span> <span class='ocrx_word' id='word_1_95' title='bbox 613 1151 766 1225; x_wconf 88' lang='lat' dir='ltr'><strong>quasi</strong></span> <span class='ocrx_word' id='word_1_96' title='bbox 810 1151 1021 1209; x_wconf 88' lang='lat' dir='ltr'><strong>culmen</strong></span> <span class='ocrx_word' id='word_1_97' title='bbox 1068 1151 1451 1210; x_wconf 82' lang='lat' dir='ltr'><strong>dominationis</strong></span> <span class='ocrx_word' id='word_1_98' title='bbox 1494 1155 1803 1227; x_wconf 80' lang='lat' dir='ltr'><strong>excipitur?</strong></span> <span class='ocrx_word' id='word_1_99' title='bbox 1844 1152 1951 1211; x_wconf 87' lang='lat' dir='ltr'><strong>Sed</strong></span> 
     </span>
    </p>
   </div>
   <div class='ocr_carea' id='block_1_14' title="bbox 358 1233 1954 1318">
    <p class='ocr_par' dir='ltr' id='par_1_14' title="bbox 358 1233 1954 1318">
     <span class='ocr_line' id='line_1_14' title="bbox 358 1233 1954 1318; baseline 0.001 -14"><span class='ocrx_word' id='word_1_100' title='bbox 358 1246 523 1304; x_wconf 85' lang='lat' dir='ltr'><strong>etiam</strong></span> <span class='ocrx_word' id='word_1_101' title='bbox 543 1244 768 1302; x_wconf 88' lang='lat' dir='ltr'><strong>alterius</strong></span> <span class='ocrx_word' id='word_1_102' title='bbox 788 1243 979 1301; x_wconf 63' lang='lat' dir='ltr'><strong>formae</strong></span> <span class='ocrx_word' id='word_1_103' title='bbox 1006 1258 1161 1317; x_wconf 83' lang='lat' dir='ltr'><strong>reges</strong></span> <span class='ocrx_word' id='word_1_104' title='bbox 1189 1288 1205 1313; x_wconf 94' lang='lat'><strong>,</strong></span> <span class='ocrx_word' id='word_1_105' title='bbox 1227 1246 1317 1316; x_wconf 88' lang='lat' dir='ltr'><strong>qui</strong></span> <span class='ocrx_word' id='word_1_106' title='bbox 1345 1233 1644 1318; x_wconf 80' lang='lat' dir='ltr'><strong>singulares</strong></span> <span class='ocrx_word' id='word_1_107' title='bbox 1672 1246 1725 1302; x_wconf 91' lang='lat' dir='ltr'><strong>in</strong></span> <span class='ocrx_word' id='word_1_108' title='bbox 1756 1246 1954 1305; x_wconf 84' lang='lat' dir='ltr'><strong>unione</strong></span> 
     </span>
    </p>
   </div>
   <div class='ocr_carea' id='block_1_15' title="bbox 358 1337 1946 1417">
    <p class='ocr_par' dir='ltr' id='par_1_15' title="bbox 358 1337 1946 1417">
     <span class='ocr_line' id='line_1_15' title="bbox 358 1337 1946 1417; baseline 0 -20"><span class='ocrx_word' id='word_1_109' title='bbox 358 1338 569 1411; x_wconf 85' lang='lat' dir='ltr'><strong>imperii</strong></span> <span class='ocrx_word' id='word_1_110' title='bbox 597 1345 865 1410; x_wconf 75' lang='lat' dir='ltr'><strong>prmsunt,</strong></span> <span class='ocrx_word' id='word_1_111' title='bbox 896 1339 940 1393; x_wconf 89' lang='lat' dir='ltr'><strong>si</strong></span> <span class='ocrx_word' id='word_1_112' title='bbox 972 1337 1054 1413; x_wconf 62' lang='grc' dir='ltr'><strong>(ἓ)</strong></span> <span class='ocrx_word' id='word_1_113' title='bbox 1086 1338 1432 1397; x_wconf 87' lang='lat' dir='ltr'><strong>tuiuutalibus</strong></span> <span class='ocrx_word' id='word_1_114' title='bbox 1453 1384 1469 1409; x_wconf 92' lang='lat'><strong>,</strong></span> <span class='ocrx_word' id='word_1_115' title='bbox 1502 1349 1562 1397; x_wconf 89' lang='lat' dir='ltr'><strong>ut</strong></span> <span class='ocrx_word' id='word_1_116' title='bbox 1584 1340 1657 1395; x_wconf 88' lang='lat' dir='ltr'><strong>ita</strong></span> <span class='ocrx_word' id='word_1_117' title='bbox 1681 1340 1946 1417; x_wconf 78' lang='lat' dir='ltr'><strong>dixerim,</strong></span> 
     </span>
    </p>
   </div>
   <div class='ocr_carea' id='block_1_16' title="bbox 360 1428 1953 1505">
    <p class='ocr_par' dir='ltr' id='par_1_16' title="bbox 360 1428 1953 1505">
     <span class='ocr_line' id='line_1_16' title="bbox 360 1428 1953 1505; baseline -0.001 -17"><span class='ocrx_word' id='word_1_118' title='bbox 360 1432 541 1505; x_wconf 79' lang='lat' dir='ltr'><strong>regnis</strong></span> <span class='ocrx_word' id='word_1_119' title='bbox 569 1428 804 1500; x_wconf 85' lang='lat' dir='ltr'><strong>undique</strong></span> <span class='ocrx_word' id='word_1_120' title='bbox 829 1429 1174 1487; x_wconf 88' lang='lat' dir='ltr'><strong>conferantur</strong></span> <span class='ocrx_word' id='word_1_121' title='bbox 1220 1431 1272 1488; x_wconf 94' lang='lat' dir='ltr'><strong>in</strong></span> <span class='ocrx_word' id='word_1_122' title='bbox 1307 1432 1758 1489; x_wconf 84' lang='lat' dir='ltr'><strong>examinatioucm</strong></span> <span class='ocrx_word' id='word_1_123' title='bbox 1793 1476 1807 1499; x_wconf 89' lang='lat'><strong>,</strong></span> <span class='ocrx_word' id='word_1_124' title='bbox 1850 1448 1953 1504; x_wconf 87' lang='lat' dir='ltr'><strong>qua</strong></span> 
     </span>
    </p>
   </div>
   <div class='ocr_carea' id='block_1_17' title="bbox 360 1524 1960 1598">
    <p class='ocr_par' dir='ltr' id='par_1_17' title="bbox 360 1524 1960 1598">
     <span class='ocr_line' id='line_1_17' title="bbox 360 1524 1960 1598; baseline -0.002 -15"><span class='ocrx_word' id='word_1_125' title='bbox 360 1535 572 1584; x_wconf 84' lang='lat' dir='ltr'><strong>constet</strong></span> <span class='ocrx_word' id='word_1_126' title='bbox 596 1525 717 1598; x_wconf 85' lang='lat' dir='ltr'><strong>quis</strong></span> <span class='ocrx_word' id='word_1_127' title='bbox 743 1538 929 1582; x_wconf 90' lang='lat' dir='ltr'><strong>eorum</strong></span> <span class='ocrx_word' id='word_1_128' title='bbox 956 1524 1232 1597; x_wconf 83' lang='lat' dir='ltr'><strong>praecellat</strong></span> <span class='ocrx_word' id='word_1_129' title='bbox 1255 1525 1308 1580; x_wconf 89' lang='lat' dir='ltr'><strong>in</strong></span> <span class='ocrx_word' id='word_1_130' title='bbox 1328 1525 1644 1581; x_wconf 70' lang='lat' dir='ltr'><strong>substantiis</strong></span> <span class='ocrx_word' id='word_1_131' title='bbox 1672 1533 1726 1581; x_wconf 90' lang='lat' dir='ltr'><strong>et</strong></span> <span class='ocrx_word' id='word_1_132' title='bbox 1753 1524 1960 1581; x_wconf 80' lang='lat' dir='ltr'><strong>viribus</strong></span> 
     </span>
    </p>
   </div>
   <div class='ocr_carea' id='block_1_18' title="bbox 360 1617 1959 1690">
    <p class='ocr_par' dir='ltr' id='par_1_18' title="bbox 360 1617 1959 1690">
     <span class='ocr_line' id='line_1_18' title="bbox 360 1617 1959 1690; baseline -0.002 -15"><span class='ocrx_word' id='word_1_133' title='bbox 360 1618 553 1690; x_wconf 85' lang='lat' dir='ltr'><strong>regni,</strong></span> <span class='ocrx_word' id='word_1_134' title='bbox 590 1617 643 1672; x_wconf 92' lang='lat' dir='ltr'><strong>in</strong></span> <span class='ocrx_word' id='word_1_135' title='bbox 669 1626 838 1673; x_wconf 90' lang='lat' dir='ltr'><strong>unum</strong></span> <span class='ocrx_word' id='word_1_136' title='bbox 877 1631 1102 1674; x_wconf 91' lang='lat' dir='ltr'><strong>necesse</strong></span> <span class='ocrx_word' id='word_1_137' title='bbox 1137 1623 1221 1672; x_wconf 89' lang='lat' dir='ltr'><strong>est</strong></span> <span class='ocrx_word' id='word_1_138' title='bbox 1257 1617 1540 1673; x_wconf 84' lang='lat' dir='ltr'><strong>summitas</strong></span> <span class='ocrx_word' id='word_1_139' title='bbox 1575 1617 1959 1688; x_wconf 80' lang='lat' dir='ltr'><strong>magnitudinis</strong></span> 
     </span>
    </p>
   </div>
   <div class='ocr_carea' id='block_1_19' title="bbox 2049 410 3645 484">
    <p class='ocr_par' dir='ltr' id='par_1_19' title="bbox 2049 410 3645 484">
     <span class='ocr_line' id='line_1_19' title="bbox 2049 410 3645 484; baseline 0.002 -17"><span class='ocrx_word' id='word_1_140' title='bbox 2049 411 2159 468; x_wconf 93' lang='lat' dir='ltr'><strong>duo</strong></span> <span class='ocrx_word' id='word_1_141' title='bbox 2179 411 2497 479; x_wconf 84' lang='lat' dir='ltr'><strong>admittere,</strong></span> <span class='ocrx_word' id='word_1_142' title='bbox 2541 410 2730 469; x_wconf 88' lang='lat' dir='ltr'><strong>eadem</strong></span> <span class='ocrx_word' id='word_1_143' title='bbox 2770 412 2942 483; x_wconf 90' lang='lat' dir='ltr'><strong>potuit</strong></span> <span class='ocrx_word' id='word_1_144' title='bbox 2980 420 3036 468; x_wconf 90' lang='lat' dir='ltr'><strong>et</strong></span> <span class='ocrx_word' id='word_1_145' title='bbox 3061 412 3396 483; x_wconf 85' lang='lat' dir='ltr'><strong>plura;post</strong></span> <span class='ocrx_word' id='word_1_146' title='bbox 3425 413 3507 484; x_wconf 92' lang='lat'><strong>(8)</strong></span> <span class='ocrx_word' id='word_1_147' title='bbox 3536 412 3645 470; x_wconf 91' lang='lat' dir='ltr'><strong>duo</strong></span> 
     </span>
    </p>
   </div>
   <div class='ocr_carea' id='block_1_20' title="bbox 2050 501 3646 588">
    <p class='ocr_par' dir='ltr' id='par_1_20' title="bbox 2050 501 3646 588">
     <span class='ocr_line' id='line_1_20' title="bbox 2050 501 3646 588; baseline 0.001 -28"><span class='ocrx_word' id='word_1_148' title='bbox 2050 504 2216 571; x_wconf 90' lang='lat' dir='ltr'><strong>enim,</strong></span> <span class='ocrx_word' id='word_1_149' title='bbox 2248 501 2531 559; x_wconf 88' lang='lat' dir='ltr'><strong>multitudo</strong></span> <span class='ocrx_word' id='word_1_150' title='bbox 2549 545 2565 571; x_wconf 91' lang='lat'><strong>,</strong></span> <span class='ocrx_word' id='word_1_151' title='bbox 2590 503 2789 560; x_wconf 90' lang='lat' dir='ltr'><strong>unione</strong></span> <span class='ocrx_word' id='word_1_152' title='bbox 2803 502 2915 588; x_wconf 51' lang='lat' dir='ltr'><strong>iam</strong></span> <span class='ocrx_word' id='word_1_153' title='bbox 2943 518 3187 560; x_wconf 88' lang='lat' dir='ltr'><strong>excessa.</strong></span> <span class='ocrx_word' id='word_1_154' title='bbox 3220 503 3482 579; x_wconf 78' lang='lat' dir='ltr'><strong>Denique,</strong></span> <span class='ocrx_word' id='word_1_155' title='bbox 3503 505 3646 576; x_wconf 80' lang='lat' dir='ltr'><strong>apud</strong></span> 
     </span>
    </p>
   </div>
   <div class='ocr_carea' id='block_1_21' title="bbox 2055 594 3645 668">
    <p class='ocr_par' dir='ltr' id='par_1_21' title="bbox 2055 594 3645 668">
     <span class='ocr_line' id='line_1_21' title="bbox 2055 594 3645 668; baseline 0.001 -16"><span class='ocrx_word' id='word_1_156' title='bbox 2055 610 2156 652; x_wconf 92' lang='lat' dir='ltr'><strong>nos</strong></span> <span class='ocrx_word' id='word_1_157' title='bbox 2189 596 2273 652; x_wconf 89' lang='lat' dir='ltr'><strong>vis</strong></span> <span class='ocrx_word' id='word_1_158' title='bbox 2296 594 2520 650; x_wconf 84' lang='lat' dir='ltr'><strong>rationis</strong></span> <span class='ocrx_word' id='word_1_159' title='bbox 2546 595 2703 652; x_wconf 86' lang='lat' dir='ltr'><strong>istius</strong></span> <span class='ocrx_word' id='word_1_160' title='bbox 2724 595 2842 667; x_wconf 88' lang='lat' dir='ltr'><strong>ipso</strong></span> <span class='ocrx_word' id='word_1_161' title='bbox 2872 595 3104 653; x_wconf 86' lang='lat' dir='ltr'><strong>termino</strong></span> <span class='ocrx_word' id='word_1_162' title='bbox 3131 596 3310 668; x_wconf 90' lang='lat' dir='ltr'><strong>plures</strong></span> <span class='ocrx_word' id='word_1_163' title='bbox 3334 596 3466 653; x_wconf 88' lang='lat' dir='ltr'><strong>deos</strong></span> <span class='ocrx_word' id='word_1_164' title='bbox 3494 596 3645 656; x_wconf 88' lang='lat' dir='ltr'><strong>credi</strong></span> 
     </span>
    </p>
   </div>
   <div class='ocr_carea' id='block_1_22' title="bbox 2054 684 3651 772">
    <p class='ocr_par' dir='ltr' id='par_1_22' title="bbox 2054 684 3651 772">
     <span class='ocr_line' id='line_1_22' title="bbox 2054 684 3651 772; baseline 0.002 -29"><span class='ocrx_word' id='word_1_165' title='bbox 2054 702 2161 743; x_wconf 91' lang='lat' dir='ltr'><strong>non</strong></span> <span class='ocrx_word' id='word_1_166' title='bbox 2192 686 2359 756; x_wconf 86' lang='lat' dir='ltr'><strong>sinit,</strong></span> <span class='ocrx_word' id='word_1_167' title='bbox 2404 684 2546 759; x_wconf 88' lang='lat' dir='ltr'><strong>quod</strong></span> <span class='ocrx_word' id='word_1_168' title='bbox 2586 702 2687 744; x_wconf 88' lang='lat' dir='ltr'><strong>nec</strong></span> <span class='ocrx_word' id='word_1_169' title='bbox 2723 684 2895 756; x_wconf 89' lang='lat' dir='ltr'><strong>duos,</strong></span> <span class='ocrx_word' id='word_1_170' title='bbox 2935 686 3026 744; x_wconf 87' lang='lat' dir='ltr'><strong>illa</strong></span> <span class='ocrx_word' id='word_1_171' title='bbox 3066 686 3250 772; x_wconf 64' lang='lat' dir='ltr'><strong>regula</strong></span> <span class='ocrx_word' id='word_1_172' title='bbox 3289 704 3455 771; x_wconf 88' lang='lat' dir='ltr'><strong>unum</strong></span> <span class='ocrx_word' id='word_1_173' title='bbox 3483 689 3651 749; x_wconf 87' lang='lat' dir='ltr'><strong>Deum</strong></span> 
     </span>
    </p>
   </div>
   <div class='ocr_carea' id='block_1_23' title="bbox 2055 770 3662 854">
    <p class='ocr_par' dir='ltr' id='par_1_23' title="bbox 2055 770 3662 854">
     <span class='ocr_line' id='line_1_23' title="bbox 2055 770 3662 854; baseline 0.002 -18"><span class='ocrx_word' id='word_1_174' title='bbox 2055 782 2287 850; x_wconf 76' lang='lat' dir='ltr'><strong>sistens,</strong></span> <span class='ocrx_word' id='word_1_175' title='bbox 2327 795 2433 854; x_wconf 89' lang='lat' dir='ltr'><strong>qua</strong></span> <span class='ocrx_word' id='word_1_176' title='bbox 2472 779 2642 837; x_wconf 91' lang='lat' dir='ltr'><strong>Deum</strong></span> <span class='ocrx_word' id='word_1_177' title='bbox 2676 780 2727 837; x_wconf 89' lang='lat' dir='ltr'><strong>id</strong></span> <span class='ocrx_word' id='word_1_178' title='bbox 2765 796 2889 838; x_wconf 88' lang='lat' dir='ltr'><strong>esse</strong></span> <span class='ocrx_word' id='word_1_179' title='bbox 2919 770 3169 852; x_wconf 79' lang='lat' dir='ltr'><strong>oporteat</strong></span> <span class='ocrx_word' id='word_1_180' title='bbox 3206 782 3293 841; x_wconf 91' lang='lat' dir='ltr'><strong>cui</strong></span> <span class='ocrx_word' id='word_1_181' title='bbox 3349 770 3485 842; x_wconf 89' lang='lat' dir='ltr'><strong>nihil</strong></span> <span class='ocrx_word' id='word_1_182' title='bbox 3512 784 3662 841; x_wconf 65' lang='lat' dir='ltr'><strong>adn!-</strong></span> 
     </span>
    </p>
   </div>
   <div class='ocr_carea' id='block_1_24' title="bbox 2056 874 3649 947">
    <p class='ocr_par' dir='ltr' id='par_1_24' title="bbox 2056 874 3649 947">
     <span class='ocr_line' id='line_1_24' title="bbox 2056 874 3649 947; baseline 0.004 -20"><span class='ocrx_word' id='word_1_183' title='bbox 2056 881 2269 947; x_wconf 88' lang='lat' dir='ltr'><strong>qttetur,</strong></span> <span class='ocrx_word' id='word_1_184' title='bbox 2297 883 2354 929; x_wconf 93' lang='lat' dir='ltr'><strong>ut</strong></span> <span class='ocrx_word' id='word_1_185' title='bbox 2379 888 2591 929; x_wconf 91' lang='lat' dir='ltr'><strong>summo</strong></span> <span class='ocrx_word' id='word_1_186' title='bbox 2613 888 2836 946; x_wconf 85' lang='lat' dir='ltr'><strong>magno;</strong></span> <span class='ocrx_word' id='word_1_187' title='bbox 2868 874 3084 931; x_wconf 90' lang='lat' dir='ltr'><strong>unicum</strong></span> <span class='ocrx_word' id='word_1_188' title='bbox 3104 882 3280 931; x_wconf 84' lang='lat' dir='ltr'><strong>autem</strong></span> <span class='ocrx_word' id='word_1_189' title='bbox 3306 876 3397 943; x_wconf 90' lang='lat' dir='ltr'><strong>sit,</strong></span> <span class='ocrx_word' id='word_1_190' title='bbox 3414 876 3649 933; x_wconf 88' lang='lat' dir='ltr'><strong>cuiuihil</strong></span> 
     </span>
    </p>
   </div>
   <div class='ocr_carea' id='block_1_25' title="bbox 2057 965 3767 1044">
    <p class='ocr_par' dir='ltr' id='par_1_25' title="bbox 2057 965 3767 1044">
     <span class='ocr_line' id='line_1_25' title="bbox 2057 965 3767 1044; baseline 0.002 -21"><span class='ocrx_word' id='word_1_191' title='bbox 2057 966 2384 1039; x_wconf 59' lang='lat' dir='ltr'><strong>adaequetur.</strong></span> <span class='ocrx_word' id='word_1_192' title='bbox 2409 965 2526 1022; x_wconf 80' lang='lat' dir='ltr'><strong>Jam</strong></span> <span class='ocrx_word' id='word_1_193' title='bbox 2550 981 2712 1033; x_wconf 90' lang='lat' dir='ltr'><strong>nunc,</strong></span> <span class='ocrx_word' id='word_1_194' title='bbox 2742 966 2850 1022; x_wconf 91' lang='lat' dir='ltr'><strong>duo</strong></span> <span class='ocrx_word' id='word_1_195' title='bbox 2881 980 3089 1044; x_wconf 82' lang='lat' dir='ltr'><strong>summa</strong></span> <span class='ocrx_word' id='word_1_196' title='bbox 3114 982 3324 1038; x_wconf 79' lang='lat' dir='ltr'><strong>magna,</strong></span> <span class='ocrx_word' id='word_1_197' title='bbox 3354 967 3463 1023; x_wconf 89' lang='lat' dir='ltr'><strong>dtto</strong></span> <span class='ocrx_word' id='word_1_198' title='bbox 3483 969 3656 1040; x_wconf 82' lang='lat' dir='ltr'><strong>paria,</strong></span> <span class='ocrx_word' id='word_1_199' title='bbox 3763 1003 3767 1006; x_wconf 54' lang='grc' dir='ltr'>ν</span> 
     </span>
    </p>
   </div>
   <div class='ocr_carea' id='block_1_26' title="bbox 2057 1058 3701 1136">
    <p class='ocr_par' dir='ltr' id='par_1_26' title="bbox 2057 1058 3701 1136">
     <span class='ocr_line' id='line_1_26' title="bbox 2057 1058 3701 1136; baseline 0.002 -21"><span class='ocrx_word' id='word_1_200' title='bbox 2057 1059 2144 1116; x_wconf 90' lang='lat' dir='ltr'><strong>cui</strong></span> <span class='ocrx_word' id='word_1_201' title='bbox 2166 1074 2345 1130; x_wconf 66' lang='lat' dir='ltr'><strong>operte</strong></span> <span class='ocrx_word' id='word_1_202' title='bbox 2365 1058 2556 1131; x_wconf 81' lang='lat' dir='ltr'><strong>pretio,</strong></span> <span class='ocrx_word' id='word_1_203' title='bbox 2576 1059 2660 1114; x_wconf 92' lang='lat' dir='ltr'><strong>cui</strong></span> <span class='ocrx_word' id='word_1_204' title='bbox 2684 1058 3053 1115; x_wconf 90' lang='lat' dir='ltr'><strong>emolumento</strong></span> <span class='ocrx_word' id='word_1_205' title='bbox 3079 1058 3465 1130; x_wconf 88' lang='lat' dir='ltr'><strong>deputarcntur</strong></span> <span class='ocrx_word' id='word_1_206' title='bbox 3484 1062 3508 1116; x_wconf 79' lang='lat'><strong>?</strong></span> <span class='ocrx_word' id='word_1_207' title='bbox 3529 1062 3659 1133; x_wconf 86' lang='lat' dir='ltr'><strong>quid</strong></span> <span class='ocrx_word' id='word_1_208' title='bbox 3690 1126 3701 1136; x_wconf 23' lang='grc' dir='ltr'><strong>ς</strong></span> 
     </span>
    </p>
   </div>
   <div class='ocr_carea' id='block_1_27' title="bbox 2062 1151 3662 1225">
    <p class='ocr_par' dir='ltr' id='par_1_27' title="bbox 2062 1151 3662 1225">
     <span class='ocr_line' id='line_1_27' title="bbox 2062 1151 3662 1225; baseline 0.001 -17"><span class='ocrx_word' id='word_1_209' title='bbox 2062 1151 2303 1208; x_wconf 87' lang='lat' dir='ltr'><strong>interfuit</strong></span> <span class='ocrx_word' id='word_1_210' title='bbox 2334 1152 2545 1209; x_wconf 89' lang='lat' dir='ltr'><strong>numeri</strong></span> <span class='ocrx_word' id='word_1_211' title='bbox 2575 1194 2590 1220; x_wconf 91' lang='lat'><strong>,</strong></span> <span class='ocrx_word' id='word_1_212' title='bbox 2631 1168 2754 1213; x_wconf 84' lang='lat' dir='ltr'><strong>cum</strong></span> <span class='ocrx_word' id='word_1_213' title='bbox 2781 1151 2889 1208; x_wconf 90' lang='lat' dir='ltr'><strong>duo</strong></span> <span class='ocrx_word' id='word_1_214' title='bbox 2918 1153 3063 1225; x_wconf 88' lang='lat' dir='ltr'><strong>paria</strong></span> <span class='ocrx_word' id='word_1_215' title='bbox 3092 1169 3196 1208; x_wconf 92' lang='lat' dir='ltr'><strong>non</strong></span> <span class='ocrx_word' id='word_1_216' title='bbox 3221 1152 3475 1211; x_wconf 87' lang='lat' dir='ltr'><strong>differant</strong></span> <span class='ocrx_word' id='word_1_217' title='bbox 3500 1171 3609 1213; x_wconf 91' lang='lat' dir='ltr'><strong>uno</strong></span> <span class='ocrx_word' id='word_1_218' title='bbox 3637 1156 3662 1210; x_wconf 81' lang='lat'><strong>?</strong></span> 
     </span>
    </p>
   </div>
   <div class='ocr_carea' id='block_1_28' title="bbox 2060 1246 3665 1320">
    <p class='ocr_par' dir='ltr' id='par_1_28' title="bbox 2060 1246 3665 1320">
     <span class='ocr_line' id='line_1_28' title="bbox 2060 1246 3665 1320; baseline -0.001 -14"><span class='ocrx_word' id='word_1_219' title='bbox 2060 1248 2180 1306; x_wconf 88' lang='lat' dir='ltr'><strong>Una</strong></span> <span class='ocrx_word' id='word_1_220' title='bbox 2206 1250 2350 1305; x_wconf 88' lang='lat' dir='ltr'><strong>enim</strong></span> <span class='ocrx_word' id='word_1_221' title='bbox 2379 1263 2468 1303; x_wconf 91' lang='lat' dir='ltr'><strong>rcs</strong></span> <span class='ocrx_word' id='word_1_222' title='bbox 2494 1257 2577 1303; x_wconf 90' lang='lat' dir='ltr'><strong>est</strong></span> <span class='ocrx_word' id='word_1_223' title='bbox 2600 1262 2720 1320; x_wconf 74' lang='lat' dir='ltr'><strong>qua:</strong></span> <span class='ocrx_word' id='word_1_224' title='bbox 2746 1246 2933 1303; x_wconf 90' lang='lat' dir='ltr'><strong>eadem</strong></span> <span class='ocrx_word' id='word_1_225' title='bbox 2966 1247 3018 1303; x_wconf 95' lang='lat' dir='ltr'><strong>in</strong></span> <span class='ocrx_word' id='word_1_226' title='bbox 3046 1247 3255 1305; x_wconf 89' lang='lat' dir='ltr'><strong>duobus</strong></span> <span class='ocrx_word' id='word_1_227' title='bbox 3280 1258 3380 1305; x_wconf 91' lang='lat' dir='ltr'><strong>est.</strong></span> <span class='ocrx_word' id='word_1_228' title='bbox 3436 1247 3665 1305; x_wconf 85' lang='lat' dir='ltr'><strong>Etiamsi</strong></span> 
     </span>
    </p>
   </div>
   <div class='ocr_carea' id='block_1_29' title="bbox 2062 1338 3663 1412">
    <p class='ocr_par' dir='ltr' id='par_1_29' title="bbox 2062 1338 3663 1412">
     <span class='ocr_line' id='line_1_29' title="bbox 2062 1338 3663 1412; baseline 0.001 -16"><span class='ocrx_word' id='word_1_229' title='bbox 2062 1340 2218 1412; x_wconf 87' lang='lat' dir='ltr'><strong>plura</strong></span> <span class='ocrx_word' id='word_1_230' title='bbox 2254 1349 2435 1396; x_wconf 84' lang='lat' dir='ltr'><strong>essent</strong></span> <span class='ocrx_word' id='word_1_231' title='bbox 2473 1339 2645 1411; x_wconf 87' lang='lat' dir='ltr'><strong>paria,</strong></span> <span class='ocrx_word' id='word_1_232' title='bbox 2701 1340 3050 1396; x_wconf 89' lang='lat' dir='ltr'><strong>tandumdem</strong></span> <span class='ocrx_word' id='word_1_233' title='bbox 3098 1339 3277 1395; x_wconf 87' lang='lat' dir='ltr'><strong>omnia</strong></span> <span class='ocrx_word' id='word_1_234' title='bbox 3318 1355 3481 1395; x_wconf 88' lang='lat' dir='ltr'><strong>unum</strong></span> <span class='ocrx_word' id='word_1_235' title='bbox 3523 1338 3663 1397; x_wconf 80' lang='lat' dir='ltr'><strong>fuis-</strong></span> 
     </span>
    </p>
   </div>
   <div class='ocr_carea' id='block_1_30' title="bbox 2064 1428 3665 1505">
    <p class='ocr_par' dir='ltr' id='par_1_30' title="bbox 2064 1428 3665 1505">
     <span class='ocr_line' id='line_1_30' title="bbox 2064 1428 3665 1505; baseline -0.002 -17"><span class='ocrx_word' id='word_1_236' title='bbox 2064 1441 2221 1502; x_wconf 87' lang='lat' dir='ltr'><strong>sent,</strong></span> <span class='ocrx_word' id='word_1_237' title='bbox 2262 1429 2410 1487; x_wconf 90' lang='lat' dir='ltr'><strong>nullo</strong></span> <span class='ocrx_word' id='word_1_238' title='bbox 2450 1431 2528 1505; x_wconf 86' lang='lat'><strong>(9)</strong></span> <span class='ocrx_word' id='word_1_239' title='bbox 2567 1431 2708 1487; x_wconf 88' lang='lat' dir='ltr'><strong>inter</strong></span> <span class='ocrx_word' id='word_1_240' title='bbox 2743 1445 2804 1487; x_wconf 90' lang='lat' dir='ltr'><strong>se</strong></span> <span class='ocrx_word' id='word_1_241' title='bbox 2858 1428 3336 1505; x_wconf 81' lang='lat' dir='ltr'><strong>(lO)_differendo,</strong></span> <span class='ocrx_word' id='word_1_242' title='bbox 3361 1446 3462 1503; x_wconf 89' lang='lat' dir='ltr'><strong>qua</strong></span> <span class='ocrx_word' id='word_1_243' title='bbox 3491 1431 3665 1504; x_wconf 90' lang='lat' dir='ltr'><strong>paria.</strong></span> 
     </span>
    </p>
   </div>
   <div class='ocr_carea' id='block_1_31' title="bbox 2065 1502 3759 1597">
    <p class='ocr_par' dir='ltr' id='par_1_31' title="bbox 2065 1502 3759 1597">
     <span class='ocr_line' id='line_1_31' title="bbox 2065 1502 3759 1597; baseline -0.002 -17"><span class='ocrx_word' id='word_1_244' title='bbox 2065 1525 2268 1592; x_wconf 87' lang='lat' dir='ltr'><strong>Porro,</strong></span> <span class='ocrx_word' id='word_1_245' title='bbox 2310 1524 2357 1579; x_wconf 84' lang='lat' dir='ltr'><strong>si</strong></span> <span class='ocrx_word' id='word_1_246' title='bbox 2388 1502 2637 1579; x_wconf 86' lang='lat' dir='ltr'><strong>neutrum</strong></span> <span class='ocrx_word' id='word_1_247' title='bbox 2670 1538 2737 1580; x_wconf 85' lang='lat' dir='ltr'><strong>ex</strong></span> <span class='ocrx_word' id='word_1_248' title='bbox 2769 1502 3190 1578; x_wconf 41' lang='lat' dir='ltr'><strong>duobus’altero</strong></span> <span class='ocrx_word' id='word_1_249' title='bbox 3215 1502 3412 1582; x_wconf 83' lang='lat' dir='ltr'><strong>distat.</strong></span> <span class='ocrx_word' id='word_1_250' title='bbox 3466 1502 3574 1595; x_wconf 80' lang='lat' dir='ltr'><strong>jam</strong></span> <span class='ocrx_word' id='word_1_251' title='bbox 3605 1532 3670 1579; x_wconf 86' lang='lat' dir='ltr'><strong>ut</strong></span> <span class='ocrx_word' id='word_1_252' title='bbox 3752 1591 3759 1597; x_wconf 23' lang='grc' dir='ltr'><em>υ</em></span> 
     </span>
    </p>
   </div>
   <div class='ocr_carea' id='block_1_32' title="bbox 2064 1612 3670 1689">
    <p class='ocr_par' dir='ltr' id='par_1_32' title="bbox 2064 1612 3670 1689">
     <span class='ocr_line' id='line_1_32' title="bbox 2064 1612 3670 1689; baseline -0.001 -17"><span class='ocrx_word' id='word_1_253' title='bbox 2064 1617 2225 1672; x_wconf 91' lang='lat' dir='ltr'><strong>ambo</strong></span> <span class='ocrx_word' id='word_1_254' title='bbox 2245 1631 2453 1672; x_wconf 89' lang='lat' dir='ltr'><strong>summa</strong></span> <span class='ocrx_word' id='word_1_255' title='bbox 2471 1630 2679 1688; x_wconf 81' lang='lat' dir='ltr'><strong>magna,</strong></span> <span class='ocrx_word' id='word_1_256' title='bbox 2698 1630 2801 1686; x_wconf 88' lang='lat' dir='ltr'><strong>qua</strong></span> <span class='ocrx_word' id='word_1_257' title='bbox 2828 1613 2874 1689; x_wconf 84' lang='lat' dir='ltr'><strong>(l</strong></span> <span class='ocrx_word' id='word_1_258' title='bbox 2890 1612 3044 1687; x_wconf 75' lang='lat' dir='ltr'><strong>i)dei</strong></span> <span class='ocrx_word' id='word_1_259' title='bbox 3066 1613 3246 1681; x_wconf 87' lang='lat' dir='ltr'><strong>ambo,</strong></span> <span class='ocrx_word' id='word_1_260' title='bbox 3267 1623 3514 1671; x_wconf 90' lang='lat' dir='ltr'><strong>neutrum</strong></span> <span class='ocrx_word' id='word_1_261' title='bbox 3543 1615 3670 1686; x_wconf 88' lang='lat' dir='ltr'><strong>plus</strong></span> 
     </span>
    </p>
   </div>
   <div class='ocr_carea' id='block_1_33' title="bbox 362 1704 3669 1782">
    <p class='ocr_par' dir='ltr' id='par_1_33' title="bbox 362 1704 3669 1782">
     <span class='ocr_line' id='line_1_33' title="bbox 362 1704 3669 1782; baseline -0.003 -12"><span class='ocrx_word' id='word_1_262' title='bbox 362 1711 663 1782; x_wconf 88' lang='lat' dir='ltr'><strong>eliquetur,</strong></span> <span class='ocrx_word' id='word_1_263' title='bbox 690 1709 940 1767; x_wconf 89' lang='lat' dir='ltr'><strong>omnibus</strong></span> <span class='ocrx_word' id='word_1_264' title='bbox 961 1709 1225 1782; x_wconf 76' lang='lat' dir='ltr'><strong>gradatim</strong></span> <span class='ocrx_word' id='word_1_265' title='bbox 1249 1725 1349 1781; x_wconf 91' lang='lat' dir='ltr'><strong>per</strong></span> <span class='ocrx_word' id='word_1_266' title='bbox 1385 1709 1805 1781; x_wconf 83' lang='lat' dir='ltr'><strong>comparationis</strong></span> <span class='ocrx_word' id='word_1_267' title='bbox 1841 1710 1958 1766; x_wconf 90' lang='lat' dir='ltr'><strong>exi-</strong></span> <span class='ocrx_word' id='word_1_268' title='bbox 1991 1716 2040 1776; x_wconf 87' lang='lat' dir='ltr'><strong>B</strong></span> <span class='ocrx_word' id='word_1_269' title='bbox 2067 1709 2236 1766; x_wconf 90' lang='lat' dir='ltr'><strong>altero</strong></span> <span class='ocrx_word' id='word_1_270' title='bbox 2278 1704 2532 1782; x_wconf 84' lang='lat' dir='ltr'><strong>praestat,</strong></span> <span class='ocrx_word' id='word_1_271' title='bbox 2587 1707 2787 1763; x_wconf 89' lang='lat' dir='ltr'><strong>nullam</strong></span> <span class='ocrx_word' id='word_1_272' title='bbox 2833 1708 3095 1763; x_wconf 88' lang='lat' dir='ltr'><strong>rationem</strong></span> <span class='ocrx_word' id='word_1_273' title='bbox 3129 1705 3336 1762; x_wconf 85' lang='lat' dir='ltr'><strong>numeri</strong></span> <span class='ocrx_word' id='word_1_274' title='bbox 3361 1707 3445 1763; x_wconf 89' lang='lat' dir='ltr'><strong>sui</strong></span> <span class='ocrx_word' id='word_1_275' title='bbox 3474 1717 3669 1764; x_wconf 89' lang='lat' dir='ltr'><strong>osten-</strong></span> 
     </span>
    </p>
   </div>
   <div class='ocr_carea' id='block_1_34' title="bbox 363 1800 1957 1875">
    <p class='ocr_par' dir='ltr' id='par_1_34' title="bbox 363 1800 1957 1875">
     <span class='ocr_line' id='line_1_34' title="bbox 363 1800 1957 1875; baseline -0.002 -14"><span class='ocrx_word' id='word_1_276' title='bbox 363 1814 477 1861; x_wconf 91' lang='lat' dir='ltr'><strong>tum</strong></span> <span class='ocrx_word' id='word_1_277' title='bbox 513 1801 582 1860; x_wconf 88' lang='lat' dir='ltr'><strong>de</strong></span> <span class='ocrx_word' id='word_1_278' title='bbox 620 1800 1006 1875; x_wconf 81' lang='lat' dir='ltr'><strong>magnitudinis</strong></span> <span class='ocrx_word' id='word_1_279' title='bbox 1044 1815 1254 1858; x_wconf 89' lang='lat' dir='ltr'><strong>summa</strong></span> <span class='ocrx_word' id='word_1_280' title='bbox 1294 1802 1576 1872; x_wconf 73' lang='lat' dir='ltr'><strong>expressis</strong></span> <span class='ocrx_word' id='word_1_281' title='bbox 1614 1808 1667 1857; x_wconf 90' lang='lat' dir='ltr'><strong>et</strong></span> <span class='ocrx_word' id='word_1_282' title='bbox 1705 1802 1957 1858; x_wconf 80' lang='lat' dir='ltr'><strong>exclusis.</strong></span> 
     </span>
    </p>
   </div>
   <div class='ocr_carea' id='block_1_35' title="bbox 365 1892 1965 1971">
    <p class='ocr_par' dir='ltr' id='par_1_35' title="bbox 365 1892 1965 1971">
     <span class='ocr_line' id='line_1_35' title="bbox 365 1892 1965 1971; baseline -0.004 -17"><span class='ocrx_word' id='word_1_283' title='bbox 365 1895 518 1954; x_wconf 82' lang='lat' dir='ltr'><strong>Adeo</strong></span> <span class='ocrx_word' id='word_1_284' title='bbox 565 1895 668 1953; x_wconf 86' lang='lat' dir='ltr'><strong>etsi</strong></span> <span class='ocrx_word' id='word_1_285' title='bbox 710 1894 763 1951; x_wconf 90' lang='lat' dir='ltr'><strong>in</strong></span> <span class='ocrx_word' id='word_1_286' title='bbox 795 1893 1041 1966; x_wconf 89' lang='lat' dir='ltr'><strong>disperso</strong></span> <span class='ocrx_word' id='word_1_287' title='bbox 1074 1893 1416 1949; x_wconf 83' lang='lat' dir='ltr'><strong>multifariam</strong></span> <span class='ocrx_word' id='word_1_288' title='bbox 1447 1892 1659 1971; x_wconf 84' lang='lat' dir='ltr'><strong>videtur</strong></span> <span class='ocrx_word' id='word_1_289' title='bbox 1700 1907 1965 1949; x_wconf 92' lang='lat' dir='ltr'><strong>summum</strong></span> 
     </span>
    </p>
   </div>
   <div class='ocr_carea' id='block_1_36' title="bbox 367 1986 1961 2062">
    <p class='ocr_par' dir='ltr' id='par_1_36' title="bbox 367 1986 1961 2062">
     <span class='ocr_line' id='line_1_36' title="bbox 367 1986 1961 2062; baseline -0.006 -15"><span class='ocrx_word' id='word_1_290' title='bbox 367 2004 618 2062; x_wconf 85' lang='lat' dir='ltr'><strong>magnum</strong></span> <span class='ocrx_word' id='word_1_291' title='bbox 640 2030 655 2055; x_wconf 94' lang='lat'><strong>,</strong></span> <span class='ocrx_word' id='word_1_292' title='bbox 678 1987 792 2045; x_wconf 89' lang='lat' dir='ltr'><strong>suis</strong></span> <span class='ocrx_word' id='word_1_293' title='bbox 816 1986 1021 2044; x_wconf 88' lang='lat' dir='ltr'><strong>viribus</strong></span> <span class='ocrx_word' id='word_1_294' title='bbox 1047 1995 1101 2043; x_wconf 90' lang='lat' dir='ltr'><strong>et</strong></span> <span class='ocrx_word' id='word_1_295' title='bbox 1126 2001 1223 2043; x_wconf 88' lang='lat' dir='ltr'><strong>sua</strong></span> <span class='ocrx_word' id='word_1_296' title='bbox 1253 1995 1444 2042; x_wconf 87' lang='lat' dir='ltr'><strong>natura</strong></span> <span class='ocrx_word' id='word_1_297' title='bbox 1474 1994 1530 2043; x_wconf 87' lang='lat' dir='ltr'><strong>et</strong></span> <span class='ocrx_word' id='word_1_298' title='bbox 1557 2000 1656 2041; x_wconf 93' lang='lat' dir='ltr'><strong>suo</strong></span> <span class='ocrx_word' id='word_1_299' title='bbox 1687 1986 1961 2044; x_wconf 83' lang='lat' dir='ltr'><strong>statunni-</strong></span> 
     </span>
    </p>
   </div>
   <div class='ocr_carea' id='block_1_37' title="bbox 367 2076 1965 2146">
    <p class='ocr_par' dir='ltr' id='par_1_37' title="bbox 367 2076 1965 2146">
     <span class='ocr_line' id='line_1_37' title="bbox 367 2076 1965 2146; baseline -0.004 -8"><span class='ocrx_word' id='word_1_300' title='bbox 367 2094 491 2139; x_wconf 89' lang='lat' dir='ltr'><strong>cum</strong></span> <span class='ocrx_word' id='word_1_301' title='bbox 522 2088 625 2137; x_wconf 85' lang='lat' dir='ltr'><strong>est.</strong></span> <span class='ocrx_word' id='word_1_302' title='bbox 657 2078 911 2146; x_wconf 84' lang='lat' dir='ltr'><strong>Proinde,</strong></span> <span class='ocrx_word' id='word_1_303' title='bbox 935 2093 1057 2135; x_wconf 92' lang='lat' dir='ltr'><strong>cum</strong></span> <span class='ocrx_word' id='word_1_304' title='bbox 1095 2076 1203 2134; x_wconf 91' lang='lat' dir='ltr'><strong>duo</strong></span> <span class='ocrx_word' id='word_1_305' title='bbox 1241 2076 1313 2133; x_wconf 90' lang='lat' dir='ltr'><strong>dii</strong></span> <span class='ocrx_word' id='word_1_306' title='bbox 1352 2078 1732 2143; x_wconf 87' lang='lat' dir='ltr'><strong>conferantur,</strong></span> <span class='ocrx_word' id='word_1_307' title='bbox 1775 2086 1832 2132; x_wconf 89' lang='lat' dir='ltr'><strong>ut</strong></span> <span class='ocrx_word' id='word_1_308' title='bbox 1855 2076 1965 2132; x_wconf 91' lang='lat' dir='ltr'><strong>duo</strong></span> 
     </span>
    </p>
   </div>
   <div class='ocr_carea' id='block_1_38' title="bbox 367 2169 1970 2248">
    <p class='ocr_par' dir='ltr' id='par_1_38' title="bbox 367 2169 1970 2248">
     <span class='ocr_line' id='line_1_38' title="bbox 367 2169 1970 2248; baseline -0.006 -15"><span class='ocrx_word' id='word_1_309' title='bbox 367 2188 526 2248; x_wconf 84' lang='lat' dir='ltr'><strong>reges</strong></span> <span class='ocrx_word' id='word_1_310' title='bbox 582 2182 639 2231; x_wconf 88' lang='lat' dir='ltr'><strong>ct</strong></span> <span class='ocrx_word' id='word_1_311' title='bbox 702 2172 811 2231; x_wconf 88' lang='lat' dir='ltr'><strong>duo</strong></span> <span class='ocrx_word' id='word_1_312' title='bbox 848 2187 1057 2230; x_wconf 88' lang='lat' dir='ltr'><strong>summa</strong></span> <span class='ocrx_word' id='word_1_313' title='bbox 1098 2187 1289 2244; x_wconf 87' lang='lat' dir='ltr'><strong>magna</strong></span> <span class='ocrx_word' id='word_1_314' title='bbox 1313 2214 1329 2240; x_wconf 90' lang='lat'><strong>,</strong></span> <span class='ocrx_word' id='word_1_315' title='bbox 1371 2172 1426 2227; x_wconf 91' lang='lat' dir='ltr'><strong>iu</strong></span> <span class='ocrx_word' id='word_1_316' title='bbox 1445 2169 1672 2227; x_wconf 88' lang='lat' dir='ltr'><strong>alterum</strong></span> <span class='ocrx_word' id='word_1_317' title='bbox 1696 2169 1970 2226; x_wconf 89' lang='lat' dir='ltr'><strong>concedat</strong></span> 
     </span>
    </p>
   </div>
   <div class='ocr_carea' id='block_1_39' title="bbox 367 2264 1971 2336">
    <p class='ocr_par' dir='ltr' id='par_1_39' title="bbox 367 2264 1971 2336">
     <span class='ocr_line' id='line_1_39' title="bbox 367 2264 1971 2336; baseline -0.007 -8"><span class='ocrx_word' id='word_1_318' title='bbox 367 2282 591 2328; x_wconf 85' lang='lat' dir='ltr'><strong>necesse</strong></span> <span class='ocrx_word' id='word_1_319' title='bbox 626 2276 711 2325; x_wconf 88' lang='lat' dir='ltr'><strong>est</strong></span> <span class='ocrx_word' id='word_1_320' title='bbox 748 2267 877 2323; x_wconf 93' lang='lat' dir='ltr'><strong>unio</strong></span> <span class='ocrx_word' id='word_1_321' title='bbox 909 2264 1104 2323; x_wconf 91' lang='lat' dir='ltr'><strong>summi</strong></span> <span class='ocrx_word' id='word_1_322' title='bbox 1134 2265 1311 2336; x_wconf 87' lang='lat' dir='ltr'><strong>tnagni</strong></span> <span class='ocrx_word' id='word_1_323' title='bbox 1332 2307 1346 2331; x_wconf 93' lang='lat'><strong>,</strong></span> <span class='ocrx_word' id='word_1_324' title='bbox 1371 2280 1438 2320; x_wconf 91' lang='lat' dir='ltr'><strong>ex</strong></span> <span class='ocrx_word' id='word_1_325' title='bbox 1465 2264 1731 2320; x_wconf 86' lang='lat' dir='ltr'><strong>sententia</strong></span> <span class='ocrx_word' id='word_1_326' title='bbox 1750 2277 1971 2333; x_wconf 87' lang='lat' dir='ltr'><strong>compa-</strong></span> 
     </span>
    </p>
   </div>
   <div class='ocr_carea' id='block_1_40' title="bbox 368 2353 1971 2431">
    <p class='ocr_par' dir='ltr' id='par_1_40' title="bbox 368 2353 1971 2431">
     <span class='ocr_line' id='line_1_40' title="bbox 368 2353 1971 2431; baseline -0.007 -12"><span class='ocrx_word' id='word_1_327' title='bbox 368 2358 614 2426; x_wconf 79' lang='lat' dir='ltr'><strong>rationis,</strong></span> <span class='ocrx_word' id='word_1_328' title='bbox 641 2374 744 2429; x_wconf 89' lang='lat' dir='ltr'><strong>qua</strong></span> <span class='ocrx_word' id='word_1_329' title='bbox 772 2356 855 2431; x_wconf 76' lang='lat'><strong>(5)</strong></span> <span class='ocrx_word' id='word_1_330' title='bbox 881 2370 1151 2413; x_wconf 86' lang='lat' dir='ltr'><strong>summum</strong></span> <span class='ocrx_word' id='word_1_331' title='bbox 1191 2369 1257 2412; x_wconf 87' lang='lat' dir='ltr'><strong>ex</strong></span> <span class='ocrx_word' id='word_1_332' title='bbox 1293 2353 1375 2428; x_wconf 71' lang='grc'><strong>(4)</strong></span> <span class='ocrx_word' id='word_1_333' title='bbox 1415 2354 1645 2412; x_wconf 81' lang='lat' dir='ltr'><strong>victoria</strong></span> <span class='ocrx_word' id='word_1_334' title='bbox 1682 2369 1776 2410; x_wconf 89' lang='lat' dir='ltr'><strong>sua</strong></span> <span class='ocrx_word' id='word_1_335' title='bbox 1812 2369 1971 2409; x_wconf 78' lang='lat' dir='ltr'><strong>cons—</strong></span> 
     </span>
    </p>
   </div>
   <div class='ocr_carea' id='block_1_41' title="bbox 298 2448 1963 2524">
    <p class='ocr_par' dir='ltr' id='par_1_41' title="bbox 298 2448 1963 2524">
     <span class='ocr_line' id='line_1_41' title="bbox 298 2448 1963 2524; baseline -0.006 -13"><span class='ocrx_word' id='word_1_336' title='bbox 298 2450 306 2455; x_wconf 76' lang='grc'><strong>’</strong></span> <span class='ocrx_word' id='word_1_337' title='bbox 369 2461 481 2521; x_wconf 85' lang='lat' dir='ltr'><strong>tat,</strong></span> <span class='ocrx_word' id='word_1_338' title='bbox 505 2460 757 2524; x_wconf 89' lang='lat' dir='ltr'><strong>superato</strong></span> <span class='ocrx_word' id='word_1_339' title='bbox 781 2449 977 2506; x_wconf 70' lang='lat' dir='ltr'><strong>aemulo</strong></span> <span class='ocrx_word' id='word_1_340' title='bbox 999 2448 1109 2505; x_wconf 90' lang='lat' dir='ltr'><strong>alio</strong></span> <span class='ocrx_word' id='word_1_341' title='bbox 1139 2462 1352 2520; x_wconf 85' lang='lat' dir='ltr'><strong>magno,</strong></span> <span class='ocrx_word' id='word_1_342' title='bbox 1377 2462 1486 2503; x_wconf 90' lang='lat' dir='ltr'><strong>non</strong></span> <span class='ocrx_word' id='word_1_343' title='bbox 1505 2456 1682 2503; x_wconf 87' lang='lat' dir='ltr'><strong>tamen</strong></span> <span class='ocrx_word' id='word_1_344' title='bbox 1706 2458 1919 2503; x_wconf 89' lang='lat' dir='ltr'><strong>summo</strong></span> <span class='ocrx_word' id='word_1_345' title='bbox 1948 2463 1963 2514; x_wconf 91' lang='lat'><strong>;</strong></span> 
     </span>
    </p>
   </div>
   <div class='ocr_carea' id='block_1_42' title="bbox 372 2538 1974 2617">
    <p class='ocr_par' dir='ltr' id='par_1_42' title="bbox 372 2538 1974 2617">
     <span class='ocr_line' id='line_1_42' title="bbox 372 2538 1974 2617; baseline 0 -19"><span class='ocrx_word' id='word_1_346' title='bbox 372 2554 535 2617; x_wconf 83' lang='lat' dir='ltr'><strong>atque</strong></span> <span class='ocrx_word' id='word_1_347' title='bbox 571 2560 639 2600; x_wconf 84' lang='lat' dir='ltr'><strong>ex</strong></span> <span class='ocrx_word' id='word_1_348' title='bbox 676 2541 976 2604; x_wconf 82' lang='lat' dir='ltr'><strong>defectione</strong></span> <span class='ocrx_word' id='word_1_349' title='bbox 1000 2539 1200 2609; x_wconf 68' lang='lat' dir='ltr'><strong>aemuli,</strong></span> <span class='ocrx_word' id='word_1_350' title='bbox 1228 2539 1570 2617; x_wconf 70' lang='lat' dir='ltr'><strong>s_o_litt_td_i_nem</strong></span> <span class='ocrx_word' id='word_1_351' title='bbox 1597 2538 1881 2617; x_wconf 72' lang='lat' dir='ltr'><strong>quamdam</strong></span> <span class='ocrx_word' id='word_1_352' title='bbox 1905 2539 1974 2598; x_wconf 90' lang='lat' dir='ltr'><strong>de</strong></span> 
     </span>
    </p>
   </div>
   <div class='ocr_carea' id='block_1_43' title="bbox 1228 2611 1431 2620">
    <p class='ocr_par' dir='ltr' id='par_1_43' title="bbox 1228 2611 1431 2620">
     <span class='ocr_line' id='line_1_43' title="bbox 1228 2611 1431 2620; baseline -0.01 0"><span class='ocrx_word' id='word_1_353' title='bbox 1228 2611 1431 2620; x_wconf 80' lang='lat'><strong>——__...—</strong></span> 
     </span>
    </p>
   </div>
   <div class='ocr_carea' id='block_1_44' title="bbox 263 2632 1970 2710">
    <p class='ocr_par' dir='ltr' id='par_1_44' title="bbox 263 2632 1970 2710">
     <span class='ocr_line' id='line_1_44' title="bbox 263 2632 1970 2710; baseline -0.006 -13"><span class='ocrx_word' id='word_1_354' title='bbox 263 2686 268 2697; x_wconf 48' lang='grc' dir='ltr'><em>ν</em></span> <span class='ocrx_word' id='word_1_355' title='bbox 312 2665 336 2689; x_wconf 73' lang='grc' dir='ltr'><em>ο</em></span> <span class='ocrx_word' id='word_1_356' title='bbox 377 2634 753 2710; x_wconf 79' lang='lat' dir='ltr'><strong>singularitate</strong></span> <span class='ocrx_word' id='word_1_357' title='bbox 778 2634 1107 2709; x_wconf 65' lang='lat' dir='ltr'><strong>praestantiae</strong></span> <span class='ocrx_word' id='word_1_358' title='bbox 1140 2646 1251 2689; x_wconf 78' lang='lat' dir='ltr'><strong>sute</strong></span> <span class='ocrx_word' id='word_1_359' title='bbox 1281 2632 1590 2707; x_wconf 82' lang='lat' dir='ltr'><strong>possidens,</strong></span> <span class='ocrx_word' id='word_1_360' title='bbox 1625 2633 1838 2687; x_wconf 88' lang='lat' dir='ltr'><strong>unicum</strong></span> <span class='ocrx_word' id='word_1_361' title='bbox 1869 2641 1970 2687; x_wconf 88' lang='lat' dir='ltr'><strong>est.</strong></span> 
     </span>
    </p>
   </div>
   <div class='ocr_carea' id='block_1_45' title="bbox 27 3520 295 3584">
    <p class='ocr_par' dir='ltr' id='par_1_45' title="bbox 27 3520 295 3584">
     <span class='ocr_line' id='line_1_45' title="bbox 27 3520 295 3584; baseline -0.022 -3"><span class='ocrx_word' id='word_1_362' title='bbox 27 3520 295 3584; x_wconf 59' lang='lat' dir='ltr'><strong>Valentinu-</strong></span> 
     </span>
    </p>
   </div>
   <div class='ocr_carea' id='block_1_46' title="bbox 374 2717 1979 2798">
    <p class='ocr_par' dir='ltr' id='par_1_46' title="bbox 374 2717 1979 2798">
     <span class='ocr_line' id='line_1_46' title="bbox 374 2717 1979 2798; baseline -0.002 -13"><span class='ocrx_word' id='word_1_363' title='bbox 374 2727 741 2787; x_wconf 89' lang='lat' dir='ltr'><strong>lneluctabilis</strong></span> <span class='ocrx_word' id='word_1_364' title='bbox 782 2726 884 2783; x_wconf 88' lang='lat' dir='ltr'><strong>iste</strong></span> <span class='ocrx_word' id='word_1_365' title='bbox 915 2724 1226 2798; x_wconf 87' lang='lat' dir='ltr'><strong>complexus</strong></span> <span class='ocrx_word' id='word_1_366' title='bbox 1258 2725 1312 2782; x_wconf 92' lang='lat' dir='ltr'><strong>in</strong></span> <span class='ocrx_word' id='word_1_367' title='bbox 1365 2725 1468 2783; x_wconf 88' lang='lat' dir='ltr'><strong>hoc</strong></span> <span class='ocrx_word' id='word_1_368' title='bbox 1498 2727 1817 2782; x_wconf 89' lang='lat' dir='ltr'><strong>sententiam</strong></span> <span class='ocrx_word' id='word_1_369' title='bbox 1849 2717 1979 2781; x_wconf 61' lang='lat' dir='ltr'><strong>coni</strong></span> 
     </span>
    </p>
   </div>
   <div class='ocr_carea' id='block_1_47' title="bbox 374 2817 1971 2893">
    <p class='ocr_par' dir='ltr' id='par_1_47' title="bbox 374 2817 1971 2893">
     <span class='ocr_line' id='line_1_47' title="bbox 374 2817 1971 2893; baseline -0.004 -15"><span class='ocrx_word' id='word_1_370' title='bbox 374 2819 718 2893; x_wconf 84' lang='lat' dir='ltr'><strong>stringit,aut</strong></span> <span class='ocrx_word' id='word_1_371' title='bbox 745 2817 1047 2891; x_wconf 85' lang='lat' dir='ltr'><strong>negandum</strong></span> <span class='ocrx_word' id='word_1_372' title='bbox 1074 2817 1380 2874; x_wconf 76' lang='lat' dir='ltr'><strong>Deumesse</strong></span> <span class='ocrx_word' id='word_1_373' title='bbox 1400 2832 1667 2873; x_wconf 89' lang='lat' dir='ltr'><strong>summum</strong></span> <span class='ocrx_word' id='word_1_374' title='bbox 1700 2832 1971 2889; x_wconf 84' lang='lat' dir='ltr'><strong>magnum,</strong></span> 
     </span>
    </p>
   </div>
   <div class='ocr_carea' id='block_1_48' title="bbox 376 2911 1974 2988">
    <p class='ocr_par' dir='ltr' id='par_1_48' title="bbox 376 2911 1974 2988">
     <span class='ocr_line' id='line_1_48' title="bbox 376 2911 1974 2988; baseline -0.001 -17"><span class='ocrx_word' id='word_1_375' title='bbox 376 2913 519 2986; x_wconf 90' lang='lat' dir='ltr'><strong>quod</strong></span> <span class='ocrx_word' id='word_1_376' title='bbox 544 2928 706 2970; x_wconf 90' lang='lat' dir='ltr'><strong>nemo</strong></span> <span class='ocrx_word' id='word_1_377' title='bbox 735 2912 968 2988; x_wconf 88' lang='lat' dir='ltr'><strong>patietur</strong></span> <span class='ocrx_word' id='word_1_378' title='bbox 981 2912 1197 2985; x_wconf 88' lang='lat' dir='ltr'><strong>sapiens</strong></span> <span class='ocrx_word' id='word_1_379' title='bbox 1219 2954 1236 2982; x_wconf 96' lang='lat'><strong>,</strong></span> <span class='ocrx_word' id='word_1_380' title='bbox 1281 2920 1373 2968; x_wconf 86' lang='lat' dir='ltr'><strong>aut</strong></span> <span class='ocrx_word' id='word_1_381' title='bbox 1401 2911 1533 2968; x_wconf 92' lang='lat' dir='ltr'><strong>nulli</strong></span> <span class='ocrx_word' id='word_1_382' title='bbox 1561 2911 1652 2968; x_wconf 89' lang='lat' dir='ltr'><strong>alii</strong></span> <span class='ocrx_word' id='word_1_383' title='bbox 1674 2912 1974 2969; x_wconf 89' lang='lat' dir='ltr'><strong>communi-</strong></span> 
     </span>
    </p>
   </div>
   <div class='ocr_carea' id='block_1_49' title="bbox 377 3007 827 3068">
    <p class='ocr_par' dir='ltr' id='par_1_49' title="bbox 377 3007 827 3068">
     <span class='ocr_line' id='line_1_49' title="bbox 377 3007 827 3068; baseline -0.007 0"><span class='ocrx_word' id='word_1_384' title='bbox 377 3007 631 3068; x_wconf 88' lang='lat' dir='ltr'><strong>candum.</strong></span> <span class='ocrx_word' id='word_1_385' title='bbox 826 3024 827 3027; x_wconf 69' lang='lat'>‘</span> 
     </span>
    </p>
   </div>
   <div class='ocr_carea' id='block_1_50' title="bbox 528 3097 1337 3182">
    <p class='ocr_par' dir='ltr' id='par_1_50' title="bbox 528 3097 1337 3182">
     <span class='ocr_line' id='line_1_50' title="bbox 528 3097 1337 3182; baseline -0.009 -22"><span class='ocrx_word' id='word_1_386' title='bbox 528 3170 539 3182; x_wconf 47' lang='grc'><em>,</em></span> <span class='ocrx_word' id='word_1_387' title='bbox 588 3152 597 3159; x_wconf 77' lang='lat'><strong>.</strong></span> <span class='ocrx_word' id='word_1_388' title='bbox 1004 3097 1231 3157; x_wconf 84' lang='lat' dir='ltr'><strong>CAPUT</strong></span> <span class='ocrx_word' id='word_1_389' title='bbox 1273 3097 1337 3154; x_wconf 90' lang='lat' dir='ltr'><strong>v.</strong></span> 
     </span>
    </p>
   </div>
   <div class='ocr_carea' id='block_1_51' title="bbox 453 3189 1975 3263">
    <p class='ocr_par' dir='ltr' id='par_1_51' title="bbox 453 3189 1975 3263">
     <span class='ocr_line' id='line_1_51' title="bbox 453 3189 1975 3263; baseline 0.001 -15"><span class='ocrx_word' id='word_1_390' title='bbox 453 3192 692 3263; x_wconf 67' lang='lat' dir='ltr'><strong>Autqua:</strong></span> <span class='ocrx_word' id='word_1_391' title='bbox 713 3189 851 3247; x_wconf 84' lang='lat' dir='ltr'><strong>ratio</strong></span> <span class='ocrx_word' id='word_1_392' title='bbox 867 3189 978 3247; x_wconf 89' lang='lat' dir='ltr'><strong>duo</strong></span> <span class='ocrx_word' id='word_1_393' title='bbox 993 3203 1199 3246; x_wconf 88' lang='lat' dir='ltr'><strong>summa</strong></span> <span class='ocrx_word' id='word_1_394' title='bbox 1223 3204 1413 3261; x_wconf 87' lang='lat' dir='ltr'><strong>magna</strong></span> <span class='ocrx_word' id='word_1_395' title='bbox 1435 3192 1771 3263; x_wconf 85' lang='lat' dir='ltr'><strong>composuit?</strong></span> <span class='ocrx_word' id='word_1_396' title='bbox 1793 3193 1975 3250; x_wconf 87' lang='lat' dir='ltr'><strong>Primo</strong></span> 
     </span>
    </p>
   </div>
   <div class='ocr_carea' id='block_1_52' title="bbox 381 3282 1975 3358">
    <p class='ocr_par' dir='ltr' id='par_1_52' title="bbox 381 3282 1975 3358">
     <span class='ocr_line' id='line_1_52' title="bbox 381 3282 1975 3358; baseline 0.001 -17"><span class='ocrx_word' id='word_1_397' title='bbox 381 3282 525 3342; x_wconf 89' lang='lat' dir='ltr'><strong>enim</strong></span> <span class='ocrx_word' id='word_1_398' title='bbox 552 3284 762 3357; x_wconf 79' lang='lat' dir='ltr'><strong>exigam</strong></span> <span class='ocrx_word' id='word_1_399' title='bbox 789 3298 888 3341; x_wconf 88' lang='lat' dir='ltr'><strong>cur</strong></span> <span class='ocrx_word' id='word_1_400' title='bbox 912 3297 1019 3341; x_wconf 92' lang='lat' dir='ltr'><strong>non</strong></span> <span class='ocrx_word' id='word_1_401' title='bbox 1050 3282 1229 3355; x_wconf 88' lang='lat' dir='ltr'><strong>plura,</strong></span> <span class='ocrx_word' id='word_1_402' title='bbox 1247 3283 1292 3339; x_wconf 89' lang='lat' dir='ltr'><strong>si</strong></span> <span class='ocrx_word' id='word_1_403' title='bbox 1319 3282 1467 3339; x_wconf 79' lang='lat' dir='ltr'><strong>duo?</strong></span> <span class='ocrx_word' id='word_1_404' title='bbox 1490 3282 1706 3355; x_wconf 89' lang='lat' dir='ltr'><strong>quando</strong></span> <span class='ocrx_word' id='word_1_405' title='bbox 1727 3285 1975 3358; x_wconf 89' lang='lat' dir='ltr'><strong>locuple-</strong></span> 
     </span>
    </p>
   </div>
   <div class='ocr_carea' id='block_1_53' title="bbox 381 3376 1975 3450">
    <p class='ocr_par' dir='ltr' id='par_1_53' title="bbox 381 3376 1975 3450">
     <span class='ocr_line' id='line_1_53' title="bbox 381 3376 1975 3450; baseline 0.001 -15"><span class='ocrx_word' id='word_1_406' title='bbox 381 3378 574 3435; x_wconf 87' lang='lat' dir='ltr'><strong>tiorem</strong></span> <span class='ocrx_word' id='word_1_407' title='bbox 594 3385 869 3450; x_wconf 86' lang='lat' dir='ltr'><strong>oporteret</strong></span> <span class='ocrx_word' id='word_1_408' title='bbox 887 3376 1035 3434; x_wconf 88' lang='lat' dir='ltr'><strong>credi</strong></span> <span class='ocrx_word' id='word_1_409' title='bbox 1050 3378 1402 3435; x_wconf 86' lang='lat' dir='ltr'><strong>substantiam</strong></span> <span class='ocrx_word' id='word_1_410' title='bbox 1420 3377 1732 3448; x_wconf 88' lang='lat' dir='ltr'><strong>divinitatis,</strong></span> <span class='ocrx_word' id='word_1_411' title='bbox 1761 3380 1804 3436; x_wconf 92' lang='lat' dir='ltr'><strong>si</strong></span> <span class='ocrx_word' id='word_1_412' title='bbox 1821 3397 1975 3438; x_wconf 91' lang='lat' dir='ltr'><strong>com-</strong></span> 
     </span>
    </p>
   </div>
   <div class='ocr_carea' id='block_1_54' title="bbox 383 3469 1977 3546">
    <p class='ocr_par' dir='ltr' id='par_1_54' title="bbox 383 3469 1977 3546">
     <span class='ocr_line' id='line_1_54' title="bbox 383 3469 1977 3546; baseline 0.003 -19"><span class='ocrx_word' id='word_1_413' title='bbox 383 3474 592 3546; x_wconf 82' lang='lat' dir='ltr'><strong>peteret</strong></span> <span class='ocrx_word' id='word_1_414' title='bbox 617 3480 671 3528; x_wconf 90' lang='lat' dir='ltr'><strong>et</strong></span> <span class='ocrx_word' id='word_1_415' title='bbox 698 3470 957 3528; x_wconf 89' lang='lat' dir='ltr'><strong>numeris.</strong></span> <span class='ocrx_word' id='word_1_416' title='bbox 989 3469 1065 3543; x_wconf 85' lang='grc' dir='ltr'><strong>(α)</strong></span> <span class='ocrx_word' id='word_1_417' title='bbox 1096 3469 1384 3527; x_wconf 81' lang='lat' dir='ltr'><strong>Honestior</strong></span> <span class='ocrx_word' id='word_1_418' title='bbox 1403 3480 1459 3527; x_wconf 90' lang='lat' dir='ltr'><strong>et</strong></span> <span class='ocrx_word' id='word_1_419' title='bbox 1485 3471 1759 3529; x_wconf 86' lang='lat' dir='ltr'><strong>liberalior</strong></span> <span class='ocrx_word' id='word_1_420' title='bbox 1782 3472 1977 3531; x_wconf 84' lang='lat' dir='ltr'><strong>Valen-</strong></span> 
     </span>
    </p>
   </div>
   <div class='ocr_carea' id='block_1_55' title="bbox 336 3562 1982 3649">
    <p class='ocr_par' dir='ltr' id='par_1_55' title="bbox 336 3562 1982 3649">
     <span class='ocr_line' id='line_1_55' title="bbox 336 3562 1982 3649; baseline 0.004 -30"><span class='ocrx_word' id='word_1_421' title='bbox 336 3581 351 3649; x_wconf 56' lang='grc' dir='ltr'><em>τ</em></span> <span class='ocrx_word' id='word_1_422' title='bbox 385 3563 552 3630; x_wconf 88' lang='lat' dir='ltr'><strong>tinus,</strong></span> <span class='ocrx_word' id='word_1_423' title='bbox 571 3563 661 3635; x_wconf 92' lang='lat' dir='ltr'><strong>qui</strong></span> <span class='ocrx_word' id='word_1_424' title='bbox 678 3562 834 3619; x_wconf 86' lang='lat' dir='ltr'><strong>simul</strong></span> <span class='ocrx_word' id='word_1_425' title='bbox 856 3576 1020 3618; x_wconf 88' lang='lat' dir='ltr'><strong>ausus</strong></span> <span class='ocrx_word' id='word_1_426' title='bbox 1046 3570 1130 3619; x_wconf 88' lang='lat' dir='ltr'><strong>est</strong></span> <span class='ocrx_word' id='word_1_427' title='bbox 1156 3562 1291 3618; x_wconf 91' lang='lat' dir='ltr'><strong>duos</strong></span> <span class='ocrx_word' id='word_1_428' title='bbox 1315 3562 1619 3642; x_wconf 80' lang='lat' dir='ltr'><strong>concipere,</strong></span> <span class='ocrx_word' id='word_1_429' title='bbox 1658 3564 1879 3637; x_wconf 84' lang='lat' dir='ltr'><strong>Bython’</strong></span> <span class='ocrx_word' id='word_1_430' title='bbox 1899 3568 1982 3639; x_wconf 84' lang='lat'><strong>(5)</strong></span> 
     </span>
    </p>
   </div>
   <div class='ocr_carea' id='block_1_56' title="bbox 386 3652 1984 3727">
    <p class='ocr_par' dir='ltr' id='par_1_56' title="bbox 386 3652 1984 3727">
     <span class='ocr_line' id='line_1_56' title="bbox 386 3652 1984 3727; baseline -0.002 -15"><span class='ocrx_word' id='word_1_431' title='bbox 386 3663 440 3712; x_wconf 88' lang='lat' dir='ltr'><strong>et</strong></span> <span class='ocrx_word' id='word_1_432' title='bbox 475 3654 638 3726; x_wconf 83' lang='lat' dir='ltr'><strong>Sigen</strong></span> <span class='ocrx_word' id='word_1_433' title='bbox 671 3673 684 3710; x_wconf 92' lang='lat'><strong>:</strong></span> <span class='ocrx_word' id='word_1_434' title='bbox 731 3669 853 3711; x_wconf 89' lang='lat' dir='ltr'><strong>cum</strong></span> <span class='ocrx_word' id='word_1_435' title='bbox 898 3652 1013 3726; x_wconf 84' lang='lat'><strong>(6)</strong></span> <span class='ocrx_word' id='word_1_436' title='bbox 1049 3669 1218 3726; x_wconf 88' lang='lat' dir='ltr'><strong>usque</strong></span> <span class='ocrx_word' id='word_1_437' title='bbox 1257 3653 1323 3710; x_wconf 88' lang='lat' dir='ltr'><strong>ad</strong></span> <span class='ocrx_word' id='word_1_438' title='bbox 1355 3655 1570 3727; x_wconf 84' lang='lat' dir='ltr'><strong>triginta</strong></span> <span class='ocrx_word' id='word_1_439' title='bbox 1630 3671 1843 3712; x_wconf 66' lang='lat' dir='ltr'><strong>arcuum</strong></span> <span class='ocrx_word' id='word_1_440' title='bbox 1885 3657 1984 3715; x_wconf 72' lang='lat' dir='ltr'><strong>fm-</strong></span> 
     </span>
    </p>
   </div>
   <div class='ocr_carea' id='block_1_57' title="bbox 386 3744 1985 3822">
    <p class='ocr_par' dir='ltr' id='par_1_57' title="bbox 386 3744 1985 3822">
     <span class='ocr_line' id='line_1_57' title="bbox 386 3744 1985 3822; baseline 0.002 -18"><span class='ocrx_word' id='word_1_441' title='bbox 386 3756 504 3815; x_wconf 87' lang='lat' dir='ltr'><strong>tus,</strong></span> <span class='ocrx_word' id='word_1_442' title='bbox 534 3746 610 3822; x_wconf 85' lang='lat' dir='ltr'><strong>(b)</strong></span> <span class='ocrx_word' id='word_1_443' title='bbox 637 3756 903 3818; x_wconf 85' lang='lat' dir='ltr'><strong>tamquam</strong></span> <span class='ocrx_word' id='word_1_444' title='bbox 931 3744 1140 3803; x_wconf 68' lang='lat' dir='ltr'><strong>IEnela:</strong></span> <span class='ocrx_word' id='word_1_445' title='bbox 1167 3745 1248 3820; x_wconf 89' lang='lat'><strong>(7)</strong></span> <span class='ocrx_word' id='word_1_446' title='bbox 1284 3746 1563 3819; x_wconf 82' lang='lat' dir='ltr'><strong>scropltae,</strong></span> <span class='ocrx_word' id='word_1_447' title='bbox 1594 3761 1817 3805; x_wconf 90' lang='lat' dir='ltr'><strong>examen</strong></span> <span class='ocrx_word' id='word_1_448' title='bbox 1840 3749 1985 3807; x_wconf 84' lang='lat' dir='ltr'><strong>divi-</strong></span> 
     </span>
    </p>
   </div>
   <div class='ocr_carea' id='block_1_58' title="bbox 386 3842 1982 3918">
    <p class='ocr_par' dir='ltr' id='par_1_58' title="bbox 386 3842 1982 3918">
     <span class='ocr_line' id='line_1_58' title="bbox 386 3842 1982 3918; baseline 0.003 -16"><span class='ocrx_word' id='word_1_449' title='bbox 386 3843 570 3903; x_wconf 86' lang='lat' dir='ltr'><strong>nitatis</strong></span> <span class='ocrx_word' id='word_1_450' title='bbox 588 3843 793 3901; x_wconf 87' lang='lat' dir='ltr'><strong>effudit.</strong></span> <span class='ocrx_word' id='word_1_451' title='bbox 823 3843 1189 3915; x_wconf 64' lang='lat' dir='ltr'><strong>Quaecumque</strong></span> <span class='ocrx_word' id='word_1_452' title='bbox 1218 3842 1357 3899; x_wconf 90' lang='lat' dir='ltr'><strong>ratio</strong></span> <span class='ocrx_word' id='word_1_453' title='bbox 1383 3842 1533 3915; x_wconf 84' lang='lat' dir='ltr'><strong>plura</strong></span> <span class='ocrx_word' id='word_1_454' title='bbox 1551 3858 1759 3900; x_wconf 88' lang='lat' dir='ltr'><strong>summa</strong></span> <span class='ocrx_word' id='word_1_455' title='bbox 1786 3860 1982 3918; x_wconf 84' lang='lat' dir='ltr'><strong>magna</strong></span> 
     </span>
    </p>
   </div>
   <div class='ocr_carea' id='block_1_59' title="bbox 385 3930 1980 4013">
    <p class='ocr_par' dir='ltr' id='par_1_59' title="bbox 385 3930 1980 4013">
     <span class='ocr_line' id='line_1_59' title="bbox 385 3930 1980 4013; baseline 0.002 -17"><span class='ocrx_word' id='word_1_456' title='bbox 385 3930 495 3997; x_wconf 82' lang='lat' dir='ltr'><strong>no&#39;n</strong></span> <span class='ocrx_word' id='word_1_457' title='bbox 532 3936 733 4013; x_wconf 86' lang='lat' dir='ltr'><strong>patitur</strong></span> <span class='ocrx_word' id='word_1_458' title='bbox 769 3935 979 3993; x_wconf 85' lang='lat' dir='ltr'><strong>admitti</strong></span> <span class='ocrx_word' id='word_1_459' title='bbox 1001 3976 1018 4004; x_wconf 91' lang='lat'><strong>,</strong></span> <span class='ocrx_word' id='word_1_460' title='bbox 1062 3933 1255 3993; x_wconf 90' lang='lat' dir='ltr'><strong>eadem</strong></span> <span class='ocrx_word' id='word_1_461' title='bbox 1282 3950 1383 3994; x_wconf 89' lang='lat' dir='ltr'><strong>nec</strong></span> <span class='ocrx_word' id='word_1_462' title='bbox 1408 3934 1549 4004; x_wconf 92' lang='lat' dir='ltr'><strong>duo,</strong></span> <span class='ocrx_word' id='word_1_463' title='bbox 1591 3943 1649 3993; x_wconf 90' lang='lat' dir='ltr'><strong>ut</strong></span> <span class='ocrx_word' id='word_1_464' title='bbox 1679 3936 1794 4009; x_wconf 90' lang='lat' dir='ltr'><strong>ipsa</strong></span> <span class='ocrx_word' id='word_1_465' title='bbox 1828 3939 1980 4011; x_wconf 85' lang='lat' dir='ltr'><strong>plura</strong></span> 
     </span>
    </p>
   </div>
   <div class='ocr_carea' id='block_1_60' title="bbox 2072 1798 3673 1874">
    <p class='ocr_par' dir='ltr' id='par_1_60' title="bbox 2072 1798 3673 1874">
     <span class='ocr_line' id='line_1_60' title="bbox 2072 1798 3673 1874; baseline -0.002 -16"><span class='ocrx_word' id='word_1_466' title='bbox 2072 1802 2226 1869; x_wconf 90' lang='lat' dir='ltr'><strong>dunt,</strong></span> <span class='ocrx_word' id='word_1_467' title='bbox 2256 1802 2620 1874; x_wconf 83' lang='lat' dir='ltr'><strong>praestantiam</strong></span> <span class='ocrx_word' id='word_1_468' title='bbox 2650 1817 2760 1857; x_wconf 91' lang='lat' dir='ltr'><strong>non</strong></span> <span class='ocrx_word' id='word_1_469' title='bbox 2786 1800 3066 1859; x_wconf 83' lang='lat' dir='ltr'><strong>habentes.</strong></span> <span class='ocrx_word' id='word_1_470' title='bbox 3094 1798 3357 1855; x_wconf 84' lang='lat' dir='ltr'><strong>Numerus</strong></span> <span class='ocrx_word' id='word_1_471' title='bbox 3385 1810 3565 1855; x_wconf 84' lang='lat' dir='ltr'><strong>autem</strong></span> <span class='ocrx_word' id='word_1_472' title='bbox 3589 1800 3673 1855; x_wconf 83' lang='lat' dir='ltr'><strong>di-</strong></span> 
     </span>
    </p>
   </div>
   <div class='ocr_carea' id='block_1_61' title="bbox 2072 1890 3675 1966">
    <p class='ocr_par' dir='ltr' id='par_1_61' title="bbox 2072 1890 3675 1966">
     <span class='ocr_line' id='line_1_61' title="bbox 2072 1890 3675 1966; baseline -0.002 -14"><span class='ocrx_word' id='word_1_473' title='bbox 2072 1897 2308 1953; x_wconf 87' lang='lat' dir='ltr'><strong>vinitatis</strong></span> <span class='ocrx_word' id='word_1_474' title='bbox 2345 1911 2552 1952; x_wconf 90' lang='lat' dir='ltr'><strong>summa</strong></span> <span class='ocrx_word' id='word_1_475' title='bbox 2597 1896 2807 1952; x_wconf 90' lang='lat' dir='ltr'><strong>ratione</strong></span> <span class='ocrx_word' id='word_1_476' title='bbox 2849 1890 3099 1952; x_wconf 83' lang='lat' dir='ltr'><strong>constare</strong></span> <span class='ocrx_word' id='word_1_477' title='bbox 3126 1894 3369 1963; x_wconf 87' lang='lat' dir='ltr'><strong>deberet,</strong></span> <span class='ocrx_word' id='word_1_478' title='bbox 3417 1895 3506 1951; x_wconf 88' lang='lat' dir='ltr'><strong>vel</strong></span> <span class='ocrx_word' id='word_1_479' title='bbox 3534 1910 3675 1966; x_wconf 79' lang='lat' dir='ltr'><strong>quo-</strong></span> 
     </span>
    </p>
   </div>
   <div class='ocr_carea' id='block_1_62' title="bbox 2071 1988 3677 2062">
    <p class='ocr_par' dir='ltr' id='par_1_62' title="bbox 2071 1988 3677 2062">
     <span class='ocr_line' id='line_1_62' title="bbox 2071 1988 3677 2062; baseline 0.001 -16"><span class='ocrx_word' id='word_1_480' title='bbox 2071 1990 2215 2046; x_wconf 90' lang='lat' dir='ltr'><strong>niam</strong></span> <span class='ocrx_word' id='word_1_481' title='bbox 2264 1991 2561 2047; x_wconf 83' lang='lat' dir='ltr'><strong>et&#39;cnltura</strong></span> <span class='ocrx_word' id='word_1_482' title='bbox 2619 1991 2738 2062; x_wconf 77' lang='lat' dir='ltr'><strong>eius</strong></span> <span class='ocrx_word' id='word_1_483' title='bbox 2781 1990 2833 2046; x_wconf 94' lang='lat' dir='ltr'><strong>in</strong></span> <span class='ocrx_word' id='word_1_484' title='bbox 2878 2005 3077 2062; x_wconf 88' lang='lat' dir='ltr'><strong>anceps</strong></span> <span class='ocrx_word' id='word_1_485' title='bbox 3118 1988 3495 2049; x_wconf 86' lang='lat' dir='ltr'><strong>deduceretur.</strong></span> <span class='ocrx_word' id='word_1_486' title='bbox 3524 1989 3677 2047; x_wconf 87' lang='lat' dir='ltr'><strong>Ecce</strong></span> 
     </span>
    </p>
   </div>
   <div class='ocr_carea' id='block_1_63' title="bbox 2069 2080 3652 2154">
    <p class='ocr_par' dir='ltr' id='par_1_63' title="bbox 2069 2080 3652 2154">
     <span class='ocr_line' id='line_1_63' title="bbox 2069 2080 3652 2154; baseline -0.001 -14"><span class='ocrx_word' id='word_1_487' title='bbox 2069 2083 2234 2150; x_wconf 91' lang='lat' dir='ltr'><strong>enim,</strong></span> <span class='ocrx_word' id='word_1_488' title='bbox 2262 2080 2396 2139; x_wconf 91' lang='lat' dir='ltr'><strong>duos</strong></span> <span class='ocrx_word' id='word_1_489' title='bbox 2413 2083 2626 2139; x_wconf 89' lang='lat' dir='ltr'><strong>intuens</strong></span> <span class='ocrx_word' id='word_1_490' title='bbox 2646 2082 2777 2138; x_wconf 88' lang='lat' dir='ltr'><strong>deos</strong></span> <span class='ocrx_word' id='word_1_491' title='bbox 2802 2091 2910 2138; x_wconf 89' lang='lat' dir='ltr'><strong>tam</strong></span> <span class='ocrx_word' id='word_1_492' title='bbox 2934 2098 3088 2154; x_wconf 89' lang='lat' dir='ltr'><strong>pares</strong></span> <span class='ocrx_word' id='word_1_493' title='bbox 3116 2097 3274 2154; x_wconf 89' lang='lat' dir='ltr'><strong>quam</strong></span> <span class='ocrx_word' id='word_1_494' title='bbox 3306 2083 3413 2139; x_wconf 90' lang='lat' dir='ltr'><strong>duo</strong></span> <span class='ocrx_word' id='word_1_495' title='bbox 3439 2097 3652 2139; x_wconf 91' lang='lat' dir='ltr'><strong>summa</strong></span> 
     </span>
    </p>
   </div>
   <div class='ocr_carea' id='block_1_64' title="bbox 2075 2171 3678 2247">
    <p class='ocr_par' dir='ltr' id='par_1_64' title="bbox 2075 2171 3678 2247">
     <span class='ocr_line' id='line_1_64' title="bbox 2075 2171 3678 2247; baseline -0.001 -17"><span class='ocrx_word' id='word_1_496' title='bbox 2075 2190 2263 2247; x_wconf 86' lang='lat' dir='ltr'><strong>magna</strong></span> <span class='ocrx_word' id='word_1_497' title='bbox 2292 2215 2308 2241; x_wconf 89' lang='lat'><strong>,</strong></span> <span class='ocrx_word' id='word_1_498' title='bbox 2336 2173 2463 2246; x_wconf 90' lang='lat' dir='ltr'><strong>quid</strong></span> <span class='ocrx_word' id='word_1_499' title='bbox 2516 2173 2797 2230; x_wconf 88' lang='lat' dir='ltr'><strong>facerem?</strong></span> <span class='ocrx_word' id='word_1_500' title='bbox 2849 2171 2905 2230; x_wconf 90' lang='lat' dir='ltr'><strong>Si</strong></span> <span class='ocrx_word' id='word_1_501' title='bbox 2937 2174 3132 2229; x_wconf 87' lang='lat' dir='ltr'><strong>ambos</strong></span> <span class='ocrx_word' id='word_1_502' title='bbox 3158 2173 3414 2240; x_wconf 88' lang='lat' dir='ltr'><strong>colerem,</strong></span> <span class='ocrx_word' id='word_1_503' title='bbox 3450 2189 3678 2230; x_wconf 89' lang='lat' dir='ltr'><strong>vererer</strong></span> 
     </span>
    </p>
   </div>
   <div class='ocr_carea' id='block_1_65' title="bbox 2073 2264 3675 2347">
    <p class='ocr_par' dir='ltr' id='par_1_65' title="bbox 2073 2264 3675 2347">
     <span class='ocr_line' id='line_1_65' title="bbox 2073 2264 3675 2347; baseline -0.003 -21"><span class='ocrx_word' id='word_1_504' title='bbox 2073 2284 2143 2326; x_wconf 90' lang='lat' dir='ltr'><strong>ne</strong></span> <span class='ocrx_word' id='word_1_505' title='bbox 2160 2312 2175 2335; x_wconf 94' lang='lat'><strong>,</strong></span> <span class='ocrx_word' id='word_1_506' title='bbox 2201 2267 2524 2347; x_wconf 79' lang='lat' dir='ltr'><strong>abundantia</strong></span> <span class='ocrx_word' id='word_1_507' title='bbox 2553 2265 2736 2333; x_wconf 77' lang='lat' dir='ltr'><strong>officii,</strong></span> <span class='ocrx_word' id='word_1_508' title='bbox 2764 2266 3073 2337; x_wconf 89' lang='lat' dir='ltr'><strong>superstitio</strong></span> <span class='ocrx_word' id='word_1_509' title='bbox 3099 2265 3276 2336; x_wconf 88' lang='lat' dir='ltr'><strong>potius</strong></span> <span class='ocrx_word' id='word_1_510' title='bbox 3297 2280 3457 2337; x_wconf 83' lang='lat' dir='ltr'><strong>quam</strong></span> <span class='ocrx_word' id='word_1_511' title='bbox 3480 2264 3675 2336; x_wconf 84' lang='lat' dir='ltr'><strong>religio</strong></span> 
     </span>
    </p>
   </div>
   <div class='ocr_carea' id='block_1_66' title="bbox 2075 2358 3695 2433">
    <p class='ocr_par' dir='ltr' id='par_1_66' title="bbox 2075 2358 3695 2433">
     <span class='ocr_line' id='line_1_66' title="bbox 2075 2358 3695 2433; baseline -0.003 -15"><span class='ocrx_word' id='word_1_512' title='bbox 2075 2361 2518 2427; x_wconf 84' lang='lat' dir='ltr'><strong>existimaretur;</strong></span> <span class='ocrx_word' id='word_1_513' title='bbox 2569 2360 2692 2433; x_wconf 85' lang='lat' dir='ltr'><strong>quia</strong></span> <span class='ocrx_word' id='word_1_514' title='bbox 2748 2358 2883 2415; x_wconf 94' lang='lat' dir='ltr'><strong>duos</strong></span> <span class='ocrx_word' id='word_1_515' title='bbox 2933 2367 3037 2414; x_wconf 84' lang='lat' dir='ltr'><strong>tam</strong></span> <span class='ocrx_word' id='word_1_516' title='bbox 3088 2373 3268 2428; x_wconf 88' lang='lat' dir='ltr'><strong>pares,</strong></span> <span class='ocrx_word' id='word_1_517' title='bbox 3307 2369 3363 2414; x_wconf 91' lang='lat' dir='ltr'><strong>et</strong></span> <span class='ocrx_word' id='word_1_518' title='bbox 3409 2358 3461 2412; x_wconf 91' lang='lat' dir='ltr'><strong>in</strong></span> <span class='ocrx_word' id='word_1_519' title='bbox 3499 2359 3695 2414; x_wconf 74' lang='lat' dir='ltr'><strong>altero‘</strong></span> 
     </span>
    </p>
   </div>
   <div class='ocr_carea' id='block_1_67' title="bbox 2075 2449 3678 2523">
    <p class='ocr_par' dir='ltr' id='par_1_67' title="bbox 2075 2449 3678 2523">
     <span class='ocr_line' id='line_1_67' title="bbox 2075 2449 3678 2523; baseline -0.002 -14"><span class='ocrx_word' id='word_1_520' title='bbox 2075 2454 2283 2521; x_wconf 85' lang='lat' dir='ltr'><strong>ambos,</strong></span> <span class='ocrx_word' id='word_1_521' title='bbox 2335 2466 2546 2523; x_wconf 83' lang='lat' dir='ltr'><strong>possem</strong></span> <span class='ocrx_word' id='word_1_522' title='bbox 2593 2451 2648 2506; x_wconf 89' lang='lat' dir='ltr'><strong>in</strong></span> <span class='ocrx_word' id='word_1_523' title='bbox 2700 2466 2807 2507; x_wconf 93' lang='lat' dir='ltr'><strong>uno</strong></span> <span class='ocrx_word' id='word_1_524' title='bbox 2832 2449 3098 2506; x_wconf 90' lang='lat' dir='ltr'><strong>demereri</strong></span> <span class='ocrx_word' id='word_1_525' title='bbox 3128 2467 3142 2504; x_wconf 91' lang='lat'><strong>:</strong></span> <span class='ocrx_word' id='word_1_526' title='bbox 3175 2449 3282 2506; x_wconf 89' lang='lat' dir='ltr'><strong>hoc</strong></span> <span class='ocrx_word' id='word_1_527' title='bbox 3310 2449 3483 2519; x_wconf 82' lang='lat' dir='ltr'><strong>ipsum</strong></span> <span class='ocrx_word' id='word_1_528' title='bbox 3515 2451 3678 2505; x_wconf 79' lang='lat' dir='ltr'><strong>testi-</strong></span> 
     </span>
    </p>
   </div>
   <div class='ocr_carea' id='block_1_68' title="bbox 2075 2534 3679 2621">
    <p class='ocr_par' dir='ltr' id='par_1_68' title="bbox 2075 2534 3679 2621">
     <span class='ocr_line' id='line_1_68' title="bbox 2075 2534 3679 2621; baseline -0.002 -20"><span class='ocrx_word' id='word_1_529' title='bbox 2075 2534 2257 2601; x_wconf 77' lang='lat' dir='ltr'><strong>&#39;monio</strong></span> <span class='ocrx_word' id='word_1_530' title='bbox 2287 2541 2401 2619; x_wconf 72' lang='lat' dir='ltr'><strong>(l2)</strong></span> <span class='ocrx_word' id='word_1_531' title='bbox 2430 2550 2691 2614; x_wconf 66' lang='lat' dir='ltr'><strong>praestans</strong></span> <span class='ocrx_word' id='word_1_532' title='bbox 2713 2541 2964 2612; x_wconf 87' lang='lat' dir='ltr'><strong>parilitati</strong></span> <span class='ocrx_word' id='word_1_533' title='bbox 2992 2552 3047 2598; x_wconf 92' lang='lat' dir='ltr'><strong>et</strong></span> <span class='ocrx_word' id='word_1_534' title='bbox 3078 2541 3268 2597; x_wconf 87' lang='lat' dir='ltr'><strong>unitati</strong></span> <span class='ocrx_word' id='word_1_535' title='bbox 3295 2556 3503 2607; x_wconf 89' lang='lat' dir='ltr'><strong>eorum,</strong></span> <span class='ocrx_word' id='word_1_536' title='bbox 3547 2542 3679 2621; x_wconf 84' lang='lat' dir='ltr'><strong>dum</strong></span> 
     </span>
    </p>
   </div>
   <div class='ocr_carea' id='block_1_69' title="bbox 2077 2631 3741 2703">
    <p class='ocr_par' dir='ltr' id='par_1_69' title="bbox 2077 2631 3741 2703">
     <span class='ocr_line' id='line_1_69' title="bbox 2077 2631 3741 2703; baseline -0.002 -9"><span class='ocrx_word' id='word_1_537' title='bbox 2077 2637 2302 2694; x_wconf 88' lang='lat' dir='ltr'><strong>alterum</strong></span> <span class='ocrx_word' id='word_1_538' title='bbox 2348 2637 2400 2692; x_wconf 90' lang='lat' dir='ltr'><strong>in</strong></span> <span class='ocrx_word' id='word_1_539' title='bbox 2450 2636 2621 2691; x_wconf 85' lang='lat' dir='ltr'><strong>altero</strong></span> <span class='ocrx_word' id='word_1_540' title='bbox 2650 2650 2937 2692; x_wconf 88' lang='lat' dir='ltr'><strong>venerarcr</strong></span> <span class='ocrx_word' id='word_1_541' title='bbox 2962 2677 2978 2703; x_wconf 91' lang='lat'><strong>,</strong></span> <span class='ocrx_word' id='word_1_542' title='bbox 3011 2632 3138 2690; x_wconf 88' lang='lat' dir='ltr'><strong>dttm</strong></span> <span class='ocrx_word' id='word_1_543' title='bbox 3168 2634 3220 2689; x_wconf 89' lang='lat' dir='ltr'><strong>in</strong></span> <span class='ocrx_word' id='word_1_544' title='bbox 3269 2650 3376 2690; x_wconf 91' lang='lat' dir='ltr'><strong>uno</strong></span> <span class='ocrx_word' id='word_1_545' title='bbox 3408 2634 3539 2691; x_wconf 90' lang='lat' dir='ltr'><strong>mihi</strong></span> <span class='ocrx_word' id='word_1_546' title='bbox 3573 2635 3682 2691; x_wconf 87' lang='lat' dir='ltr'><strong>duo</strong></span> <span class='ocrx_word' id='word_1_547' title='bbox 3726 2631 3741 2638; x_wconf 70' lang='grc'><em>’</em></span> 
     </span>
    </p>
   </div>
   <div class='ocr_carea' id='block_1_70' title="bbox 2078 2726 3681 2799">
    <p class='ocr_par' dir='ltr' id='par_1_70' title="bbox 2078 2726 3681 2799">
     <span class='ocr_line' id='line_1_70' title="bbox 2078 2726 3681 2799; baseline -0.002 -12"><span class='ocrx_word' id='word_1_548' title='bbox 2078 2740 2221 2787; x_wconf 90' lang='lat' dir='ltr'><strong>sunt.</strong></span> <span class='ocrx_word' id='word_1_549' title='bbox 2250 2728 2307 2787; x_wconf 92' lang='lat' dir='ltr'><strong>Si</strong></span> <span class='ocrx_word' id='word_1_550' title='bbox 2328 2729 2556 2786; x_wconf 88' lang='lat' dir='ltr'><strong>alterum</strong></span> <span class='ocrx_word' id='word_1_551' title='bbox 2582 2729 2839 2796; x_wconf 88' lang='lat' dir='ltr'><strong>colerem,</strong></span> <span class='ocrx_word' id='word_1_552' title='bbox 2889 2742 3042 2799; x_wconf 76' lang='lat' dir='ltr'><strong>teque</strong></span> <span class='ocrx_word' id='word_1_553' title='bbox 3067 2726 3419 2799; x_wconf 88' lang='lat' dir='ltr'><strong>recogitarem</strong></span> <span class='ocrx_word' id='word_1_554' title='bbox 3450 2742 3519 2785; x_wconf 91' lang='lat' dir='ltr'><strong>ne</strong></span> <span class='ocrx_word' id='word_1_555' title='bbox 3563 2727 3681 2783; x_wconf 88' lang='lat' dir='ltr'><strong>suf-</strong></span> 
     </span>
    </p>
   </div>
   <div class='ocr_carea' id='block_1_71' title="bbox 2078 2817 3676 2884">
    <p class='ocr_par' dir='ltr' id='par_1_71' title="bbox 2078 2817 3676 2884">
     <span class='ocr_line' id='line_1_71' title="bbox 2078 2817 3676 2884; baseline -0.003 -4"><span class='ocrx_word' id='word_1_556' title='bbox 2078 2822 2306 2881; x_wconf 76' lang='lat' dir='ltr'><strong>fundere</strong></span> <span class='ocrx_word' id='word_1_557' title='bbox 2329 2818 2543 2878; x_wconf 83' lang='lat' dir='ltr'><strong>viderer</strong></span> <span class='ocrx_word' id='word_1_558' title='bbox 2593 2820 2804 2876; x_wconf 91' lang='lat' dir='ltr'><strong>numeri</strong></span> <span class='ocrx_word' id='word_1_559' title='bbox 2851 2821 3163 2884; x_wconf 86' lang='lat' dir='ltr'><strong>vanitatem,</strong></span> <span class='ocrx_word' id='word_1_560' title='bbox 3211 2819 3331 2875; x_wconf 89' lang='lat' dir='ltr'><strong>sine</strong></span> <span class='ocrx_word' id='word_1_561' title='bbox 3368 2817 3676 2875; x_wconf 79' lang='lat' dir='ltr'><strong>differentia</strong></span> 
     </span>
    </p>
   </div>
   <div class='ocr_carea' id='block_1_72' title="bbox 2081 2912 3742 3001">
    <p class='ocr_par' dir='ltr' id='par_1_72' title="bbox 2081 2912 3742 3001">
     <span class='ocr_line' id='line_1_72' title="bbox 2081 2912 3742 3001; baseline -0.004 -28"><span class='ocrx_word' id='word_1_562' title='bbox 2081 2913 2396 2988; x_wconf 85' lang='lat' dir='ltr'><strong>supervacui</strong></span> <span class='ocrx_word' id='word_1_563' title='bbox 2427 2930 2442 2980; x_wconf 90' lang='lat'><strong>;</strong></span> <span class='ocrx_word' id='word_1_564' title='bbox 2485 2913 2587 2968; x_wconf 90' lang='lat' dir='ltr'><strong>hoc</strong></span> <span class='ocrx_word' id='word_1_565' title='bbox 2625 2919 2711 2969; x_wconf 89' lang='lat' dir='ltr'><strong>est</strong></span> <span class='ocrx_word' id='word_1_566' title='bbox 2739 2954 2754 2980; x_wconf 89' lang='lat'><strong>,</strong></span> <span class='ocrx_word' id='word_1_567' title='bbox 2808 2912 2972 2967; x_wconf 92' lang='lat' dir='ltr'><strong>tutius</strong></span> <span class='ocrx_word' id='word_1_568' title='bbox 2999 2925 3279 2967; x_wconf 87' lang='lat' dir='ltr'><strong>censerem</strong></span> <span class='ocrx_word' id='word_1_569' title='bbox 3310 2921 3562 2967; x_wconf 88' lang='lat' dir='ltr'><strong>neutrum</strong></span> <span class='ocrx_word' id='word_1_570' title='bbox 3586 2926 3681 2967; x_wconf 88' lang='lat' dir='ltr'><strong>co-</strong></span> <span class='ocrx_word' id='word_1_571' title='bbox 3714 2958 3742 3001; x_wconf 44' lang='grc' dir='ltr'><em>η</em></span> 
     </span>
    </p>
   </div>
   <div class='ocr_carea' id='block_1_73' title="bbox 2081 3001 3729 3078">
    <p class='ocr_par' dir='ltr' id='par_1_73' title="bbox 2081 3001 3729 3078">
     <span class='ocr_line' id='line_1_73' title="bbox 2081 3001 3729 3078; baseline -0.004 -14"><span class='ocrx_word' id='word_1_572' title='bbox 2081 3007 2322 3075; x_wconf 83' lang='lat' dir='ltr'><strong>lendttm,</strong></span> <span class='ocrx_word' id='word_1_573' title='bbox 2350 3021 2511 3078; x_wconf 89' lang='lat' dir='ltr'><strong>quam</strong></span> <span class='ocrx_word' id='word_1_574' title='bbox 2539 3003 2773 3063; x_wconf 87' lang='lat' dir='ltr'><strong>alterum</strong></span> <span class='ocrx_word' id='word_1_575' title='bbox 2791 3018 2915 3060; x_wconf 92' lang='lat' dir='ltr'><strong>cum</strong></span> <span class='ocrx_word' id='word_1_576' title='bbox 2943 3001 3196 3075; x_wconf 87' lang='lat' dir='ltr'><strong>scrupulo</strong></span> <span class='ocrx_word' id='word_1_577' title='bbox 3217 3002 3532 3071; x_wconf 86' lang='lat' dir='ltr'><strong>colendum,</strong></span> <span class='ocrx_word' id='word_1_578' title='bbox 3586 3010 3680 3058; x_wconf 89' lang='lat' dir='ltr'><strong>aut</strong></span> <span class='ocrx_word' id='word_1_579' title='bbox 3726 3026 3729 3035; x_wconf 59' lang='grc' dir='ltr'><em>ι</em></span> 
     </span>
    </p>
   </div>
   <div class='ocr_carea' id='block_1_74' title="bbox 1996 3103 2563 3175">
    <p class='ocr_par' dir='ltr' id='par_1_74' title="bbox 1996 3103 2563 3175">
     <span class='ocr_line' id='line_1_74' title="bbox 1996 3103 2563 3175; baseline -0.019 -8"><span class='ocrx_word' id='word_1_580' title='bbox 1996 3110 2044 3175; x_wconf 91' lang='lat' dir='ltr'>C</span> <span class='ocrx_word' id='word_1_581' title='bbox 2075 3103 2265 3167; x_wconf 83' lang='lat' dir='ltr'><strong>ambos</strong></span> <span class='ocrx_word' id='word_1_582' title='bbox 2289 3117 2449 3161; x_wconf 75' lang='lat' dir='ltr'><strong>vane.-</strong></span> <span class='ocrx_word' id='word_1_583' title='bbox 2553 3125 2563 3135; x_wconf 87' lang='lat'><strong>-</strong></span> 
     </span>
    </p>
   </div>
   <div class='ocr_carea' id='block_1_75' title="bbox 2703 3191 3043 3253">
    <p class='ocr_par' dir='ltr' id='par_1_75' title="bbox 2703 3191 3043 3253">
     <span class='ocr_line' id='line_1_75' title="bbox 2703 3191 3043 3253; baseline -0.012 0"><span class='ocrx_word' id='word_1_584' title='bbox 2703 3192 2931 3253; x_wconf 83' lang='lat' dir='ltr'><strong>CAPUT</strong></span> <span class='ocrx_word' id='word_1_585' title='bbox 2954 3191 3043 3251; x_wconf 77' lang='lat' dir='ltr'><strong>Vl.</strong></span> 
     </span>
    </p>
   </div>
   <div class='ocr_carea' id='block_1_76' title="bbox 2151 3285 3688 3360">
    <p class='ocr_par' dir='ltr' id='par_1_76' title="bbox 2151 3285 3688 3360">
     <span class='ocr_line' id='line_1_76' title="bbox 2151 3285 3688 3360; baseline -0.009 -5"><span class='ocrx_word' id='word_1_586' title='bbox 2151 3294 2240 3356; x_wconf 89' lang='lat' dir='ltr'><strong>Sic</strong></span> <span class='ocrx_word' id='word_1_587' title='bbox 2262 3293 2437 3352; x_wconf 87' lang='lat' dir='ltr'><strong>adhuc</strong></span> <span class='ocrx_word' id='word_1_588' title='bbox 2466 3291 2713 3349; x_wconf 87' lang='lat' dir='ltr'><strong>videmur</strong></span> <span class='ocrx_word' id='word_1_589' title='bbox 2754 3288 3029 3359; x_wconf 88' lang='lat' dir='ltr'><strong>disputare</strong></span> <span class='ocrx_word' id='word_1_590' title='bbox 3048 3329 3064 3355; x_wconf 91' lang='lat'><strong>,</strong></span> <span class='ocrx_word' id='word_1_591' title='bbox 3095 3287 3248 3360; x_wconf 84' lang='lat' dir='ltr'><strong>quasi</strong></span> <span class='ocrx_word' id='word_1_592' title='bbox 3273 3285 3513 3344; x_wconf 79' lang='lat' dir='ltr'><strong>Marcion</strong></span> <span class='ocrx_word' id='word_1_593' title='bbox 3545 3285 3688 3343; x_wconf 89' lang='lat' dir='ltr'><strong>duos</strong></span> 
     </span>
    </p>
   </div>
   <div class='ocr_carea' id='block_1_77' title="bbox 2082 3380 3688 3466">
    <p class='ocr_par' dir='ltr' id='par_1_77' title="bbox 2082 3380 3688 3466">
     <span class='ocr_line' id='line_1_77' title="bbox 2082 3380 3688 3466; baseline -0.009 -17"><span class='ocrx_word' id='word_1_594' title='bbox 2082 3406 2242 3466; x_wconf 89' lang='lat' dir='ltr'><strong>pares</strong></span> <span class='ocrx_word' id='word_1_595' title='bbox 2282 3387 2601 3445; x_wconf 70' lang='lat' dir='ltr'><strong>constituat.</strong></span> <span class='ocrx_word' id='word_1_596' title='bbox 2629 3382 2784 3452; x_wconf 85' lang='lat' dir='ltr'><strong>Nam,</strong></span> <span class='ocrx_word' id='word_1_597' title='bbox 2803 3382 2929 3438; x_wconf 90' lang='lat' dir='ltr'><strong>dum</strong></span> <span class='ocrx_word' id='word_1_598' title='bbox 2961 3380 3309 3438; x_wconf 89' lang='lat' dir='ltr'><strong>defendimus</strong></span> <span class='ocrx_word' id='word_1_599' title='bbox 3340 3381 3506 3438; x_wconf 90' lang='lat' dir='ltr'><strong>Deum</strong></span> <span class='ocrx_word' id='word_1_600' title='bbox 3532 3396 3688 3437; x_wconf 84' lang='lat' dir='ltr'><strong>sum-</strong></span> 
     </span>
    </p>
   </div>
   <div class='ocr_carea' id='block_1_78' title="bbox 2084 3473 3688 3553">
    <p class='ocr_par' dir='ltr' id='par_1_78' title="bbox 2084 3473 3688 3553">
     <span class='ocr_line' id='line_1_78' title="bbox 2084 3473 3688 3553; baseline -0.008 -11"><span class='ocrx_word' id='word_1_601' title='bbox 2084 3498 2231 3542; x_wconf 92' lang='lat' dir='ltr'><strong>mum</strong></span> <span class='ocrx_word' id='word_1_602' title='bbox 2260 3495 2509 3553; x_wconf 80' lang='lat' dir='ltr'><strong>maguum</strong></span> <span class='ocrx_word' id='word_1_603' title='bbox 2538 3476 2753 3537; x_wconf 86' lang='lat' dir='ltr'><strong>unicum</strong></span> <span class='ocrx_word' id='word_1_604' title='bbox 2771 3474 2919 3532; x_wconf 89' lang='lat' dir='ltr'><strong>credi</strong></span> <span class='ocrx_word' id='word_1_605' title='bbox 2941 3483 3219 3547; x_wconf 87' lang='lat' dir='ltr'><strong>oportere,</strong></span> <span class='ocrx_word' id='word_1_606' title='bbox 3244 3473 3601 3532; x_wconf 82' lang='lat' dir='ltr'><strong>excludentes</strong></span> <span class='ocrx_word' id='word_1_607' title='bbox 3620 3473 3688 3531; x_wconf 88' lang='lat' dir='ltr'><strong>ab</strong></span> 
     </span>
    </p>
   </div>
   <div class='ocr_carea' id='block_1_79' title="bbox 2085 3566 3679 3648">
    <p class='ocr_par' dir='ltr' id='par_1_79' title="bbox 2085 3566 3679 3648">
     <span class='ocr_line' id='line_1_79' title="bbox 2085 3566 3679 3648; baseline -0.008 -13"><span class='ocrx_word' id='word_1_608' title='bbox 2085 3593 2153 3636; x_wconf 92' lang='lat' dir='ltr'><strong>eo</strong></span> <span class='ocrx_word' id='word_1_609' title='bbox 2198 3574 2520 3648; x_wconf 89' lang='lat' dir='ltr'><strong>parilitatem</strong></span> <span class='ocrx_word' id='word_1_610' title='bbox 2543 3614 2561 3642; x_wconf 90' lang='lat'><strong>,</strong></span> <span class='ocrx_word' id='word_1_611' title='bbox 2594 3580 2864 3642; x_wconf 88' lang='lat' dir='ltr'><strong>tamquam</strong></span> <span class='ocrx_word' id='word_1_612' title='bbox 2907 3568 2977 3626; x_wconf 89' lang='lat' dir='ltr'><strong>de</strong></span> <span class='ocrx_word' id='word_1_613' title='bbox 3026 3567 3235 3626; x_wconf 88' lang='lat' dir='ltr'><strong>duobus</strong></span> <span class='ocrx_word' id='word_1_614' title='bbox 3258 3568 3475 3640; x_wconf 86' lang='lat' dir='ltr'><strong>paribus</strong></span> <span class='ocrx_word' id='word_1_615' title='bbox 3502 3566 3679 3625; x_wconf 88' lang='lat' dir='ltr'><strong>dehis</strong></span> 
     </span>
    </p>
   </div>
   <div class='ocr_carea' id='block_1_80' title="bbox 2085 3658 3676 3730">
    <p class='ocr_par' dir='ltr' id='par_1_80' title="bbox 2085 3658 3676 3730">
     <span class='ocr_line' id='line_1_80' title="bbox 2085 3658 3676 3730; baseline -0.007 -3"><span class='ocrx_word' id='word_1_616' title='bbox 2085 3666 2530 3727; x_wconf 88' lang='lat' dir='ltr'><strong>retractavimus:</strong></span> <span class='ocrx_word' id='word_1_617' title='bbox 2578 3661 2924 3719; x_wconf 90' lang='lat' dir='ltr'><strong>nihilominus</strong></span> <span class='ocrx_word' id='word_1_618' title='bbox 2979 3668 3183 3728; x_wconf 87' lang='lat' dir='ltr'><strong>tamen,</strong></span> <span class='ocrx_word' id='word_1_619' title='bbox 3240 3658 3484 3717; x_wconf 89' lang='lat' dir='ltr'><strong>docendo</strong></span> <span class='ocrx_word' id='word_1_620' title='bbox 3514 3674 3676 3730; x_wconf 84' lang='lat' dir='ltr'><strong>pares</strong></span> 
     </span>
    </p>
   </div>
   <div class='ocr_carea' id='block_1_81' title="bbox 2086 3749 3677 3830">
    <p class='ocr_par' dir='ltr' id='par_1_81' title="bbox 2086 3749 3677 3830">
     <span class='ocr_line' id='line_1_81' title="bbox 2086 3749 3677 3830; baseline -0.007 -13"><span class='ocrx_word' id='word_1_621' title='bbox 2086 3774 2208 3818; x_wconf 90' lang='lat' dir='ltr'><strong>esse</strong></span> <span class='ocrx_word' id='word_1_622' title='bbox 2226 3773 2331 3814; x_wconf 92' lang='lat' dir='ltr'><strong>non</strong></span> <span class='ocrx_word' id='word_1_623' title='bbox 2346 3769 2506 3829; x_wconf 84' lang='lat' dir='ltr'><strong>posse</strong></span> <span class='ocrx_word' id='word_1_624' title='bbox 2526 3751 2823 3830; x_wconf 86' lang='lat' dir='ltr'><strong>secundum</strong></span> <span class='ocrx_word' id='word_1_625' title='bbox 2845 3751 3043 3809; x_wconf 90' lang='lat' dir='ltr'><strong>summi</strong></span> <span class='ocrx_word' id='word_1_626' title='bbox 3063 3751 3243 3823; x_wconf 87' lang='lat' dir='ltr'><strong>magni</strong></span> <span class='ocrx_word' id='word_1_627' title='bbox 3269 3749 3523 3818; x_wconf 88' lang='lat' dir='ltr'><strong>formam,</strong></span> <span class='ocrx_word' id='word_1_628' title='bbox 3544 3749 3677 3807; x_wconf 84' lang='lat' dir='ltr'><strong>satis</strong></span> 
     </span>
    </p>
   </div>
   <div class='ocr_carea' id='block_1_82' title="bbox 2084 3838 3672 3915">
    <p class='ocr_par' dir='ltr' id='par_1_82' title="bbox 2084 3838 3672 3915">
     <span class='ocr_line' id='line_1_82' title="bbox 2084 3838 3672 3915; baseline -0.009 -6"><span class='ocrx_word' id='word_1_629' title='bbox 2084 3847 2520 3909; x_wconf 87' lang='lat' dir='ltr'><strong>confirmavimus</strong></span> <span class='ocrx_word' id='word_1_630' title='bbox 2554 3843 2692 3905; x_wconf 87' lang='lat' dir='ltr'><strong>duos</strong></span> <span class='ocrx_word' id='word_1_631' title='bbox 2735 3858 2857 3901; x_wconf 85' lang='lat' dir='ltr'><strong>esse</strong></span> <span class='ocrx_word' id='word_1_632' title='bbox 2886 3857 2993 3900; x_wconf 90' lang='lat' dir='ltr'><strong>non</strong></span> <span class='ocrx_word' id='word_1_633' title='bbox 3021 3856 3203 3915; x_wconf 88' lang='lat' dir='ltr'><strong>posse.</strong></span> <span class='ocrx_word' id='word_1_634' title='bbox 3256 3841 3510 3913; x_wconf 81' lang='lat' dir='ltr'><strong>Alioquin</strong></span> <span class='ocrx_word' id='word_1_635' title='bbox 3538 3838 3672 3897; x_wconf 90' lang='lat' dir='ltr'><strong>certi</strong></span> 
     </span>
    </p>
   </div>
   <div class='ocr_carea' id='block_1_83' title="bbox 2086 3932 3689 4011">
    <p class='ocr_par' dir='ltr' id='par_1_83' title="bbox 2086 3932 3689 4011">
     <span class='ocr_line' id='line_1_83' title="bbox 2086 3932 3689 4011; baseline -0.007 -10"><span class='ocrx_word' id='word_1_636' title='bbox 2086 3943 2412 4001; x_wconf 85' lang='lat' dir='ltr'><strong>Marciouem</strong></span> <span class='ocrx_word' id='word_1_637' title='bbox 2441 3940 2682 4011; x_wconf 85' lang='lat' dir='ltr'><strong>dispares</strong></span> <span class='ocrx_word' id='word_1_638' title='bbox 2710 3936 2841 4005; x_wconf 88' lang='lat' dir='ltr'><strong>deos</strong></span> <span class='ocrx_word' id='word_1_639' title='bbox 2867 3936 3222 4011; x_wconf 83' lang='lat' dir='ltr'><strong>constituere,</strong></span> <span class='ocrx_word' id='word_1_640' title='bbox 3278 3934 3507 3993; x_wconf 89' lang='lat' dir='ltr'><strong>alterum</strong></span> <span class='ocrx_word' id='word_1_641' title='bbox 3544 3932 3689 4006; x_wconf 88' lang='lat' dir='ltr'><strong>judi-</strong></span> 
     </span>
    </p>
   </div>
   <div class='ocr_carea' id='block_1_84' title="bbox 1629 4050 2461 4117">
    <p class='ocr_par' dir='ltr' id='par_1_84' title="bbox 1629 4050 2461 4117">
     <span class='ocr_line' id='line_1_84' title="bbox 1629 4050 2461 4117; baseline 0.01 -11"><span class='ocrx_word' id='word_1_642' title='bbox 1629 4050 2008 4115; x_wconf 85' lang='lat' dir='ltr'><strong>LECTIONES</strong></span> <span class='ocrx_word' id='word_1_643' title='bbox 2046 4055 2461 4117; x_wconf 77' lang='lat' dir='ltr'><strong>VABIANTES.</strong></span> 
     </span>
    </p>
   </div>
   <div class='ocr_carea' id='block_1_85' title="bbox 561 4167 1128 4220">
    <p class='ocr_par' dir='ltr' id='par_1_85' title="bbox 561 4167 1128 4220">
     <span class='ocr_line' id='line_1_85' title="bbox 561 4167 1128 4220; baseline -0.007 -1"><span class='ocrx_word' id='word_1_644' title='bbox 561 4167 833 4220; x_wconf 85' lang='lat' dir='ltr'><strong>Translatio</strong></span> <span class='ocrx_word' id='word_1_645' title='bbox 865 4170 975 4219; x_wconf 73' lang='lat' dir='ltr'><strong>etet.</strong></span> <span class='ocrx_word' id='word_1_646' title='bbox 1001 4178 1128 4217; x_wconf 81' lang='lat' dir='ltr'><strong>omn.</strong></span> 
     </span>
    </p>
   </div>
   <div class='ocr_carea' id='block_1_86' title="bbox 564 4225 1319 4295">
    <p class='ocr_par' dir='ltr' id='par_1_86' title="bbox 564 4225 1319 4295">
     <span class='ocr_line' id='line_1_86' title="bbox 564 4225 1319 4295; baseline -0.007 -13"><span class='ocrx_word' id='word_1_647' title='bbox 564 4231 621 4282; x_wconf 88' lang='lat' dir='ltr'><strong>in</strong></span> <span class='ocrx_word' id='word_1_648' title='bbox 640 4229 789 4285; x_wconf 82' lang='lat' dir='ltr'><strong>inser.</strong></span> <span class='ocrx_word' id='word_1_649' title='bbox 816 4225 966 4295; x_wconf 75' lang='lat' dir='ltr'><strong>sentt.</strong></span> <span class='ocrx_word' id='word_1_650' title='bbox 1296 4286 1319 4295; x_wconf 36' lang='grc' dir='ltr'>ί</span> 
     </span>
    </p>
   </div>
   <div class='ocr_carea' id='block_1_87' title="bbox 565 4292 861 4353">
    <p class='ocr_par' dir='ltr' id='par_1_87' title="bbox 565 4292 861 4353">
     <span class='ocr_line' id='line_1_87' title="bbox 565 4292 861 4353; baseline -0.014 -9"><span class='ocrx_word' id='word_1_651' title='bbox 565 4295 688 4353; x_wconf 86' lang='lat' dir='ltr'><strong>Quia</strong></span> <span class='ocrx_word' id='word_1_652' title='bbox 712 4292 861 4344; x_wconf 76' lang='lat' dir='ltr'><strong>Seml.</strong></span> 
     </span>
    </p>
   </div>
   <div class='ocr_carea' id='block_1_88' title="bbox 560 4354 1532 4421">
    <p class='ocr_par' dir='ltr' id='par_1_88' title="bbox 560 4354 1532 4421">
     <span class='ocr_line' id='line_1_88' title="bbox 560 4354 1532 4421; baseline -0.006 -15"><span class='ocrx_word' id='word_1_653' title='bbox 560 4355 635 4421; x_wconf 64' lang='lat' dir='ltr'><strong>Ex</strong></span> <span class='ocrx_word' id='word_1_654' title='bbox 655 4355 800 4421; x_wconf 72' lang='lat' dir='ltr'><strong>abest</strong></span> <span class='ocrx_word' id='word_1_655' title='bbox 823 4357 988 4421; x_wconf 55' lang='lat' dir='ltr'><strong>Verte}.</strong></span> <span class='ocrx_word' id='word_1_656' title='bbox 1500 4355 1532 4383; x_wconf 55' lang='grc' dir='ltr'><strong>’θ</strong></span> 
     </span>
    </p>
   </div>
   <div class='ocr_carea' id='block_1_89' title="bbox 454 4168 507 4293">
    <p class='ocr_par' dir='ltr' id='par_1_89' title="bbox 454 4168 507 4293">
     <span class='ocr_line' id='line_1_89' title="bbox 454 4168 507 4293; baseline -0.245 0"><span class='ocrx_word' id='word_1_657' title='bbox 454 4168 507 4293; x_wconf 67' lang='lat' dir='ltr'><strong>ii</strong></span> 
     </span>
    </p>
   </div>
   <div class='ocr_carea' id='block_1_90' title="bbox 507 4169 528 4485">
    <p class='ocr_par' dir='ltr' id='par_1_90' title="bbox 507 4169 528 4485">
     <span class='ocr_line' id='line_1_90' title="bbox 507 4169 528 4485; baseline 0 -18"><span class='ocrx_word' id='word_1_658' title='bbox 507 4169 528 4485; x_wconf 62' lang='grc' dir='ltr'>ξ</span> 
     </span>
    </p>
   </div>
   <div class='ocr_carea' id='block_1_91' title="bbox 2159 4164 3238 4229">
    <p class='ocr_par' dir='ltr' id='par_1_91' title="bbox 2159 4164 3238 4229">
     <span class='ocr_line' id='line_1_91' title="bbox 2159 4164 3238 4229; baseline -0.004 0"><span class='ocrx_word' id='word_1_659' title='bbox 2159 4169 2233 4229; x_wconf 79' lang='lat'><strong>(7)</strong></span> <span class='ocrx_word' id='word_1_660' title='bbox 2266 4173 2454 4225; x_wconf 51' lang='lat' dir='ltr'><strong>«Eoniae</strong></span> <span class='ocrx_word' id='word_1_661' title='bbox 2476 4183 2625 4226; x_wconf 80' lang='lat' dir='ltr'><strong>Fran.</strong></span> <span class='ocrx_word' id='word_1_662' title='bbox 2658 4172 2824 4226; x_wconf 77' lang='lat' dir='ltr'><strong>Paris.</strong></span> <span class='ocrx_word' id='word_1_663' title='bbox 2850 4171 3069 4223; x_wconf 68' lang='lat' dir='ltr'><strong>Eoneite</strong></span> <span class='ocrx_word' id='word_1_664' title='bbox 3088 4164 3238 4225; x_wconf 70' lang='lat' dir='ltr'><strong>Senti.</strong></span> 
     </span>
    </p>
   </div>
   <div class='ocr_carea' id='block_1_92' title="bbox 2181 4236 2899 4289">
    <p class='ocr_par' dir='ltr' id='par_1_92' title="bbox 2181 4236 2899 4289">
     <span class='ocr_line' id='line_1_92' title="bbox 2181 4236 2899 4289; baseline 0 -3"><span class='ocrx_word' id='word_1_665' title='bbox 2181 4236 2232 4289; x_wconf 83' lang='lat'><strong>8)</strong></span> <span class='ocrx_word' id='word_1_666' title='bbox 2266 4236 2440 4287; x_wconf 84' lang='lat' dir='ltr'><strong>Potest</strong></span> <span class='ocrx_word' id='word_1_667' title='bbox 2464 4236 2614 4289; x_wconf 81' lang='lat' dir='ltr'><strong>Rhen.</strong></span> <span class='ocrx_word' id='word_1_668' title='bbox 2886 4267 2899 4279; x_wconf 76' lang='grc'><strong>.</strong></span> 
     </span>
    </p>
   </div>
   <div class='ocr_carea' id='block_1_93' title="bbox 2181 4294 2789 4372">
    <p class='ocr_par' dir='ltr' id='par_1_93' title="bbox 2181 4294 2789 4372">
     <span class='ocr_line' id='line_1_93' title="bbox 2181 4294 2789 4372; baseline -0.005 -22"><span class='ocrx_word' id='word_1_669' title='bbox 2181 4294 2409 4372; x_wconf 46' lang='grc' dir='ltr'><strong>ῼλΝμιια</strong></span> <span class='ocrx_word' id='word_1_670' title='bbox 2430 4297 2604 4372; x_wconf 65' lang='grc' dir='ltr'><strong>εριῄὶρ.</strong></span> <span class='ocrx_word' id='word_1_671' title='bbox 2629 4294 2789 4350; x_wconf 69' lang='lat' dir='ltr'><strong>Sami;</strong></span> 
     </span>
    </p>
   </div>
   <div class='ocr_carea' id='block_1_94' title="bbox 452 4295 2608 4549">
    <p class='ocr_par' dir='ltr' id='par_1_94' title="bbox 477 4295 2608 4483">
     <span class='ocr_line' id='line_1_94' title="bbox 482 4295 2604 4366; baseline 0.002 -23"><span class='ocrx_word' id='word_1_672' title='bbox 482 4318 485 4319; x_wconf 53' lang='grc' dir='ltr'><em>ν</em></span> <span class='ocrx_word' id='word_1_673' title='bbox 565 4295 688 4353; x_wconf 86' lang='lat' dir='ltr'><strong>Quia</strong></span> <span class='ocrx_word' id='word_1_674' title='bbox 712 4295 861 4344; x_wconf 80' lang='lat' dir='ltr'><strong>Seml.</strong></span> <span class='ocrx_word' id='word_1_675' title='bbox 1062 4354 1073 4364; x_wconf 83' lang='lat'>_</span> <span class='ocrx_word' id='word_1_676' title='bbox 2181 4295 2233 4361; x_wconf 84' lang='lat'><strong>9)</strong></span> <span class='ocrx_word' id='word_1_677' title='bbox 2267 4298 2409 4350; x_wconf 89' lang='lat' dir='ltr'><strong>Nulla</strong></span> <span class='ocrx_word' id='word_1_678' title='bbox 2430 4297 2604 4366; x_wconf 81' lang='lat' dir='ltr'><strong>conjic.</strong></span> 
     </span>
     <span class='ocr_line' id='line_1_95' title="bbox 478 4355 2608 4430; baseline 0.005 -25"><span class='ocrx_word' id='word_1_679' title='bbox 478 4356 507 4405; x_wconf 77' lang='grc'><strong>4</strong></span> <span class='ocrx_word' id='word_1_680' title='bbox 560 4355 635 4407; x_wconf 85' lang='lat' dir='ltr'><strong>Ex</strong></span> <span class='ocrx_word' id='word_1_681' title='bbox 660 4355 789 4430; x_wconf 57' lang='lat' dir='ltr'><strong>abest</strong></span> <span class='ocrx_word' id='word_1_682' title='bbox 823 4357 988 4406; x_wconf 74' lang='lat' dir='ltr'><strong>Venet.</strong></span> <span class='ocrx_word' id='word_1_683' title='bbox 1016 4363 1121 4423; x_wconf 78' lang='lat' dir='ltr'><strong>mg.</strong></span> <span class='ocrx_word' id='word_1_684' title='bbox 1500 4355 1532 4383; x_wconf 54' lang='grc' dir='ltr'><em>’θ</em></span> <span class='ocrx_word' id='word_1_685' title='bbox 2184 4361 2242 4412; x_wconf 81' lang='grc'><strong>10</strong></span> <span class='ocrx_word' id='word_1_686' title='bbox 2296 4361 2339 4411; x_wconf 82' lang='grc' dir='ltr'>Α</span> <span class='ocrx_word' id='word_1_687' title='bbox 2361 4375 2419 4413; x_wconf 88' lang='lat' dir='ltr'><strong>se</strong></span> <span class='ocrx_word' id='word_1_688' title='bbox 2440 4361 2608 4415; x_wconf 82' lang='lat' dir='ltr'><strong>Paris.</strong></span> 
     </span>
     <span class='ocr_line' id='line_1_96' title="bbox 477 4416 2544 4483; baseline 0.001 -12"><span class='ocrx_word' id='word_1_689' title='bbox 477 4420 511 4471; x_wconf 71' lang='grc'>5</span> <span class='ocrx_word' id='word_1_690' title='bbox 562 4418 738 4483; x_wconf 85' lang='lat' dir='ltr'><strong>Bythm</strong></span> <span class='ocrx_word' id='word_1_691' title='bbox 763 4417 914 4470; x_wconf 69' lang='lat' dir='ltr'><strong>Semll</strong></span> <span class='ocrx_word' id='word_1_692' title='bbox 935 4416 1132 4481; x_wconf 86' lang='lat' dir='ltr'><strong>Bytltun</strong></span> <span class='ocrx_word' id='word_1_693' title='bbox 1154 4425 1303 4469; x_wconf 76' lang='lat' dir='ltr'><strong>Fran.</strong></span> <span class='ocrx_word' id='word_1_694' title='bbox 1644 4456 1649 4459; x_wconf 92' lang='grc'><strong>-</strong></span> <span class='ocrx_word' id='word_1_695' title='bbox 2185 4424 2231 4474; x_wconf 83' lang='lat' dir='ltr'><strong>ll</strong></span> <span class='ocrx_word' id='word_1_696' title='bbox 2297 4424 2417 4482; x_wconf 65' lang='lat' dir='ltr'><strong>Qum</strong></span> <span class='ocrx_word' id='word_1_697' title='bbox 2438 4422 2544 4475; x_wconf 81' lang='lat' dir='ltr'><strong>alii.</strong></span> 
     </span>
    </p>

    <p class='ocr_par' dir='ltr' id='par_1_95' title="bbox 476 4428 2608 4549">
     <span class='ocr_line' id='line_1_97' title="bbox 476 4428 2608 4549; baseline 0.001 -15"><span class='ocrx_word' id='word_1_698' title='bbox 476 4483 528 4548; x_wconf 85' lang='lat'><strong>6)</strong></span> <span class='ocrx_word' id='word_1_699' title='bbox 561 4481 686 4534; x_wconf 89' lang='lat' dir='ltr'><strong>Tum</strong></span> <span class='ocrx_word' id='word_1_700' title='bbox 708 4478 864 4534; x_wconf 78' lang='lat' dir='ltr'><strong>Latin.</strong></span> <span class='ocrx_word' id='word_1_701' title='bbox 890 4478 1097 4533; x_wconf 81' lang='lat' dir='ltr'><strong>Semler.</strong></span> <span class='ocrx_word' id='word_1_702' title='bbox 2010 4465 2067 4527; x_wconf 89' lang='grc' dir='ltr'><strong>Ῑ)</strong></span> <span class='ocrx_word' id='word_1_703' title='bbox 2157 4428 2199 4549; x_wconf 51' lang='grc' dir='ltr'><strong>ξι</strong></span> <span class='ocrx_word' id='word_1_704' title='bbox 2207 4487 2258 4549; x_wconf 76' lang='lat'><strong>2)</strong></span> <span class='ocrx_word' id='word_1_705' title='bbox 2290 4487 2437 4539; x_wconf 84' lang='lat' dir='ltr'><strong>Forte</strong></span> <span class='ocrx_word' id='word_1_706' title='bbox 2456 4487 2608 4540; x_wconf 85' lang='lat' dir='ltr'><strong>testin</strong></span> 
     </span>
    </p>
   </div>
   <div class='ocr_carea' id='block_1_95' title="bbox 476 4428 2947 4551">
    <p class='ocr_par' dir='ltr' id='par_1_96' title="bbox 476 4428 2947 4551">
     <span class='ocr_line' id='line_1_98' title="bbox 477 4428 2544 4488; baseline 0.003 -20"><span class='ocrx_word' id='word_1_707' title='bbox 477 4428 528 4485; x_wconf 70' lang='lat'><strong>5)</strong></span> <span class='ocrx_word' id='word_1_708' title='bbox 562 4428 738 4483; x_wconf 81' lang='lat' dir='ltr'><strong>Bytnln</strong></span> <span class='ocrx_word' id='word_1_709' title='bbox 763 4428 914 4470; x_wconf 81' lang='lat' dir='ltr'><strong>sentt:</strong></span> <span class='ocrx_word' id='word_1_710' title='bbox 938 4428 1132 4481; x_wconf 76' lang='lat' dir='ltr'><strong>uytnun</strong></span> <span class='ocrx_word' id='word_1_711' title='bbox 1154 4428 1303 4469; x_wconf 72' lang='lat' dir='ltr'><strong>nan.</strong></span> <span class='ocrx_word' id='word_1_712' title='bbox 1644 4456 1649 4459; x_wconf 92' lang='grc'><strong>-</strong></span> <span class='ocrx_word' id='word_1_713' title='bbox 2185 4428 2262 4488; x_wconf 88' lang='lat' dir='ltr'><strong>tt)</strong></span> <span class='ocrx_word' id='word_1_714' title='bbox 2297 4428 2417 4482; x_wconf 80' lang='lat' dir='ltr'><strong>Quae</strong></span> <span class='ocrx_word' id='word_1_715' title='bbox 2438 4428 2544 4475; x_wconf 79' lang='lat' dir='ltr'><strong>alii.</strong></span> 
     </span>
     <span class='ocr_line' id='line_1_99' title="bbox 476 4428 2947 4551; baseline 0 -17"><span class='ocrx_word' id='word_1_716' title='bbox 476 4483 528 4548; x_wconf 86' lang='lat'><strong>6)</strong></span> <span class='ocrx_word' id='word_1_717' title='bbox 561 4481 686 4534; x_wconf 90' lang='lat' dir='ltr'><strong>Tum</strong></span> <span class='ocrx_word' id='word_1_718' title='bbox 708 4478 864 4534; x_wconf 79' lang='lat' dir='ltr'><strong>Latin.</strong></span> <span class='ocrx_word' id='word_1_719' title='bbox 890 4478 1097 4533; x_wconf 82' lang='lat' dir='ltr'><strong>Semler.</strong></span> <span class='ocrx_word' id='word_1_720' title='bbox 2010 4465 2067 4527; x_wconf 86' lang='lat' dir='ltr'><strong>D</strong></span> <span class='ocrx_word' id='word_1_721' title='bbox 2157 4428 2258 4551; x_wconf 53' lang='grc' dir='ltr'><strong>ξιξ)</strong></span> <span class='ocrx_word' id='word_1_722' title='bbox 2290 4487 2437 4539; x_wconf 84' lang='lat' dir='ltr'><strong>Forte</strong></span> <span class='ocrx_word' id='word_1_723' title='bbox 2456 4486 2795 4540; x_wconf 86' lang='lat' dir='ltr'><strong>testimonium</strong></span> <span class='ocrx_word' id='word_1_724' title='bbox 2816 4481 2947 4536; x_wconf 81' lang='lat' dir='ltr'><strong>Edd.</strong></span> 
     </span>
    </p>
   </div>
   <div class='ocr_carea' id='block_1_96' title="bbox 1756 4572 2311 4649">
    <p class='ocr_par' dir='ltr' id='par_1_97' title="bbox 1756 4572 2311 4649">
     <span class='ocr_line' id='line_1_100' title="bbox 1756 4572 2311 4649; baseline 0.013 -10"><span class='ocrx_word' id='word_1_725' title='bbox 1756 4572 2311 4649; x_wconf 67' lang='lat' dir='ltr'><strong>communitis.</strong></span> 
     </span>
    </p>
   </div>
   <div class='ocr_carea' id='block_1_97' title="bbox 466 4694 1983 4773">
    <p class='ocr_par' dir='ltr' id='par_1_98' title="bbox 466 4694 1983 4773">
     <span class='ocr_line' id='line_1_101' title="bbox 466 4694 1983 4773; baseline -0.003 -15"><span class='ocrx_word' id='word_1_726' title='bbox 466 4700 622 4773; x_wconf 72' lang='lat' dir='ltr'><strong>CAP.</strong></span> <span class='ocrx_word' id='word_1_727' title='bbox 639 4696 865 4773; x_wconf 48' lang='lat' dir='ltr'><strong>V_.-_7(a)</strong></span> <span class='ocrx_word' id='word_1_728' title='bbox 884 4697 1166 4773; x_wconf 7' lang='lat' dir='ltr'><strong>(Honestior</strong></span> <span class='ocrx_word' id='word_1_729' title='bbox 1190 4704 1236 4752; x_wconf 83' lang='lat' dir='ltr'><strong>et</strong></span> <span class='ocrx_word' id='word_1_730' title='bbox 1256 4694 1863 4773; x_wconf 42' lang='lat' dir='ltr'><strong>liberalior-latentium.</strong></span> <span class='ocrx_word' id='word_1_731' title='bbox 1890 4698 1983 4773; x_wconf 70' lang='lat' dir='ltr'><strong>Al-</strong></span> 
     </span>
    </p>
   </div>
   <div class='ocr_carea' id='block_1_98' title="bbox 395 4765 1982 4838">
    <p class='ocr_par' dir='ltr' id='par_1_99' title="bbox 395 4765 1982 4838">
     <span class='ocr_line' id='line_1_102' title="bbox 395 4765 1982 4838; baseline -0.005 -7"><span class='ocrx_word' id='word_1_732' title='bbox 395 4772 532 4831; x_wconf 90' lang='lat' dir='ltr'><strong>ludlt</strong></span> <span class='ocrx_word' id='word_1_733' title='bbox 558 4770 623 4827; x_wconf 86' lang='lat' dir='ltr'><strong>ad</strong></span> <span class='ocrx_word' id='word_1_734' title='bbox 641 4771 710 4829; x_wconf 78' lang='lat'><strong>50</strong></span> <span class='ocrx_word' id='word_1_735' title='bbox 733 4765 1025 4828; x_wconf 70' lang='lat' dir='ltr'><strong>divinitatis</strong></span> <span class='ocrx_word' id='word_1_736' title='bbox 1051 4782 1231 4824; x_wconf 66' lang='lat' dir='ltr'><strong>mones</strong></span> <span class='ocrx_word' id='word_1_737' title='bbox 1269 4765 1560 4838; x_wconf 74' lang='lat' dir='ltr'><strong>Valentini,</strong></span> <span class='ocrx_word' id='word_1_738' title='bbox 1593 4769 1660 4824; x_wconf 89' lang='lat' dir='ltr'><strong>de</strong></span> <span class='ocrx_word' id='word_1_739' title='bbox 1686 4769 1879 4838; x_wconf 84' lang='lat' dir='ltr'><strong>quibus</strong></span> <span class='ocrx_word' id='word_1_740' title='bbox 1905 4771 1982 4823; x_wconf 89' lang='lat' dir='ltr'><strong>la-</strong></span> 
     </span>
    </p>
   </div>
   <div class='ocr_carea' id='block_1_99' title="bbox 397 4837 1982 4910">
    <p class='ocr_par' dir='ltr' id='par_1_100' title="bbox 397 4837 1982 4910">
     <span class='ocr_line' id='line_1_103' title="bbox 397 4837 1982 4910; baseline -0.005 -8"><span class='ocrx_word' id='word_1_741' title='bbox 397 4844 605 4902; x_wconf 84' lang='lat' dir='ltr'><strong>tissime</strong></span> <span class='ocrx_word' id='word_1_742' title='bbox 632 4843 723 4899; x_wconf 91' lang='lat' dir='ltr'><strong>lib.</strong></span> <span class='ocrx_word' id='word_1_743' title='bbox 762 4841 881 4897; x_wconf 77' lang='lat' dir='ltr'><strong>adv.</strong></span> <span class='ocrx_word' id='word_1_744' title='bbox 918 4837 1410 4910; x_wconf 79' lang='lat' dir='ltr'><strong>Valentin.:quibus</strong></span> <span class='ocrx_word' id='word_1_745' title='bbox 1434 4838 1638 4910; x_wconf 54' lang='lat' dir='ltr'><strong>derigat</strong></span> <span class='ocrx_word' id='word_1_746' title='bbox 1663 4837 1862 4895; x_wconf 82' lang='lat' dir='ltr'><strong>Auctor</strong></span> <span class='ocrx_word' id='word_1_747' title='bbox 1886 4856 1982 4896; x_wconf 86' lang='lat' dir='ltr'><strong>uo-</strong></span> 
     </span>
    </p>
   </div>
   <div class='ocr_carea' id='block_1_100' title="bbox 397 4906 1984 4984">
    <p class='ocr_par' dir='ltr' id='par_1_101' title="bbox 397 4906 1984 4984">
     <span class='ocr_line' id='line_1_104' title="bbox 397 4906 1984 4984; baseline -0.004 -9"><span class='ocrx_word' id='word_1_748' title='bbox 397 4932 519 4975; x_wconf 73' lang='lat' dir='ltr'><strong>vnm</strong></span> <span class='ocrx_word' id='word_1_749' title='bbox 550 4928 884 4978; x_wconf 85' lang='lat' dir='ltr'><strong>vocem.cum</strong></span> <span class='ocrx_word' id='word_1_750' title='bbox 907 4906 1201 4984; x_wconf 73' lang='lat' dir='ltr'><strong>subiungit,</strong></span> <span class='ocrx_word' id='word_1_751' title='bbox 1220 4906 1485 4984; x_wconf 52' lang='lat' dir='ltr'><strong>tamquam</strong></span> <span class='ocrx_word' id='word_1_752' title='bbox 1498 4906 1709 4966; x_wconf 71' lang='grc' dir='ltr'><em>Αἳοηίτε</em></span> <span class='ocrx_word' id='word_1_753' title='bbox 1732 4912 1984 4984; x_wconf 72' lang='grc' dir='ltr'><strong>δενοριιω,</strong></span> 
     </span>
    </p>
   </div>
   <div class='ocr_carea' id='block_1_101' title="bbox 398 4981 1990 5055">
    <p class='ocr_par' dir='ltr' id='par_1_102' title="bbox 398 4981 1990 5055">
     <span class='ocr_line' id='line_1_105' title="bbox 398 4981 1990 5055; baseline -0.004 -10"><span class='ocrx_word' id='word_1_754' title='bbox 398 4987 644 5046; x_wconf 86' lang='lat' dir='ltr'><strong>alludens</strong></span> <span class='ocrx_word' id='word_1_755' title='bbox 658 4986 723 5042; x_wconf 86' lang='lat' dir='ltr'><strong>ad</strong></span> <span class='ocrx_word' id='word_1_756' title='bbox 746 4983 991 5055; x_wconf 71' lang='lat' dir='ltr'><strong>scrophte</strong></span> <span class='ocrx_word' id='word_1_757' title='bbox 1021 4981 1439 5055; x_wconf 79' lang='lat' dir='ltr'><strong>ftecuuditatem,</strong></span> <span class='ocrx_word' id='word_1_758' title='bbox 1458 4994 1577 5053; x_wconf 71' lang='lat' dir='ltr'><strong>qua:</strong></span> <span class='ocrx_word' id='word_1_759' title='bbox 1592 4981 1990 5055; x_wconf 82' lang='lat' dir='ltr'><strong>nonnumquam</strong></span> 
     </span>
    </p>
   </div>
   <div class='ocr_carea' id='block_1_102' title="bbox 377 5053 1987 5127">
    <p class='ocr_par' dir='ltr' id='par_1_103' title="bbox 377 5053 1987 5127">
     <span class='ocr_line' id='line_1_106' title="bbox 377 5053 1987 5127; baseline -0.003 -11"><span class='ocrx_word' id='word_1_760' title='bbox 377 5088 380 5089; x_wconf 53' lang='grc' dir='ltr'><em>ν</em></span> <span class='ocrx_word' id='word_1_761' title='bbox 399 5060 467 5116; x_wconf 86' lang='lat' dir='ltr'><strong>ad</strong></span> <span class='ocrx_word' id='word_1_762' title='bbox 490 5064 735 5115; x_wconf 88' lang='lat' dir='ltr'><strong>trecenos</strong></span> <span class='ocrx_word' id='word_1_763' title='bbox 751 5053 920 5127; x_wconf 77' lang='lat' dir='ltr'><strong>usque</strong></span> <span class='ocrx_word' id='word_1_764' title='bbox 942 5056 1216 5127; x_wconf 80' lang='lat' dir='ltr'><strong>peperisse</strong></span> <span class='ocrx_word' id='word_1_765' title='bbox 1240 5053 1437 5127; x_wconf 64' lang='lat' dir='ltr'><strong>legitur</strong></span> <span class='ocrx_word' id='word_1_766' title='bbox 1455 5060 1674 5127; x_wconf 54' lang='lat' dir='ltr'><strong>parcos.“</strong></span> <span class='ocrx_word' id='word_1_767' title='bbox 1690 5053 1823 5110; x_wconf 91' lang='lat' dir='ltr'><strong>Illud</strong></span> <span class='ocrx_word' id='word_1_768' title='bbox 1843 5053 1987 5127; x_wconf 71' lang='lat' dir='ltr'><strong>enim</strong></span> 
     </span>
    </p>
   </div>
   <div class='ocr_carea' id='block_1_103' title="bbox 401 5123 1994 5201">
    <p class='ocr_par' dir='ltr' id='par_1_104' title="bbox 401 5123 1994 5201">
     <span class='ocr_line' id='line_1_107' title="bbox 401 5123 1994 5201; baseline -0.003 -16"><span class='ocrx_word' id='word_1_769' title='bbox 401 5123 1028 5201; x_wconf 38' lang='lat' dir='ltr'><strong>antiquissimum-fumis—</strong></span> <span class='ocrx_word' id='word_1_770' title='bbox 1056 5125 1308 5201; x_wconf 71' lang='lat' dir='ltr'><strong>scribitur</strong></span> <span class='ocrx_word' id='word_1_771' title='bbox 1334 5123 1467 5201; x_wconf 57' lang='lat' dir='ltr'><strong>aM.</strong></span> <span class='ocrx_word' id='word_1_772' title='bbox 1485 5124 1903 5201; x_wconf 44' lang='lat' dir='ltr'><strong>Vprrqnqlilpll</strong></span> <span class='ocrx_word' id='word_1_773' title='bbox 1930 5127 1994 5181; x_wconf 80' lang='lat' dir='ltr'><strong>de</strong></span> 
     </span>
    </p>
   </div>
   <div class='ocr_carea' id='block_1_104' title="bbox 401 5194 1991 5270">
    <p class='ocr_par' dir='ltr' id='par_1_105' title="bbox 401 5194 1991 5270">
     <span class='ocr_line' id='line_1_108' title="bbox 401 5194 1991 5270; baseline -0.005 -12"><span class='ocrx_word' id='word_1_774' title='bbox 401 5202 480 5258; x_wconf 83' lang='lat' dir='ltr'><strong>Re</strong></span> <span class='ocrx_word' id='word_1_775' title='bbox 500 5194 721 5266; x_wconf 72' lang='lat' dir='ltr'><strong>rustica,</strong></span> <span class='ocrx_word' id='word_1_776' title='bbox 764 5213 885 5270; x_wconf 89' lang='lat' dir='ltr'><strong>cap.</strong></span> <span class='ocrx_word' id='word_1_777' title='bbox 918 5200 973 5270; x_wconf 64' lang='grc'><strong>4.</strong></span> <span class='ocrx_word' id='word_1_778' title='bbox 1008 5197 1152 5270; x_wconf 77' lang='lat' dir='ltr'><strong>quod</strong></span> <span class='ocrx_word' id='word_1_779' title='bbox 1193 5211 1287 5270; x_wconf 77' lang='lat' dir='ltr'><strong>sus</strong></span> <span class='ocrx_word' id='word_1_780' title='bbox 1314 5194 1501 5270; x_wconf 54' lang='lat' dir='ltr'><strong>(Euerp</strong></span> <span class='ocrx_word' id='word_1_781' title='bbox 1522 5194 1741 5270; x_wconf 70' lang='lat' dir='ltr'><strong>Lavinii</strong></span> <span class='ocrx_word' id='word_1_782' title='bbox 1769 5198 1838 5255; x_wconf 76' lang='lat'><strong>50</strong></span> <span class='ocrx_word' id='word_1_783' title='bbox 1865 5213 1991 5268; x_wconf 87' lang='lat' dir='ltr'><strong>por-</strong></span> 
     </span>
    </p>
   </div>
   <div class='ocr_carea' id='block_1_105' title="bbox 406 5266 1993 5343">
    <p class='ocr_par' dir='ltr' id='par_1_106' title="bbox 406 5266 1993 5343">
     <span class='ocr_line' id='line_1_109' title="bbox 406 5266 1993 5343; baseline -0.006 -13"><span class='ocrx_word' id='word_1_784' title='bbox 406 5288 502 5330; x_wconf 87' lang='lat' dir='ltr'><strong>cos</strong></span> <span class='ocrx_word' id='word_1_785' title='bbox 546 5266 1041 5343; x_wconf 23' lang='lat' dir='ltr'><strong>pepererit&#39;alhos.‘</strong></span> <span class='ocrx_word' id='word_1_786' title='bbox 1090 5266 1249 5343; x_wconf 81' lang='lat' dir='ltr'><strong>Atqui</strong></span> <span class='ocrx_word' id='word_1_787' title='bbox 1279 5277 1426 5343; x_wconf 76' lang='lat' dir='ltr'><strong>recte</strong></span> <span class='ocrx_word' id='word_1_788' title='bbox 1451 5266 1614 5343; x_wconf 74' lang='lat' dir='ltr'><strong>dicit;</strong></span> <span class='ocrx_word' id='word_1_789' title='bbox 1665 5266 1791 5343; x_wconf 71' lang='lat' dir='ltr'><strong>Post</strong></span> <span class='ocrx_word' id='word_1_790' title='bbox 1836 5266 1993 5343; x_wconf 76' lang='lat' dir='ltr'><strong>mutat</strong></span> 
     </span>
    </p>
   </div>
   <div class='ocr_carea' id='block_1_106' title="bbox 403 5338 1994 5410">
    <p class='ocr_par' dir='ltr' id='par_1_107' title="bbox 403 5338 1994 5410">
     <span class='ocr_line' id='line_1_110' title="bbox 403 5338 1994 5410; baseline -0.004 -10"><span class='ocrx_word' id='word_1_791' title='bbox 403 5338 805 5401; x_wconf 40' lang='lat' dir='ltr'><strong>enim-numerus</strong></span> <span class='ocrx_word' id='word_1_792' title='bbox 836 5357 852 5410; x_wconf 89' lang='lat'><strong>;</strong></span> <span class='ocrx_word' id='word_1_793' title='bbox 879 5349 934 5397; x_wconf 88' lang='lat' dir='ltr'><strong>et</strong></span> <span class='ocrx_word' id='word_1_794' title='bbox 957 5353 1077 5394; x_wconf 83' lang='lat' dir='ltr'><strong>mox</strong></span> <span class='ocrx_word' id='word_1_795' title='bbox 1108 5357 1124 5397; x_wconf 87' lang='lat'><strong>:</strong></span> <span class='ocrx_word' id='word_1_796' title='bbox 1161 5338 1275 5393; x_wconf 81' lang='lat' dir='ltr'><strong>Duo</strong></span> <span class='ocrx_word' id='word_1_797' title='bbox 1304 5338 1437 5392; x_wconf 83' lang='lat' dir='ltr'><strong>enim</strong></span> <span class='ocrx_word' id='word_1_798' title='bbox 1462 5339 1736 5394; x_wconf 83' lang='lat' dir='ltr'><strong>multitudo</strong></span> <span class='ocrx_word' id='word_1_799' title='bbox 1764 5381 1777 5404; x_wconf 92' lang='lat'><strong>,</strong></span> <span class='ocrx_word' id='word_1_800' title='bbox 1809 5340 1994 5394; x_wconf 82' lang='lat' dir='ltr'><strong>unione</strong></span> 
     </span>
    </p>
   </div>
   <div class='ocr_carea' id='block_1_107' title="bbox 394 5410 1996 5489">
    <p class='ocr_par' dir='ltr' id='par_1_108' title="bbox 394 5410 1996 5489">
     <span class='ocr_line' id='line_1_111' title="bbox 394 5410 1996 5489; baseline -0.003 -19"><span class='ocrx_word' id='word_1_801' title='bbox 394 5417 510 5489; x_wconf 82' lang='lat' dir='ltr'><strong>jam</strong></span> <span class='ocrx_word' id='word_1_802' title='bbox 535 5429 738 5470; x_wconf 67' lang='lat' dir='ltr'><strong>excessu</strong></span> <span class='ocrx_word' id='word_1_803' title='bbox 757 5427 776 5478; x_wconf 87' lang='lat'><em>;</em></span> <span class='ocrx_word' id='word_1_804' title='bbox 802 5414 952 5489; x_wconf 79' lang='lat' dir='ltr'><strong>quia_</strong></span> <span class='ocrx_word' id='word_1_805' title='bbox 964 5411 1138 5467; x_wconf 87' lang='lat' dir='ltr'><strong>unitas</strong></span> <span class='ocrx_word' id='word_1_806' title='bbox 1151 5425 1257 5467; x_wconf 93' lang='lat' dir='ltr'><strong>non</strong></span> <span class='ocrx_word' id='word_1_807' title='bbox 1273 5424 1547 5477; x_wconf 88' lang='lat' dir='ltr'><strong>numerus,</strong></span> <span class='ocrx_word' id='word_1_808' title='bbox 1562 5410 1658 5466; x_wconf 88' lang='lat' dir='ltr'><strong>sed</strong></span> <span class='ocrx_word' id='word_1_809' title='bbox 1677 5410 1996 5482; x_wconf 88' lang='lat' dir='ltr'><strong>principium</strong></span> 
     </span>
    </p>
   </div>
   <div class='ocr_carea' id='block_1_108' title="bbox 402 5483 1055 5544">
    <p class='ocr_par' dir='ltr' id='par_1_109' title="bbox 402 5483 1055 5544">
     <span class='ocr_line' id='line_1_112' title="bbox 402 5483 1055 5544; baseline -0.014 0"><span class='ocrx_word' id='word_1_810' title='bbox 402 5483 487 5544; x_wconf 71' lang='lat' dir='ltr'><strong>est</strong></span> <span class='ocrx_word' id='word_1_811' title='bbox 514 5498 879 5542; x_wconf 89' lang='lat' dir='ltr'><strong>numerorum.</strong></span> <span class='ocrx_word' id='word_1_812' title='bbox 919 5483 1055 5541; x_wconf 72' lang='lat' dir='ltr'><strong>Pu.</strong></span> 
     </span>
    </p>
   </div>
   <div class='ocr_carea' id='block_1_109' title="bbox 478 5552 1993 5631">
    <p class='ocr_par' dir='ltr' id='par_1_110' title="bbox 478 5552 1993 5631">
     <span class='ocr_line' id='line_1_113' title="bbox 478 5552 1993 5631; baseline -0.005 -19"><span class='ocrx_word' id='word_1_813' title='bbox 478 5556 559 5631; x_wconf 80' lang='grc'><strong>(1))</strong></span> <span class='ocrx_word' id='word_1_814' title='bbox 623 5553 908 5631; x_wconf 76' lang='lat' dir='ltr'><strong>Usque_ad</strong></span> <span class='ocrx_word' id='word_1_815' title='bbox 953 5554 1171 5631; x_wconf 62' lang='lat' dir='ltr'><strong>triginta</strong></span> <span class='ocrx_word' id='word_1_816' title='bbox 1225 5568 1425 5631; x_wconf 62' lang='lat' dir='ltr'><strong>(sonum</strong></span> <span class='ocrx_word' id='word_1_817' title='bbox 1487 5552 1635 5631; x_wconf 70' lang='lat' dir='ltr'><strong>[tatus</strong></span> <span class='ocrx_word' id='word_1_818' title='bbox 1661 5593 1677 5620; x_wconf 92' lang='lat'><strong>,</strong></span> <span class='ocrx_word' id='word_1_819' title='bbox 1733 5562 1993 5631; x_wconf 72' lang='lat' dir='ltr'><strong>tamquam</strong></span> 
     </span>
    </p>
   </div>
   <div class='ocr_carea' id='block_1_110' title="bbox 402 5623 1992 5695">
    <p class='ocr_par' dir='ltr' id='par_1_111' title="bbox 402 5623 1992 5695">
     <span class='ocr_line' id='line_1_114' title="bbox 402 5623 1992 5695; baseline -0.006 -11"><span class='ocrx_word' id='word_1_820' title='bbox 402 5623 610 5684; x_wconf 52' lang='lat' dir='ltr'><strong>assae</strong></span> <span class='ocrx_word' id='word_1_821' title='bbox 655 5623 904 5695; x_wconf 69' lang='lat' dir='ltr'><strong>mpm.</strong></span> <span class='ocrx_word' id='word_1_822' title='bbox 949 5623 1048 5681; x_wconf 48' lang='lat' dir='ltr'><strong>Sic&#39;</strong></span> <span class='ocrx_word' id='word_1_823' title='bbox 1064 5623 1466 5695; x_wconf 82' lang='lat' dir='ltr'><strong>emendavimus</strong></span> <span class='ocrx_word' id='word_1_824' title='bbox 1489 5623 1635 5695; x_wconf 83' lang='lat' dir='ltr'><strong>quod</strong></span> <span class='ocrx_word' id='word_1_825' title='bbox 1663 5623 1992 5695; x_wconf 63' lang='lat' dir='ltr'><strong>vulgo&#39;legeo</strong></span> 
     </span>
    </p>
   </div>
   <div class='ocr_carea' id='block_1_111' title="bbox 403 5693 1995 5773">
    <p class='ocr_par' dir='ltr' id='par_1_112' title="bbox 403 5693 1995 5773">
     <span class='ocr_line' id='line_1_115' title="bbox 403 5693 1995 5773; baseline -0.006 -16"><span class='ocrx_word' id='word_1_826' title='bbox 403 5697 580 5773; x_wconf 72' lang='lat' dir='ltr'><strong>batur,</strong></span> <span class='ocrx_word' id='word_1_827' title='bbox 601 5693 856 5771; x_wconf 78' lang='lat' dir='ltr'><strong>tamquam</strong></span> <span class='ocrx_word' id='word_1_828' title='bbox 898 5695 1108 5756; x_wconf 66' lang='lat' dir='ltr'><strong>xEom‘w</strong></span> <span class='ocrx_word' id='word_1_829' title='bbox 1132 5698 1380 5769; x_wconf 79' lang='lat' dir='ltr'><strong>scrophw.</strong></span> <span class='ocrx_word' id='word_1_830' title='bbox 1412 5694 1469 5750; x_wconf 94' lang='lat' dir='ltr'><strong>lu</strong></span> <span class='ocrx_word' id='word_1_831' title='bbox 1496 5694 1682 5752; x_wconf 88' lang='lat' dir='ltr'><strong>codice</strong></span> <span class='ocrx_word' id='word_1_832' title='bbox 1707 5693 1995 5760; x_wconf 65' lang='lat' dir='ltr'><strong>Pithmano</strong></span> 
     </span>
    </p>
   </div>
   <div class='ocr_carea' id='block_1_112' title="bbox 2089 4693 3686 4773">
    <p class='ocr_par' dir='ltr' id='par_1_113' title="bbox 2089 4693 3686 4773">
     <span class='ocr_line' id='line_1_116' title="bbox 2089 4693 3686 4773; baseline -0.008 -13"><span class='ocrx_word' id='word_1_833' title='bbox 2089 4705 2360 4771; x_wconf 80' lang='lat' dir='ltr'><strong>scribitur,</strong></span> <span class='ocrx_word' id='word_1_834' title='bbox 2390 4700 2642 4761; x_wconf 68' lang='lat' dir='ltr'><strong>)Eoneim.</strong></span> <span class='ocrx_word' id='word_1_835' title='bbox 2675 4702 2905 4760; x_wconf 87' lang='lat' dir='ltr'><strong>Omnino</strong></span> <span class='ocrx_word' id='word_1_836' title='bbox 2925 4698 3233 4773; x_wconf 81' lang='lat' dir='ltr'><strong>legendum,</strong></span> <span class='ocrx_word' id='word_1_837' title='bbox 3264 4696 3472 4755; x_wconf 70' lang='grc' dir='ltr'><strong>Αῖηεὲω</strong></span> <span class='ocrx_word' id='word_1_838' title='bbox 3501 4712 3516 4773; x_wconf 81' lang='grc'>;</span> <span class='ocrx_word' id='word_1_839' title='bbox 3548 4693 3686 4773; x_wconf 88' lang='lat' dir='ltr'><strong>allu_-</strong></span> 
     </span>
    </p>
   </div>
   <div class='ocr_carea' id='block_1_113' title="bbox 2087 4739 3682 4903">
    <p class='ocr_par' dir='ltr' id='par_1_114' title="bbox 2087 4739 3682 4903">
     <span class='ocr_line' id='line_1_117' title="bbox 2089 4739 3653 4773; baseline -0.007 -11"><span class='ocrx_word' id='word_1_840' title='bbox 2089 4739 2360 4771; x_wconf 66' lang='grc' dir='ltr'><strong>ενιιιιιιυι,</strong></span> <span class='ocrx_word' id='word_1_841' title='bbox 2390 4739 2642 4761; x_wconf 59' lang='lat' dir='ltr'><strong>mouens.</strong></span> <span class='ocrx_word' id='word_1_842' title='bbox 2676 4739 2905 4760; x_wconf 80' lang='grc' dir='ltr'><strong>υ........υ</strong></span> <span class='ocrx_word' id='word_1_843' title='bbox 2927 4739 3233 4773; x_wconf 62' lang='grc' dir='ltr'><strong>,υδυηυυηη</strong></span> <span class='ocrx_word' id='word_1_844' title='bbox 3264 4739 3468 4755; x_wconf 69' lang='grc' dir='ltr'><strong>...ηνην</strong></span> 
     </span>
     <span class='ocr_line' id='line_1_118' title="bbox 2087 4739 3682 4903; baseline -0.004 -75"><span class='ocrx_word' id='word_1_845' title='bbox 2087 4776 2434 4903; x_wconf 36' lang='grc' dir='ltr'><strong>ξείὶὲἰῗξᾶιῶωι</strong></span> <span class='ocrx_word' id='word_1_846' title='bbox 2465 4779 2609 4836; x_wconf 90' lang='lat' dir='ltr'><strong>illam</strong></span> <span class='ocrx_word' id='word_1_847' title='bbox 2635 4775 2824 4833; x_wconf 56' lang='lat' dir='ltr'><strong>[Encas</strong></span> <span class='ocrx_word' id='word_1_848' title='bbox 2849 4773 3154 4846; x_wconf 87' lang='lat' dir='ltr'><strong>scropbam,</strong></span> <span class='ocrx_word' id='word_1_849' title='bbox 3184 4786 3325 4845; x_wconf 75' lang='lat' dir='ltr'><strong>quze,</strong></span> <span class='ocrx_word' id='word_1_850' title='bbox 3350 4779 3411 4826; x_wconf 91' lang='lat' dir='ltr'><strong>ut</strong></span> <span class='ocrx_word' id='word_1_851' title='bbox 3441 4739 3523 4825; x_wconf 67' lang='lat' dir='ltr'><strong>esi</strong></span> <span class='ocrx_word' id='word_1_852' title='bbox 3542 4763 3682 4840; x_wconf 86' lang='lat' dir='ltr'><strong>apud</strong></span> 
     </span>
    </p>
   </div>
   <div class='ocr_carea' id='block_1_114' title="bbox 2138 4864 2409 4921">
    <p class='ocr_par' dir='ltr' id='par_1_115' title="bbox 2138 4864 2409 4921">
     <span class='ocr_line' id='line_1_119' title="bbox 2138 4864 2409 4921; baseline 0.007 -18"><span class='ocrx_word' id='word_1_853' title='bbox 2138 4864 2366 4921; x_wconf 81' lang='lat' dir='ltr'><strong>trgntum</strong></span> <span class='ocrx_word' id='word_1_854' title='bbox 2394 4868 2409 4905; x_wconf 87' lang='lat'>:</span> 
     </span>
    </p>
   </div>
   <div class='ocr_carea' id='block_1_115' title="bbox 2191 4990 3314 5057">
    <p class='ocr_par' dir='ltr' id='par_1_116' title="bbox 2191 4990 3314 5057">
     <span class='ocr_line' id='line_1_120' title="bbox 2191 4990 3314 5057; baseline -0.004 -3"><span class='ocrx_word' id='word_1_855' title='bbox 2191 5002 2432 5055; x_wconf 88' lang='lat' dir='ltr'><strong>Littoreis</strong></span> <span class='ocrx_word' id='word_1_856' title='bbox 2454 4990 2633 5057; x_wconf 69' lang='lat' dir='ltr'><strong>ingens</strong></span> <span class='ocrx_word' id='word_1_857' title='bbox 2654 5005 2852 5055; x_wconf 87' lang='lat' dir='ltr'><strong>inventa</strong></span> <span class='ocrx_word' id='word_1_858' title='bbox 2875 5002 2971 5053; x_wconf 87' lang='lat' dir='ltr'><strong>sub</strong></span> <span class='ocrx_word' id='word_1_859' title='bbox 2994 4999 3192 5053; x_wconf 88' lang='lat' dir='ltr'><strong>ilicibus</strong></span> <span class='ocrx_word' id='word_1_860' title='bbox 3209 5000 3314 5050; x_wconf 87' lang='lat' dir='ltr'><strong>suis</strong></span> 
     </span>
    </p>
   </div>
   <div class='ocr_carea' id='block_1_116' title="bbox 2189 5062 3208 5131">
    <p class='ocr_par' dir='ltr' id='par_1_117' title="bbox 2189 5062 3208 5131">
     <span class='ocr_line' id='line_1_121' title="bbox 2189 5062 3208 5131; baseline -0.008 -12"><span class='ocrx_word' id='word_1_861' title='bbox 2189 5066 2411 5130; x_wconf 85' lang='lat' dir='ltr'><strong>Triginta</strong></span> <span class='ocrx_word' id='word_1_862' title='bbox 2433 5062 2645 5131; x_wconf 78' lang='lat' dir='ltr'><strong>capitum</strong></span> <span class='ocrx_word' id='word_1_863' title='bbox 2661 5066 2811 5117; x_wconf 82' lang='lat' dir='ltr'><strong>foetus</strong></span> <span class='ocrx_word' id='word_1_864' title='bbox 2833 5069 2977 5115; x_wconf 82' lang='lat' dir='ltr'><strong>enixa</strong></span> <span class='ocrx_word' id='word_1_865' title='bbox 2993 5062 3208 5128; x_wconf 67' lang='lat' dir='ltr'><strong>iacebat.</strong></span> 
     </span>
    </p>
   </div>
   <div class='ocr_carea' id='block_1_117' title="bbox 2174 5200 3787 5283">
    <p class='ocr_par' dir='ltr' id='par_1_118' title="bbox 2174 5200 3787 5283">
     <span class='ocr_line' id='line_1_122' title="bbox 2174 5200 3787 5283; baseline -0.009 -10"><span class='ocrx_word' id='word_1_866' title='bbox 2174 5218 2371 5274; x_wconf 87' lang='lat' dir='ltr'><strong>Eadem</strong></span> <span class='ocrx_word' id='word_1_867' title='bbox 2399 5212 2588 5271; x_wconf 87' lang='lat' dir='ltr'><strong>menda</strong></span> <span class='ocrx_word' id='word_1_868' title='bbox 2612 5213 2679 5283; x_wconf 71' lang='lat' dir='ltr'><strong>in</strong></span> <span class='ocrx_word' id='word_1_869' title='bbox 2725 5211 2818 5275; x_wconf 86' lang='lat' dir='ltr'><strong>illo</strong></span> <span class='ocrx_word' id='word_1_870' title='bbox 2843 5208 3182 5283; x_wconf 79' lang='lat' dir='ltr'><strong>Hieronymi,</strong></span> <span class='ocrx_word' id='word_1_871' title='bbox 3215 5210 3269 5267; x_wconf 91' lang='lat' dir='ltr'><strong>in</strong></span> <span class='ocrx_word' id='word_1_872' title='bbox 3294 5205 3601 5283; x_wconf 42' lang='lat' dir='ltr'><strong>Epistulam.</strong></span> <span class='ocrx_word' id='word_1_873' title='bbox 3622 5200 3686 5259; x_wconf 76' lang='lat' dir='ltr'><strong>ml</strong></span> <span class='ocrx_word' id='word_1_874' title='bbox 3784 5220 3787 5221; x_wconf 64' lang='lat'><strong><em>&#39;</em></strong></span> 
     </span>
    </p>
   </div>
   <div class='ocr_carea' id='block_1_118' title="bbox 2092 5271 3690 5361">
    <p class='ocr_par' dir='ltr' id='par_1_119' title="bbox 2092 5271 3690 5361">
     <span class='ocr_line' id='line_1_123' title="bbox 2092 5271 3690 5361; baseline -0.01 -16"><span class='ocrx_word' id='word_1_875' title='bbox 2092 5271 2315 5361; x_wconf 51' lang='lat' dir='ltr'><strong>Gab&#39;ttas</strong></span> <span class='ocrx_word' id='word_1_876' title='bbox 2342 5286 2532 5361; x_wconf 83' lang='lat' dir='ltr'><strong>:_Quos</strong></span> <span class='ocrx_word' id='word_1_877' title='bbox 2545 5271 2946 5361; x_wconf 50' lang='lat' dir='ltr'><strong>ﬁnet&#39;ajmtus</strong></span> <span class='ocrx_word' id='word_1_878' title='bbox 2985 5271 3203 5361; x_wconf 55' lang='lat' dir='ltr'><strong>strepitu</strong></span> <span class='ocrx_word' id='word_1_879' title='bbox 3230 5271 3487 5359; x_wconf 64' lang='lat' dir='ltr'><strong>generavit</strong></span> <span class='ocrx_word' id='word_1_880' title='bbox 3506 5274 3530 5329; x_wconf 85' lang='lat'><strong><em>?</em></strong></span> <span class='ocrx_word' id='word_1_881' title='bbox 3557 5271 3690 5361; x_wconf 50' lang='grc' dir='ltr'><strong>ἓςιςη</strong></span> 
     </span>
    </p>
   </div>
   <div class='ocr_carea' id='block_1_119' title="bbox 2101 5338 3690 5429">
    <p class='ocr_par' dir='ltr' id='par_1_120' title="bbox 2101 5338 3690 5429">
     <span class='ocr_line' id='line_1_124' title="bbox 2101 5338 3690 5429; baseline -0.009 -18"><span class='ocrx_word' id='word_1_882' title='bbox 2101 5338 2493 5429; x_wconf 41' lang='lat' dir='ltr'><strong>vulgo—legibs.</strong></span> <span class='ocrx_word' id='word_1_883' title='bbox 2516 5338 2821 5429; x_wconf 44' lang='lat' dir='ltr'><strong>agonali:</strong></span> <span class='ocrx_word' id='word_1_884' title='bbox 2868 5338 3290 5429; x_wconf 57' lang='lat' dir='ltr'><strong>ilss.__scr_ipluin</strong></span> <span class='ocrx_word' id='word_1_885' title='bbox 3314 5338 3517 5429; x_wconf 57' lang='lat' dir='ltr'><strong>reperi,</strong></span> <span class='ocrx_word' id='word_1_886' title='bbox 3553 5338 3690 5400; x_wconf 79' lang='lat' dir='ltr'><strong>Ene-</strong></span> 
     </span>
    </p>
   </div>
   <div class='ocr_carea' id='block_1_120' title="bbox 2099 5420 3477 5502">
    <p class='ocr_par' dir='ltr' id='par_1_121' title="bbox 2099 5420 3477 5502">
     <span class='ocr_line' id='line_1_125' title="bbox 2099 5420 3477 5502; baseline -0.007 -18"><span class='ocrx_word' id='word_1_887' title='bbox 2099 5420 2376 5502; x_wconf 44' lang='lat' dir='ltr'><strong>gianuod</strong></span> <span class='ocrx_word' id='word_1_888' title='bbox 2397 5434 2499 5492; x_wconf 86' lang='lat' dir='ltr'><strong>est,</strong></span> <span class='ocrx_word' id='word_1_889' title='bbox 2532 5423 2745 5481; x_wconf 66' lang='grc' dir='ltr'><strong>Δέηεὲα.</strong></span> <span class='ocrx_word' id='word_1_890' title='bbox 2778 5423 3077 5491; x_wconf 67' lang='lat' dir='ltr'><strong>Iuvenalis,</strong></span> <span class='ocrx_word' id='word_1_891' title='bbox 3119 5420 3172 5479; x_wconf 79' lang='lat' dir='ltr'><strong>in</strong></span> <span class='ocrx_word' id='word_1_892' title='bbox 3204 5438 3276 5478; x_wconf 76' lang='lat' dir='ltr'><strong>Vl.</strong></span> <span class='ocrx_word' id='word_1_893' title='bbox 3307 5420 3425 5477; x_wconf 82' lang='lat' dir='ltr'><strong>Sat.</strong></span> <span class='ocrx_word' id='word_1_894' title='bbox 3462 5437 3477 5474; x_wconf 90' lang='lat'><strong>:</strong></span> 
     </span>
    </p>
   </div>
   <div class='ocr_carea' id='block_1_121' title="bbox 2132 5565 3548 5675">
    <p class='ocr_par' dir='ltr' id='par_1_122' title="bbox 2132 5565 3548 5675">
     <span class='ocr_line' id='line_1_126' title="bbox 2132 5565 3548 5675; baseline -0.009 -35"><span class='ocrx_word' id='word_1_895' title='bbox 2132 5649 2147 5675; x_wconf 42' lang='grc' dir='ltr'><em>Ι</em></span> <span class='ocrx_word' id='word_1_896' title='bbox 2191 5586 2352 5652; x_wconf 78' lang='lat' dir='ltr'><strong>Atque</strong></span> <span class='ocrx_word' id='word_1_897' title='bbox 2372 5585 2550 5639; x_wconf 84' lang='lat' dir='ltr'><strong>eadem</strong></span> <span class='ocrx_word' id='word_1_898' title='bbox 2569 5582 2775 5650; x_wconf 81' lang='lat' dir='ltr'><strong>scrOpha</strong></span> <span class='ocrx_word' id='word_1_899' title='bbox 2793 5565 2954 5637; x_wconf 84' lang='lat' dir='ltr'><strong>Niobe</strong></span> <span class='ocrx_word' id='word_1_900' title='bbox 2977 5577 3246 5635; x_wconf 59' lang='lat' dir='ltr'><strong>facundior</strong></span> <span class='ocrx_word' id='word_1_901' title='bbox 3267 5578 3394 5632; x_wconf 79' lang='lat' dir='ltr'><strong>alba.</strong></span> <span class='ocrx_word' id='word_1_902' title='bbox 3434 5578 3548 5631; x_wconf 72' lang='grc' dir='ltr'><strong>Βία.</strong></span> 
     </span>
    </p>
   </div>
  </div>
