4008 6280
250 233 345 291 255

1366 232 1495 290 LIB.
1533 232 1558 289 Ι
1598 229 1959 291 ADVERSUS
1995 231 2419 292 MARCIONEM.

3417 233 3535 294 ΞΜ

250 367 372 416 cem,
393 349 717 419 lerum,belli
739 352 1038 422 potentem;
1060 348 1289 406 alterum
1306 348 1508 416 mitem,
1528 347 1817 420 placidum.
1847 345 1902 408 A
1926 347 2072 418 quod
2122 360 2247 406 sunt
2271 349 2602 408 detrahetur.
2617 348 2750 405 Nam
2776 357 2832 407 et
2856 348 2972 421 ipsa
2996 348 3140 407 idola
3164 349 3409 423 gentium
3438 350 3530 407 dei

253 456 301 500 et
329 443 693 499 tantummodo
719 443 922 499 bonum
948 450 1108 514 atque
1136 442 1434 513 optimum;
1475 440 1825 512 dispiciamus

249 552 386 609 teque
408 546 461 593 et
493 536 628 593 lianc
660 546 865 608 partem
890 577 905 601 ,
936 552 1002 592 an
1034 536 1315 593 diversitas
1347 534 1539 592 saltem
1568 535 1649 607 (l)
1685 534 1823 590 duos

250 631 429 700 capiat,
485 631 529 685 si
580 631 819 701 parilitas
860 646 1054 703 capere
1093 645 1198 687 non
1231 630 1427 701 potuit.
1457 629 1630 686 Porro
1650 638 1705 686 et
1733 628 1823 686 hic

252 722 424 778 eadem
470 723 647 794 regula
696 722 890 779 summi
941 722 1120 794 magni
1170 722 1591 793 patrocinabitur
1614 721 1810 789 nobis,

252 823 420 885 utpote
453 830 574 885 quin
617 822 789 870 totum
836 822 1033 870 statum
1062 814 1295 871 vindicet
1340 813 1652 870 divinitatis.
1683 811 1827 870 Con-

246 907 454 964 veniens
482 907 623 962 enim
651 916 707 962 et
733 896 1127 979 quodammodo
1159 906 1355 978 injecta
1384 921 1543 963 manu
1570 905 1823 962 detinens

252 1000 527 1055 adversarii
580 1015 795 1055 sensum
840 1014 947 1057 non
996 998 1241 1071 negantis
1267 999 1580 1056 Creatorem
1613 1000 1779 1055 Deum
1806 1040 1821 1066 ,

251 1093 531 1162 iustissime
581 1094 866 1163 praescribo
913 1093 987 1150 illi
1035 1092 1336 1163 diversitati
1361 1092 1536 1149 locum
1568 1105 1677 1148 non
1706 1107 1827 1150 esse

252 1184 377 1241 inter
411 1200 506 1240 eos
550 1187 642 1256 qui
696 1200 759 1241 ex
792 1200 945 1256 aequo
1002 1184 1136 1241 deos
1161 1182 1441 1244 confessus
1465 1225 1480 1251 ,
1512 1198 1619 1240 non
1651 1193 1827 1257 potest

251 1275 411 1333 lacere
444 1277 725 1332 diVersos:
770 1292 875 1334 non
919 1278 1042 1348 quia
1085 1292 1190 1333 non
1222 1285 1278 1334 et
1305 1277 1549 1334 homines
1576 1277 1701 1335 licet
1726 1279 1828 1334 sub

255 1369 428 1424 eadem
483 1352 838 1439 appellatione
892 1368 1286 1426 diversissimos
1341 1385 1464 1426 esse
1495 1410 1511 1435 ,
1561 1370 1657 1426 sed
1703 1370 1829 1442 quia

256 1461 377 1517 deus
415 1476 518 1517 non
549 1462 654 1516 erit
681 1462 938 1518 dicendus
963 1504 979 1530 ,
1013 1462 1133 1533 quia
1183 1477 1283 1519 nec
1330 1461 1633 1518 credendus
1660 1503 1675 1528 ,
1725 1462 1828 1519 nisi

258 1569 507 1610 summum
540 1563 811 1626 magnum.
842 1552 974 1612 Cum
1002 1571 1135 1628 ergo
1162 1570 1433 1612 summum
1461 1572 1713 1628 magnum
1737 1571 1831 1613 CO-

259 1658 396 1718 gatur
416 1663 712 1719 agnoscere
737 1666 894 1721 quem
924 1650 1091 1706 Deum
1136 1666 1244 1708 non
1290 1661 1471 1722 negat,
1514 1667 1620 1708 non
1652 1661 1833 1723 potest

1927 442 2131 513 vulgo;
2187 443 2283 499 sed
2331 443 2465 499 deus
2510 456 2754 499 nemoea
2785 457 2845 499 re
2872 458 2977 514 qua
3020 443 3157 499 deus
3183 441 3400 499 dicitur.
3450 441 3528 499 Ita

1928 552 2030 609 ego
2058 551 2164 593 non
2188 536 2393 593 nomini
2414 536 2528 602 Dei,
2562 551 2663 593 nec
2687 551 2841 603 sono,
2872 550 2975 593 nec
2989 545 3133 593 notxe
3155 537 3393 594 nominis
3418 538 3525 593 huc.

1925 632 2034 704 jus,
2065 646 2334 687 summum
2363 646 2612 702 magnum
2644 631 2697 687 in
2729 630 2981 688 Creatore
3010 629 3239 687 defendo
3264 670 3283 699 ,
3312 630 3410 688 sed
3423 621 3533 702 ipsi

1927 723 2262 788 substantiae,
2291 724 2377 780 cui
2403 738 2597 780 nomen
2631 722 2735 779 hoc
2762 722 3040 794 contingit.
3071 722 3221 779 Hanc
3249 722 3529 781 inveniens

1928 816 2100 871 solam
2172 818 2431 884 innatam,
2481 814 2773 884 infectam,
2826 816 2997 872 solam
3040 816 3299 872 aeternam
3325 823 3381 874 et
3409 816 3529 872 uni.-

1929 908 2198 966 versitatis
2226 904 2571 970 conditricem
2598 923 2613 976 ;
2644 924 2753 965 non
2784 906 3010 975 nomini,
3058 908 3154 964 sed
3177 909 3376 975 statui,
3421 923 3524 966 nec

1929 1000 2297 1073 appellationi,
2341 1002 2437 1058 sed
2480 1000 2772 1058 conditioni
2807 1002 2927 1072 ejus
2969 1015 3241 1058 summum
3270 1017 3530 1074 magnum

1931 1102 1985 1150 et
2011 1094 2257 1151 adscribo
2283 1102 2339 1150 et
2356 1092 2588 1167 vindico.
2608 1093 2690 1154 Et
2714 1093 2835 1150 ideo
2860 1093 2985 1166 quia
3025 1092 3159 1149 deus
3198 1093 3308 1164 jam
3344 1095 3527 1151 vocari

1930 1186 2160 1243 obtinuit
2204 1186 2498 1244 substantia
2527 1186 2612 1243 cui
2634 1186 2884 1244 adscribo
2906 1228 2924 1255 ,
2971 1187 3172 1244 nomini
3212 1203 3301 1245 me
3328 1187 3534 1246 adscri-

1931 1280 2061 1336 bere
2106 1287 2300 1350 putas;
2332 1280 2454 1359 quia
2496 1293 2720 1336 necesse
2744 1288 2828 1336 est
2873 1295 2970 1351 per
3026 1294 3221 1337 nomen
3250 1282 3532 1339 ostendam

1932 1371 2019 1427 cui
2067 1348 2368 1429 adscribam
2425 1352 2738 1429 substantiae
2768 1389 2789 1439 ;
2818 1348 3025 1430 scilicet
3057 1388 3161 1446 qua
3191 1382 3403 1431 constat
3433 1374 3528 1447 qui
3557 1348 3588 1391 ⁴

1935 1466 2077 1545 Deus
2119 1466 2347 1531 dicitur,
2374 1474 2431 1523 et
2481 1481 2750 1523 summum
2795 1482 3047 1539 magnum
3090 1482 3157 1525 ex
3181 1468 3480 1526 substantia
3513 1513 3530 1537 ,

1908 1573 2042 1643 .non
2069 1575 2135 1616 ex
2162 1559 2380 1615 nomine
2428 1559 2734 1630 deputatur.
2793 1559 3034 1632 Denique
3071 1560 3175 1618 hoc
3201 1570 3257 1618 et
3294 1562 3531 1619 Marcion

1934 1666 2034 1708 suo
2097 1651 2199 1709 deo
2245 1651 2521 1708 vindicans
2569 1650 2865 1723 secundum
2913 1659 3150 1722 "statum,
3199 1668 3309 1710 non
3339 1664 3534 1712 secun-

253 1740 440 1797 admitti
478 1750 535 1797 ut
559 1757 773 1799 summo
802 1759 999 1816 magno
1024 1744 1257 1815 aliquam
1289 1741 1563 1801 adscribat
1590 1744 1826 1802 diminu-
1860 1743 1910 1806 B
1936 1745 2063 1801 dum
2095 1743 2412 1801 vocabulum
2436 1742 2696 1800 vindicat.
2724 1743 2782 1801 Id
2819 1759 2949 1816 ergo
2978 1735 3248 1802 summum
3276 1760 3529 1819 magnum
3570 1808 3575 1815 ,

256 1834 433 1889 tionem
456 1876 470 1900 ,
513 1851 621 1906 qua
671 1836 991 1907 subjiciatur“
1011 1837 1101 1892 alii
1128 1852 1340 1894 summo
1367 1853 1561 1910 magno
1586 1855 1601 1892 :
1634 1838 1833 1895 desinit

253 1924 379 1979 enim
402 1966 417 1993 ,
465 1927 510 1982 si
539 1927 874 1999 subjiciatur.
907 1928 1021 1984 Non
1053 1941 1137 1985 est
1162 1940 1340 1987 autem
1366 1930 1462 1987 Dei
1482 1931 1733 1989 desinere
1765 1932 1835 1990 de

252 2025 376 2073 statu
396 2035 493 2074 suo
516 2062 533 2088 ,
575 2020 632 2076 id
659 2031 738 2076 est
768 2037 782 2075 :
812 2022 879 2079 de
913 2038 1125 2079 summo
1155 2039 1371 2095 magno.
1406 2024 1540 2081 Nam
1571 2036 1627 2082 et
1656 2027 1708 2081 in
1741 2026 1834 2084 illo

254 2112 342 2169 deo
371 2116 575 2185 potiore
623 2118 915 2188 periclitari
945 2120 1136 2189 poterit
1163 2134 1431 2175 summum
1464 2135 1749 2192 magnum,
1786 2123 1833 2179 si

254 2204 521 2275 depretiari
547 2210 695 2279 capit
723 2209 776 2264 in
806 2210 1063 2267 Creatore
1089 2209 1189 2285 (a).
1208 2212 1309 2276 Ita,
1333 2226 1455 2267 cum
1481 2212 1590 2268 duo
1608 2212 1681 2269 dii
1704 2227 1833 2284 pro-

255 2301 547 2358 nuntiantur
568 2302 679 2358 duo
705 2317 910 2359 summa
938 2320 1130 2376 magna
1156 2347 1172 2374 ,
1216 2315 1443 2362 necesse
1468 2316 1553 2362 est
1582 2317 1830 2374 neutrum

253 2390 406 2447 altero
425 2404 515 2449 aut
540 2393 720 2466 majus
746 2395 817 2450 sit
872 2405 963 2451 aut
983 2397 1161 2453 minus
1189 2438 1205 2465 ,
1254 2396 1500 2453 neutrum
1528 2399 1705 2454 altero
1732 2408 1826 2456 aut

253 2484 511 2544 sublimius
567 2496 664 2544 aut
687 2488 968 2560 dejectius.
995 2490 1138 2563 Nega
1192 2491 1375 2558 deum,
1395 2508 1553 2564 quem
1579 2492 1714 2549 dicis
1738 2493 1833 2550 dc-

256 2579 482 2637 teriorem
514 2600 527 2635 :
563 2596 704 2654 nega
731 2598 1001 2640 summum
1030 2599 1304 2658 magnum,
1332 2601 1493 2656 quem
1520 2586 1698 2643 credis
1727 2588 1830 2643 mi-

254 2686 440 2729 norem.
482 2674 661 2731 Deum
686 2690 815 2732 vero
840 2677 1119 2733 confessus
1139 2720 1152 2743 ,
1177 2687 1464 2749 utrumque
1492 2678 1599 2734 duo
1622 2694 1831 2735 summa

253 2779 423 2837 magna
445 2768 732 2825 confessus
752 2784 832 2826 es.
851 2769 993 2825 Nihil
1015 2771 1169 2826 alteri
1191 2771 1418 2840 adimes,
1441 2779 1535 2827 aut
1558 2772 1712 2828 alteti
1735 2772 1832 2828 ad-

250 2859 449 2918 scribes.
476 2863 801 2939 A_ggoscens
819 2862 1176 2931 divinitatem,
1196 2862 1405 2939 negasti
1431 2864 1827 2922 diversitatem.

844 2973 1071 3033 CAPUT
1117 2974 1231 3036 VII.

306 3083 550 3145 Tentabis
608 3087 676 3145 ad
718 3087 837 3146 haec
851 3086 920 3147 de
943 3088 1159 3146 nomine
1185 3089 1280 3146 Dei
1301 3100 1587 3149 concutere
1617 3091 1698 3166 (2)
1728 3109 1815 3151 re-

246 3182 529 3250 tractatum,
584 3179 661 3254 (b)
713 3191 771 3237 ut
821 3181 1054 3254 passivo,
1113 3190 1171 3239 et
1219 3183 1272 3237 in
1297 3183 1432 3240 alios
1457 3199 1671 3256 quoque
1696 3200 1818 3257 per-

240 3272 405 3341 misso,
437 3274 566 3346 quia
598 3277 854 3346 scriptum
877 3275 948 3330 sit
975 3273 1094 3349 (Ps.
1120 3273 1381 3342 LXXXII,
1412 3275 1500 3349 l):
1529 3278 1671 3335 Deus
1698 3280 1817 3336 deo-

239 3377 335 3418 rum
352 3367 479 3421 uelit
513 3368 571 3422 in
598 3367 810 3423 ecclesia
829 3360 1040 3424 deorum
1059 3386 1074 3434 ;
1098 3369 1153 3423 in
1171 3369 1337 3423 medio
1353 3380 1524 3427 autem
1541 3371 1661 3428 deos
1674 3373 1813 3443 diju-

236 3452 400 3512 dicabit
421 3456 524 3533 (5).
551 3457 624 3514 Et
646 3457 739 3532 (ib.
762 3476 808 3515 υ.
829 3454 885 3532 6)
916 3477 932 3516 :
954 3457 1066 3532 Ego
1081 3459 1188 3515 dixi
1201 3477 1219 3516 :
1236 3458 1334 3515 Vos
1350 3461 1421 3516 dii
1440 3463 1558 3518 estis
1579 3479 1599 3530 ;
1622 3478 1720 3520 nec
1733 3472 1814 3519 ta-

235 3559 344 3602 men
383 3548 592 3606 idcirco
630 3550 710 3606 eis
756 3559 1029 3622 competat
1075 3553 1348 3621 possessio
1375 3555 1567 3610 summi
1610 3557 1812 3628 magni,

237 3639 345 3708 quia
381 3640 465 3698 dei
517 3636 968 3714 cognominentur
994 3686 1009 3710 ,
1044 3643 1113 3699 ita
1146 3659 1243 3700 nec
1271 3643 1540 3707 Creatori.
1570 3648 1814 3721 Respon-

231 3727 352 3786 debo
378 3741 430 3788 et
453 3733 657 3801 stulto,
681 3733 769 3803 qui
796 3749 897 3790 nec
924 3732 1025 3790 hoc
1050 3735 1444 3807 recogitaverit,
1478 3754 1546 3795 ne
1574 3748 1808 3797 tantum-

228 3819 332 3876 dem
356 3834 409 3879 et
446 3824 501 3881 in
561 3824 723 3881 deum
762 3824 1048 3883 Marcianis
1105 3829 1293 3898 possit,
1325 3834 1626 3903 retorqueri
1670 3842 1729 3889 ut
1754 3844 1809 3892 et

226 3911 357 3969 illum
395 3915 586 3984 deum,
616 3930 718 3972 nec
745 3917 866 3974 ideo
894 3927 1071 3975 tamen
1098 3934 1370 3977 summum
1402 3938 1652 3996 magnum
1682 3942 1809 3999 pro-

228 4002 413 4076 batum,
433 4010 579 4067 sicut
597 4025 700 4067 nec
714 4012 887 4081 angeli
900 4023 992 4069 aut
1007 4012 1252 4075 homines
1268 4014 1558 4076 Creatoris.
1585 4019 1643 4078 Si
1659 4036 1807 4079 com-

604 2931 947 2939 _._—__

1378 2932 1784 2942 Ψ

218 4203 359 4260 quam
380 4195 524 4251 servi
561 4208 746 4265 regum
763 4197 1068 4254 nominibus
1085 4200 1359 4269 insultant,
1389 4201 1458 4275 (ε)
1482 4204 1794 4276 Alexandri,

1938 1836 2079 1909 quod
2117 1837 2228 1893 Deo
2271 1835 2622 1893 adscribimus
2670 1852 2738 1894 ex
2776 1836 3091 1894 substantia
3133 1840 3273 1912 lege,
3318 1850 3426 1895 non
3469 1854 3539 1897 ex

1938 1930 2173 1988 nominis
2208 1938 2376 1997 sorte,
2410 1929 2785 1988 contendimus
2826 1945 2892 1987 ex
2936 1932 3051 2002 parl
3094 1946 3215 1988 esse
3253 1930 3454 1990 debere
3482 1935 3536 1994 ιη

1938 2022 2170 2089 duobus,
2198 2021 2289 2093 qui
2312 2036 2373 2077 ea
2400 2021 2694 2086 substantia
2721 2030 2977 2079 constant
3004 2037 3107 2094 qua
3139 2023 3276 2080 Dens
3306 2024 3535 2083 dicitur:

1937 2115 2060 2187 quia
2100 2116 2153 2170 in
2185 2114 2445 2186 quantum
2474 2113 2548 2170 dii
2573 2124 2852 2183 vocantur,
2894 2115 2949 2171 id
2973 2116 3057 2172 est
3080 2130 3291 2173 summa
3320 2132 3534 2190 magnai

1935 2209 2253 2265 substantia:
2277 2208 2482 2266 scilicet
2514 2209 2707 2266 merito
2748 2208 2945 2265 innatae
2982 2218 3038 2266 et
3062 2219 3299 2277 aeternae,
3342 2226 3407 2270 ac
3443 2208 3540 2283 per

1937 2302 2041 2358 hoc
2080 2316 2286 2373 magna:
2332 2300 2433 2375 (4)
2485 2311 2540 2358 et
2586 2317 2834 2370 summae,
2886 2300 2940 2358 in
2988 2312 3191 2360 tantum
3214 2320 3321 2361 non
3369 2307 3540 2377 possit
3618 2308 3625 2314 '

1935 2407 2206 2449 summum
2232 2407 2479 2464 magnum
2501 2392 2682 2448 minus
2701 2400 2757 2448 et
2775 2391 3016 2451 deterius
3042 2393 3149 2450 alio
3183 2409 3396 2453 summo
3423 2411 3539 2451 ma—

1934 2500 2042 2557 gno
2070 2484 2276 2542 haberi.
2305 2483 2360 2540 Si
2385 2484 2581 2540 summi
2610 2485 2788 2556 magni
2823 2484 3049 2541 felicitas
3073 2494 3128 2542 et
3152 2484 3451 2547 sublimitas
3485 2498 3540 2546 et

1935 2578 2213 2650 integritas
2239 2577 2414 2652 stabit
2454 2578 2507 2633 in
2553 2576 2656 2634 deo
2676 2577 2984 2648 Marcionis,
3015 2580 3180 2636 stabit
3202 2596 3356 2653 aeque
3385 2591 3441 2638 et
3484 2585 3536 2641 in

1934 2680 2158 2728 nostro:
2182 2670 2228 2728 si
2254 2685 2363 2726 non
2390 2680 2447 2728 et
2483 2670 2538 2727 in
2579 2679 2770 2727 nostro
2789 2712 2807 2738 ,
2832 2685 2987 2743 aeque
3025 2686 3128 2729 nec
3152 2671 3534 2733 iniblarcionls.

1933 2764 2078 2837 Ergo
2103 2778 2202 2820 nec
2226 2763 2374 2836 paria
2401 2771 2563 2819 erunt
2595 2762 2702 2820 duo
2752 2777 2962 2819 summa
3005 2779 3220 2836 magna,
3263 2762 3536 2838 quia'pro-

1932 2856 2082 2914 hibet
2121 2855 2227 2930 (ά)
2264 2855 2525 2926 disposita
2554 2855 2666 2926 jam
2713 2855 2895 2926 regula
2931 2856 3126 2911 summi
3156 2857 3356 2928 magni,
3387 2873 3535 2916 com-

1932 2949 2265 3020 parationem
2311 2961 2417 3003 non
2463 2946 2813 3014 sustinentis;
2864 2961 2966 3004 nec
3014 2947 3272 3019 disparia,
3322 2950 3449 3021 quia
3477 2960 3534 3008 et

1932 3045 2036 3101 alia
2064 3031 2259 3099 summi
2280 3039 2456 3112 magni
2482 3038 2665 3110 regula
2689 3040 2946 3106 occurrit,
2974 3039 3387 3099 diminutionem
3423 3057 3531 3100 non

1844 3135 1891 3202 C
1921 3137 2230 3194 admittens.
2256 3133 2490 3201 Haesisti,
2513 3131 2770 3196 Marcion.
2793 3132 2846 3189 in
2871 3130 3051 3189 medio
3075 3132 3234 3191 Ponti
3257 3134 3332 3190 tui
3352 3140 3489 3192 astu
3509 3151 3531 3193 :

1922 3229 2173 3300 utrinque
2201 3236 2253 3284 te
2279 3225 2472 3283 ﬂuctus
2494 3224 2736 3281 veritatis
2761 3223 3059 3281 involvunt.
3084 3222 3200 3282 Nec
3221 3238 3404 3297 pares,
3430 3241 3530 3309 nec

1920 3325 2163 3395 dispares
2213 3320 2347 3377 deos
2387 3321 2580 3377 sistere
2627 3326 2800 3390 potes.
2854 3317 2970 3374 Duo
3015 3317 3159 3375 enim
3214 3333 3322 3376 non
3376 3330 3524 3390 sunt,

1919 3417 2063 3491 quod
2087 3415 2350 3486 pertineat
2377 3412 2589 3484 proprie
2605 3411 2672 3467 ad
2695 3410 2901 3468 numeri
2929 3417 3296 3466 retractatum.
3318 3410 3490 3480 Quam
3506 3438 3520 3454 -

1919 3511 2079 3585 quam
2102 3518 2209 3566 tota
2241 3506 2464 3564 materia
2492 3506 2564 3562 de
2591 3504 2797 3562 duobus
2825 3504 2930 3560 diis
2956 3504 3242 3563 dimicetur
3265 3545 3280 3569 ,
3313 3503 3399 3562 bis
3433 3506 3518 3562 in-

1919 3605 2073 3662 terim
2100 3602 2258 3658 lineis
2277 3615 2395 3658 eam
2424 3599 2704 3663 clusimus,
2728 3598 2879 3655 intra
2893 3612 3028 3670 quas
3051 3595 3120 3654 de
3144 3596 3508 3670 singularibus

1911 3697 2024 3769 jam
2051 3690 2461 3766 proprietatibus
2489 3687 2921 3761 congrediemur.

2520 3802 2748 3862 CAPUT
2776 3801 2915 3859 VIII.

1983 3934 2187 3997 Primo,
2227 3924 2516 4000 supercilio
2557 3930 2832 3994 stuporem
2871 3932 3026 3976 suum
3061 3914 3332 3975 aedificant
3376 3918 3518 3975 Mar-

1911 4025 2188 4091 cionistae,
2222 4019 2362 4092 quod
2409 4031 2603 4074 novum
2653 4013 2812 4071 deum
2860 4010 3166 4085 proferant,
3217 4016 3369 4084 quasi
3417 4027 3518 4071 nos

221 4100 389 4157 munio
411 4101 696 4159 nominum
717 4103 1110 4162 conditionibus
1138 4109 1476 4179 prmjudicat,
1501 4115 1685 4184 quanti
1708 4130 1805 4172 ne-
1905 4118 2102 4176 veteris
2134 4115 2225 4171 Dei
2255 4111 2469 4185 pudeat.
2497 4109 2754 4166 Inﬂantur
2791 4112 2846 4163 et
2872 4106 3023 4183 pueri
3066 4106 3285 4183 no_vi_s__
3273 4105 3475 4162 calceis
3496 4124 3510 4183 ς

1903 4212 1997 4269 sed
2033 4226 2063 4267 a
2088 4217 2271 4265 vetere
2297 4203 2584 4277 pmdagogo
2614 4198 2712 4275 (e)
2739 4197 2964 4255 calceati
2989 4212 3117 4253 mox
3163 4212 3356 4254 vanam
3390 4200 3512 4270 glo.
3604 4232 3623 4241 ο

217 4284 439 4354 cibarii,
490 4296 552 4345 et
608 4287 1095 4351 Holofernis?nec
1122 4300 1304 4351 tamen
1333 4293 1455 4352 ideo
1475 4299 1709 4367 regibus,
1741 4303 1793 4359 id
1902 4306 2037 4363 riam
2086 4297 2435 4369 vapulabunt.
2487 4278 2696 4352 Novum
2743 4290 2904 4362 igitur
2964 4288 3189 4349 audiens
3243 4288 3404 4351 deum
3457 4290 3512 4347 in

264 4513 332 4643 lii
361 4513 905 4643 ﬂagitiis”...

1440 4407 1822 4476 LECTIONES
1858 4412 2273 4476 VABIANTES.

2075 4522 2388 4591 Qijudicavib
2401 4519 2549 4571 Rhea.

1822 4575 1877 4636 1)
1966 4528 2041 4658 iii
2073 4528 2254 4642 ἓῖίὲιῗῖἒ

1966 4583 2039 4658 (4)
2073 4583 2308 4642 Et'omitt.
2331 4583 2482 4636 Rhea.

1587 4692 2150 4768 COMMENTARIUS.

265 4803 604 4865 CAP.VI.-—
616 4802 693 4879 (τι)
724 4803 786 4861 Si
815 4805 1087 4879 depretiari
1112 4805 1248 4879 capi}
1276 4818 1518 4864 creatore.
1544 4809 1634 4867 Sic
1661 4827 1782 4867 ver-

212 4870 336 4943 bum,
366 4880 531 4952 capit,
550 4870 1186 4952 usur'patscepiustsicut'
1201 4876 1372 4952 Graeci
1402 4885 1660 4951 ἕνδεκα-ται.
1684 4882 1782 4940 llic

209 4952 390 5023 tantum
426 4948 607 5023 'yalet,
634 4962 698 5023 ac
740 4948 785 5004 si
813 4948 1062 5023 d_it;as_:__Si
1088 4948 1424 5023 conceditur,
1452 4948 1698 5023 si'datur,
1722 4966 1780 5010 ut

206 5016 408 5078 Creator-
433 5018 790 5095 depretietur.
836 5018 926 5077 Sic
961 5017 1058 5075 lib.
1088 5017 1165 5075 Il:
1205 5020 1325 5092 quia
1360 5016 1417 5078 si
1441 5034 1641 5095 caperet
1684 5016 1786 5083 "hoc

206 5088 317 5149 iure.
350 5090 557 5149 Rana.-

195 5104 317 5157 Ιυΐϐ.
350 5104 531 5153 “ERN.
546 5117 557 5121 '

258 5158 696 5238 CAP.VIl.-_-(b)
717 5161 788 5238 Ut
803 5162 1005 5235 passivo
1020 5172 1066 5219 et
1087 5162 1141 5218 in
1157 5162 1285 5224 alios
1298 5181 1494 5238 quoque
1514 5168 1777 5237 permisso.

200 5228 491 5308 Ilicaperte
515 5228 750 5308 seip'surn
778 5228 1183 5308 interpretatur,
1210 5228 1666 5308 osténdens'quid
1695 5230 1782 5297 in-

201 5304 384 5383 Igiligat
438 5322 543 5377 per
584 5304 880 5383 passivum,
913 5304 1035 5362 cum
1086 5305 1253 5383 dicit,
1292 5307 1498 5383 _et__(pro
1524 5304 1693 5383 idest)
1726 5313 1781 5369 in

198 5372 323 5433 die;
336 5372 542 5451 quoq“
555 5372 968 5450 permisso.Nam
992 5372 1261 5501 Passivum
1290 5372 1686 5438 illi'commune'
1709 5384 1780 5438 si-

202 5446 401 5501 gniﬁcat
451 5457 510 5501 et
545 5449 930 5501 nromiscuum.
956 5463 1024 5501 ai
1063 5447 1316 5501 adverbio
1358 5453 1569 5501 minim.
1605 5454 1774 5501 Snnm

202 5446 401 5522 gniﬁcat
435 5446 510 5522 et
545 5446 931 5522 promiscuum,
956 5446 1024 5522 ab
1063 5447 1316 5522 adverbio
1358 5453 1569 5522 passim.
1605 5454 1777 5521 Supra

199 5514 318 5592 dixit
341 5520 395 5592 in
421 5514 621 5592 Iine'de
647 5519 1031 5587 carneChrisli:
1051 5518 1226 5592 Alium
1248 5514 1460 5592 caeteris
1483 5514 1773 5592 passivum,

1910 4852 1915 4857 .
1957 4813 2034 4884 (ci
2064 4811 2341 4869 Alexandri
2365 4818 2412 4866 et
2443 4806 2608 4884 Darii
2626 4813 2674 4861 et
2702 4802 3023 4884 Holofernis.
3054 4801 3111 4859 In
3144 4801 3278 4884 _cod.
3306 4803 3503 4865 Pitlimi

1882 4875 2097 4968 legitur,
2126 4894 2174 4939 et
2198 4884 2482 4968 Olofernis,
2508 4890 2562 4937 ut
2594 4878 2712 4968 litae
2740 4876 2847 4968 SI’I‘II
2876 4876 2927 4958 in
2958 4875 3197 4968 segqudu
3228 4891 3357 4932 casu
3406 4894 3504 4932 no-

1883 4945 2027 5011 mina
2053 4945 2337 5010 servorum
2390 4948 2705 5015 Alexandri,
2761 4945 2914 5022 parii
2938 4988 2952 5010 ,
3012 4945 3318 5022 Olofernae:
3379 4965 3500 5022 qua;

1889 5029 2153 5103 scriptura
2194 5024 2514 5103 Tertulliani
2558 5035 2678 5076 esse
2704 5017 2960 5103 Avid‘etur.
3018 5017 3489 5103 Dix’lt.0lafer_iiw,

1891 5088 2343 5170 quemadmodum
2391 5095 2614 5167 Cynopw
2668 5097 2725 5146 et
2779 5088 3120 5160 Syrenarum,
3147 5089 3232 5170 “in
3262 5088 3492 5163 A‘polog.

1956 5239 2037 5314 (d)
2103 5239 2363 5314 Disposita
2398 5238 2514 5306 jam
2553 5231 2751 5314 regula,
2798 5239 2906 5314 etc:
2940 5230 3118 5293 Posita
3305 5235 3488 5314 regula

1882 5301 1980 5371 seti
2016 5301 2167 5381 'jacto
2195 5301 2540 5365 fundamento
2569 5301 2637 5358 de
2662 5316 2768 5381 qun
2816 5301 2987 5381 tribus
3015 5316 3174 5381 _§up._
3198 5313 3343 5372 cap.,
3373 5301 3488 5359 δυο

1880 5368 2104 5438 diiesse
2136 5398 2241 5437 non
2262 5383 2535 5451 poterunt,
2563 5368 2707 5443 quod
2731 5371 2986 5427 Ponticus
3014 5368 3249 5428 Marcion
3265 5368 3484 5431 'statue-

1879 5453 1992 5509 bat.
2018 5453 2095 5509 LE
2126 5453 2224 5511 Pa.

2441 5513 2664 5593 (fulgenti
2682 5525 2864 5593 ranam
2894 5511 3129 5593 gloriam.
3158 5508 3389 5593 Sicnlib.
3414 5476 3493 5593 III

200 5579 620 5662 IinobilemJioc
644 5580 727 5647 est
765 5592 1061 5662 vulgarem,
1088 5591 1394 5648 obscurum.
1434 5579 1605 5649 Risu.
1627 5579 1773 5652 —In
1876 5579 2485 5662 adversusMareioiiem.
2510 5585 2772 5662 _Culceatos
2793 5579 3472 5662 priami-alioaemnEuangiz

200 5661 700 5738 goneiliisairicanis
750 5660 957 5738 passiva
1001 5660 1227 5738 corpora
1265 5670 1575 5738 martyrum
1625 5666 1771 5725 dico?

199 5724 394 5804 hntur,
422 5732 480 5794 id
503 5744 605 5807 est,
637 5724 965 5809 promiscua,
996 5724 1216 5803 τὺχέντσι.
1245 5735 1413 5794 Sans.

1874 5648 2125 5737 liipacis.
2160 5648 2213 5737 et
2249 5662 2340 5718 lib.
2370 5660 2438 5715 de
2501 5657 2732 5722 Corona,
2786 5648 3050 5717 Calceattts
3102 5648 3164 5705 de
3204 5648 3479 5720 Ευαηαέιίἱ

1866 5748 2135 5809 paratum.
2162 5736 2284 5794 Ilio.
