4008 6280
430 218 552 293 Ξὸὄ

431 437 711 509 ignotum,
747 439 1065 505 inauditum,
1119 453 1280 510 quem
1309 437 1473 494 tantis
1512 446 1659 494 retro
1684 437 1899 493 smeulis
1942 451 2041 492 ne-

441 531 668 597 minem,
713 540 766 585 et
827 531 937 600 ipsa
970 529 1081 603 (l)
1118 529 1418 601 ignorantia
1474 529 1775 600 antiquum,
1824 527 2043 600 quidam

442 618 599 677 Iesus
642 619 885 676 Christus
923 618 1054 693 (2),
1084 628 1138 677 et
1184 620 1277 675 ille
1324 620 1378 675 in
1423 619 1695 676 veteribus
1737 619 2044 675 nominibus

441 729 615 771 novus
663 716 1010 788 revelaverit,
1061 730 1163 771 nec
1215 714 1352 771 alius
1398 713 1657 780 antehac;
1714 714 1911 785 gratias
1939 728 2044 782 ago

444 805 573 862 huic
597 806 783 878 gloria:
812 823 1021 873 eorum,
1052 806 1286 863 maximo
1311 806 1579 877 adjutorio
1605 806 1723 876 ejus
1769 806 1893 861 hinc
1931 805 2043 876 jam

443 895 695 955 hzeresim
721 897 1063 970 prebaturus,
1096 913 1248 954 nova:
1282 898 1491 954 scilicet
1515 896 1813 952 divinitatis
1839 895 2045 966 proles-

444 992 675 1050 sionem.
709 991 835 1049 ﬂtee
878 993 989 1064 erit,
1011 993 1244 1056 novitas,
1277 1008 1398 1064 qua:
1425 991 1585 1047 etiam
1635 989 1866 1047 ethnicis
1914 989 2046 1046 deos

444 1085 675 1158 peperit,
719 1099 859 1141 novo
901 1099 1118 1156 semper
1156 1100 1221 1142 ae
1251 1100 1391 1141 novo
1420 1085 1574 1140 titulo
1619 1085 2045 1141 consecrationis

444 1176 723 1247 cujusque.
769 1175 900 1245 Quis
949 1175 1082 1232 deus
1106 1191 1305 1252 novus,
1333 1176 1434 1233 nisi
1459 1177 1623 1249 falsus
1644 1177 1715 1250 ?_(
1734 1177 1799 1250 a)
1842 1177 1921 1233 Ne
1946 1177 2046 1234 Sa-

446 1276 663 1324 turnum
684 1268 901 1339 quidem
920 1277 1064 1327 tanta
1087 1269 1247 1326 hodie
1267 1270 1555 1341 antiquitas
1590 1269 1750 1325 deum
1773 1269 2043 1340 probabit,

445 1361 571 1433 quia
619 1356 677 1415 ‘et
729 1360 878 1416 illum
925 1361 1135 1417 novitas
1181 1361 1470 1433 aliquando
1536 1360 1871 1432 produxerit,
1922 1375 2046 1417 cum

444 1451 676 1525 primum
704 1453 1059 1510 consecravit.
1091 1452 1163 1509 At
1189 1453 1332 1508 enim
1351 1453 1468 1507 viva
1489 1461 1544 1508 et
1568 1467 1824 1524 germana
1846 1452 2045 1508 divini-

447 1551 551 1607 tas,
601 1557 701 1599 nec
723 1544 792 1599 de
822 1546 1079 1606 novitate.
1130 1558 1231 1601 nec
1269 1544 1339 1601 de
1377 1552 1662 1619 vetustate,
1714 1543 1811 1599 sed
1856 1542 1924 1598 de
1948 1557 2046 1599 sua

445 1634 670 1691 veritate
690 1644 962 1691 censetur.
988 1634 1103 1691 Non
1129 1634 1290 1692 habet
1303 1640 1519 1706 tempus
1552 1634 1862 1701 aeternitas;
1885 1648 2048 1720 omne

1867 226 2323 287 TERTULLIANI

330 387 363 411 ,
439 354 626 404 vetere
669 343 873 405 mundo
895 352 951 404 et
999 345 1056 404 in
1083 352 1265 403 vetere
1290 358 1427 414 aevo,
1478 352 1532 401 et
1586 344 1688 403 sub
1714 352 1899 403 vetere
1928 345 2039 401 Deo
2066 345 2118 411 Α
2145 344 2215 399 ita
2245 353 2299 399 et
2324 343 2599 424 incertum:
2642 343 2782 400 Deus
2804 350 3008 401 certus.
3059 340 3169 400 Sed
3214 357 3321 399 non
3370 342 3641 415 evagabor
3671 346 3747 403 uti

3640 228 3749 289 956

2146 436 2343 492 dicam.
2371 436 2514 493 Deus
2558 436 2602 492 si
2633 435 2713 508 (4)
2744 437 2955 509 ignotus
2984 434 3081 491 fuit
3108 436 3393 508 latuitque,
3420 437 3570 492 illum
3599 438 3751 509 regio

2150 529 2475 585 latebrarum
2525 528 2886 605 obumbra/vit,
2920 545 3057 586 nova
3084 530 3271 601 utique
3310 540 3365 585 et
3392 530 3526 601 ipsa,
3557 540 3614 586 et
3639 530 3750 603 (5)

2146 610 2348 693 ignota,
2380 632 2435 678 et
2472 621 2722 678 similiter
2765 638 2907 678 nunc
2947 638 3163 694 quoque
3204 624 3448 690 incerta;
3479 634 3628 681 certe
3654 625 3752 681 im-

2147 728 2333 769 mensa
2363 712 2559 784 aliqua,
2584 724 2639 769 et
2658 716 2828 785 major
2851 713 3148 770 indubitate
3174 730 3242 772 eo
3262 731 3423 787 quem
3439 716 3743 774 abscondit.

2149 803 2255 861 Sed
2285 805 2518 862 breviter
2567 821 2863 878 proponam
2888 849 2904 876 ,
2947 816 3002 864 et
3031 806 3113 881 (ά)
3144 807 3455 878 plenissime
3483 823 3747 880 exsequar

2148 898 2505 970 prteseribens
2572 898 2734 954 deum
2792 898 3024 970 ignorari
3076 914 3175 955 nec
3219 902 3477 971 potuisse,
3532 902 3750 958 nomine

2149 989 2566 1061 magnitudinis,
2623 1004 2723 1047 nec
2770 990 3045 1059 debuisse,
3105 992 3324 1048 nomine
3381 991 3743 1063 benignitatis,

2149 1082 2445 1154 praesertim
2501 1082 2554 1137 in
2602 1091 2831 1153 utroque
2857 1081 3221 1152 praelatiorem
3250 1092 3436 1138 nostro
3471 1081 3747 1139 Creatore.
3776 1100 3799 1123 ο

2148 1176 2253 1233 Sed
2280 1176 2538 1248 quoniam
2567 1176 2943 1231 animadverto
2971 1176 3024 1231 in
3051 1176 3370 1246 quibusdam
3423 1176 3490 1232 ad
3519 1176 3750 1232 formam

2148 1267 2733 1339 Creatorisprovocari
2764 1277 3016 1339 oportere
3044 1269 3222 1323 omnis
3254 1268 3347 1323 Dei
3374 1269 3578 1349 noviJet
3606 1278 3751 1325 retro

2150 1363 2314 1435 ignoti
2348 1362 2740 1435 probationem,
2763 1359 2867 1418 hoc
2919 1361 3092 1433 ipsum
3138 1362 3346 1417 ratione
3375 1361 3492 1418 ﬁeri
3517 1378 3547 1417 a
3596 1361 3751 1418 nobis

2149 1460 2299 1528 prius
2339 1455 2721 1511 commendare
2758 1454 2988 1522 debebo,
3018 1470 3125 1525 quo
3151 1456 3484 1510 constantius
3514 1463 3633 1511 utar
3660 1469 3751 1510 ra-

2151 1549 2311 1605 tionis
2336 1549 2495 1605 editae
2524 1548 2844 1620 patrocinio.
2898 1550 3038 1605 Ante
3088 1549 3269 1605 omnia
3296 1547 3536 1620 quidem,
3590 1549 3751 1620 quale

2149 1651 2252 1707 est,
2282 1641 2445 1711 utqui
2471 1640 2640 1696 Deum
2682 1640 2928 1713 agnoscis
2948 1639 3285 1708 Creatorem,
3310 1649 3364 1696 et
3408 1640 3641 1710 priorem
3684 1638 3755 1697 de

449 1728 594 1784 enim
627 1735 836 1798 tempus
864 1727 975 1799 ipsa
1005 1735 1109 1782 est.
1158 1727 1311 1794 Quod
1341 1726 1489 1794 facit,
1541 1726 1651 1798 pati
1699 1741 1805 1783 non
1850 1735 2045 1803 potest.

2162 1734 2342 1790 notitia
2387 1734 2679 1801 conﬁteris,
2730 1748 2836 1789 non
2864 1732 3071 1789 eisdem
3115 1732 3389 1789 modis-et
3411 1731 3575 1787 alium
3613 1733 3757 1787 scias

446 1816 606 1887 Caret
634 1829 813 1888 aetate,
840 1819 981 1891 quod
1013 1836 1116 1875 non
1145 1820 1271 1876 licet
1297 1820 1463 1876 nasci.
1496 1819 1669 1886 Deus,
1700 1818 1745 1873 si
1775 1826 1859 1873 est
1873 1827 2047 1883 vetns,

444 1929 554 1971 non
575 1914 731 1971 erit:
781 1913 828 1969 si
880 1923 964 1970 est
1009 1928 1198 1980 novus,
1252 1929 1358 1969 non
1398 1912 1516 1970 fuit.
1565 1911 1788 1968 Novitas
1839 1912 2049 1980 initium

448 2008 786 2086 testiﬁcatur1
812 2017 1049 2064 vetustas
1076 2008 1235 2064 finem
1267 2006 1821 2081 cotntninat_ur_._Dens
1866 2012 2046 2060 autem

451 2111 558 2159 tam
586 2101 795 2158 alienus
835 2101 903 2157 ab
948 2102 1099 2158 initio
1141 2112 1193 2158 et
1238 2102 1342 2157 line
1368 2109 1472 2168 est,
1516 2115 1676 2172 quam
1718 2115 1748 2155 a
1779 2109 2045 2173 tempore,

447 2195 653 2251 arbitro
673 2206 729 2254 et
753 2203 1017 2252 metatore
1040 2195 1173 2250 initii
1201 2205 1256 2249 et
1288 2193 1431 2251 linis.
1708 2201 1727 2213 ‘

542 2332 545 2333 ν
1056 2288 1284 2346 CAPUT
1321 2288 1413 2345 IX.

520 2383 647 2441 Seio
697 2382 912 2456 quidem
958 2398 1066 2455 quo
1094 2397 1254 2439 sensu
1300 2381 1715 2439 nov’um‘deum
1759 2381 2045 2453 jaetitent,

449 2479 720 2550 agnitione
763 2478 984 2549 utique;
1032 2477 1126 2533 sed
1174 2488 1229 2532 et
1260 2478 1431 2548 ipsam
1479 2477 1732 2535 novitatis
1787 2476 2050 2548 cognitio-

450 2587 576 2630 nem
633 2572 777 2643 (5),
839 2571 1228 2643 percutientem
1284 2571 1449 2627 rudes
1490 2572 1719 2638 animas,
1772 2572 2050 2643 ipsamque

354 2703 371 2745 ι
453 2663 756 2721 naturalem
796 2664 1046 2719 novitatis
1084 2662 1653 2740 gratiositatetuolui
1684 2671 2045 2733 repercutere,

451 2762 508 2811 et
537 2753 660 2810 hinc
682 2754 791 2824 jam
819 2754 886 2810 de
928 2754 1112 2825 ignoto
1160 2754 1264 2809 deo
1314 2768 1629 2824 provocare.
1684 2753 1875 2825 Utique
1904 2755 2049 2811 enim

449 2862 611 2919 quem
642 2847 913 2918 agnitione
935 2862 1133 2904 novum
1155 2856 1453 2919 opponunt,
1477 2847 1715 2919 ignotum
1746 2857 1873 2903 ante
1901 2848 2051 2916 agni-

451 2944 655 3002 tionem
679 2943 1075 2999 dcmonstrant.
1125 2943 1238 3013 Age
1287 2941 1468 3013 igitur,
1512 2940 1580 2996 ad
1616 2942 1786 2997 lineas
1830 2955 2046 2997 rursum

451 3043 508 3092 et
535 3034 585 3089 in
607 3035 863 3104 gradum;
891 3032 1155 3105 persuade
1194 3032 1353 3089 deum
1378 3033 1616 3104 ignotum
1645 3047 1767 3088 esse
1787 3033 2045 3104 potuisse.

2157 1827 2248 1883 tibi
2274 1826 2714 1893 examinandum,
2760 1825 2954 1898 quibus
2979 1825 3091 1896 jam
3135 1825 3189 1881 in
3237 1825 3342 1880 alio
3387 1823 3617 1881 didicisti
3649 1823 3756 1896 (6)

2156 1921 2323 1978 Deum
2349 1921 2544 1977 nosse?
2573 1919 2760 1977 Omnis
2789 1935 2876 1975 res
2904 1918 3139 1974 anterior
3173 1916 3458 1998 posteriori
3503 1931 3753 1993 normam

2153 2012 2613 2086 praeministravit.
2662 2012 2776 2067 Duo
2802 2025 2944 2066 nunc
2966 2009 3040 2067 dii
3084 2019 3475 2081 proponuntur,
3542 2009 3760 2079 ignotus

2154 2117 2205 2162 et
2234 2115 2412 2161 notus.
2463 2106 2538 2162 De
2567 2114 2693 2161 noto
2735 2114 2887 2161 vacat
2914 2103 3171 2175 quaestio:
3201 2117 3324 2159 esse
3350 2118 3473 2157 eum
3515 2111 3757 2171 constat,

2154 2201 2276 2271 quia
2308 2209 2465 2256 notus
2511 2214 2616 2255 non
2665 2199 2873 2263 fuisset,
2905 2197 3004 2254 nisi
3026 2205 3191 2254 esset.
3238 2196 3316 2252 De
3355 2197 3537 2268 ignoto
3588 2196 3760 2251 instat

2153 2292 2468 2348 altercatio:
2517 2282 2694 2362 potest
2723 2291 2870 2347 enim
2916 2298 2971 2346 et
3007 2305 3113 2346 non
3156 2303 3310 2356 esse;
3342 2290 3465 2360 quia
3510 2289 3554 2343 si
3583 2297 3756 2357 esset,

2156 2394 2313 2441 notus
2337 2384 2545 2440 fuisset.
2569 2383 2722 2451 Quod
2744 2397 2874 2454 ergo
2897 2382 3158 2453 quaeritur
3177 2380 3430 2452 quamdiu
3459 2380 3758 2450 ignoratur,

2156 2479 2419 2534 incertum
2452 2477 2560 2552 (7)
2604 2486 2688 2533 est
2712 2475 2965 2547 quamdiu
2999 2477 3289 2547 quaeritur:
3317 2485 3371 2531 et
3422 2484 3600 2546 potest
3648 2490 3757 2531 non

2156 2585 2298 2636 esse,
2321 2554 2573 2641 quanid'm
2603 2569 2866 2625 incertum
2897 2567 2975 2640 (8)
3003 2577 3105 2623 est.
3132 2566 3308 2643 Habes
3331 2567 3497 2622 Deum
3518 2573 3755 2632 eertum,

2153 2679 2257 2735 qua
2287 2672 2506 2728 notum;
2551 2672 2605 2717 et
2650 2662 2933 2728 incertum,
2986 2675 3089 2730 qua
3121 2660 3379 2731 ignotum.
3425 2659 3481 2716 Si
3524 2659 3598 2714 ita
3649 2668 3759 2727 cst,

2155 2755 2346 2827 ecquid
2377 2754 2471 2810 tibi
2514 2753 2749 2809 videtur
2762 2752 2905 2824 justa
2933 2752 3140 2809 ratione
3161 2736 3399 2817 defendi,
3429 2752 3485 2807 ut
3531 2749 3598 2806 ad
3631 2766 3764 2807 nor-

2156 2862 2297 2906 mam
2330 2856 2386 2902 et
2414 2847 2719 2902 formamet
2761 2844 2999 2916 regulam
3042 2852 3313 2899 certorum
3342 2842 3639 2915 probentur
3667 2843 3748 2897 itt-

2154 2939 2343 2995 certa?
2370 2937 2731 3002 Caeterum,si
2761 2935 2827 2991 ad
2855 2936 2992 2991 hanc
3017 2943 3356 3000 eaussam,et
3386 2935 3554 3005 ipsam
3576 2933 3765 2989 adhuc

2155 3032 2434 3099 incertam,
2465 3031 2630 3086 etiam
2675 3037 2990 3100 argumenta
3019 3027 3088 3084 de
3117 3028 3341 3084 incertis
3370 3026 3760 3094 adhibeantur,

2210 2077 2617 2090 —_

438 3128 550 3204 (b)
585 3126 803 3183 Invenio
845 3127 1006 3198 plane
1050 3127 1245 3198 ignotis
1275 3124 1377 3181 diis
1405 3140 1528 3181 aras
1560 3126 1907 3197 prostitutas;
1954 3123 2047 3181 sed
2077 3140 2123 3204 ρ
2154 3125 2326 3183 series
2351 3121 2710 3194 implicabitur
2747 3121 3100 3192 quaestionum
3122 3160 3138 3187 ,
3162 3135 3232 3176 ex
3256 3119 3497 3189 ipsorum
3541 3133 3768 3190 quoque

343 3265 347 3269 .
378 3213 420 3244 ν
451 3223 610 3277 attica
637 3221 933 3277 idololatria
953 3229 1039 3283 est
1068 3238 1081 3276 :
1113 3221 1213 3292 (c)
1243 3221 1391 3288 item,
1419 3219 1642 3275 incertis
1669 3219 1806 3285 diis;
1841 3217 1935 3274 sed
1963 3234 2053 3274 su-
2078 3224 2087 3231 '
2156 3226 2593 3290 argumentorum
2640 3229 2792 3285 mque
2826 3215 3155 3268 incertorum
3185 3221 3500 3289 retractatu,
3540 3212 3767 3283 pericli-

368 3322 417 3343 "
451 3316 697 3388 perStitio
746 3329 967 3371 romana
1005 3323 1109 3370 est.
1138 3314 1328 3380 Porro,
1372 3314 1558 3369 incerti
1589 3313 1663 3369 dii
1707 3313 1884 3368 minus
1911 3314 2048 3376 noti,
2155 3313 2383 3369 tantium
2414 3309 2483 3365 de
2510 3309 2612 3364 title
2646 3323 2742 3379 per
2786 3306 3085 3373 incertum;
3113 3315 3168 3362 et
3192 3306 3355 3363 ibitur
3402 3306 3456 3362 in
3484 3305 3607 3362 illas
3651 3306 3765 3377 jam

456 3415 516 3461 ut
543 3407 721 3463 minus
762 3406 931 3488 certi;
963 3414 1019 3461 et
1046 3405 1272 3488 proinde
1311 3405 1496 3476 ignoti,
1537 3421 1640 3475 qua
1671 3404 1850 3488 minus
1893 3405 2050 3461 certi.

456 3498 628 3568 Quem
672 3486 881 3555 titulum
912 3480 1220 3554 incidemus
1234 3513 1302 3553 ex
1328 3498 1540 3553 duobus
1600 3480 1711 3553 deo.
1729 3497 2053 3553 Marcionis?

459 3589 775 3663 Utrumque,
805 3592 1017 3663 opinor,
1048 3599 1103 3647 et
1130 3604 1273 3646 nunc
1317 3590 1545 3657 incerto,
1572 3600 1628 3646 et
1664 3600 1809 3646 retro
1847 3591 2050 3662 ignoto.

449 3680 599 3739 Sicut
644 3684 786 3738 enim
818 3684 1056 3754 ignotum
1106 3697 1233 3739 eum
1264 3681 1390 3739 fecit
1418 3683 1582 3753 ,Deus
1614 3690 1775 3737 notus
1801 3681 2046 3749 Creator,

2155 3401 2646 3459 indeterminabiles
2675 3400 3020 3470 quaestiones,
3045 3413 3179 3470 quas
3210 3397 3499 3469 Apostolus
3525 3396 3547 3470 (
3579 3395 3768 3453 lTim.

2156 3494 2203 3560 Ι,
2237 3493 2305 3566 4)
2350 3509 2459 3549 non
2492 3500 2659 3547 amat.
2690 3474 2785 3547 Sin
2813 3490 2880 3545 de
2900 3491 3086 3554 certis,
3117 3500 3173 3545 ct
3197 3489 3529 3557 indubitatis,
3556 3498 3614 3545 et
3663 3490 3760 3546 ab-

2158 3588 2351 3644 solutis
2382 3586 2604 3656 regulte,
2639 3584 2881 3657 partibus
2906 3584 3146 3653 incertis,
3174 3591 3232 3639 et
3254 3583 3430 3639 dubiis
3456 3593 3512 3639 et
3541 3583 3772 3656 inexpe-

2159 3679 2286 3735 ditis
2302 3676 2729 3751 prarjudicabunt
2753 3676 2931 3748 plane,
2962 3676 3014 3732 itt
3045 3676 3240 3748 quibus
3266 3676 3552 3735 diversitas
3578 3685 3767 3733 status

1676 3792 2061 3899 LE‘CTIONES
2098 3790 2518 3854 VARIANTES.

547 3912 590 3975 l)
623 3914 786 3975 Ipsum
810 3911 1019 3965 Sentter.

490 3972 590 4059 lsi
624 3972 1067 4059 sentinae?
1517 4014 1571 4059 ι-

2239 3909 2290 3969 5)
2322 3909 2385 3960 Et
2405 3908 2536 3969 obest
2558 3917 2706 3961 non.
2733 3908 2898 3961 Paris.

2239 3912 2269 3961 5
2322 3909 2385 3960 Et
2405 3909 2536 3969 obest
2558 3909 2750 3961 Frth

2214 3909 2293 4041 ξςςζ
2326 3973 2580 4041 pidieistis
2608 3970 2750 4041 triten.

517 4032 590 4099 (ὅ)
625 4041 770 4090 Forte
790 4040 1053 4089 novitatem
1076 4037 1383 4099 cognitionis.
1517 4032 1571 4059 ””
2215 4032 2291 4099 ('7)
2325 4034 2596 4099 Irngineerto
2620 4032 2767 4084 Men.

517 4043 568 4099 (5
625 4043 770 4090 Forte
790 4043 1053 4089 novitatem
1076 4043 1383 4096 cognitionis.
1517 4043 1545 4059 ν
2215 4043 2265 4093 (7
2325 4043 2410 4085 tot

517 4043 591 4165 (ιῖ
616 4102 681 4152 Si
703 4100 831 4153 abest
853 4102 1005 4152 Frun.
1031 4097 1191 4152 Paris.
2217 4043 2291 4163 (εἴ
2326 4096 2410 4150 Id.

1795 4202 2354 4265 COMMENTARIUS.

529 4323 580 4391 (a
609 4322 631 4396 )
667 4319 750 4377 Ne
779 4322 1065 4396 Saturnum
1087 4322 1310 4396 quidem,
1332 4330 1435 4396 etc.
1464 4320 1540 4396 Ex
1563 4320 1805 4396 novitate
1833 4321 2056 4378 deorum

456 4393 742 4450 falsitatem
780 4394 1134 4465 demonstrat,
1167 4394 1216 4447 id
1240 4409 1368 4448 vero
1394 4393 1613 4462 Apoloq.
1651 4393 1719 4448 10
1766 4408 1886 4465 cap.
1913 4405 2052 4450 trac-

2161 4321 2391 4397 victoria
2415 4321 2589 4397 potiti,
2611 4336 2680 4397 ne
2708 4320 2834 4394 quid
2857 4330 3041 4397 postea
3070 4323 3247 4397 simile
3270 4324 3628 4397 contingeret,
3657 4341 3770 4383 non

2162 4394 2335 4467 solum
2361 4393 2492 4467 Pani
2518 4393 2773 4467 templum
2801 4396 3094 4458 erexerint,
3120 4395 3216 4451 sed
3237 4396 3397 4451 etiam
3419 4393 3565 4453 aram
3591 4399 3774 4467 ignoto

458 4467 611 4540 tavit.
669 4465 895 4540 Proinde
942 4452 1241 4540 Saturnum,
1292 4452 1482 4540 inquit,
1523 4452 1785 4540 repentino
1833 4452 2052 4540 adventu
2082 4476 2138 4540 ι)
2166 4464 2309 4540 Deo;
2338 4452 2911 4540 alteram,_t'tt_tod__cttnt
2968 4452 3134 4540 peste
3157 4467 3542 4540 laborantibus
3569 4452 3771 4540 reliqui

458 4539 630 4606 utique
665 4537 879 4592 cwlitem
906 4538 1111 4606 contigit
1138 4536 1260 4591 dici.
1292 4534 1429 4589 Nam
1455 4545 1501 4589 et
1526 4546 1675 4590 terra:
1703 4536 1837 4608 ﬁlios
1868 4539 2049 4608 vulgus

460 4620 625 4676 t'ocat,
656 4625 872 4676 quorum
888 4625 1046 4679 genus
1072 4608 1316 4662 incertum
1345 4616 1445 4679 est.
1461 4608 1628 4661 Taceo
1647 4607 1785 4677 quod
1806 4607 1878 4679 ita
1901 4607 2053 4661 rudes

459 4681 631 4734 adhuc
658 4677 900 4733 homines
911 4677 1145 4750 agebant,
1162 4688 1217 4732 ut
1242 4678 1511 4751 cujuslibet
1532 4679 1647 4751 noui
1673 4678 2055 4751 tviriadspeclu,

460 4753 605 4820 quasi
628 4751 819 4814 divino,
842 4748 1520 4804 contmoverentur.Nullius
1539 4749 1616 4804 rei
1641 4748 1928 4820 parabiliOr
1943 4757 2060 4803 erat

462 4819 672 4876 annona
714 4836 871 4892 quam
918 4820 1139 4875 deorum
1187 4820 1326 4891 apud
1356 4819 1860 4892 ethnicoséNtLllus
1881 4830 2060 4892 autem

462 4893 694 4950 Saturno
717 4889 963 4963 superior
986 4892 1052 4946 iis
1078 4889 1370 4948 ferebatur.
1406 4892 1547 4964 Virg.
1565 4890 1679 4947 VIII
1710 4889 1926 4948 x‘Eneid.

557 5007 750 5057 Primus
765 5007 828 5056 ab
850 5006 1077 5057 tethereo
1099 5007 1238 5056 venit
1259 5005 1500 5057 Saturnus
1514 5005 1725 5116 ojfvmpo,

557 5071 707 5116 Arma
737 5068 875 5116 Iovis
895 5068 1094 5116 [ueiens
1116 5075 1170 5116 et
1184 5070 1356 5116 regnis
1378 5068 1498 5116 exul
1515 5081 1543 5116 a
1581 5069 1725 5116 emoti

555 5071 707 5120 Arma
737 5068 875 5120 Iovis
895 5068 1094 5133 fugiens
1116 5075 1170 5119 et
1184 5070 1356 5132 regnis
1378 5068 1498 5118 exul
1515 5065 1775 5132 ademptis.
1809 5065 1881 5117 La
1913 5066 2004 5117 Pa.

533 5174 687 5260 CAP.
705 5172 956 5301 ηιμ-ἐι»)
976 5172 1184 5258 Invenio
1195 5174 1364 5242 plane,
1381 5182 1486 5256 etc:
1506 5171 1780 5256 Alluditad
1796 5171 1924 5227 illud
1940 5173 2079 5244 Apo-

533 5247 607 5301 ilt.
634 5247 756 5300 Act.
797 5243 847 5300 Χ
900 5243 940 5299 ll
960 5265 973 5301 :
992 5244 1169 5300 [nvem
1195 5255 1240 5299 et
1266 5261 1432 5301 arant.
1459 5262 1513 5297 m
1535 5261 1636 5301 quo
1660 5255 1903 5301 scriptum
1929 5255 2069 5299 erat:

462 5247 607 5305 stoli.
634 5247 756 5300 Act.
797 5243 973 5301 XVII:
992 5244 1171 5300 Inueni
1195 5255 1240 5299 et
1266 5261 1432 5310 arant,
1459 5245 1513 5297 in
1535 5261 1636 5315 qua
1660 5245 1903 5314 scriptum
1929 5243 2069 5299 erat:

461 5318 636 5389 ignoto
658 5315 798 5389 _Deo.
838 5316 990 5384 Quod
1024 5331 1144 5371 cum
1174 5316 1401 5372 Athenis
1442 5316 1755 5389 contigerit,
1784 5323 1930 5389 recte
1952 5317 2076 5369 atti-

462 5385 581 5442 eatn
623 5386 974 5442 idololatriam
997 5396 1185 5452 vocat;
1218 5385 1627 5458 atquegnecam
1652 5385 2055 5452 inscriptionem

463 5458 629 5514 fuisse
656 5458 844 5512 scribit
882 5459 935 5512 in
966 5475 1088 5514 eum
1117 5456 1303 5514 locum
1319 5456 1681 5512 OEcumenius
1702 5462 1919 5527 ἀγνωστῷ
1946 5459 2056 5527 Qui),

462 5530 583 5598 ejus
609 5528 743 5582 duas
769 5543 962 5584 causas
988 5529 1217 5584 all'erens
1240 5546 1253 5582 :
1284 5529 1511 5583 alteram
1537 5527 1678 5598 quod
1703 5570 1717 5589 ,
1742 5542 1870 5598 cuin
1888 5525 2056 5598 Athe-

467 5595 746 5656 niensibus
768 5599 946 5654 missis
965 5601 1032 5655 ad
1060 5599 1498 5655 Lacedtemonios
1522 5595 1707 5653 auxilii
1739 5595 1904 5666 gratia
1931 5596 2053 5651 adv.

463 5672 680 5738 Persas,
697 5669 1027 5739 apparuisset
1054 5680 1325 5740 spectrum
1354 5669 1684 5740 Panisjnxta
1717 5665 2056 5740 Partheniam

465 5756 560 5804 eos
586 5754 846 5805 accusans
872 5740 1039 5813 quod,
1082 5738 1143 5798 se
1170 5741 1436 5817 neglecto,
1460 5738 1595 5796 alius
1622 5738 1756 5796 deos
1794 5738 2055 5808 colerent,

2164 4536 2238 4590 dii
2272 4537 2499 4609 invocati
2550 4535 2678 4609 nihil
2718 4535 3010 4609 adjumenti
3057 4536 3331 4609 aﬁ‘errent,
3399 4535 3773 4609 intelligetttes

2157 4607 2441 4681 quemdam
2462 4622 2582 4681 esse
2603 4608 2766 4681 Deum
2782 4608 2869 4677 qui
2889 4617 3092 4681 pestem
3107 4608 3441 4677 immitteret,
3464 4607 3655 4681 Ignoto
3674 4612 3774 4665 deo

2160 4678 2704 4750 araminscripseriut
2730 4695 2745 4743 ;
2777 4693 2883 4747 quo
2917 4678 3056 4733 facto
3087 4682 3250 4750 pestis
3275 4678 3589 4738 cessaverit.
3621 4680 3770 4736 Ρη.

2166 4748 2570 4819 Inscriptionem
2599 4765 2708 4805 arte
2756 4751 2825 4820 ita
2847 4748 3164 4820 conceptam
3191 4751 3355 4807 fuisse
3376 4752 3582 4808 notavit
3634 4751 3769 4808 Hie-

2165 4834 2424 4893 r_0nytnus
2470 4822 2523 4875 in
2559 4838 2675 4893 cap.
2706 4821 2751 4876 ll
2806 4819 2979 4893 Epist.
3024 4819 3092 4875 ad
3134 4820 3343 4877 Titum:
3387 4822 3503 4878 Diis
3525 4822 3691 4887 Asite,
3728 4832 3779 4877 et

2168 4888 2417 4966 Europe.
2465 4902 2512 4945 et
2539 4888 2758 4966 Africte,
2783 4888 2881 4966 diis
2912 4894 3099 4966 ignotis
3135 4904 3181 4948 et
3227 4894 3522 4966 peregrinis.
3557 4894 3639 4948 Ls
3672 4894 3776 4949 Pa.

2249 4962 2342 5036 (7c)
2372 4961 2505 5017 Item
2534 4961 2739 5036 incertis
2779 4961 3046 5029 diisfsed
3096 4961 3384 5035 superstitio
3416 4980 3636 5019 romana
3678 4975 3779 5020 est.

2179 5031 2279 5089 Ubi
2309 5031 2496 5088 terram
2522 5035 2737 5088 movisse
2763 5043 3044 5100 senserant,
3075 5031 3423 5091 nuntiatumve
3449 5044 3578 5102 erat,
3614 5037 3782 5105 ferias

2176 5106 2286 5177 ejus
2306 5106 2374 5159 rei
2388 5122 2567 5161 caussa
2588 5107 2750 5177 edicto
2778 5106 3120 5177 imperabant;
3137 5107 3227 5162 sed
3249 5105 3347 5161 Dei
3366 5123 3543 5163 nomen
3571 5107 3786 5163 edicere

2174 5176 2514 5247 quiescebant,
2561 5192 2625 5230 ne
2664 5176 2822 5229 alium
2851 5192 2942 5246 pro
2970 5176 3076 5230 alio
3104 5177 3436 5244 nominando,
3462 5176 3599 5247 falsa
3647 5178 3783 5233 reli-

2176 5246 2325 5318 gione
2344 5249 2597 5319 pOputum
2614 5247 2881 5318 alligarent
2905 5264 2925 5302 :
2949 5263 3036 5301 eas
3064 5248 3218 5318 ferias
3250 5252 3293 5304 si
3325 5250 3437 5319 quis
3466 5246 3781 5319 'poltttisset,

2216 5318 2476 5386 iaculoque
2504 5319 2572 5371 ad
2599 5319 2732 5390 hanc
2768 5335 2875 5390 rem
2901 5334 3031 5390 opus
3055 5329 3200 5382 esset,
3231 5318 3446 5375 hostiam
3472 5318 3516 5390 s_i
3561 5318 3703 5384 Deo,
3734 5323 3786 5378 si

2163 5336 2476 5442 Ιξιαειιιοιιιιε
2504 5336 2570 5371 αα
2599 5336 2732 5371 nunc
2768 5336 2875 5372 rem
2901 5336 3031 5390 opus
3055 5336 3200 5382 esset,
3231 5336 3446 5375 nostram
3472 5336 3516 5374 St
3561 5336 3703 5384 ueo,
3734 5337 3785 5378 ει

2212 5403 2292 5443 (ξω
2311 5390 2621 5460 immotnbat.
2654 5388 2917 5460 Agellius,
2950 5387 3032 5460 11,Δ
3057 5406 3177 5460 cap.
3202 5391 3294 5446 98.
3323 5390 3442 5459 lpsc
3471 5387 3785 5446 Tertullia-

2162 5473 2263 5512 nus
2283 5474 2348 5514 ex
2378 5459 2635 5525 Varrone,
2667 5459 2758 5513 lib.
2791 5457 2859 5525 Il,
2887 5462 2956 5512 ad
2982 5457 3269 5516 NatthG.»

2236 5527 2317 5602 (d)
2347 5528 2650 5585 Plenissime
2674 5532 2938 5602 ecetequar'e
2961 5533 3313 5599 prsescribcns.
3343 5529 3782 5602 cuinam‘unum

2165 5599 2333 5655 Deum
2363 5615 2484 5655 esse
2511 5600 2886 5671 prmscribens,
2920 5600 2970 5654 id
3002 5609 3106 5671 est,
3149 5616 3215 5656 ex
3264 5616 3362 5656 usu
3391 5599 3599 5655 forensi
3657 5617 3782 5658 res-

2201 5670 2451 5727 ondendo
2478 5670 2543 5726 ad
2580 5670 2787 5736 objecta
2817 5670 3274 5741 adversariorum,
3325 5671 3632 5745 eademque
3681 5672 3779 5739 άίτ

2201 5740 2381 5801 tendo.
2415 5741 2494 5801 Ls
2530 5742 2624 5799 Pa.
3543 5750 3548 5757 '

2187 5750 2381 5801 uendo.
2415 5750 2494 5802 ιι
2531 5750 2624 5799 l’lt.
3543 5750 3548 5757 ’
