  <div class='ocr_page' id='page_1' title='image "/cluster/home/n/w/nwhite01/storage/ocr_20150623/2/uva.x000669815/134.png"; bbox 0 0 4008 6280; ppageno 0'>
   <div class='ocr_carea' id='block_1_1' title="bbox 261 374 364 429">
    <p class='ocr_par' dir='ltr' id='par_1_1' title="bbox 261 374 364 429">
     <span class='ocr_line' id='line_1_1' title="bbox 261 374 364 429; baseline 0 -1"><span class='ocrx_word' id='word_1_1' title='bbox 261 374 364 429; x_wconf 74' lang='lat'><strong>2-51</strong></span> 
     </span>
    </p>
   </div>
   <div class='ocr_carea' id='block_1_2' title="bbox 1353 364 2451 433">
    <p class='ocr_par' dir='ltr' id='par_1_2' title="bbox 1353 364 2451 433">
     <span class='ocr_line' id='line_1_2' title="bbox 1353 364 2451 433; baseline 0.008 -9"><span class='ocrx_word' id='word_1_2' title='bbox 1353 365 1486 425; x_wconf 85' lang='lat' dir='ltr'><strong>LIB.</strong></span> <span class='ocrx_word' id='word_1_3' title='bbox 1528 369 1549 424; x_wconf 92' lang='grc' dir='ltr'>ι</span> <span class='ocrx_word' id='word_1_4' title='bbox 1586 365 1946 428; x_wconf 75' lang='lat' dir='ltr'><strong>ADVERSUS</strong></span> <span class='ocrx_word' id='word_1_5' title='bbox 1985 364 2451 433; x_wconf 40' lang='lat' dir='ltr'><strong>MARCIONEMJ‘</strong></span> 
     </span>
    </p>
   </div>
   <div class='ocr_carea' id='block_1_3' title="bbox 3462 362 3572 423">
    <p class='ocr_par' dir='ltr' id='par_1_3' title="bbox 3462 362 3572 423">
     <span class='ocr_line' id='line_1_3' title="bbox 3462 362 3572 423; baseline -0.009 0"><span class='ocrx_word' id='word_1_6' title='bbox 3462 362 3572 423; x_wconf 68' lang='grc'><strong>238</strong></span> 
     </span>
    </p>
   </div>
   <div class='ocr_carea' id='block_1_4' title="bbox 267 482 3570 558">
    <p class='ocr_par' dir='ltr' id='par_1_4' title="bbox 267 482 3570 558">
     <span class='ocr_line' id='line_1_4' title="bbox 267 482 3570 558; baseline -0.004 -9"><span class='ocrx_word' id='word_1_7' title='bbox 267 490 547 549; x_wconf 89' lang='lat' dir='ltr'><strong>invenitur</strong></span> <span class='ocrx_word' id='word_1_8' title='bbox 569 530 584 558; x_wconf 95' lang='lat'><strong>,</strong></span> <span class='ocrx_word' id='word_1_9' title='bbox 621 489 855 545; x_wconf 88' lang='lat' dir='ltr'><strong>lortasse</strong></span> <span class='ocrx_word' id='word_1_10' title='bbox 887 502 955 543; x_wconf 91' lang='lat' dir='ltr'><strong>an</strong></span> <span class='ocrx_word' id='word_1_11' title='bbox 1004 501 1106 544; x_wconf 92' lang='lat' dir='ltr'><strong>non</strong></span> <span class='ocrx_word' id='word_1_12' title='bbox 1147 495 1506 558; x_wconf 87' lang='lat' dir='ltr'><strong>provocentur</strong></span> <span class='ocrx_word' id='word_1_13' title='bbox 1561 487 1761 542; x_wconf 90' lang='lat' dir='ltr'><strong>incerta</strong></span> <span class='ocrx_word' id='word_1_14' title='bbox 1805 485 1869 541; x_wconf 90' lang='lat' dir='ltr'><strong>ad</strong></span> <span class='ocrx_word' id='word_1_15' title='bbox 1899 486 1952 546; x_wconf 84' lang='lat' dir='ltr'><strong>A</strong></span> <span class='ocrx_word' id='word_1_16' title='bbox 1978 485 2146 544; x_wconf 84' lang='lat' dir='ltr'><strong>liabet</strong></span> <span class='ocrx_word' id='word_1_17' title='bbox 2176 488 2314 544; x_wconf 87' lang='lat' dir='ltr'><strong>Deus</strong></span> <span class='ocrx_word' id='word_1_18' title='bbox 2345 485 2668 552; x_wconf 89' lang='lat' dir='ltr'><strong>testimonia,</strong></span> <span class='ocrx_word' id='word_1_19' title='bbox 2695 491 2860 542; x_wconf 91' lang='lat' dir='ltr'><strong>totum</strong></span> <span class='ocrx_word' id='word_1_20' title='bbox 2891 482 2993 539; x_wconf 85' lang='lat' dir='ltr'><strong>hoc</strong></span> <span class='ocrx_word' id='word_1_21' title='bbox 3025 483 3166 554; x_wconf 90' lang='lat' dir='ltr'><strong>quod</strong></span> <span class='ocrx_word' id='word_1_22' title='bbox 3225 497 3409 539; x_wconf 91' lang='lat' dir='ltr'><strong>sumus</strong></span> <span class='ocrx_word' id='word_1_23' title='bbox 3430 491 3490 538; x_wconf 78' lang='lat' dir='ltr'><strong>‘et</strong></span> <span class='ocrx_word' id='word_1_24' title='bbox 3518 485 3570 539; x_wconf 91' lang='lat' dir='ltr'><strong>in</strong></span> 
     </span>
    </p>
   </div>
   <div class='ocr_carea' id='block_1_5' title="bbox 268 577 1876 649">
    <p class='ocr_par' dir='ltr' id='par_1_5' title="bbox 268 577 1876 649">
     <span class='ocr_line' id='line_1_5' title="bbox 268 577 1876 649; baseline -0.003 -10"><span class='ocrx_word' id='word_1_25' title='bbox 268 583 500 641; x_wconf 71' lang='lat' dir='ltr'><strong>formam</strong></span> <span class='ocrx_word' id='word_1_26' title='bbox 531 591 830 646; x_wconf 89' lang='lat' dir='ltr'><strong>certorum,</strong></span> <span class='ocrx_word' id='word_1_27' title='bbox 860 589 920 634; x_wconf 94' lang='lat' dir='ltr'><strong>ut</strong></span> <span class='ocrx_word' id='word_1_28' title='bbox 940 579 1156 634; x_wconf 83' lang='lat' dir='ltr'><strong>liberata</strong></span> <span class='ocrx_word' id='word_1_29' title='bbox 1177 593 1206 632; x_wconf 90' lang='lat' dir='ltr'><strong>a</strong></span> <span class='ocrx_word' id='word_1_30' title='bbox 1234 578 1437 649; x_wconf 89' lang='lat' dir='ltr'><strong>reliqua</strong></span> <span class='ocrx_word' id='word_1_31' title='bbox 1458 577 1876 648; x_wconf 76' lang='lat' dir='ltr'><strong>comparationis</strong></span> 
     </span>
    </p>
   </div>
   <div class='ocr_carea' id='block_1_6' title="bbox 271 669 1872 745">
    <p class='ocr_par' dir='ltr' id='par_1_6' title="bbox 271 669 1872 745">
     <span class='ocr_line' id='line_1_6' title="bbox 271 669 1872 745; baseline -0.004 -16"><span class='ocrx_word' id='word_1_32' title='bbox 271 672 666 745; x_wconf 76' lang='lat' dir='ltr'><strong>provocatione</strong></span> <span class='ocrx_word' id='word_1_33' title='bbox 719 686 811 742; x_wconf 89' lang='lat' dir='ltr'><strong>per</strong></span> <span class='ocrx_word' id='word_1_34' title='bbox 879 670 1240 726; x_wconf 64' lang='lat' dir='ltr'><strong>diversitatem</strong></span> <span class='ocrx_word' id='word_1_35' title='bbox 1306 678 1474 725; x_wconf 90' lang='lat' dir='ltr'><strong>status</strong></span> <span class='ocrx_word' id='word_1_36' title='bbox 1543 669 1872 740; x_wconf 83' lang='lat' dir='ltr'><strong>principalis.</strong></span> 
     </span>
    </p>
   </div>
   <div class='ocr_carea' id='block_1_7' title="bbox 269 761 1877 835">
    <p class='ocr_par' dir='ltr' id='par_1_7' title="bbox 269 761 1877 835">
     <span class='ocr_line' id='line_1_7' title="bbox 269 761 1877 835; baseline -0.004 -11"><span class='ocrx_word' id='word_1_37' title='bbox 269 770 406 824; x_wconf 80' lang='lat' dir='ltr'><strong>Cum</strong></span> <span class='ocrx_word' id='word_1_38' title='bbox 457 781 595 822; x_wconf 82' lang='lat' dir='ltr'><strong>vero</strong></span> <span class='ocrx_word' id='word_1_39' title='bbox 635 763 742 821; x_wconf 91' lang='lat' dir='ltr'><strong>duo</strong></span> <span class='ocrx_word' id='word_1_40' title='bbox 772 763 841 819; x_wconf 93' lang='lat' dir='ltr'><strong>dii</strong></span> <span class='ocrx_word' id='word_1_41' title='bbox 867 772 1255 835; x_wconf 87' lang='lat' dir='ltr'><strong>preponuntur,</strong></span> <span class='ocrx_word' id='word_1_42' title='bbox 1284 761 1598 818; x_wconf 88' lang='lat' dir='ltr'><strong>&#39;communis</strong></span> <span class='ocrx_word' id='word_1_43' title='bbox 1644 770 1727 817; x_wconf 90' lang='lat' dir='ltr'><strong>est</strong></span> <span class='ocrx_word' id='word_1_44' title='bbox 1771 761 1877 817; x_wconf 84' lang='lat' dir='ltr'><strong>illis</strong></span> 
     </span>
    </p>
   </div>
   <div class='ocr_carea' id='block_1_8' title="bbox 270 843 1878 932">
    <p class='ocr_par' dir='ltr' id='par_1_8' title="bbox 270 843 1878 932">
     <span class='ocr_line' id='line_1_8' title="bbox 270 843 1878 932; baseline -0.004 -14"><span class='ocrx_word' id='word_1_45' title='bbox 270 843 441 918; x_wconf 82' lang='lat' dir='ltr'><strong>status</strong></span> <span class='ocrx_word' id='word_1_46' title='bbox 495 859 834 932; x_wconf 84' lang='lat' dir='ltr'><strong>principalis.</strong></span> <span class='ocrx_word' id='word_1_47' title='bbox 889 858 1043 927; x_wconf 80' lang='lat' dir='ltr'><strong>Quod</strong></span> <span class='ocrx_word' id='word_1_48' title='bbox 1095 859 1238 914; x_wconf 89' lang='lat' dir='ltr'><strong>enim</strong></span> <span class='ocrx_word' id='word_1_49' title='bbox 1272 857 1410 914; x_wconf 84' lang='lat' dir='ltr'><strong>Deus</strong></span> <span class='ocrx_word' id='word_1_50' title='bbox 1450 867 1533 913; x_wconf 91' lang='lat' dir='ltr'><strong>est</strong></span> <span class='ocrx_word' id='word_1_51' title='bbox 1584 855 1686 929; x_wconf 85' lang='lat' dir='ltr'><strong>(l)</strong></span> <span class='ocrx_word' id='word_1_52' title='bbox 1719 855 1878 912; x_wconf 89' lang='lat' dir='ltr'><strong>ambo</strong></span> 
     </span>
    </p>
   </div>
   <div class='ocr_carea' id='block_1_9' title="bbox 275 948 1879 1020">
    <p class='ocr_par' dir='ltr' id='par_1_9' title="bbox 275 948 1879 1020">
     <span class='ocr_line' id='line_1_9' title="bbox 275 948 1879 1020; baseline -0.006 -10"><span class='ocrx_word' id='word_1_53' title='bbox 275 961 442 1020; x_wconf 87' lang='lat' dir='ltr'><strong>sunt;</strong></span> <span class='ocrx_word' id='word_1_54' title='bbox 477 951 677 1015; x_wconf 90' lang='lat' dir='ltr'><strong>innati,</strong></span> <span class='ocrx_word' id='word_1_55' title='bbox 707 950 911 1018; x_wconf 87' lang='lat' dir='ltr'><strong>infecti,</strong></span> <span class='ocrx_word' id='word_1_56' title='bbox 938 950 1145 1006; x_wconf 72' lang='lat' dir='ltr'><strong>mterni.</strong></span> <span class='ocrx_word' id='word_1_57' title='bbox 1179 949 1276 1004; x_wconf 86' lang='lat' dir='ltr'><strong>Hic</strong></span> <span class='ocrx_word' id='word_1_58' title='bbox 1322 949 1426 1004; x_wconf 91' lang='lat' dir='ltr'><strong>erit</strong></span> <span class='ocrx_word' id='word_1_59' title='bbox 1463 956 1634 1004; x_wconf 89' lang='lat' dir='ltr'><strong>status</strong></span> <span class='ocrx_word' id='word_1_60' title='bbox 1681 948 1879 1018; x_wconf 90' lang='lat' dir='ltr'><strong>princi-</strong></span> 
     </span>
    </p>
   </div>
   <div class='ocr_carea' id='block_1_10' title="bbox 269 1040 1879 1128">
    <p class='ocr_par' dir='ltr' id='par_1_10' title="bbox 269 1040 1879 1128">
     <span class='ocr_line' id='line_1_10' title="bbox 269 1040 1879 1128; baseline -0.002 -28"><span class='ocrx_word' id='word_1_61' title='bbox 269 1045 426 1118; x_wconf 87' lang='lat' dir='ltr'><strong>palis.</strong></span> <span class='ocrx_word' id='word_1_62' title='bbox 506 1043 721 1100; x_wconf 70' lang='lat' dir='ltr'><strong>Caztera</strong></span> <span class='ocrx_word' id='word_1_63' title='bbox 770 1041 963 1098; x_wconf 90' lang='lat' dir='ltr'><strong>viderit</strong></span> <span class='ocrx_word' id='word_1_64' title='bbox 1034 1042 1290 1108; x_wconf 77' lang='lat' dir='ltr'><strong>Marcion,</strong></span> <span class='ocrx_word' id='word_1_65' title='bbox 1337 1042 1381 1096; x_wconf 90' lang='lat' dir='ltr'><strong>si</strong></span> <span class='ocrx_word' id='word_1_66' title='bbox 1445 1041 1498 1096; x_wconf 92' lang='lat' dir='ltr'><strong>in</strong></span> <span class='ocrx_word' id='word_1_67' title='bbox 1570 1040 1879 1128; x_wconf 68' lang='lat' dir='ltr'><strong>diversitate</strong></span> 
     </span>
    </p>
   </div>
   <div class='ocr_carea' id='block_1_11' title="bbox 273 1133 1880 1208">
    <p class='ocr_par' dir='ltr' id='par_1_11' title="bbox 273 1133 1880 1208">
     <span class='ocr_line' id='line_1_11' title="bbox 273 1133 1880 1208; baseline -0.003 -15"><span class='ocrx_word' id='word_1_68' title='bbox 273 1135 582 1208; x_wconf 78' lang='lat' dir='ltr'><strong>diSposuit;</strong></span> <span class='ocrx_word' id='word_1_69' title='bbox 613 1135 914 1206; x_wconf 72' lang='lat' dir='ltr'><strong>posteriora</strong></span> <span class='ocrx_word' id='word_1_70' title='bbox 951 1134 1096 1190; x_wconf 90' lang='lat' dir='ltr'><strong>enim</strong></span> <span class='ocrx_word' id='word_1_71' title='bbox 1143 1133 1342 1189; x_wconf 89' lang='lat' dir='ltr'><strong>suntin</strong></span> <span class='ocrx_word' id='word_1_72' title='bbox 1388 1141 1719 1189; x_wconf 89' lang='lat' dir='ltr'><strong>retractatu:</strong></span> <span class='ocrx_word' id='word_1_73' title='bbox 1772 1133 1880 1188; x_wconf 93' lang='lat' dir='ltr'><strong>imo</strong></span> 
     </span>
    </p>
   </div>
   <div class='ocr_carea' id='block_1_12' title="bbox 269 1224 1880 1296">
    <p class='ocr_par' dir='ltr' id='par_1_12' title="bbox 269 1224 1880 1296">
     <span class='ocr_line' id='line_1_12' title="bbox 269 1224 1880 1296; baseline -0.002 -12"><span class='ocrx_word' id='word_1_74' title='bbox 269 1243 369 1284; x_wconf 87' lang='lat' dir='ltr'><strong>nec</strong></span> <span class='ocrx_word' id='word_1_75' title='bbox 396 1227 780 1294; x_wconf 88' lang='lat' dir='ltr'><strong>admittentur,</strong></span> <span class='ocrx_word' id='word_1_76' title='bbox 821 1227 867 1282; x_wconf 90' lang='lat' dir='ltr'><strong>si</strong></span> <span class='ocrx_word' id='word_1_77' title='bbox 892 1225 960 1282; x_wconf 88' lang='lat' dir='ltr'><strong>de</strong></span> <span class='ocrx_word' id='word_1_78' title='bbox 983 1225 1262 1296; x_wconf 84' lang='lat' dir='ltr'><strong>principali</strong></span> <span class='ocrx_word' id='word_1_79' title='bbox 1291 1233 1432 1280; x_wconf 87' lang='lat' dir='ltr'><strong>statu</strong></span> <span class='ocrx_word' id='word_1_80' title='bbox 1459 1233 1686 1280; x_wconf 90' lang='lat' dir='ltr'><strong>constet.</strong></span> <span class='ocrx_word' id='word_1_81' title='bbox 1711 1224 1880 1281; x_wconf 89' lang='lat' dir='ltr'><strong>Porro</strong></span> 
     </span>
    </p>
   </div>
   <div class='ocr_carea' id='block_1_13' title="bbox 269 1309 1872 1392">
    <p class='ocr_par' dir='ltr' id='par_1_13' title="bbox 269 1309 1872 1392">
     <span class='ocr_line' id='line_1_13' title="bbox 269 1309 1872 1392; baseline -0.004 -15"><span class='ocrx_word' id='word_1_82' title='bbox 269 1329 488 1378; x_wconf 85' lang='lat' dir='ltr'><strong>constat</strong></span> <span class='ocrx_word' id='word_1_83' title='bbox 536 1320 662 1392; x_wconf 85' lang='lat' dir='ltr'><strong>quia</strong></span> <span class='ocrx_word' id='word_1_84' title='bbox 693 1319 767 1374; x_wconf 90' lang='lat' dir='ltr'><strong>dii</strong></span> <span class='ocrx_word' id='word_1_85' title='bbox 791 1319 951 1375; x_wconf 90' lang='lat' dir='ltr'><strong>ambo</strong></span> <span class='ocrx_word' id='word_1_86' title='bbox 971 1360 988 1386; x_wconf 91' lang='lat'><strong>,</strong></span> <span class='ocrx_word' id='word_1_87' title='bbox 1018 1327 1074 1373; x_wconf 90' lang='lat' dir='ltr'><strong>et</strong></span> <span class='ocrx_word' id='word_1_88' title='bbox 1125 1317 1195 1373; x_wconf 89' lang='lat' dir='ltr'><strong>ita</strong></span> <span class='ocrx_word' id='word_1_89' title='bbox 1227 1316 1294 1374; x_wconf 92' lang='lat' dir='ltr'><strong>de</strong></span> <span class='ocrx_word' id='word_1_90' title='bbox 1323 1309 1720 1388; x_wconf 55' lang='lat' dir='ltr'><strong>quorum&#39;statu</strong></span> <span class='ocrx_word' id='word_1_91' title='bbox 1747 1332 1872 1373; x_wconf 89' lang='lat' dir='ltr'><strong>con-</strong></span> 
     </span>
    </p>
   </div>
   <div class='ocr_carea' id='block_1_14' title="bbox 270 1410 1880 1481">
    <p class='ocr_par' dir='ltr' id='par_1_14' title="bbox 270 1410 1880 1481">
     <span class='ocr_line' id='line_1_14' title="bbox 270 1410 1880 1481; baseline -0.002 -12"><span class='ocrx_word' id='word_1_92' title='bbox 270 1422 374 1470; x_wconf 80' lang='lat' dir='ltr'><strong>stat</strong></span> <span class='ocrx_word' id='word_1_93' title='bbox 411 1428 762 1469; x_wconf 88' lang='lat' dir='ltr'><strong>communem</strong></span> <span class='ocrx_word' id='word_1_94' title='bbox 799 1427 942 1480; x_wconf 89' lang='lat' dir='ltr'><strong>esse,</strong></span> <span class='ocrx_word' id='word_1_95' title='bbox 971 1426 1093 1467; x_wconf 92' lang='lat' dir='ltr'><strong>cum</strong></span> <span class='ocrx_word' id='word_1_96' title='bbox 1139 1410 1242 1468; x_wconf 87' lang='lat' dir='ltr'><strong>sub</strong></span> <span class='ocrx_word' id='word_1_97' title='bbox 1285 1425 1352 1465; x_wconf 88' lang='lat' dir='ltr'><strong>eo</strong></span> <span class='ocrx_word' id='word_1_98' title='bbox 1391 1411 1459 1466; x_wconf 89' lang='lat' dir='ltr'><strong>ad</strong></span> <span class='ocrx_word' id='word_1_99' title='bbox 1513 1410 1880 1481; x_wconf 89' lang='lat' dir='ltr'><strong>probationem</strong></span> 
     </span>
    </p>
   </div>
   <div class='ocr_carea' id='block_1_15' title="bbox 273 1503 1882 1574">
    <p class='ocr_par' dir='ltr' id='par_1_15' title="bbox 273 1503 1882 1574">
     <span class='ocr_line' id='line_1_15' title="bbox 273 1503 1882 1574; baseline -0.004 -10"><span class='ocrx_word' id='word_1_100' title='bbox 273 1507 650 1574; x_wconf 85' lang='lat' dir='ltr'><strong>devocantur;</strong></span> <span class='ocrx_word' id='word_1_101' title='bbox 671 1506 714 1560; x_wconf 90' lang='lat' dir='ltr'><strong>si</strong></span> <span class='ocrx_word' id='word_1_102' title='bbox 737 1507 938 1562; x_wconf 89' lang='lat' dir='ltr'><strong>incerta</strong></span> <span class='ocrx_word' id='word_1_103' title='bbox 982 1515 1127 1572; x_wconf 90' lang='lat' dir='ltr'><strong>sunt,</strong></span> <span class='ocrx_word' id='word_1_104' title='bbox 1155 1503 1221 1561; x_wconf 90' lang='lat' dir='ltr'><strong>ad</strong></span> <span class='ocrx_word' id='word_1_105' title='bbox 1251 1520 1441 1560; x_wconf 89' lang='lat' dir='ltr'><strong>eorum</strong></span> <span class='ocrx_word' id='word_1_106' title='bbox 1466 1513 1734 1559; x_wconf 88' lang='lat' dir='ltr'><strong>certorum</strong></span> <span class='ocrx_word' id='word_1_107' title='bbox 1775 1505 1882 1558; x_wconf 85' lang='lat' dir='ltr'><strong>for-</strong></span> 
     </span>
    </p>
   </div>
   <div class='ocr_carea' id='block_1_16' title="bbox 277 1596 1882 1670">
    <p class='ocr_par' dir='ltr' id='par_1_16' title="bbox 277 1596 1882 1670">
     <span class='ocr_line' id='line_1_16' title="bbox 277 1596 1882 1670; baseline -0.002 -14"><span class='ocrx_word' id='word_1_108' title='bbox 277 1616 419 1656; x_wconf 87' lang='lat' dir='ltr'><strong>mam</strong></span> <span class='ocrx_word' id='word_1_109' title='bbox 453 1598 795 1670; x_wconf 88' lang='lat' dir='ltr'><strong>provocanda</strong></span> <span class='ocrx_word' id='word_1_110' title='bbox 826 1606 1005 1665; x_wconf 90' lang='lat' dir='ltr'><strong>erunt,</strong></span> <span class='ocrx_word' id='word_1_111' title='bbox 1045 1613 1164 1654; x_wconf 91' lang='lat' dir='ltr'><strong>cum</strong></span> <span class='ocrx_word' id='word_1_112' title='bbox 1192 1597 1386 1669; x_wconf 89' lang='lat' dir='ltr'><strong>quibus</strong></span> <span class='ocrx_word' id='word_1_113' title='bbox 1415 1597 1482 1653; x_wconf 91' lang='lat' dir='ltr'><strong>de</strong></span> <span class='ocrx_word' id='word_1_114' title='bbox 1503 1596 1882 1653; x_wconf 87' lang='lat' dir='ltr'><strong>communione</strong></span> 
     </span>
    </p>
   </div>
   <div class='ocr_carea' id='block_1_17' title="bbox 272 1687 1883 1762">
    <p class='ocr_par' dir='ltr' id='par_1_17' title="bbox 272 1687 1883 1762">
     <span class='ocr_line' id='line_1_17' title="bbox 272 1687 1883 1762; baseline -0.004 -15"><span class='ocrx_word' id='word_1_115' title='bbox 272 1701 446 1748; x_wconf 86' lang='lat' dir='ltr'><strong>status</strong></span> <span class='ocrx_word' id='word_1_116' title='bbox 473 1690 792 1762; x_wconf 88' lang='lat' dir='ltr'><strong>principalis</strong></span> <span class='ocrx_word' id='word_1_117' title='bbox 820 1699 1137 1758; x_wconf 83' lang='lat' dir='ltr'><strong>censentur,</strong></span> <span class='ocrx_word' id='word_1_118' title='bbox 1171 1699 1229 1745; x_wconf 89' lang='lat' dir='ltr'><strong>ut</strong></span> <span class='ocrx_word' id='word_1_119' title='bbox 1257 1688 1481 1760; x_wconf 82' lang='lat' dir='ltr'><strong>proinde</strong></span> <span class='ocrx_word' id='word_1_120' title='bbox 1510 1700 1563 1744; x_wconf 90' lang='lat' dir='ltr'><strong>et</strong></span> <span class='ocrx_word' id='word_1_121' title='bbox 1593 1687 1661 1744; x_wconf 92' lang='lat' dir='ltr'><strong>dc</strong></span> <span class='ocrx_word' id='word_1_122' title='bbox 1692 1688 1883 1758; x_wconf 87' lang='lat' dir='ltr'><strong>proba-</strong></span> 
     </span>
    </p>
   </div>
   <div class='ocr_carea' id='block_1_18' title="bbox 272 1779 1884 1856">
    <p class='ocr_par' dir='ltr' id='par_1_18' title="bbox 272 1779 1884 1856">
     <span class='ocr_line' id='line_1_18' title="bbox 272 1779 1884 1856; baseline -0.001 -18"><span class='ocrx_word' id='word_1_123' title='bbox 272 1784 414 1839; x_wconf 90' lang='lat' dir='ltr'><strong>tione</strong></span> <span class='ocrx_word' id='word_1_124' title='bbox 447 1783 876 1856; x_wconf 72' lang='lat' dir='ltr'><strong>communicent.</strong></span> <span class='ocrx_word' id='word_1_125' title='bbox 920 1780 1057 1836; x_wconf 89' lang='lat' dir='ltr'><strong>Hiuc</strong></span> <span class='ocrx_word' id='word_1_126' title='bbox 1082 1783 1098 1850; x_wconf 98' lang='lat'><strong>(</strong></span> <span class='ocrx_word' id='word_1_127' title='bbox 1122 1779 1190 1853; x_wconf 95' lang='lat' dir='ltr'><strong>a)</strong></span> <span class='ocrx_word' id='word_1_128' title='bbox 1224 1783 1402 1853; x_wconf 82' lang='lat' dir='ltr'><strong>itaque</strong></span> <span class='ocrx_word' id='word_1_129' title='bbox 1448 1781 1884 1837; x_wconf 86' lang='lat' dir='ltr'><strong>constantissime</strong></span> 
     </span>
    </p>
   </div>
   <div class='ocr_carea' id='block_1_19' title="bbox 1979 577 3573 653">
    <p class='ocr_par' dir='ltr' id='par_1_19' title="bbox 1979 577 3573 653">
     <span class='ocr_line' id='line_1_19' title="bbox 1979 577 3573 653; baseline -0.002 -16"><span class='ocrx_word' id='word_1_130' title='bbox 1979 598 2086 653; x_wconf 90' lang='lat' dir='ltr'><strong>quo</strong></span> <span class='ocrx_word' id='word_1_131' title='bbox 2107 597 2311 638; x_wconf 91' lang='lat' dir='ltr'><strong>sumus.</strong></span> <span class='ocrx_word' id='word_1_132' title='bbox 2343 583 2433 637; x_wconf 91' lang='lat' dir='ltr'><strong>Sic</strong></span> <span class='ocrx_word' id='word_1_133' title='bbox 2462 579 2719 649; x_wconf 88' lang='lat' dir='ltr'><strong>probatur</strong></span> <span class='ocrx_word' id='word_1_134' title='bbox 2747 587 2802 634; x_wconf 90' lang='lat' dir='ltr'><strong>et</strong></span> <span class='ocrx_word' id='word_1_135' title='bbox 2827 579 2966 633; x_wconf 89' lang='lat' dir='ltr'><strong>Deus</strong></span> <span class='ocrx_word' id='word_1_136' title='bbox 3007 586 3062 632; x_wconf 91' lang='lat' dir='ltr'><strong>et</strong></span> <span class='ocrx_word' id='word_1_137' title='bbox 3091 593 3246 646; x_wconf 91' lang='lat' dir='ltr'><strong>unus,</strong></span> <span class='ocrx_word' id='word_1_138' title='bbox 3297 577 3424 634; x_wconf 89' lang='lat' dir='ltr'><strong>dum</strong></span> <span class='ocrx_word' id='word_1_139' title='bbox 3467 592 3573 634; x_wconf 88' lang='lat' dir='ltr'><strong>non</strong></span> 
     </span>
    </p>
   </div>
   <div class='ocr_carea' id='block_1_20' title="bbox 1979 671 3180 746">
    <p class='ocr_par' dir='ltr' id='par_1_20' title="bbox 1979 671 3180 746">
     <span class='ocr_line' id='line_1_20' title="bbox 1979 671 3180 746; baseline -0.005 -16"><span class='ocrx_word' id='word_1_140' title='bbox 1979 675 2272 746; x_wconf 78' lang='lat' dir='ltr'><strong>ignoratur,</strong></span> <span class='ocrx_word' id='word_1_141' title='bbox 2307 673 2414 730; x_wconf 90' lang='lat' dir='ltr'><strong>alio</strong></span> <span class='ocrx_word' id='word_1_142' title='bbox 2437 672 2610 729; x_wconf 82' lang='lat' dir='ltr'><strong>adhuc</strong></span> <span class='ocrx_word' id='word_1_143' title='bbox 2640 671 2854 742; x_wconf 89' lang='lat' dir='ltr'><strong>probari</strong></span> <span class='ocrx_word' id='word_1_144' title='bbox 2884 671 3180 727; x_wconf 88' lang='lat' dir='ltr'><strong>laborante.</strong></span> 
     </span>
    </p>
   </div>
   <div class='ocr_carea' id='block_1_21' title="bbox 2599 764 2946 822">
    <p class='ocr_par' dir='ltr' id='par_1_21' title="bbox 2599 764 2946 822">
     <span class='ocr_line' id='line_1_21' title="bbox 2599 764 2946 822; baseline -0.006 -1"><span class='ocrx_word' id='word_1_145' title='bbox 2599 764 2826 822; x_wconf 86' lang='lat' dir='ltr'><strong>CAPUT</strong></span> <span class='ocrx_word' id='word_1_146' title='bbox 2854 764 2946 819; x_wconf 79' lang='lat' dir='ltr'><strong>Xl.</strong></span> 
     </span>
    </p>
   </div>
   <div class='ocr_carea' id='block_1_22' title="bbox 2054 849 3578 929">
    <p class='ocr_par' dir='ltr' id='par_1_22' title="bbox 2054 849 3578 929">
     <span class='ocr_line' id='line_1_22' title="bbox 2054 849 3578 929; baseline -0.001 -15"><span class='ocrx_word' id='word_1_147' title='bbox 2054 857 2124 914; x_wconf 80' lang='lat' dir='ltr'><strong>Et.</strong></span> <span class='ocrx_word' id='word_1_148' title='bbox 2148 858 2363 924; x_wconf 89' lang='lat' dir='ltr'><strong>merito,</strong></span> <span class='ocrx_word' id='word_1_149' title='bbox 2388 857 2666 929; x_wconf 85' lang='lat' dir='ltr'><strong>inquiunt;</strong></span> <span class='ocrx_word' id='word_1_150' title='bbox 2691 859 2808 927; x_wconf 85' lang='lat' dir='ltr'><strong>quis</strong></span> <span class='ocrx_word' id='word_1_151' title='bbox 2831 857 2970 911; x_wconf 91' lang='lat' dir='ltr'><strong>enim</strong></span> <span class='ocrx_word' id='word_1_152' title='bbox 3005 873 3112 912; x_wconf 90' lang='lat' dir='ltr'><strong>non</strong></span> <span class='ocrx_word' id='word_1_153' title='bbox 3141 849 3247 912; x_wconf 87' lang='lat' dir='ltr'><strong>tam</strong></span> <span class='ocrx_word' id='word_1_154' title='bbox 3281 855 3392 912; x_wconf 89' lang='lat' dir='ltr'><strong>suis</strong></span> <span class='ocrx_word' id='word_1_155' title='bbox 3422 865 3578 913; x_wconf 87' lang='lat' dir='ltr'><strong>notus</strong></span> 
     </span>
    </p>
   </div>
   <div class='ocr_carea' id='block_1_23' title="bbox 1982 947 3575 1021">
    <p class='ocr_par' dir='ltr' id='par_1_23' title="bbox 1982 947 3575 1021">
     <span class='ocr_line' id='line_1_23' title="bbox 1982 947 3575 1021; baseline -0.001 -16"><span class='ocrx_word' id='word_1_156' title='bbox 1982 960 2085 1016; x_wconf 85' lang='lat' dir='ltr'><strong>est,</strong></span> <span class='ocrx_word' id='word_1_157' title='bbox 2122 966 2282 1021; x_wconf 91' lang='lat' dir='ltr'><strong>quam</strong></span> <span class='ocrx_word' id='word_1_158' title='bbox 2312 948 2624 1005; x_wconf 84' lang='lat' dir='ltr'><strong>extraneis?</strong></span> <span class='ocrx_word' id='word_1_159' title='bbox 2671 947 2860 1002; x_wconf 87' lang='lat' dir='ltr'><strong>Nemo.</strong></span> <span class='ocrx_word' id='word_1_160' title='bbox 2909 948 3093 1005; x_wconf 89' lang='lat' dir='ltr'><strong>Teneo</strong></span> <span class='ocrx_word' id='word_1_161' title='bbox 3123 960 3179 1006; x_wconf 92' lang='lat' dir='ltr'><strong>et</strong></span> <span class='ocrx_word' id='word_1_162' title='bbox 3209 949 3347 1005; x_wconf 86' lang='lat' dir='ltr'><strong>hanc</strong></span> <span class='ocrx_word' id='word_1_163' title='bbox 3368 965 3575 1005; x_wconf 86' lang='lat' dir='ltr'><strong>vocem.</strong></span> 
     </span>
    </p>
   </div>
   <div class='ocr_carea' id='block_1_24' title="bbox 1982 1039 3582 1112">
    <p class='ocr_par' dir='ltr' id='par_1_24' title="bbox 1982 1039 3582 1112">
     <span class='ocr_line' id='line_1_24' title="bbox 1982 1039 3582 1112; baseline 0.001 -15"><span class='ocrx_word' id='word_1_164' title='bbox 1982 1041 2150 1110; x_wconf 87' lang='lat' dir='ltr'><strong>Quale</strong></span> <span class='ocrx_word' id='word_1_165' title='bbox 2177 1051 2260 1099; x_wconf 90' lang='lat' dir='ltr'><strong>est</strong></span> <span class='ocrx_word' id='word_1_166' title='bbox 2289 1043 2454 1109; x_wconf 90' lang='lat' dir='ltr'><strong>enim,</strong></span> <span class='ocrx_word' id='word_1_167' title='bbox 2511 1051 2567 1096; x_wconf 92' lang='lat' dir='ltr'><strong>ut</strong></span> <span class='ocrx_word' id='word_1_168' title='bbox 2615 1039 2815 1112; x_wconf 89' lang='lat' dir='ltr'><strong>aliquid</strong></span> <span class='ocrx_word' id='word_1_169' title='bbox 2841 1051 3153 1098; x_wconf 80' lang='lat' dir='ltr'><strong>extraneum</strong></span> <span class='ocrx_word' id='word_1_170' title='bbox 3205 1042 3318 1098; x_wconf 89' lang='lat' dir='ltr'><strong>Deo</strong></span> <span class='ocrx_word' id='word_1_171' title='bbox 3360 1043 3448 1106; x_wconf 86' lang='lat' dir='ltr'><strong>sit,</strong></span> <span class='ocrx_word' id='word_1_172' title='bbox 3495 1043 3582 1098; x_wconf 88' lang='lat' dir='ltr'><strong>cui</strong></span> 
     </span>
    </p>
   </div>
   <div class='ocr_carea' id='block_1_25' title="bbox 1984 1134 3584 1207">
    <p class='ocr_par' dir='ltr' id='par_1_25' title="bbox 1984 1134 3584 1207">
     <span class='ocr_line' id='line_1_25' title="bbox 1984 1134 3584 1207; baseline 0.002 -17"><span class='ocrx_word' id='word_1_173' title='bbox 1984 1134 2116 1190; x_wconf 84' lang='lat' dir='ltr'><strong>nihil</strong></span> <span class='ocrx_word' id='word_1_174' title='bbox 2145 1146 2462 1190; x_wconf 82' lang='lat' dir='ltr'><strong>extraneum</strong></span> <span class='ocrx_word' id='word_1_175' title='bbox 2507 1143 2672 1202; x_wconf 84' lang='lat' dir='ltr'><strong>esset,</strong></span> <span class='ocrx_word' id='word_1_176' title='bbox 2716 1134 2761 1189; x_wconf 90' lang='lat' dir='ltr'><strong>si</strong></span> <span class='ocrx_word' id='word_1_177' title='bbox 2791 1135 2912 1205; x_wconf 87' lang='lat' dir='ltr'><strong>quis</strong></span> <span class='ocrx_word' id='word_1_178' title='bbox 2952 1136 3133 1190; x_wconf 88' lang='lat' dir='ltr'><strong>esset?</strong></span> <span class='ocrx_word' id='word_1_179' title='bbox 3187 1136 3308 1207; x_wconf 88' lang='lat' dir='ltr'><strong>quia</strong></span> <span class='ocrx_word' id='word_1_180' title='bbox 3339 1137 3431 1191; x_wconf 89' lang='lat' dir='ltr'><strong>Dei</strong></span> <span class='ocrx_word' id='word_1_181' title='bbox 3480 1134 3584 1193; x_wconf 72' lang='lat' dir='ltr'><strong>hoc</strong></span> 
     </span>
    </p>
   </div>
   <div class='ocr_carea' id='block_1_26' title="bbox 1983 1225 3579 1297">
    <p class='ocr_par' dir='ltr' id='par_1_26' title="bbox 1983 1225 3579 1297">
     <span class='ocr_line' id='line_1_26' title="bbox 1983 1225 3579 1297; baseline 0.001 -16"><span class='ocrx_word' id='word_1_182' title='bbox 1983 1235 2086 1294; x_wconf 89' lang='lat' dir='ltr'><strong>est,</strong></span> <span class='ocrx_word' id='word_1_183' title='bbox 2119 1226 2298 1281; x_wconf 88' lang='lat' dir='ltr'><strong>omnia</strong></span> <span class='ocrx_word' id='word_1_184' title='bbox 2328 1225 2470 1281; x_wconf 91' lang='lat' dir='ltr'><strong>illius</strong></span> <span class='ocrx_word' id='word_1_185' title='bbox 2500 1239 2624 1280; x_wconf 89' lang='lat' dir='ltr'><strong>esse</strong></span> <span class='ocrx_word' id='word_1_186' title='bbox 2676 1234 2732 1280; x_wconf 89' lang='lat' dir='ltr'><strong>et</strong></span> <span class='ocrx_word' id='word_1_187' title='bbox 2755 1225 2932 1281; x_wconf 86' lang='lat' dir='ltr'><strong>omnia</strong></span> <span class='ocrx_word' id='word_1_188' title='bbox 2961 1226 3028 1282; x_wconf 91' lang='lat' dir='ltr'><strong>ad</strong></span> <span class='ocrx_word' id='word_1_189' title='bbox 3070 1227 3224 1291; x_wconf 84' lang='lat' dir='ltr'><strong>illum</strong></span> <span class='ocrx_word' id='word_1_190' title='bbox 3273 1227 3579 1297; x_wconf 85' lang='lat' dir='ltr'><strong>pertinere:</strong></span> 
     </span>
    </p>
   </div>
   <div class='ocr_carea' id='block_1_27' title="bbox 1984 1318 3585 1392">
    <p class='ocr_par' dir='ltr' id='par_1_27' title="bbox 1984 1318 3585 1392">
     <span class='ocr_line' id='line_1_27' title="bbox 1984 1318 3585 1392; baseline 0.003 -19"><span class='ocrx_word' id='word_1_191' title='bbox 1984 1320 2066 1374; x_wconf 85' lang='lat' dir='ltr'><strong>vel</strong></span> <span class='ocrx_word' id='word_1_192' title='bbox 2093 1333 2160 1374; x_wconf 91' lang='lat' dir='ltr'><strong>ne</strong></span> <span class='ocrx_word' id='word_1_193' title='bbox 2189 1319 2370 1374; x_wconf 88' lang='lat' dir='ltr'><strong>statim</strong></span> <span class='ocrx_word' id='word_1_194' title='bbox 2392 1318 2604 1374; x_wconf 88' lang='lat' dir='ltr'><strong>audiret</strong></span> <span class='ocrx_word' id='word_1_195' title='bbox 2633 1334 2661 1372; x_wconf 89' lang='lat' dir='ltr'><strong>a</strong></span> <span class='ocrx_word' id='word_1_196' title='bbox 2691 1319 2847 1375; x_wconf 92' lang='lat' dir='ltr'><strong>nobis</strong></span> <span class='ocrx_word' id='word_1_197' title='bbox 2875 1337 2889 1372; x_wconf 87' lang='lat'><strong>:</strong></span> <span class='ocrx_word' id='word_1_198' title='bbox 2921 1319 3058 1387; x_wconf 85' lang='lat' dir='ltr'><strong>Quid</strong></span> <span class='ocrx_word' id='word_1_199' title='bbox 3080 1337 3210 1392; x_wconf 76' lang='lat' dir='ltr'><strong>ergo</strong></span> <span class='ocrx_word' id='word_1_200' title='bbox 3240 1322 3314 1376; x_wconf 92' lang='lat' dir='ltr'><strong>illi</strong></span> <span class='ocrx_word' id='word_1_201' title='bbox 3341 1338 3460 1377; x_wconf 90' lang='lat' dir='ltr'><strong>cum</strong></span> <span class='ocrx_word' id='word_1_202' title='bbox 3489 1339 3585 1378; x_wconf 78' lang='lat' dir='ltr'><strong>ex-</strong></span> 
     </span>
    </p>
   </div>
   <div class='ocr_carea' id='block_1_28' title="bbox 1986 1411 3584 1492">
    <p class='ocr_par' dir='ltr' id='par_1_28' title="bbox 1986 1411 3584 1492">
     <span class='ocr_line' id='line_1_28' title="bbox 1986 1411 3584 1492; baseline 0.005 -26"><span class='ocrx_word' id='word_1_203' title='bbox 1986 1411 2228 1468; x_wconf 87' lang='lat' dir='ltr'><strong>traneis?</strong></span> <span class='ocrx_word' id='word_1_204' title='bbox 2263 1411 2405 1483; x_wconf 90' lang='lat' dir='ltr'><strong>quod</strong></span> <span class='ocrx_word' id='word_1_205' title='bbox 2435 1411 2644 1482; x_wconf 92' lang='lat' dir='ltr'><strong>plenius</strong></span> <span class='ocrx_word' id='word_1_206' title='bbox 2671 1413 2922 1492; x_wconf 86' lang='lat' dir='ltr'><strong>suoloco</strong></span> <span class='ocrx_word' id='word_1_207' title='bbox 2947 1414 3146 1471; x_wconf 92' lang='lat' dir='ltr'><strong>audiet.</strong></span> <span class='ocrx_word' id='word_1_208' title='bbox 3186 1417 3253 1470; x_wconf 91' lang='lat' dir='ltr'><strong>At</strong></span> <span class='ocrx_word' id='word_1_209' title='bbox 3279 1432 3423 1472; x_wconf 90' lang='lat' dir='ltr'><strong>nunc</strong></span> <span class='ocrx_word' id='word_1_210' title='bbox 3451 1419 3584 1474; x_wconf 83' lang='lat' dir='ltr'><strong>satis</strong></span> 
     </span>
    </p>
   </div>
   <div class='ocr_carea' id='block_1_29' title="bbox 1987 1505 3585 1582">
    <p class='ocr_par' dir='ltr' id='par_1_29' title="bbox 1987 1505 3585 1582">
     <span class='ocr_line' id='line_1_29' title="bbox 1987 1505 3585 1582; baseline 0.005 -22"><span class='ocrx_word' id='word_1_211' title='bbox 1987 1515 2069 1560; x_wconf 89' lang='lat' dir='ltr'><strong>est</strong></span> <span class='ocrx_word' id='word_1_212' title='bbox 2120 1505 2323 1560; x_wconf 89' lang='lat' dir='ltr'><strong>nullum</strong></span> <span class='ocrx_word' id='word_1_213' title='bbox 2351 1506 2565 1576; x_wconf 89' lang='lat' dir='ltr'><strong>probari</strong></span> <span class='ocrx_word' id='word_1_214' title='bbox 2624 1507 2778 1578; x_wconf 89' lang='lat' dir='ltr'><strong>cujus</strong></span> <span class='ocrx_word' id='word_1_215' title='bbox 2804 1507 2936 1563; x_wconf 91' lang='lat' dir='ltr'><strong>nihil</strong></span> <span class='ocrx_word' id='word_1_216' title='bbox 2961 1509 3236 1578; x_wconf 88' lang='lat' dir='ltr'><strong>probatur.</strong></span> <span class='ocrx_word' id='word_1_217' title='bbox 3265 1511 3585 1582; x_wconf 35' lang='lat' dir='ltr'><strong>Sicut,enim</strong></span> 
     </span>
    </p>
   </div>
   <div class='ocr_carea' id='block_1_30' title="bbox 1986 1595 3585 1674">
    <p class='ocr_par' dir='ltr' id='par_1_30' title="bbox 1986 1595 3585 1674">
     <span class='ocr_line' id='line_1_30' title="bbox 1986 1595 3585 1674; baseline 0.004 -22"><span class='ocrx_word' id='word_1_218' title='bbox 1986 1595 2234 1658; x_wconf 86' lang='lat' dir='ltr'><strong>Creator,</strong></span> <span class='ocrx_word' id='word_1_219' title='bbox 2263 1613 2325 1652; x_wconf 84' lang='lat' dir='ltr'><strong>ex</strong></span> <span class='ocrx_word' id='word_1_220' title='bbox 2357 1597 2458 1653; x_wconf 92' lang='lat' dir='ltr'><strong>hoc</strong></span> <span class='ocrx_word' id='word_1_221' title='bbox 2481 1609 2537 1655; x_wconf 90' lang='lat' dir='ltr'><strong>et</strong></span> <span class='ocrx_word' id='word_1_222' title='bbox 2569 1599 2731 1666; x_wconf 86' lang='lat' dir='ltr'><strong>Deus,</strong></span> <span class='ocrx_word' id='word_1_223' title='bbox 2763 1608 2818 1654; x_wconf 91' lang='lat' dir='ltr'><strong>et</strong></span> <span class='ocrx_word' id='word_1_224' title='bbox 2861 1600 3190 1656; x_wconf 87' lang='lat' dir='ltr'><strong>indubitatus</strong></span> <span class='ocrx_word' id='word_1_225' title='bbox 3241 1603 3410 1670; x_wconf 89' lang='lat' dir='ltr'><strong>Deus,</strong></span> <span class='ocrx_word' id='word_1_226' title='bbox 3461 1604 3585 1674; x_wconf 86' lang='lat' dir='ltr'><strong>quia</strong></span> 
     </span>
    </p>
   </div>
   <div class='ocr_carea' id='block_1_31' title="bbox 1989 1689 3588 1760">
    <p class='ocr_par' dir='ltr' id='par_1_31' title="bbox 1989 1689 3588 1760">
     <span class='ocr_line' id='line_1_31' title="bbox 1989 1689 3588 1760; baseline 0.006 -18"><span class='ocrx_word' id='word_1_227' title='bbox 1989 1689 2168 1743; x_wconf 89' lang='lat' dir='ltr'><strong>omnia</strong></span> <span class='ocrx_word' id='word_1_228' title='bbox 2203 1689 2370 1758; x_wconf 88' lang='lat' dir='ltr'><strong>ipsius</strong></span> <span class='ocrx_word' id='word_1_229' title='bbox 2403 1700 2457 1744; x_wconf 94' lang='lat' dir='ltr'><strong>ct</strong></span> <span class='ocrx_word' id='word_1_230' title='bbox 2517 1690 2645 1745; x_wconf 87' lang='lat' dir='ltr'><strong>nihil</strong></span> <span class='ocrx_word' id='word_1_231' title='bbox 2703 1701 3016 1748; x_wconf 83' lang='lat' dir='ltr'><strong>extraneum</strong></span> <span class='ocrx_word' id='word_1_232' title='bbox 3067 1693 3178 1760; x_wconf 89' lang='lat' dir='ltr'><strong>illi;</strong></span> <span class='ocrx_word' id='word_1_233' title='bbox 3235 1695 3305 1749; x_wconf 89' lang='lat' dir='ltr'><strong>ita</strong></span> <span class='ocrx_word' id='word_1_234' title='bbox 3349 1704 3404 1750; x_wconf 90' lang='lat' dir='ltr'><strong>et</strong></span> <span class='ocrx_word' id='word_1_235' title='bbox 3449 1697 3588 1753; x_wconf 90' lang='lat' dir='ltr'><strong>alius</strong></span> 
     </span>
    </p>
   </div>
   <div class='ocr_carea' id='block_1_32' title="bbox 1990 1781 3589 1858">
    <p class='ocr_par' dir='ltr' id='par_1_32' title="bbox 1990 1781 3589 1858">
     <span class='ocr_line' id='line_1_32' title="bbox 1990 1781 3589 1858; baseline 0.006 -23"><span class='ocrx_word' id='word_1_236' title='bbox 1990 1781 2190 1838; x_wconf 90' lang='lat' dir='ltr'><strong>idcirco</strong></span> <span class='ocrx_word' id='word_1_237' title='bbox 2221 1798 2329 1836; x_wconf 88' lang='lat' dir='ltr'><strong>non</strong></span> <span class='ocrx_word' id='word_1_238' title='bbox 2368 1781 2524 1848; x_wconf 90' lang='lat' dir='ltr'><strong>deus,</strong></span> <span class='ocrx_word' id='word_1_239' title='bbox 2565 1784 2688 1854; x_wconf 89' lang='lat' dir='ltr'><strong>quia</strong></span> <span class='ocrx_word' id='word_1_240' title='bbox 2718 1785 2898 1839; x_wconf 90' lang='lat' dir='ltr'><strong>omnia</strong></span> <span class='ocrx_word' id='word_1_241' title='bbox 2925 1801 3031 1840; x_wconf 89' lang='lat' dir='ltr'><strong>non</strong></span> <span class='ocrx_word' id='word_1_242' title='bbox 3064 1785 3201 1855; x_wconf 87' lang='lat' dir='ltr'><strong>ejus,</strong></span> <span class='ocrx_word' id='word_1_243' title='bbox 3262 1787 3487 1858; x_wconf 88' lang='lat' dir='ltr'><strong>ideoque</strong></span> <span class='ocrx_word' id='word_1_244' title='bbox 3532 1797 3589 1845; x_wconf 87' lang='lat' dir='ltr'><strong>et</strong></span> 
     </span>
    </p>
   </div>
   <div class='ocr_carea' id='block_1_33' title="bbox 269 1873 3586 1950">
    <p class='ocr_par' dir='ltr' id='par_1_33' title="bbox 269 1873 3586 1950">
     <span class='ocr_line' id='line_1_33' title="bbox 269 1873 3586 1950; baseline 0.002 -20"><span class='ocrx_word' id='word_1_245' title='bbox 269 1874 497 1946; x_wconf 78' lang='lat' dir='ltr'><strong>dirigam</strong></span> <span class='ocrx_word' id='word_1_246' title='bbox 540 1873 702 1930; x_wconf 87' lang='lat' dir='ltr'><strong>deum</strong></span> <span class='ocrx_word' id='word_1_247' title='bbox 752 1889 856 1930; x_wconf 87' lang='lat' dir='ltr'><strong>non</strong></span> <span class='ocrx_word' id='word_1_248' title='bbox 885 1887 1004 1929; x_wconf 90' lang='lat' dir='ltr'><strong>esse</strong></span> <span class='ocrx_word' id='word_1_249' title='bbox 1049 1875 1136 1944; x_wconf 90' lang='lat' dir='ltr'><strong>qui</strong></span> <span class='ocrx_word' id='word_1_250' title='bbox 1183 1874 1240 1928; x_wconf 85' lang='lat' dir='ltr'><strong>fit</strong></span> <span class='ocrx_word' id='word_1_251' title='bbox 1279 1874 1436 1930; x_wconf 89' lang='lat' dir='ltr'><strong>hodie</strong></span> <span class='ocrx_word' id='word_1_252' title='bbox 1467 1873 1719 1940; x_wconf 89' lang='lat' dir='ltr'><strong>incertus,</strong></span> <span class='ocrx_word' id='word_1_253' title='bbox 1750 1873 1874 1944; x_wconf 88' lang='lat' dir='ltr'><strong>quia</strong></span> <span class='ocrx_word' id='word_1_254' title='bbox 1903 1880 1950 1940; x_wconf 83' lang='grc' dir='ltr'><strong>Β</strong></span> <span class='ocrx_word' id='word_1_255' title='bbox 1980 1883 2257 1948; x_wconf 74' lang='lat' dir='ltr'><strong>extranea.</strong></span> <span class='ocrx_word' id='word_1_256' title='bbox 2296 1873 2552 1945; x_wconf 89' lang='lat' dir='ltr'><strong>Denique,</strong></span> <span class='ocrx_word' id='word_1_257' title='bbox 2577 1875 2620 1929; x_wconf 92' lang='lat' dir='ltr'><strong>si</strong></span> <span class='ocrx_word' id='word_1_258' title='bbox 2649 1875 2974 1931; x_wconf 83' lang='lat' dir='ltr'><strong>universitas</strong></span> <span class='ocrx_word' id='word_1_259' title='bbox 3021 1875 3294 1933; x_wconf 87' lang='lat' dir='ltr'><strong>Creatoris</strong></span> <span class='ocrx_word' id='word_1_260' title='bbox 3317 1890 3420 1945; x_wconf 90' lang='lat' dir='ltr'><strong>est,</strong></span> <span class='ocrx_word' id='word_1_261' title='bbox 3472 1879 3586 1950; x_wconf 84' lang='lat' dir='ltr'><strong>jam</strong></span> 
     </span>
    </p>
   </div>
   <div class='ocr_carea' id='block_1_34' title="bbox 269 1965 1878 2036">
    <p class='ocr_par' dir='ltr' id='par_1_34' title="bbox 269 1965 1878 2036">
     <span class='ocr_line' id='line_1_34' title="bbox 269 1965 1878 2036; baseline -0.002 -13"><span class='ocrx_word' id='word_1_262' title='bbox 269 1975 414 2023; x_wconf 85' lang='lat' dir='ltr'><strong>retro</strong></span> <span class='ocrx_word' id='word_1_263' title='bbox 443 1967 699 2036; x_wconf 76' lang='lat' dir='ltr'><strong>ignotus:</strong></span> <span class='ocrx_word' id='word_1_264' title='bbox 745 1965 959 2036; x_wconf 90' lang='lat' dir='ltr'><strong>quando</strong></span> <span class='ocrx_word' id='word_1_265' title='bbox 1001 1980 1162 2036; x_wconf 90' lang='lat' dir='ltr'><strong>quem</strong></span> <span class='ocrx_word' id='word_1_266' title='bbox 1202 1975 1414 2020; x_wconf 89' lang='lat' dir='ltr'><strong>constat</strong></span> <span class='ocrx_word' id='word_1_267' title='bbox 1461 1981 1602 2033; x_wconf 86' lang='lat' dir='ltr'><strong>esse,</strong></span> <span class='ocrx_word' id='word_1_268' title='bbox 1656 1981 1721 2020; x_wconf 80' lang='lat' dir='ltr'><strong>ex</strong></span> <span class='ocrx_word' id='word_1_269' title='bbox 1775 1966 1878 2020; x_wconf 91' lang='lat' dir='ltr'><strong>hoc</strong></span> 
     </span>
    </p>
   </div>
   <div class='ocr_carea' id='block_1_35' title="bbox 269 2055 1878 2129">
    <p class='ocr_par' dir='ltr' id='par_1_35' title="bbox 269 2055 1878 2129">
     <span class='ocr_line' id='line_1_35' title="bbox 269 2055 1878 2129; baseline 0 -16"><span class='ocrx_word' id='word_1_270' title='bbox 269 2057 385 2129; x_wconf 87' lang='lat' dir='ltr'><strong>ipso</strong></span> <span class='ocrx_word' id='word_1_271' title='bbox 415 2066 638 2114; x_wconf 89' lang='lat' dir='ltr'><strong>constat</strong></span> <span class='ocrx_word' id='word_1_272' title='bbox 664 2055 808 2128; x_wconf 90' lang='lat' dir='ltr'><strong>quod</strong></span> <span class='ocrx_word' id='word_1_273' title='bbox 845 2072 1135 2128; x_wconf 79' lang='lat' dir='ltr'><strong>numquam</strong></span> <span class='ocrx_word' id='word_1_274' title='bbox 1167 2055 1323 2112; x_wconf 82' lang='lat' dir='ltr'><strong>fuerit</strong></span> <span class='ocrx_word' id='word_1_275' title='bbox 1350 2057 1562 2129; x_wconf 82' lang='lat' dir='ltr'><strong>ignotus</strong></span> <span class='ocrx_word' id='word_1_276' title='bbox 1583 2097 1598 2125; x_wconf 92' lang='lat'><strong>,</strong></span> <span class='ocrx_word' id='word_1_277' title='bbox 1627 2056 1750 2113; x_wconf 83' lang='lat' dir='ltr'><strong>ideo</strong></span> <span class='ocrx_word' id='word_1_278' title='bbox 1777 2070 1878 2113; x_wconf 90' lang='lat' dir='ltr'><strong>nec</strong></span> 
     </span>
    </p>
   </div>
   <div class='ocr_carea' id='block_1_36' title="bbox 271 2151 534 2208">
    <p class='ocr_par' dir='ltr' id='par_1_36' title="bbox 271 2151 534 2208">
     <span class='ocr_line' id='line_1_36' title="bbox 271 2151 534 2208; baseline -0.011 -1"><span class='ocrx_word' id='word_1_279' title='bbox 271 2151 534 2208; x_wconf 88' lang='lat' dir='ltr'><strong>incertus.</strong></span> 
     </span>
    </p>
   </div>
   <div class='ocr_carea' id='block_1_37' title="bbox 908 2243 1243 2301">
    <p class='ocr_par' dir='ltr' id='par_1_37' title="bbox 908 2243 1243 2301">
     <span class='ocr_line' id='line_1_37' title="bbox 908 2243 1243 2301; baseline -0.003 0"><span class='ocrx_word' id='word_1_280' title='bbox 908 2243 1135 2301; x_wconf 85' lang='lat' dir='ltr'><strong>CAPUT</strong></span> <span class='ocrx_word' id='word_1_281' title='bbox 1173 2243 1243 2301; x_wconf 82' lang='grc' dir='ltr'><strong>Χ.</strong></span> 
     </span>
    </p>
   </div>
   <div class='ocr_carea' id='block_1_38' title="bbox 337 2337 1878 2410">
    <p class='ocr_par' dir='ltr' id='par_1_38' title="bbox 337 2337 1878 2410">
     <span class='ocr_line' id='line_1_38' title="bbox 337 2337 1878 2410; baseline -0.002 -15"><span class='ocrx_word' id='word_1_282' title='bbox 337 2339 625 2410; x_wconf 90' lang='lat' dir='ltr'><strong>Siquidem</strong></span> <span class='ocrx_word' id='word_1_283' title='bbox 651 2353 680 2392; x_wconf 89' lang='lat' dir='ltr'><strong>a</strong></span> <span class='ocrx_word' id='word_1_284' title='bbox 713 2337 1004 2408; x_wconf 89' lang='lat' dir='ltr'><strong>primordio</strong></span> <span class='ocrx_word' id='word_1_285' title='bbox 1030 2353 1231 2403; x_wconf 87' lang='lat' dir='ltr'><strong>rerum,</strong></span> <span class='ocrx_word' id='word_1_286' title='bbox 1275 2337 1521 2394; x_wconf 87' lang='lat' dir='ltr'><strong>conditor</strong></span> <span class='ocrx_word' id='word_1_287' title='bbox 1549 2353 1732 2394; x_wconf 89' lang='lat' dir='ltr'><strong>carum</strong></span> <span class='ocrx_word' id='word_1_288' title='bbox 1753 2352 1878 2393; x_wconf 90' lang='lat' dir='ltr'><strong>cum</strong></span> 
     </span>
    </p>
   </div>
   <div class='ocr_carea' id='block_1_39' title="bbox 272 2430 1883 2505">
    <p class='ocr_par' dir='ltr' id='par_1_39' title="bbox 272 2430 1883 2505">
     <span class='ocr_line' id='line_1_39' title="bbox 272 2430 1883 2505; baseline -0.001 -17"><span class='ocrx_word' id='word_1_289' title='bbox 272 2432 399 2503; x_wconf 88' lang='lat' dir='ltr'><strong>ipsis</strong></span> <span class='ocrx_word' id='word_1_290' title='bbox 425 2433 639 2505; x_wconf 88' lang='lat' dir='ltr'><strong>pariter</strong></span> <span class='ocrx_word' id='word_1_291' title='bbox 673 2441 983 2502; x_wconf 87' lang='lat' dir='ltr'><strong>compertus</strong></span> <span class='ocrx_word' id='word_1_292' title='bbox 1015 2440 1116 2496; x_wconf 91' lang='lat' dir='ltr'><strong>est,</strong></span> <span class='ocrx_word' id='word_1_293' title='bbox 1149 2431 1280 2502; x_wconf 82' lang='lat' dir='ltr'><strong>ipsis</strong></span> <span class='ocrx_word' id='word_1_294' title='bbox 1320 2430 1386 2485; x_wconf 93' lang='lat' dir='ltr'><strong>ad</strong></span> <span class='ocrx_word' id='word_1_295' title='bbox 1412 2430 1510 2486; x_wconf 86' lang='lat' dir='ltr'><strong>hoc</strong></span> <span class='ocrx_word' id='word_1_296' title='bbox 1541 2431 1781 2500; x_wconf 83' lang='lat' dir='ltr'><strong>prolatis,</strong></span> <span class='ocrx_word' id='word_1_297' title='bbox 1826 2440 1883 2487; x_wconf 91' lang='lat' dir='ltr'><strong>ut</strong></span> 
     </span>
    </p>
   </div>
   <div class='ocr_carea' id='block_1_40' title="bbox 271 2509 1883 2597">
    <p class='ocr_par' dir='ltr' id='par_1_40' title="bbox 271 2509 1883 2597">
     <span class='ocr_line' id='line_1_40' title="bbox 271 2509 1883 2597; baseline -0.002 -16"><span class='ocrx_word' id='word_1_298' title='bbox 271 2527 408 2582; x_wconf 90' lang='lat' dir='ltr'><strong>Deus</strong></span> <span class='ocrx_word' id='word_1_299' title='bbox 450 2509 896 2597; x_wconf 80' lang='lat' dir='ltr'><strong>cognosceretur.</strong></span> <span class='ocrx_word' id='word_1_300' title='bbox 925 2523 1034 2580; x_wconf 91' lang='lat' dir='ltr'><strong>Nec</strong></span> <span class='ocrx_word' id='word_1_301' title='bbox 1062 2523 1202 2579; x_wconf 89' lang='lat' dir='ltr'><strong>enim</strong></span> <span class='ocrx_word' id='word_1_302' title='bbox 1231 2522 1275 2578; x_wconf 90' lang='lat' dir='ltr'><strong>si</strong></span> <span class='ocrx_word' id='word_1_303' title='bbox 1301 2523 1588 2594; x_wconf 89' lang='lat' dir='ltr'><strong>aliquando</strong></span> <span class='ocrx_word' id='word_1_304' title='bbox 1617 2524 1883 2594; x_wconf 75' lang='lat' dir='ltr'><strong>posterior</strong></span> 
     </span>
    </p>
   </div>
   <div class='ocr_carea' id='block_1_41' title="bbox 270 2615 1882 2691">
    <p class='ocr_par' dir='ltr' id='par_1_41' title="bbox 270 2615 1882 2691">
     <span class='ocr_line' id='line_1_41' title="bbox 270 2615 1882 2691; baseline -0.002 -15"><span class='ocrx_word' id='word_1_305' title='bbox 270 2619 445 2677; x_wconf 85' lang='lat' dir='ltr'><strong>Moses</strong></span> <span class='ocrx_word' id='word_1_306' title='bbox 477 2621 695 2691; x_wconf 89' lang='lat' dir='ltr'><strong>primus</strong></span> <span class='ocrx_word' id='word_1_307' title='bbox 737 2618 948 2674; x_wconf 87' lang='lat' dir='ltr'><strong>videtur</strong></span> <span class='ocrx_word' id='word_1_308' title='bbox 986 2617 1037 2671; x_wconf 90' lang='lat' dir='ltr'><strong>in</strong></span> <span class='ocrx_word' id='word_1_309' title='bbox 1073 2617 1270 2686; x_wconf 87' lang='lat' dir='ltr'><strong>tetnplo</strong></span> <span class='ocrx_word' id='word_1_310' title='bbox 1317 2615 1588 2671; x_wconf 89' lang='lat' dir='ltr'><strong>literarum</strong></span> <span class='ocrx_word' id='word_1_311' title='bbox 1661 2631 1882 2671; x_wconf 91' lang='lat' dir='ltr'><strong>suarum</strong></span> 
     </span>
    </p>
   </div>
   <div class='ocr_carea' id='block_1_42' title="bbox 271 2709 1884 2778">
    <p class='ocr_par' dir='ltr' id='par_1_42' title="bbox 271 2709 1884 2778">
     <span class='ocr_line' id='line_1_42' title="bbox 271 2709 1884 2778; baseline -0.002 -9"><span class='ocrx_word' id='word_1_312' title='bbox 271 2714 434 2769; x_wconf 85' lang='lat' dir='ltr'><strong>Deum</strong></span> <span class='ocrx_word' id='word_1_313' title='bbox 478 2711 672 2768; x_wconf 87' lang='lat' dir='ltr'><strong>mundi</strong></span> <span class='ocrx_word' id='word_1_314' title='bbox 703 2711 1004 2778; x_wconf 89' lang='lat' dir='ltr'><strong>dedicasse,</strong></span> <span class='ocrx_word' id='word_1_315' title='bbox 1031 2710 1272 2765; x_wconf 90' lang='lat' dir='ltr'><strong>idcircoa</strong></span> <span class='ocrx_word' id='word_1_316' title='bbox 1289 2709 1657 2765; x_wconf 87' lang='lat' dir='ltr'><strong>Pentateucho</strong></span> <span class='ocrx_word' id='word_1_317' title='bbox 1677 2710 1884 2766; x_wconf 88' lang='lat' dir='ltr'><strong>natales</strong></span> 
     </span>
    </p>
   </div>
   <div class='ocr_carea' id='block_1_43' title="bbox 277 2801 1885 2878">
    <p class='ocr_par' dir='ltr' id='par_1_43' title="bbox 277 2801 1885 2878">
     <span class='ocr_line' id='line_1_43' title="bbox 277 2801 1885 2878; baseline -0.002 -17"><span class='ocrx_word' id='word_1_318' title='bbox 277 2806 575 2878; x_wconf 82' lang='lat' dir='ltr'><strong>agnitionis</strong></span> <span class='ocrx_word' id='word_1_319' title='bbox 627 2804 1090 2875; x_wconf 89' lang='lat' dir='ltr'><strong>supputabuntur;</strong></span> <span class='ocrx_word' id='word_1_320' title='bbox 1141 2818 1263 2858; x_wconf 90' lang='lat' dir='ltr'><strong>cum</strong></span> <span class='ocrx_word' id='word_1_321' title='bbox 1314 2811 1455 2858; x_wconf 90' lang='lat' dir='ltr'><strong>totus</strong></span> <span class='ocrx_word' id='word_1_322' title='bbox 1505 2801 1666 2857; x_wconf 90' lang='lat' dir='ltr'><strong>Mosis</strong></span> <span class='ocrx_word' id='word_1_323' title='bbox 1714 2803 1885 2874; x_wconf 89' lang='lat' dir='ltr'><strong>stylus</strong></span> 
     </span>
    </p>
   </div>
   <div class='ocr_carea' id='block_1_44' title="bbox 272 2894 1885 2965">
    <p class='ocr_par' dir='ltr' id='par_1_44' title="bbox 272 2894 1885 2965">
     <span class='ocr_line' id='line_1_44' title="bbox 272 2894 1885 2965; baseline -0.002 -12"><span class='ocrx_word' id='word_1_324' title='bbox 272 2899 516 2953; x_wconf 87' lang='lat' dir='ltr'><strong>notitiam</strong></span> <span class='ocrx_word' id='word_1_325' title='bbox 571 2897 847 2952; x_wconf 87' lang='lat' dir='ltr'><strong>Creatoris</strong></span> <span class='ocrx_word' id='word_1_326' title='bbox 895 2911 1002 2951; x_wconf 91' lang='lat' dir='ltr'><strong>non</strong></span> <span class='ocrx_word' id='word_1_327' title='bbox 1056 2895 1317 2963; x_wconf 87' lang='lat' dir='ltr'><strong>instituat,</strong></span> <span class='ocrx_word' id='word_1_328' title='bbox 1373 2895 1468 2949; x_wconf 90' lang='lat' dir='ltr'><strong>sed</strong></span> <span class='ocrx_word' id='word_1_329' title='bbox 1516 2910 1546 2948; x_wconf 92' lang='lat' dir='ltr'><strong>a</strong></span> <span class='ocrx_word' id='word_1_330' title='bbox 1594 2894 1885 2965; x_wconf 89' lang='lat' dir='ltr'><strong>primordio</strong></span> 
     </span>
    </p>
   </div>
   <div class='ocr_carea' id='block_1_45' title="bbox 276 2985 1887 3059">
    <p class='ocr_par' dir='ltr' id='par_1_45' title="bbox 276 2985 1887 3059">
     <span class='ocr_line' id='line_1_45' title="bbox 276 2985 1887 3059; baseline -0.001 -14"><span class='ocrx_word' id='word_1_331' title='bbox 276 3001 493 3046; x_wconf 88' lang='lat' dir='ltr'><strong>enarret</strong></span> <span class='ocrx_word' id='word_1_332' title='bbox 524 3005 558 3044; x_wconf 86' lang='lat' dir='ltr'><strong>a</strong></span> <span class='ocrx_word' id='word_1_333' title='bbox 583 2989 832 3059; x_wconf 89' lang='lat' dir='ltr'><strong>paradiso</strong></span> <span class='ocrx_word' id='word_1_334' title='bbox 858 2998 916 3045; x_wconf 91' lang='lat' dir='ltr'><strong>et</strong></span> <span class='ocrx_word' id='word_1_335' title='bbox 960 2987 1152 3055; x_wconf 89' lang='lat' dir='ltr'><strong>Adam,</strong></span> <span class='ocrx_word' id='word_1_336' title='bbox 1179 3003 1284 3041; x_wconf 92' lang='lat' dir='ltr'><strong>non</strong></span> <span class='ocrx_word' id='word_1_337' title='bbox 1313 2986 1380 3042; x_wconf 89' lang='lat' dir='ltr'><strong>ab</strong></span> <span class='ocrx_word' id='word_1_338' title='bbox 1402 2985 1635 3058; x_wconf 62' lang='lat' dir='ltr'><strong>[Egypto</strong></span> <span class='ocrx_word' id='word_1_339' title='bbox 1659 2996 1712 3042; x_wconf 89' lang='lat' dir='ltr'><strong>et</strong></span> <span class='ocrx_word' id='word_1_340' title='bbox 1741 2987 1887 3044; x_wconf 88' lang='lat' dir='ltr'><strong>Mose</strong></span> 
     </span>
    </p>
   </div>
   <div class='ocr_carea' id='block_1_46' title="bbox 217 3074 1887 3162">
    <p class='ocr_par' dir='ltr' id='par_1_46' title="bbox 217 3074 1887 3162">
     <span class='ocr_line' id='line_1_46' title="bbox 217 3074 1887 3162; baseline -0.001 -26"><span class='ocrx_word' id='word_1_341' title='bbox 217 3133 251 3162; x_wconf 45' lang='grc' dir='ltr'><strong><em>ρ</em></strong></span> <span class='ocrx_word' id='word_1_342' title='bbox 274 3080 697 3138; x_wconf 87' lang='lat' dir='ltr'><strong>recensendam.</strong></span> <span class='ocrx_word' id='word_1_343' title='bbox 725 3080 983 3151; x_wconf 87' lang='lat' dir='ltr'><strong>Denique,</strong></span> <span class='ocrx_word' id='word_1_344' title='bbox 1015 3079 1183 3149; x_wconf 90' lang='lat' dir='ltr'><strong>major</strong></span> <span class='ocrx_word' id='word_1_345' title='bbox 1200 3078 1220 3152; x_wconf 95' lang='lat'><strong>(</strong></span> <span class='ocrx_word' id='word_1_346' title='bbox 1239 3074 1302 3150; x_wconf 78' lang='grc' dir='ltr'>ὁ)</span> <span class='ocrx_word' id='word_1_347' title='bbox 1327 3079 1652 3149; x_wconf 88' lang='lat' dir='ltr'><strong>popularitas</strong></span> <span class='ocrx_word' id='word_1_348' title='bbox 1675 3079 1887 3150; x_wconf 81' lang='lat' dir='ltr'><strong>generis</strong></span> 
     </span>
    </p>
   </div>
   <div class='ocr_carea' id='block_1_47' title="bbox 274 3169 1886 3240">
    <p class='ocr_par' dir='ltr' id='par_1_47' title="bbox 274 3169 1886 3240">
     <span class='ocr_line' id='line_1_47' title="bbox 274 3169 1886 3240; baseline -0.001 -14"><span class='ocrx_word' id='word_1_349' title='bbox 274 3171 522 3239; x_wconf 87' lang='lat' dir='ltr'><strong>humani,</strong></span> <span class='ocrx_word' id='word_1_350' title='bbox 553 3173 627 3227; x_wconf 82' lang='lat' dir='ltr'><strong>ne</strong></span> <span class='ocrx_word' id='word_1_351' title='bbox 653 3169 886 3226; x_wconf 90' lang='lat' dir='ltr'><strong>nominis</strong></span> <span class='ocrx_word' id='word_1_352' title='bbox 929 3169 1144 3240; x_wconf 87' lang='lat' dir='ltr'><strong>quidem</strong></span> <span class='ocrx_word' id='word_1_353' title='bbox 1173 3169 1334 3225; x_wconf 80' lang='lat' dir='ltr'><strong>Mosis</strong></span> <span class='ocrx_word' id='word_1_354' title='bbox 1354 3179 1652 3240; x_wconf 91' lang='lat' dir='ltr'><strong>compotes,</strong></span> <span class='ocrx_word' id='word_1_355' title='bbox 1692 3170 1886 3225; x_wconf 88' lang='lat' dir='ltr'><strong>nedum</strong></span> 
     </span>
    </p>
   </div>
   <div class='ocr_carea' id='block_1_48' title="bbox 1982 1963 3581 2042">
    <p class='ocr_par' dir='ltr' id='par_1_48' title="bbox 1982 1963 3581 2042">
     <span class='ocr_line' id='line_1_48' title="bbox 1982 1963 3581 2042; baseline 0.004 -20"><span class='ocrx_word' id='word_1_356' title='bbox 1982 1980 2081 2022; x_wconf 93' lang='lat' dir='ltr'><strong>nec</strong></span> <span class='ocrx_word' id='word_1_357' title='bbox 2103 1965 2278 2020; x_wconf 89' lang='lat' dir='ltr'><strong>locum</strong></span> <span class='ocrx_word' id='word_1_358' title='bbox 2303 1963 2456 2020; x_wconf 91' lang='lat' dir='ltr'><strong>video</strong></span> <span class='ocrx_word' id='word_1_359' title='bbox 2489 1965 2576 2021; x_wconf 90' lang='lat' dir='ltr'><strong>dei</strong></span> <span class='ocrx_word' id='word_1_360' title='bbox 2610 1965 2852 2024; x_wconf 91' lang='lat' dir='ltr'><strong>alterius.</strong></span> <span class='ocrx_word' id='word_1_361' title='bbox 2884 1968 3048 2024; x_wconf 85' lang='lat' dir='ltr'><strong>Plena</strong></span> <span class='ocrx_word' id='word_1_362' title='bbox 3075 1979 3131 2026; x_wconf 90' lang='lat' dir='ltr'><strong>et</strong></span> <span class='ocrx_word' id='word_1_363' title='bbox 3153 1972 3422 2042; x_wconf 73' lang='lat' dir='ltr'><strong>&quot;occupata</strong></span> <span class='ocrx_word' id='word_1_364' title='bbox 3455 1982 3581 2029; x_wconf 91' lang='lat' dir='ltr'><strong>sunt</strong></span> 
     </span>
    </p>
   </div>
   <div class='ocr_carea' id='block_1_49' title="bbox 1982 2061 3590 2137">
    <p class='ocr_par' dir='ltr' id='par_1_49' title="bbox 1982 2061 3590 2137">
     <span class='ocr_line' id='line_1_49' title="bbox 1982 2061 3590 2137; baseline 0.003 -18"><span class='ocrx_word' id='word_1_365' title='bbox 1982 2062 2162 2119; x_wconf 90' lang='lat' dir='ltr'><strong>omnia</strong></span> <span class='ocrx_word' id='word_1_366' title='bbox 2194 2075 2292 2115; x_wconf 89' lang='lat' dir='ltr'><strong>suo</strong></span> <span class='ocrx_word' id='word_1_367' title='bbox 2326 2069 2563 2116; x_wconf 90' lang='lat' dir='ltr'><strong>auctore.</strong></span> <span class='ocrx_word' id='word_1_368' title='bbox 2604 2061 2668 2124; x_wconf 79' lang='lat' dir='ltr'><strong>Si</strong></span> <span class='ocrx_word' id='word_1_369' title='bbox 2696 2073 2849 2129; x_wconf 76' lang='lat' dir='ltr'><strong>vacat</strong></span> <span class='ocrx_word' id='word_1_370' title='bbox 2901 2063 3100 2135; x_wconf 90' lang='lat' dir='ltr'><strong>aliquid</strong></span> <span class='ocrx_word' id='word_1_371' title='bbox 3153 2066 3308 2135; x_wconf 89' lang='lat' dir='ltr'><strong>spatii</strong></span> <span class='ocrx_word' id='word_1_372' title='bbox 3360 2066 3590 2137; x_wconf 87' lang='lat' dir='ltr'><strong>alicujus</strong></span> 
     </span>
    </p>
   </div>
   <div class='ocr_carea' id='block_1_50' title="bbox 1982 2154 3589 2236">
    <p class='ocr_par' dir='ltr' id='par_1_50' title="bbox 1982 2154 3589 2236">
     <span class='ocr_line' id='line_1_50' title="bbox 1982 2154 3589 2236; baseline 0.004 -25"><span class='ocrx_word' id='word_1_373' title='bbox 1982 2156 2247 2212; x_wconf 87' lang='lat' dir='ltr'><strong>divinitati</strong></span> <span class='ocrx_word' id='word_1_374' title='bbox 2275 2155 2326 2211; x_wconf 88' lang='lat' dir='ltr'><strong>in</strong></span> <span class='ocrx_word' id='word_1_375' title='bbox 2361 2154 2648 2220; x_wconf 88' lang='lat' dir='ltr'><strong>creaturis,</strong></span> <span class='ocrx_word' id='word_1_376' title='bbox 2676 2155 2831 2226; x_wconf 88' lang='lat' dir='ltr'><strong>plane</strong></span> <span class='ocrx_word' id='word_1_377' title='bbox 2859 2157 3000 2236; x_wconf 64' lang='lat' dir='ltr'><strong>falsa;</strong></span> <span class='ocrx_word' id='word_1_378' title='bbox 3044 2155 3153 2230; x_wconf 83' lang='lat'><strong>(5)</strong></span> <span class='ocrx_word' id='word_1_379' title='bbox 3177 2159 3404 2214; x_wconf 88' lang='lat' dir='ltr'><strong>vacabit.</strong></span> <span class='ocrx_word' id='word_1_380' title='bbox 3437 2160 3589 2218; x_wconf 86' lang='lat' dir='ltr'><strong>Patet</strong></span> 
     </span>
    </p>
   </div>
   <div class='ocr_carea' id='block_1_51' title="bbox 1982 2245 3588 2316">
    <p class='ocr_par' dir='ltr' id='par_1_51' title="bbox 1982 2245 3588 2316">
     <span class='ocr_line' id='line_1_51' title="bbox 1982 2245 3588 2316; baseline 0.002 -12"><span class='ocrx_word' id='word_1_381' title='bbox 1982 2247 2263 2304; x_wconf 88' lang='lat' dir='ltr'><strong>mendacio</strong></span> <span class='ocrx_word' id='word_1_382' title='bbox 2331 2247 2548 2303; x_wconf 85' lang='lat' dir='ltr'><strong>veritas.</strong></span> <span class='ocrx_word' id='word_1_383' title='bbox 2601 2245 2771 2301; x_wconf 86' lang='lat' dir='ltr'><strong>Tanta</strong></span> <span class='ocrx_word' id='word_1_384' title='bbox 2829 2249 2911 2302; x_wconf 87' lang='lat' dir='ltr'><strong>vis</strong></span> <span class='ocrx_word' id='word_1_385' title='bbox 2963 2248 3249 2316; x_wconf 65' lang='lat' dir='ltr'><strong>idolorum,</strong></span> <span class='ocrx_word' id='word_1_386' title='bbox 3329 2267 3428 2306; x_wconf 92' lang='lat' dir='ltr'><strong>cur</strong></span> <span class='ocrx_word' id='word_1_387' title='bbox 3479 2268 3588 2307; x_wconf 85' lang='lat' dir='ltr'><strong>nou</strong></span> 
     </span>
    </p>
   </div>
   <div class='ocr_carea' id='block_1_52' title="bbox 1983 2333 3590 2414">
    <p class='ocr_par' dir='ltr' id='par_1_52' title="bbox 1983 2333 3590 2414">
     <span class='ocr_line' id='line_1_52' title="bbox 1983 2333 3590 2414; baseline 0.003 -18"><span class='ocrx_word' id='word_1_388' title='bbox 1983 2341 2207 2412; x_wconf 89' lang='lat' dir='ltr'><strong>recipiat</strong></span> <span class='ocrx_word' id='word_1_389' title='bbox 2233 2340 2430 2396; x_wconf 89' lang='lat' dir='ltr'><strong>alicubi</strong></span> <span class='ocrx_word' id='word_1_390' title='bbox 2478 2333 2636 2395; x_wconf 84' lang='lat' dir='ltr'><strong>deum</strong></span> <span class='ocrx_word' id='word_1_391' title='bbox 2679 2339 3004 2396; x_wconf 84' lang='lat' dir='ltr'><strong>Marcionis?</strong></span> <span class='ocrx_word' id='word_1_392' title='bbox 3058 2342 3222 2414; x_wconf 81' lang='lat' dir='ltr'><strong>Igitur</strong></span> <span class='ocrx_word' id='word_1_393' title='bbox 3271 2353 3326 2399; x_wconf 91' lang='lat' dir='ltr'><strong>et</strong></span> <span class='ocrx_word' id='word_1_394' title='bbox 3375 2346 3476 2400; x_wconf 91' lang='lat' dir='ltr'><strong>hoc</strong></span> <span class='ocrx_word' id='word_1_395' title='bbox 3523 2361 3590 2401; x_wconf 76' lang='lat' dir='ltr'><strong>cx</strong></span> 
     </span>
    </p>
   </div>
   <div class='ocr_carea' id='block_1_53' title="bbox 1984 2431 3590 2506">
    <p class='ocr_par' dir='ltr' id='par_1_53' title="bbox 1984 2431 3590 2506">
     <span class='ocr_line' id='line_1_53' title="bbox 1984 2431 3590 2506; baseline 0.004 -19"><span class='ocrx_word' id='word_1_396' title='bbox 1984 2431 2157 2487; x_wconf 88' lang='lat' dir='ltr'><strong>forma</strong></span> <span class='ocrx_word' id='word_1_397' title='bbox 2212 2431 2508 2487; x_wconf 78' lang='lat' dir='ltr'><strong>Creatoris</strong></span> <span class='ocrx_word' id='word_1_398' title='bbox 2579 2431 2883 2501; x_wconf 81' lang='lat' dir='ltr'><strong>exposmlo,</strong></span> <span class='ocrx_word' id='word_1_399' title='bbox 2964 2433 3129 2488; x_wconf 89' lang='lat' dir='ltr'><strong>Deum</strong></span> <span class='ocrx_word' id='word_1_400' title='bbox 3187 2451 3253 2490; x_wconf 77' lang='lat' dir='ltr'><strong>ex</strong></span> <span class='ocrx_word' id='word_1_401' title='bbox 3335 2437 3590 2506; x_wconf 84' lang='lat' dir='ltr'><strong>operibus</strong></span> 
     </span>
    </p>
   </div>
   <div class='ocr_carea' id='block_1_54' title="bbox 1985 2522 3595 2596">
    <p class='ocr_par' dir='ltr' id='par_1_54' title="bbox 1985 2522 3595 2596">
     <span class='ocr_line' id='line_1_54' title="bbox 1985 2522 3595 2596; baseline 0.001 -15"><span class='ocrx_word' id='word_1_402' title='bbox 1985 2523 2236 2596; x_wconf 82' lang='lat' dir='ltr'><strong>cognosci</strong></span> <span class='ocrx_word' id='word_1_403' title='bbox 2281 2523 2551 2586; x_wconf 90' lang='lat' dir='ltr'><strong>debuisse,</strong></span> <span class='ocrx_word' id='word_1_404' title='bbox 2613 2522 3095 2595; x_wconf 57' lang='lat' dir='ltr'><strong>alicujus,proprii</strong></span> <span class='ocrx_word' id='word_1_405' title='bbox 3151 2526 3233 2581; x_wconf 90' lang='lat' dir='ltr'><strong>sui</strong></span> <span class='ocrx_word' id='word_1_406' title='bbox 3279 2526 3483 2594; x_wconf 82' lang='lat' dir='ltr'><strong>mtuidi,</strong></span> <span class='ocrx_word' id='word_1_407' title='bbox 3536 2536 3595 2584; x_wconf 81' lang='lat' dir='ltr'><strong>et</strong></span> 
     </span>
    </p>
   </div>
   <div class='ocr_carea' id='block_1_55' title="bbox 1988 2610 3588 2685">
    <p class='ocr_par' dir='ltr' id='par_1_55' title="bbox 1988 2610 3588 2685">
     <span class='ocr_line' id='line_1_55' title="bbox 1988 2610 3588 2685; baseline 0.003 -16"><span class='ocrx_word' id='word_1_408' title='bbox 1988 2615 2244 2677; x_wconf 87' lang='lat' dir='ltr'><strong>hominis,</strong></span> <span class='ocrx_word' id='word_1_409' title='bbox 2292 2623 2347 2669; x_wconf 92' lang='lat' dir='ltr'><strong>et</strong></span> <span class='ocrx_word' id='word_1_410' title='bbox 2375 2613 2590 2668; x_wconf 60' lang='lat' dir='ltr'><strong>saeculi:</strong></span> <span class='ocrx_word' id='word_1_411' title='bbox 2653 2610 2754 2684; x_wconf 74' lang='grc' dir='ltr'>(ε)</span> <span class='ocrx_word' id='word_1_412' title='bbox 2814 2614 3030 2685; x_wconf 88' lang='lat' dir='ltr'><strong>quando</strong></span> <span class='ocrx_word' id='word_1_413' title='bbox 3052 2616 3213 2671; x_wconf 88' lang='lat' dir='ltr'><strong>etiam</strong></span> <span class='ocrx_word' id='word_1_414' title='bbox 3256 2632 3410 2673; x_wconf 91' lang='lat' dir='ltr'><strong>error</strong></span> <span class='ocrx_word' id='word_1_415' title='bbox 3439 2619 3588 2675; x_wconf 84' lang='lat' dir='ltr'><strong>orbis</strong></span> 
     </span>
    </p>
   </div>
   <div class='ocr_carea' id='block_1_56' title="bbox 1990 2705 3591 2779">
    <p class='ocr_par' dir='ltr' id='par_1_56' title="bbox 1990 2705 3591 2779">
     <span class='ocr_line' id='line_1_56' title="bbox 1990 2705 3591 2779; baseline 0.002 -17"><span class='ocrx_word' id='word_1_416' title='bbox 1990 2716 2292 2779; x_wconf 89' lang='lat' dir='ltr'><strong>proptereat</strong></span> <span class='ocrx_word' id='word_1_417' title='bbox 2308 2706 2440 2761; x_wconf 87' lang='lat' dir='ltr'><strong>deos</strong></span> <span class='ocrx_word' id='word_1_418' title='bbox 2459 2705 2877 2776; x_wconf 64' lang='lat' dir='ltr'><strong>praesumpserit,</strong></span> <span class='ocrx_word' id='word_1_419' title='bbox 2897 2722 3032 2777; x_wconf 92' lang='lat' dir='ltr'><strong>quos</strong></span> <span class='ocrx_word' id='word_1_420' title='bbox 3053 2706 3301 2763; x_wconf 90' lang='lat' dir='ltr'><strong>homines</strong></span> <span class='ocrx_word' id='word_1_421' title='bbox 3319 2711 3591 2766; x_wconf 87' lang='lat' dir='ltr'><strong>interdum</strong></span> 
     </span>
    </p>
   </div>
   <div class='ocr_carea' id='block_1_57' title="bbox 1957 2796 3593 2872">
    <p class='ocr_par' dir='ltr' id='par_1_57' title="bbox 1957 2796 3593 2872">
     <span class='ocr_line' id='line_1_57' title="bbox 1957 2796 3593 2872; baseline 0.002 -19"><span class='ocrx_word' id='word_1_422' title='bbox 1957 2798 2298 2862; x_wconf 75' lang='lat' dir='ltr'><strong>&#39;confitctur,</strong></span> <span class='ocrx_word' id='word_1_423' title='bbox 2332 2797 2581 2869; x_wconf 88' lang='lat' dir='ltr'><strong>quoniam</strong></span> <span class='ocrx_word' id='word_1_424' title='bbox 2625 2796 2824 2867; x_wconf 84' lang='lat' dir='ltr'><strong>aliquid</strong></span> <span class='ocrx_word' id='word_1_425' title='bbox 2870 2797 2938 2852; x_wconf 89' lang='lat' dir='ltr'><strong>ab</strong></span> <span class='ocrx_word' id='word_1_426' title='bbox 2970 2814 3292 2870; x_wconf 91' lang='lat' dir='ltr'><strong>unoquoque</strong></span> <span class='ocrx_word' id='word_1_427' title='bbox 3337 2816 3593 2872; x_wconf 88' lang='lat' dir='ltr'><strong>prospec-</strong></span> 
     </span>
    </p>
   </div>
   <div class='ocr_carea' id='block_1_58' title="bbox 1991 2890 3593 2953">
    <p class='ocr_par' dir='ltr' id='par_1_58' title="bbox 1991 2890 3593 2953">
     <span class='ocr_line' id='line_1_58' title="bbox 1991 2890 3593 2953; baseline 0.004 -7"><span class='ocrx_word' id='word_1_428' title='bbox 1991 2901 2102 2946; x_wconf 91' lang='lat' dir='ltr'><strong>tum</strong></span> <span class='ocrx_word' id='word_1_429' title='bbox 2131 2891 2346 2947; x_wconf 89' lang='lat' dir='ltr'><strong>videtur</strong></span> <span class='ocrx_word' id='word_1_430' title='bbox 2377 2890 2695 2945; x_wconf 87' lang='lat' dir='ltr'><strong>utilitatibus</strong></span> <span class='ocrx_word' id='word_1_431' title='bbox 2715 2899 2771 2945; x_wconf 89' lang='lat' dir='ltr'><strong>et</strong></span> <span class='ocrx_word' id='word_1_432' title='bbox 2796 2893 3093 2946; x_wconf 89' lang='lat' dir='ltr'><strong>commodis</strong></span> <span class='ocrx_word' id='word_1_433' title='bbox 3119 2895 3278 2948; x_wconf 75' lang='lat' dir='ltr'><strong>vine:</strong></span> <span class='ocrx_word' id='word_1_434' title='bbox 3310 2896 3382 2949; x_wconf 89' lang='lat' dir='ltr'><strong>ita</strong></span> <span class='ocrx_word' id='word_1_435' title='bbox 3409 2905 3465 2952; x_wconf 91' lang='lat' dir='ltr'><strong>ct</strong></span> <span class='ocrx_word' id='word_1_436' title='bbox 3487 2898 3593 2953; x_wconf 93' lang='lat' dir='ltr'><strong>hoc</strong></span> 
     </span>
    </p>
   </div>
   <div class='ocr_carea' id='block_1_59' title="bbox 1985 2981 3593 3048">
    <p class='ocr_par' dir='ltr' id='par_1_59' title="bbox 1985 2981 3593 3048">
     <span class='ocr_line' id='line_1_59' title="bbox 1985 2981 3593 3048; baseline 0.002 -10"><span class='ocrx_word' id='word_1_437' title='bbox 1985 2997 2054 3038; x_wconf 81' lang='lat' dir='ltr'><strong>ex</strong></span> <span class='ocrx_word' id='word_1_438' title='bbox 2087 2981 2254 3037; x_wconf 88' lang='lat' dir='ltr'><strong>forma</strong></span> <span class='ocrx_word' id='word_1_439' title='bbox 2279 2981 2372 3036; x_wconf 90' lang='lat' dir='ltr'><strong>Dei</strong></span> <span class='ocrx_word' id='word_1_440' title='bbox 2392 2981 2652 3037; x_wconf 89' lang='lat' dir='ltr'><strong>creditum</strong></span> <span class='ocrx_word' id='word_1_441' title='bbox 2681 2990 2781 3048; x_wconf 90' lang='lat' dir='ltr'><strong>est,</strong></span> <span class='ocrx_word' id='word_1_442' title='bbox 2800 2981 3037 3037; x_wconf 87' lang='lat' dir='ltr'><strong>divinqu</strong></span> <span class='ocrx_word' id='word_1_443' title='bbox 3065 2999 3187 3039; x_wconf 89' lang='lat' dir='ltr'><strong>esse</strong></span> <span class='ocrx_word' id='word_1_444' title='bbox 3209 2985 3486 3043; x_wconf 90' lang='lat' dir='ltr'><strong>instituere</strong></span> <span class='ocrx_word' id='word_1_445' title='bbox 3509 2988 3593 3042; x_wconf 87' lang='lat' dir='ltr'><strong>vel</strong></span> 
     </span>
    </p>
   </div>
   <div class='ocr_carea' id='block_1_60' title="bbox 1990 3073 3591 3145">
    <p class='ocr_par' dir='ltr' id='par_1_60' title="bbox 1990 3073 3591 3145">
     <span class='ocr_line' id='line_1_60' title="bbox 1990 3073 3591 3145; baseline 0.004 -14"><span class='ocrx_word' id='word_1_446' title='bbox 1990 3075 2363 3131; x_wconf 85' lang='lat' dir='ltr'><strong>demonstrare</strong></span> <span class='ocrx_word' id='word_1_447' title='bbox 2405 3073 2529 3145; x_wconf 88' lang='lat' dir='ltr'><strong>quid</strong></span> <span class='ocrx_word' id='word_1_448' title='bbox 2581 3084 2764 3144; x_wconf 89' lang='lat' dir='ltr'><strong>aptum</strong></span> <span class='ocrx_word' id='word_1_449' title='bbox 2811 3085 2867 3130; x_wconf 87' lang='lat' dir='ltr'><strong>et</strong></span> <span class='ocrx_word' id='word_1_450' title='bbox 2909 3078 3274 3133; x_wconf 88' lang='lat' dir='ltr'><strong>necessarium</strong></span> <span class='ocrx_word' id='word_1_451' title='bbox 3319 3079 3390 3134; x_wconf 89' lang='lat' dir='ltr'><strong>sit</strong></span> <span class='ocrx_word' id='word_1_452' title='bbox 3431 3082 3591 3138; x_wconf 82' lang='lat' dir='ltr'><strong>rebus</strong></span> 
     </span>
    </p>
   </div>
   <div class='ocr_carea' id='block_1_61' title="bbox 1993 3165 3584 3244">
    <p class='ocr_par' dir='ltr' id='par_1_61' title="bbox 1993 3165 3584 3244">
     <span class='ocr_line' id='line_1_61' title="bbox 1993 3165 3584 3244; baseline 0.004 -23"><span class='ocrx_word' id='word_1_453' title='bbox 1993 3167 2259 3222; x_wconf 88' lang='lat' dir='ltr'><strong>humanis.</strong></span> <span class='ocrx_word' id='word_1_454' title='bbox 2319 3165 2468 3222; x_wconf 89' lang='lat' dir='ltr'><strong>Adeo</strong></span> <span class='ocrx_word' id='word_1_455' title='bbox 2517 3165 2643 3222; x_wconf 89' lang='lat' dir='ltr'><strong>inde</strong></span> <span class='ocrx_word' id='word_1_456' title='bbox 2693 3169 2982 3223; x_wconf 88' lang='lat' dir='ltr'><strong>auctoritas</strong></span> <span class='ocrx_word' id='word_1_457' title='bbox 3029 3171 3430 3226; x_wconf 87' lang='lat' dir='ltr'><strong>accounuodata</strong></span> <span class='ocrx_word' id='word_1_458' title='bbox 3481 3171 3584 3244; x_wconf 84' lang='lat'><strong>(6)</strong></span> 
     </span>
    </p>
   </div>
   <div class='ocr_carea' id='block_1_62' title="bbox 273 3258 3592 3339">
    <p class='ocr_par' dir='ltr' id='par_1_62' title="bbox 273 3258 3592 3339">
     <span class='ocr_line' id='line_1_62' title="bbox 273 3258 3592 3339; baseline 0.001 -20"><span class='ocrx_word' id='word_1_459' title='bbox 273 3262 654 3326; x_wconf 87' lang='lat' dir='ltr'><strong>instrumenti,</strong></span> <span class='ocrx_word' id='word_1_460' title='bbox 700 3261 864 3317; x_wconf 89' lang='lat' dir='ltr'><strong>Deum</strong></span> <span class='ocrx_word' id='word_1_461' title='bbox 898 3261 1059 3317; x_wconf 87' lang='lat' dir='ltr'><strong>Mosis</strong></span> <span class='ocrx_word' id='word_1_462' title='bbox 1091 3271 1268 3318; x_wconf 90' lang='lat' dir='ltr'><strong>tamen</strong></span> <span class='ocrx_word' id='word_1_463' title='bbox 1303 3271 1532 3329; x_wconf 85' lang='lat' dir='ltr'><strong>norunt,</strong></span> <span class='ocrx_word' id='word_1_464' title='bbox 1574 3263 1733 3318; x_wconf 88' lang='lat' dir='ltr'><strong>etiam</strong></span> <span class='ocrx_word' id='word_1_465' title='bbox 1769 3272 1886 3318; x_wconf 90' lang='lat' dir='ltr'><strong>tan-</strong></span> <span class='ocrx_word' id='word_1_466' title='bbox 1917 3276 1962 3339; x_wconf 62' lang='grc' dir='ltr'>(ι</span> <span class='ocrx_word' id='word_1_467' title='bbox 1996 3259 2144 3314; x_wconf 75' lang='lat' dir='ltr'><strong>falsa:</strong></span> <span class='ocrx_word' id='word_1_468' title='bbox 2189 3258 2472 3323; x_wconf 83' lang='lat' dir='ltr'><strong>divinitati,</strong></span> <span class='ocrx_word' id='word_1_469' title='bbox 2503 3259 2644 3314; x_wconf 91' lang='lat' dir='ltr'><strong>unde</strong></span> <span class='ocrx_word' id='word_1_470' title='bbox 2669 3270 3020 3328; x_wconf 66' lang='lat' dir='ltr'><strong>prmcesserat</strong></span> <span class='ocrx_word' id='word_1_471' title='bbox 3058 3278 3221 3319; x_wconf 67' lang='lat' dir='ltr'><strong>verte.</strong></span> <span class='ocrx_word' id='word_1_472' title='bbox 3272 3262 3376 3336; x_wconf 76' lang='lat' dir='ltr'><strong>(tl)</strong></span> <span class='ocrx_word' id='word_1_473' title='bbox 3420 3264 3592 3321; x_wconf 86' lang='lat' dir='ltr'><strong>Unam</strong></span> 
     </span>
    </p>
   </div>
   <div class='ocr_carea' id='block_1_63' title="bbox 275 3354 1887 3430">
    <p class='ocr_par' dir='ltr' id='par_1_63' title="bbox 275 3354 1887 3430">
     <span class='ocr_line' id='line_1_63' title="bbox 275 3354 1887 3430; baseline 0.001 -19"><span class='ocrx_word' id='word_1_474' title='bbox 275 3364 378 3412; x_wconf 85' lang='lat' dir='ltr'><strong>tam</strong></span> <span class='ocrx_word' id='word_1_475' title='bbox 412 3357 521 3430; x_wconf 70' lang='lat'><strong>(2)</strong></span> <span class='ocrx_word' id='word_1_476' title='bbox 571 3354 872 3411; x_wconf 88' lang='lat' dir='ltr'><strong>idololatria</strong></span> <span class='ocrx_word' id='word_1_477' title='bbox 922 3355 1036 3426; x_wconf 83' lang='grc'>(5)</span> <span class='ocrx_word' id='word_1_478' title='bbox 1064 3355 1480 3412; x_wconf 88' lang='lat' dir='ltr'><strong>dominationem</strong></span> <span class='ocrx_word' id='word_1_479' title='bbox 1509 3356 1887 3424; x_wconf 86' lang='lat' dir='ltr'><strong>obumbrante;</strong></span> 
     </span>
    </p>
   </div>
   <div class='ocr_carea' id='block_1_64' title="bbox 275 3448 1888 3533">
    <p class='ocr_par' dir='ltr' id='par_1_64' title="bbox 275 3448 1888 3533">
     <span class='ocr_line' id='line_1_64' title="bbox 275 3448 1888 3533; baseline 0 -29"><span class='ocrx_word' id='word_1_480' title='bbox 275 3465 522 3533; x_wconf 65' lang='lat' dir='ltr'><strong>seorsum</strong></span> <span class='ocrx_word' id='word_1_481' title='bbox 559 3459 740 3504; x_wconf 86' lang='lat' dir='ltr'><strong>tamen</strong></span> <span class='ocrx_word' id='word_1_482' title='bbox 779 3448 926 3502; x_wconf 89' lang='lat' dir='ltr'><strong>illum</strong></span> <span class='ocrx_word' id='word_1_483' title='bbox 977 3449 1133 3519; x_wconf 89' lang='lat' dir='ltr'><strong>quasi</strong></span> <span class='ocrx_word' id='word_1_484' title='bbox 1189 3449 1406 3518; x_wconf 88' lang='lat' dir='ltr'><strong>proprio</strong></span> <span class='ocrx_word' id='word_1_485' title='bbox 1454 3449 1673 3504; x_wconf 90' lang='lat' dir='ltr'><strong>nomine</strong></span> <span class='ocrx_word' id='word_1_486' title='bbox 1721 3449 1888 3504; x_wconf 90' lang='lat' dir='ltr'><strong>Deum</strong></span> 
     </span>
    </p>
   </div>
   <div class='ocr_carea' id='block_1_65' title="bbox 278 3533 1889 3612">
    <p class='ocr_par' dir='ltr' id='par_1_65' title="bbox 278 3533 1889 3612">
     <span class='ocr_line' id='line_1_65' title="bbox 278 3533 1889 3612; baseline 0 -18"><span class='ocrx_word' id='word_1_487' title='bbox 278 3541 597 3612; x_wconf 80' lang='lat' dir='ltr'><strong>perhibent,</strong></span> <span class='ocrx_word' id='word_1_488' title='bbox 634 3549 691 3596; x_wconf 90' lang='lat' dir='ltr'><strong>et</strong></span> <span class='ocrx_word' id='word_1_489' title='bbox 713 3540 883 3595; x_wconf 91' lang='lat' dir='ltr'><strong>Deum</strong></span> <span class='ocrx_word' id='word_1_490' title='bbox 909 3539 1155 3606; x_wconf 91' lang='lat' dir='ltr'><strong>deorum,</strong></span> <span class='ocrx_word' id='word_1_491' title='bbox 1200 3549 1273 3604; x_wconf 90' lang='lat' dir='ltr'><strong>et,</strong></span> <span class='ocrx_word' id='word_1_492' title='bbox 1305 3540 1366 3596; x_wconf 86' lang='lat' dir='ltr'><strong>Si</strong></span> <span class='ocrx_word' id='word_1_493' title='bbox 1393 3538 1530 3594; x_wconf 88' lang='lat' dir='ltr'><strong>Deus</strong></span> <span class='ocrx_word' id='word_1_494' title='bbox 1551 3533 1767 3607; x_wconf 78' lang='lat' dir='ltr'><strong>dederit,</strong></span> <span class='ocrx_word' id='word_1_495' title='bbox 1813 3550 1889 3608; x_wconf 90' lang='lat' dir='ltr'><strong>et,</strong></span> 
     </span>
    </p>
   </div>
   <div class='ocr_carea' id='block_1_66' title="bbox 277 3631 1888 3704">
    <p class='ocr_par' dir='ltr' id='par_1_66' title="bbox 277 3631 1888 3704">
     <span class='ocr_line' id='line_1_66' title="bbox 277 3631 1888 3704; baseline -0.002 -14"><span class='ocrx_word' id='word_1_496' title='bbox 277 3636 426 3703; x_wconf 83' lang='lat' dir='ltr'><strong>Quod</strong></span> <span class='ocrx_word' id='word_1_497' title='bbox 451 3636 571 3690; x_wconf 78' lang='lat' dir='ltr'><strong>Deo</strong></span> <span class='ocrx_word' id='word_1_498' title='bbox 594 3634 776 3704; x_wconf 80' lang='lat' dir='ltr'><strong>placet,</strong></span> <span class='ocrx_word' id='word_1_499' title='bbox 802 3642 877 3701; x_wconf 86' lang='lat' dir='ltr'><strong>et,</strong></span> <span class='ocrx_word' id='word_1_500' title='bbox 905 3633 1014 3688; x_wconf 87' lang='lat' dir='ltr'><strong>Deo</strong></span> <span class='ocrx_word' id='word_1_501' title='bbox 1034 3633 1352 3687; x_wconf 84' lang='lat' dir='ltr'><strong>commendo.</strong></span> <span class='ocrx_word' id='word_1_502' title='bbox 1378 3631 1512 3688; x_wconf 85' lang='lat' dir='ltr'><strong>Vide</strong></span> <span class='ocrx_word' id='word_1_503' title='bbox 1531 3648 1598 3687; x_wconf 86' lang='lat' dir='ltr'><strong>an</strong></span> <span class='ocrx_word' id='word_1_504' title='bbox 1622 3633 1888 3702; x_wconf 88' lang='lat' dir='ltr'><strong>noverint,</strong></span> 
     </span>
    </p>
   </div>
   <div class='ocr_carea' id='block_1_67' title="bbox 275 3725 1891 3800">
    <p class='ocr_par' dir='ltr' id='par_1_67' title="bbox 275 3725 1891 3800">
     <span class='ocr_line' id='line_1_67' title="bbox 275 3725 1891 3800; baseline -0.002 -16"><span class='ocrx_word' id='word_1_505' title='bbox 275 3745 436 3800; x_wconf 88' lang='lat' dir='ltr'><strong>quem</strong></span> <span class='ocrx_word' id='word_1_506' title='bbox 469 3728 660 3784; x_wconf 87' lang='lat' dir='ltr'><strong>omnia</strong></span> <span class='ocrx_word' id='word_1_507' title='bbox 701 3742 860 3799; x_wconf 90' lang='lat' dir='ltr'><strong>posse</strong></span> <span class='ocrx_word' id='word_1_508' title='bbox 888 3735 1169 3783; x_wconf 87' lang='lat' dir='ltr'><strong>testantur.</strong></span> <span class='ocrx_word' id='word_1_509' title='bbox 1212 3725 1322 3782; x_wconf 90' lang='lat' dir='ltr'><strong>Nec</strong></span> <span class='ocrx_word' id='word_1_510' title='bbox 1348 3725 1450 3782; x_wconf 93' lang='lat' dir='ltr'><strong>hoc</strong></span> <span class='ocrx_word' id='word_1_511' title='bbox 1492 3726 1613 3781; x_wconf 89' lang='lat' dir='ltr'><strong>ullis</strong></span> <span class='ocrx_word' id='word_1_512' title='bbox 1636 3726 1798 3782; x_wconf 89' lang='lat' dir='ltr'><strong>Mosis</strong></span> <span class='ocrx_word' id='word_1_513' title='bbox 1826 3727 1891 3781; x_wconf 84' lang='lat' dir='ltr'><strong>li-</strong></span> 
     </span>
    </p>
   </div>
   <div class='ocr_carea' id='block_1_68' title="bbox 275 3818 1888 3892">
    <p class='ocr_par' dir='ltr' id='par_1_68' title="bbox 275 3818 1888 3892">
     <span class='ocr_line' id='line_1_68' title="bbox 275 3818 1888 3892; baseline -0.003 -14"><span class='ocrx_word' id='word_1_514' title='bbox 275 3823 387 3878; x_wconf 90' lang='lat' dir='ltr'><strong>hris</strong></span> <span class='ocrx_word' id='word_1_515' title='bbox 440 3821 673 3879; x_wconf 87' lang='lat' dir='ltr'><strong>debent.</strong></span> <span class='ocrx_word' id='word_1_516' title='bbox 720 3820 861 3892; x_wconf 87' lang='lat' dir='ltr'><strong>Ante</strong></span> <span class='ocrx_word' id='word_1_517' title='bbox 891 3820 1089 3892; x_wconf 76' lang='lat' dir='ltr'><strong>animal</strong></span> <span class='ocrx_word' id='word_1_518' title='bbox 1118 3835 1278 3891; x_wconf 80' lang='lat' dir='ltr'><strong>quam</strong></span> <span class='ocrx_word' id='word_1_519' title='bbox 1325 3818 1649 3892; x_wconf 44' lang='lat' dir='ltr'><strong>progigni;</strong></span> <span class='ocrx_word' id='word_1_520' title='bbox 1675 3818 1888 3874; x_wconf 75' lang='lat' dir='ltr'><strong>Anima:</strong></span> 
     </span>
    </p>
   </div>
   <div class='ocr_carea' id='block_1_69' title="bbox 185 3911 1892 3984">
    <p class='ocr_par' dir='ltr' id='par_1_69' title="bbox 185 3911 1892 3984">
     <span class='ocr_line' id='line_1_69' title="bbox 185 3911 1892 3984; baseline 0.001 -20"><span class='ocrx_word' id='word_1_521' title='bbox 185 3940 247 3968; x_wconf 66' lang='grc' dir='ltr'><strong>,ι</strong></span> <span class='ocrx_word' id='word_1_522' title='bbox 280 3914 426 3970; x_wconf 89' lang='lat' dir='ltr'><strong>enim</strong></span> <span class='ocrx_word' id='word_1_523' title='bbox 457 3930 490 3968; x_wconf 86' lang='lat' dir='ltr'><strong>a</strong></span> <span class='ocrx_word' id='word_1_524' title='bbox 543 3911 838 3984; x_wconf 90' lang='lat' dir='ltr'><strong>primordio</strong></span> <span class='ocrx_word' id='word_1_525' title='bbox 883 3912 1214 3967; x_wconf 88' lang='lat' dir='ltr'><strong>conscientia</strong></span> <span class='ocrx_word' id='word_1_526' title='bbox 1263 3911 1356 3966; x_wconf 83' lang='lat' dir='ltr'><strong>Dei</strong></span> <span class='ocrx_word' id='word_1_527' title='bbox 1405 3912 1506 3966; x_wconf 92' lang='lat' dir='ltr'><strong>dos</strong></span> <span class='ocrx_word' id='word_1_528' title='bbox 1534 3919 1650 3978; x_wconf 90' lang='lat' dir='ltr'><strong>est;</strong></span> <span class='ocrx_word' id='word_1_529' title='bbox 1703 3911 1892 3966; x_wconf 88' lang='lat' dir='ltr'><strong>eadem</strong></span> 
     </span>
    </p>
   </div>
   <div class='ocr_carea' id='block_1_70' title="bbox 281 4002 1890 4077">
    <p class='ocr_par' dir='ltr' id='par_1_70' title="bbox 281 4002 1890 4077">
     <span class='ocr_line' id='line_1_70' title="bbox 281 4002 1890 4077; baseline -0.001 -15"><span class='ocrx_word' id='word_1_530' title='bbox 281 4022 379 4062; x_wconf 90' lang='lat' dir='ltr'><strong>nec</strong></span> <span class='ocrx_word' id='word_1_531' title='bbox 401 4006 511 4061; x_wconf 88' lang='lat' dir='ltr'><strong>alia</strong></span> <span class='ocrx_word' id='word_1_532' title='bbox 545 4013 603 4060; x_wconf 90' lang='lat' dir='ltr'><strong>et</strong></span> <span class='ocrx_word' id='word_1_533' title='bbox 644 4005 701 4062; x_wconf 92' lang='lat' dir='ltr'><strong>in</strong></span> <span class='ocrx_word' id='word_1_534' title='bbox 746 4002 1034 4077; x_wconf 66' lang='lat' dir='ltr'><strong>Egyptiis,</strong></span> <span class='ocrx_word' id='word_1_535' title='bbox 1068 4013 1123 4060; x_wconf 90' lang='lat' dir='ltr'><strong>et</strong></span> <span class='ocrx_word' id='word_1_536' title='bbox 1173 4005 1224 4059; x_wconf 93' lang='lat' dir='ltr'><strong>in</strong></span> <span class='ocrx_word' id='word_1_537' title='bbox 1256 4004 1406 4076; x_wconf 85' lang='lat' dir='ltr'><strong>Syris</strong></span> <span class='ocrx_word' id='word_1_538' title='bbox 1443 4012 1495 4061; x_wconf 90' lang='lat' dir='ltr'><strong>et</strong></span> <span class='ocrx_word' id='word_1_539' title='bbox 1530 4004 1582 4059; x_wconf 94' lang='lat' dir='ltr'><strong>in</strong></span> <span class='ocrx_word' id='word_1_540' title='bbox 1637 4004 1890 4061; x_wconf 88' lang='lat' dir='ltr'><strong>Ponticis.</strong></span> 
     </span>
    </p>
   </div>
   <div class='ocr_carea' id='block_1_71' title="bbox 279 4096 1890 4169">
    <p class='ocr_par' dir='ltr' id='par_1_71' title="bbox 279 4096 1890 4169">
     <span class='ocr_line' id='line_1_71' title="bbox 279 4096 1890 4169; baseline -0.001 -17"><span class='ocrx_word' id='word_1_541' title='bbox 279 4097 602 4156; x_wconf 71' lang='lat' dir='ltr'><strong>Judzeorum</strong></span> <span class='ocrx_word' id='word_1_542' title='bbox 653 4097 794 4152; x_wconf 90' lang='lat' dir='ltr'><strong>enim</strong></span> <span class='ocrx_word' id='word_1_543' title='bbox 853 4098 1038 4163; x_wconf 89' lang='lat' dir='ltr'><strong>Deum,</strong></span> <span class='ocrx_word' id='word_1_544' title='bbox 1067 4096 1255 4152; x_wconf 87' lang='lat' dir='ltr'><strong>dicunt</strong></span> <span class='ocrx_word' id='word_1_545' title='bbox 1298 4096 1408 4169; x_wconf 68' lang='grc'>(4)</span> <span class='ocrx_word' id='word_1_546' title='bbox 1441 4097 1646 4152; x_wconf 74' lang='lat' dir='ltr'><strong>anima:</strong></span> <span class='ocrx_word' id='word_1_547' title='bbox 1699 4096 1890 4152; x_wconf 88' lang='lat' dir='ltr'><strong>Deum.</strong></span> 
     </span>
    </p>
   </div>
   <div class='ocr_carea' id='block_1_72' title="bbox 278 4189 1896 4260">
    <p class='ocr_par' dir='ltr' id='par_1_72' title="bbox 278 4189 1896 4260">
     <span class='ocr_line' id='line_1_72' title="bbox 278 4189 1896 4260; baseline 0.001 -13"><span class='ocrx_word' id='word_1_548' title='bbox 278 4189 421 4258; x_wconf 84' lang='lat' dir='ltr'><strong>Noli,</strong></span> <span class='ocrx_word' id='word_1_549' title='bbox 458 4190 698 4246; x_wconf 88' lang='lat' dir='ltr'><strong>barbare</strong></span> <span class='ocrx_word' id='word_1_550' title='bbox 722 4189 994 4258; x_wconf 77' lang='lat' dir='ltr'><strong>lneretice,</strong></span> <span class='ocrx_word' id='word_1_551' title='bbox 1025 4191 1258 4260; x_wconf 92' lang='lat' dir='ltr'><strong>priorem</strong></span> <span class='ocrx_word' id='word_1_552' title='bbox 1281 4189 1548 4244; x_wconf 81' lang='lat' dir='ltr'><strong>Abraham</strong></span> <span class='ocrx_word' id='word_1_553' title='bbox 1572 4192 1896 4248; x_wconf 88' lang='lat' dir='ltr'><strong>constituere</strong></span> 
     </span>
    </p>
   </div>
   <div class='ocr_carea' id='block_1_73' title="bbox 283 4282 1896 4354">
    <p class='ocr_par' dir='ltr' id='par_1_73' title="bbox 283 4282 1896 4354">
     <span class='ocr_line' id='line_1_73' title="bbox 283 4282 1896 4354; baseline 0.001 -15"><span class='ocrx_word' id='word_1_554' title='bbox 283 4301 448 4354; x_wconf 90' lang='lat' dir='ltr'><strong>quam</strong></span> <span class='ocrx_word' id='word_1_555' title='bbox 509 4283 794 4340; x_wconf 82' lang='lat' dir='ltr'><strong>mundum.</strong></span> <span class='ocrx_word' id='word_1_556' title='bbox 849 4284 966 4339; x_wconf 91' lang='lat' dir='ltr'><strong>Etsi</strong></span> <span class='ocrx_word' id='word_1_557' title='bbox 1022 4284 1179 4339; x_wconf 92' lang='lat' dir='ltr'><strong>unius</strong></span> <span class='ocrx_word' id='word_1_558' title='bbox 1251 4282 1467 4338; x_wconf 67' lang='lat' dir='ltr'><strong>familia:</strong></span> <span class='ocrx_word' id='word_1_559' title='bbox 1518 4283 1657 4339; x_wconf 88' lang='lat' dir='ltr'><strong>Deus</strong></span> <span class='ocrx_word' id='word_1_560' title='bbox 1710 4285 1896 4342; x_wconf 85' lang='lat' dir='ltr'><strong>fuisset</strong></span> 
     </span>
    </p>
   </div>
   <div class='ocr_carea' id='block_1_74' title="bbox 280 4377 1896 4449">
    <p class='ocr_par' dir='ltr' id='par_1_74' title="bbox 280 4377 1896 4449">
     <span class='ocr_line' id='line_1_74' title="bbox 280 4377 1896 4449; baseline 0.001 -14"><span class='ocrx_word' id='word_1_561' title='bbox 280 4377 539 4444; x_wconf 89' lang='lat' dir='ltr'><strong>Creator,</strong></span> <span class='ocrx_word' id='word_1_562' title='bbox 572 4389 748 4434; x_wconf 87' lang='lat' dir='ltr'><strong>tamen</strong></span> <span class='ocrx_word' id='word_1_563' title='bbox 772 4378 1035 4449; x_wconf 90' lang='lat' dir='ltr'><strong>posterior</strong></span> <span class='ocrx_word' id='word_1_564' title='bbox 1058 4387 1148 4433; x_wconf 91' lang='lat' dir='ltr'><strong>tuo</strong></span> <span class='ocrx_word' id='word_1_565' title='bbox 1178 4392 1282 4432; x_wconf 92' lang='lat' dir='ltr'><strong>non</strong></span> <span class='ocrx_word' id='word_1_566' title='bbox 1311 4387 1446 4442; x_wconf 89' lang='lat' dir='ltr'><strong>erat,</strong></span> <span class='ocrx_word' id='word_1_567' title='bbox 1470 4379 1631 4434; x_wconf 89' lang='lat' dir='ltr'><strong>etiam</strong></span> <span class='ocrx_word' id='word_1_568' title='bbox 1664 4379 1896 4437; x_wconf 89' lang='lat' dir='ltr'><strong>Ponticis</strong></span> 
     </span>
    </p>
   </div>
   <div class='ocr_carea' id='block_1_75' title="bbox 281 4469 1894 4541">
    <p class='ocr_par' dir='ltr' id='par_1_75' title="bbox 281 4469 1894 4541">
     <span class='ocr_line' id='line_1_75' title="bbox 281 4469 1894 4541; baseline 0.001 -17"><span class='ocrx_word' id='word_1_569' title='bbox 281 4480 409 4528; x_wconf 79' lang='lat' dir='ltr'><strong>ante</strong></span> <span class='ocrx_word' id='word_1_570' title='bbox 437 4485 572 4527; x_wconf 89' lang='lat' dir='ltr'><strong>eum</strong></span> <span class='ocrx_word' id='word_1_571' title='bbox 597 4479 777 4525; x_wconf 89' lang='lat' dir='ltr'><strong>notus.</strong></span> <span class='ocrx_word' id='word_1_572' title='bbox 796 4472 994 4540; x_wconf 87' lang='lat' dir='ltr'><strong>Accipe</strong></span> <span class='ocrx_word' id='word_1_573' title='bbox 1019 4469 1176 4541; x_wconf 79' lang='lat' dir='ltr'><strong>igitur</strong></span> <span class='ocrx_word' id='word_1_574' title='bbox 1196 4469 1264 4523; x_wconf 91' lang='lat' dir='ltr'><strong>ab</strong></span> <span class='ocrx_word' id='word_1_575' title='bbox 1280 4478 1622 4525; x_wconf 89' lang='lat' dir='ltr'><strong>antecessore</strong></span> <span class='ocrx_word' id='word_1_576' title='bbox 1647 4470 1894 4538; x_wconf 81' lang='lat' dir='ltr'><strong>fortnam,</strong></span> 
     </span>
    </p>
   </div>
   <div class='ocr_carea' id='block_1_76' title="bbox 283 4559 1956 4632">
    <p class='ocr_par' dir='ltr' id='par_1_76' title="bbox 283 4559 1956 4632">
     <span class='ocr_line' id='line_1_76' title="bbox 283 4559 1956 4632; baseline 0 -15"><span class='ocrx_word' id='word_1_577' title='bbox 283 4572 488 4619; x_wconf 86' lang='lat' dir='ltr'><strong>acerto</strong></span> <span class='ocrx_word' id='word_1_578' title='bbox 522 4561 782 4630; x_wconf 81' lang='lat' dir='ltr'><strong>incertus,</strong></span> <span class='ocrx_word' id='word_1_579' title='bbox 801 4577 828 4615; x_wconf 92' lang='lat' dir='ltr'><strong>a</strong></span> <span class='ocrx_word' id='word_1_580' title='bbox 851 4563 1066 4631; x_wconf 80' lang='lat' dir='ltr'><strong>cognito</strong></span> <span class='ocrx_word' id='word_1_581' title='bbox 1093 4561 1406 4632; x_wconf 81' lang='lat' dir='ltr'><strong>incognitus.</strong></span> <span class='ocrx_word' id='word_1_582' title='bbox 1435 4559 1732 4632; x_wconf 89' lang='lat' dir='ltr'><strong>Numquam</strong></span> <span class='ocrx_word' id='word_1_583' title='bbox 1759 4562 1899 4618; x_wconf 92' lang='lat' dir='ltr'><strong>Deus</strong></span> <span class='ocrx_word' id='word_1_584' title='bbox 1951 4563 1956 4570; x_wconf 86' lang='grc'><em>’</em></span> 
     </span>
    </p>
   </div>
   <div class='ocr_carea' id='block_1_77' title="bbox 1994 3345 3602 3429">
    <p class='ocr_par' dir='ltr' id='par_1_77' title="bbox 1994 3345 3602 3429">
     <span class='ocr_line' id='line_1_77' title="bbox 1994 3345 3602 3429; baseline 0.004 -19"><span class='ocrx_word' id='word_1_585' title='bbox 1994 3353 2186 3410; x_wconf 90' lang='lat' dir='ltr'><strong>saltem</strong></span> <span class='ocrx_word' id='word_1_586' title='bbox 2214 3353 2530 3409; x_wconf 89' lang='lat' dir='ltr'><strong>ciecrculam</strong></span> <span class='ocrx_word' id='word_1_587' title='bbox 2548 3353 2682 3408; x_wconf 90' lang='lat' dir='ltr'><strong>deus</strong></span> <span class='ocrx_word' id='word_1_588' title='bbox 2704 3353 2984 3408; x_wconf 81' lang='lat' dir='ltr'><strong>lilarcionis</strong></span> <span class='ocrx_word' id='word_1_589' title='bbox 3007 3358 3280 3426; x_wconf 88' lang='lat' dir='ltr'><strong>propriam</strong></span> <span class='ocrx_word' id='word_1_590' title='bbox 3303 3345 3602 3429; x_wconf 26' lang='lat' dir='ltr'><strong>protulisse.</strong></span> 
     </span>
    </p>
   </div>
   <div class='ocr_carea' id='block_1_78' title="bbox 1994 3446 3593 3522">
    <p class='ocr_par' dir='ltr' id='par_1_78' title="bbox 1994 3446 3593 3522">
     <span class='ocr_line' id='line_1_78' title="bbox 1994 3446 3593 3522; baseline 0.004 -19"><span class='ocrx_word' id='word_1_591' title='bbox 1994 3448 2271 3511; x_wconf 89' lang='lat' dir='ltr'><strong>debuerat,</strong></span> <span class='ocrx_word' id='word_1_592' title='bbox 2299 3456 2358 3501; x_wconf 90' lang='lat' dir='ltr'><strong>ut</strong></span> <span class='ocrx_word' id='word_1_593' title='bbox 2378 3462 2544 3502; x_wconf 91' lang='lat' dir='ltr'><strong>novus</strong></span> <span class='ocrx_word' id='word_1_594' title='bbox 2571 3446 2764 3517; x_wconf 91' lang='lat' dir='ltr'><strong>aliquis</strong></span> <span class='ocrx_word' id='word_1_595' title='bbox 2791 3447 3155 3518; x_wconf 84' lang='lat' dir='ltr'><strong>Triptolemus</strong></span> <span class='ocrx_word' id='word_1_596' title='bbox 3185 3452 3593 3522; x_wconf 72' lang='lat' dir='ltr'><strong>przedicaretur.</strong></span> 
     </span>
    </p>
   </div>
   <div class='ocr_carea' id='block_1_79' title="bbox 1997 3540 3594 3616">
    <p class='ocr_par' dir='ltr' id='par_1_79' title="bbox 1997 3540 3594 3616">
     <span class='ocr_line' id='line_1_79' title="bbox 1997 3540 3594 3616; baseline 0.004 -21"><span class='ocrx_word' id='word_1_597' title='bbox 1997 3541 2312 3596; x_wconf 79' lang='lat' dir='ltr'><strong>Autexhibe</strong></span> <span class='ocrx_word' id='word_1_598' title='bbox 2337 3540 2596 3596; x_wconf 89' lang='lat' dir='ltr'><strong>rationem</strong></span> <span class='ocrx_word' id='word_1_599' title='bbox 2621 3540 2732 3596; x_wconf 89' lang='lat' dir='ltr'><strong>Deo</strong></span> <span class='ocrx_word' id='word_1_600' title='bbox 2746 3540 2980 3611; x_wconf 81' lang='lat' dir='ltr'><strong>dignam,</strong></span> <span class='ocrx_word' id='word_1_601' title='bbox 3003 3544 3244 3598; x_wconf 91' lang='lat' dir='ltr'><strong>curnihil</strong></span> <span class='ocrx_word' id='word_1_602' title='bbox 3272 3547 3594 3616; x_wconf 86' lang='lat' dir='ltr'><strong>condiderit,</strong></span> 
     </span>
    </p>
   </div>
   <div class='ocr_carea' id='block_1_80' title="bbox 1996 3631 3590 3711">
    <p class='ocr_par' dir='ltr' id='par_1_80' title="bbox 1996 3631 3590 3711">
     <span class='ocr_line' id='line_1_80' title="bbox 1996 3631 3590 3711; baseline 0.005 -23"><span class='ocrx_word' id='word_1_603' title='bbox 1996 3632 2040 3688; x_wconf 92' lang='lat' dir='ltr'><strong>si</strong></span> <span class='ocrx_word' id='word_1_604' title='bbox 2064 3642 2176 3700; x_wconf 83' lang='lat' dir='ltr'><strong>est;</strong></span> <span class='ocrx_word' id='word_1_605' title='bbox 2209 3633 2331 3702; x_wconf 89' lang='lat' dir='ltr'><strong>quia</strong></span> <span class='ocrx_word' id='word_1_606' title='bbox 2359 3631 2709 3697; x_wconf 89' lang='lat' dir='ltr'><strong>condidisset,</strong></span> <span class='ocrx_word' id='word_1_607' title='bbox 2738 3634 2783 3688; x_wconf 90' lang='lat' dir='ltr'><strong>si</strong></span> <span class='ocrx_word' id='word_1_608' title='bbox 2825 3632 3009 3690; x_wconf 83' lang='lat' dir='ltr'><strong>fuisset</strong></span> <span class='ocrx_word' id='word_1_609' title='bbox 3035 3635 3157 3690; x_wconf 90' lang='lat' dir='ltr'><strong>:illo</strong></span> <span class='ocrx_word' id='word_1_610' title='bbox 3173 3638 3376 3694; x_wconf 88' lang='lat' dir='ltr'><strong>scilicet</strong></span> <span class='ocrx_word' id='word_1_611' title='bbox 3398 3640 3590 3711; x_wconf 76' lang='lat' dir='ltr'><strong>przcju-</strong></span> 
     </span>
    </p>
   </div>
   <div class='ocr_carea' id='block_1_81' title="bbox 1995 3723 3593 3794">
    <p class='ocr_par' dir='ltr' id='par_1_81' title="bbox 1995 3723 3593 3794">
     <span class='ocr_line' id='line_1_81' title="bbox 1995 3723 3593 3794; baseline 0.006 -15"><span class='ocrx_word' id='word_1_612' title='bbox 1995 3723 2157 3788; x_wconf 89' lang='lat' dir='ltr'><strong>dicio,</strong></span> <span class='ocrx_word' id='word_1_613' title='bbox 2191 3739 2298 3794; x_wconf 92' lang='lat' dir='ltr'><strong>quo</strong></span> <span class='ocrx_word' id='word_1_614' title='bbox 2327 3733 2380 3779; x_wconf 91' lang='lat' dir='ltr'><strong>et</strong></span> <span class='ocrx_word' id='word_1_615' title='bbox 2402 3725 2836 3788; x_wconf 67' lang='lat' dir='ltr'><strong>nostrunLDeum</strong></span> <span class='ocrx_word' id='word_1_616' title='bbox 2865 3743 2968 3780; x_wconf 89' lang='lat' dir='ltr'><strong>non</strong></span> <span class='ocrx_word' id='word_1_617' title='bbox 2992 3728 3126 3784; x_wconf 87' lang='lat' dir='ltr'><strong>alias</strong></span> <span class='ocrx_word' id='word_1_618' title='bbox 3146 3730 3485 3786; x_wconf 87' lang='lat' dir='ltr'><strong>manifestum</strong></span> <span class='ocrx_word' id='word_1_619' title='bbox 3507 3742 3593 3788; x_wconf 87' lang='lat' dir='ltr'><strong>est</strong></span> 
     </span>
    </p>
   </div>
   <div class='ocr_carea' id='block_1_82' title="bbox 1995 3816 3592 3886">
    <p class='ocr_par' dir='ltr' id='par_1_82' title="bbox 1995 3816 3592 3886">
     <span class='ocr_line' id='line_1_82' title="bbox 1995 3816 3592 3886; baseline 0.006 -16"><span class='ocrx_word' id='word_1_620' title='bbox 1995 3830 2136 3882; x_wconf 89' lang='lat' dir='ltr'><strong>esse,</strong></span> <span class='ocrx_word' id='word_1_621' title='bbox 2178 3831 2338 3886; x_wconf 91' lang='lat' dir='ltr'><strong>quam</strong></span> <span class='ocrx_word' id='word_1_622' title='bbox 2369 3816 2490 3886; x_wconf 89' lang='lat' dir='ltr'><strong>quia</strong></span> <span class='ocrx_word' id='word_1_623' title='bbox 2540 3823 2708 3870; x_wconf 85' lang='lat' dir='ltr'><strong>totum</strong></span> <span class='ocrx_word' id='word_1_624' title='bbox 2759 3818 2998 3874; x_wconf 91' lang='lat' dir='ltr'><strong>condidit</strong></span> <span class='ocrx_word' id='word_1_625' title='bbox 3047 3820 3168 3876; x_wconf 92' lang='lat' dir='ltr'><strong>hoc.</strong></span> <span class='ocrx_word' id='word_1_626' title='bbox 3223 3822 3403 3878; x_wconf 87' lang='lat' dir='ltr'><strong>Semel</strong></span> <span class='ocrx_word' id='word_1_627' title='bbox 3446 3826 3592 3881; x_wconf 91' lang='lat' dir='ltr'><strong>enim</strong></span> 
     </span>
    </p>
   </div>
   <div class='ocr_carea' id='block_1_83' title="bbox 1995 3908 3591 3979">
    <p class='ocr_par' dir='ltr' id='par_1_83' title="bbox 1995 3908 3591 3979">
     <span class='ocr_line' id='line_1_83' title="bbox 1995 3908 3591 3979; baseline 0.007 -17"><span class='ocrx_word' id='word_1_628' title='bbox 1995 3908 2328 3979; x_wconf 60' lang='lat' dir='ltr'><strong>praescriptio</strong></span> <span class='ocrx_word' id='word_1_629' title='bbox 2350 3908 2535 3975; x_wconf 91' lang='lat' dir='ltr'><strong>stabit,</strong></span> <span class='ocrx_word' id='word_1_630' title='bbox 2569 3924 2674 3963; x_wconf 89' lang='lat' dir='ltr'><strong>non</strong></span> <span class='ocrx_word' id='word_1_631' title='bbox 2714 3924 2877 3978; x_wconf 91' lang='lat' dir='ltr'><strong>posse</strong></span> <span class='ocrx_word' id='word_1_632' title='bbox 2919 3911 3042 3966; x_wconf 89' lang='lat' dir='ltr'><strong>illos</strong></span> <span class='ocrx_word' id='word_1_633' title='bbox 3067 3924 3123 3969; x_wconf 88' lang='lat' dir='ltr'><strong>et</strong></span> <span class='ocrx_word' id='word_1_634' title='bbox 3154 3914 3321 3970; x_wconf 87' lang='lat' dir='ltr'><strong>Demn</strong></span> <span class='ocrx_word' id='word_1_635' title='bbox 3349 3917 3591 3974; x_wconf 88' lang='lat' dir='ltr'><strong>conliteri</strong></span> 
     </span>
    </p>
   </div>
   <div class='ocr_carea' id='block_1_84' title="bbox 1996 4003 3589 4096">
    <p class='ocr_par' dir='ltr' id='par_1_84' title="bbox 1996 4003 3589 4096">
     <span class='ocr_line' id='line_1_84' title="bbox 1996 4003 3589 4096; baseline 0.007 -42"><span class='ocrx_word' id='word_1_636' title='bbox 1996 4009 2316 4066; x_wconf 90' lang='lat' dir='ltr'><strong>creatorem,</strong></span> <span class='ocrx_word' id='word_1_637' title='bbox 2345 4008 2400 4054; x_wconf 90' lang='lat' dir='ltr'><strong>et</strong></span> <span class='ocrx_word' id='word_1_638' title='bbox 2431 4015 2560 4068; x_wconf 83' lang='lat' dir='ltr'><strong>cum</strong></span> <span class='ocrx_word' id='word_1_639' title='bbox 2590 4016 2750 4071; x_wconf 90' lang='lat' dir='ltr'><strong>quem</strong></span> <span class='ocrx_word' id='word_1_640' title='bbox 2783 4003 2967 4057; x_wconf 87' lang='lat' dir='ltr'><strong>volunt</strong></span> <span class='ocrx_word' id='word_1_641' title='bbox 3005 4020 3158 4075; x_wconf 73' lang='lat' dir='ltr'><strong>mque</strong></span> <span class='ocrx_word' id='word_1_642' title='bbox 3198 4006 3358 4096; x_wconf 68' lang='lat' dir='ltr'><strong>deum</strong></span> <span class='ocrx_word' id='word_1_643' title='bbox 3417 4009 3589 4078; x_wconf 91' lang='lat' dir='ltr'><strong>credi,</strong></span> 
     </span>
    </p>
   </div>
   <div class='ocr_carea' id='block_1_85' title="bbox 1998 4092 3588 4171">
    <p class='ocr_par' dir='ltr' id='par_1_85' title="bbox 1998 4092 3588 4171">
     <span class='ocr_line' id='line_1_85' title="bbox 1998 4092 3588 4171; baseline 0.008 -23"><span class='ocrx_word' id='word_1_644' title='bbox 1998 4110 2105 4148; x_wconf 88' lang='lat' dir='ltr'><strong>non</strong></span> <span class='ocrx_word' id='word_1_645' title='bbox 2133 4092 2198 4147; x_wconf 92' lang='lat' dir='ltr'><strong>ad</strong></span> <span class='ocrx_word' id='word_1_646' title='bbox 2227 4093 2344 4163; x_wconf 86' lang='lat' dir='ltr'><strong>ejus</strong></span> <span class='ocrx_word' id='word_1_647' title='bbox 2370 4093 2598 4148; x_wconf 89' lang='lat' dir='ltr'><strong>formam</strong></span> <span class='ocrx_word' id='word_1_648' title='bbox 2632 4095 2881 4164; x_wconf 87' lang='lat' dir='ltr'><strong>probare,</strong></span> <span class='ocrx_word' id='word_1_649' title='bbox 2910 4113 3072 4168; x_wconf 91' lang='lat' dir='ltr'><strong>quem</strong></span> <span class='ocrx_word' id='word_1_650' title='bbox 3103 4110 3157 4154; x_wconf 90' lang='lat' dir='ltr'><strong>et</strong></span> <span class='ocrx_word' id='word_1_651' title='bbox 3180 4101 3277 4171; x_wconf 90' lang='lat' dir='ltr'><strong>ipsi</strong></span> <span class='ocrx_word' id='word_1_652' title='bbox 3316 4092 3370 4158; x_wconf 87' lang='lat' dir='ltr'><strong>et</strong></span> <span class='ocrx_word' id='word_1_653' title='bbox 3397 4120 3588 4160; x_wconf 83' lang='lat' dir='ltr'><strong>onuies</strong></span> 
     </span>
    </p>
   </div>
   <div class='ocr_carea' id='block_1_86' title="bbox 1995 4189 3594 4264">
    <p class='ocr_par' dir='ltr' id='par_1_86' title="bbox 1995 4189 3594 4264">
     <span class='ocr_line' id='line_1_86' title="bbox 1995 4189 3594 4264; baseline 0.009 -21"><span class='ocrx_word' id='word_1_654' title='bbox 1995 4189 2167 4244; x_wconf 88' lang='lat' dir='ltr'><strong>Deum</strong></span> <span class='ocrx_word' id='word_1_655' title='bbox 2198 4206 2212 4242; x_wconf 88' lang='lat'><strong>:</strong></span> <span class='ocrx_word' id='word_1_656' title='bbox 2244 4198 2301 4243; x_wconf 92' lang='lat' dir='ltr'><strong>ut</strong></span> <span class='ocrx_word' id='word_1_657' title='bbox 2337 4190 2552 4259; x_wconf 87' lang='lat' dir='ltr'><strong>quando</strong></span> <span class='ocrx_word' id='word_1_658' title='bbox 2580 4191 2682 4247; x_wconf 92' lang='lat' dir='ltr'><strong>hoc</strong></span> <span class='ocrx_word' id='word_1_659' title='bbox 2731 4193 2849 4264; x_wconf 86' lang='lat' dir='ltr'><strong>ipso</strong></span> <span class='ocrx_word' id='word_1_660' title='bbox 2892 4211 3054 4251; x_wconf 87' lang='lat' dir='ltr'><strong>nemo</strong></span> <span class='ocrx_word' id='word_1_661' title='bbox 3092 4208 3391 4255; x_wconf 90' lang='lat' dir='ltr'><strong>creatorem</strong></span> <span class='ocrx_word' id='word_1_662' title='bbox 3425 4202 3594 4258; x_wconf 91' lang='lat' dir='ltr'><strong>Deum</strong></span> 
     </span>
    </p>
   </div>
   <div class='ocr_carea' id='block_1_87' title="bbox 1998 4267 3598 4362">
    <p class='ocr_par' dir='ltr' id='par_1_87' title="bbox 1998 4267 3598 4362">
     <span class='ocr_line' id='line_1_87' title="bbox 1998 4267 3598 4362; baseline 0.007 -24"><span class='ocrx_word' id='word_1_663' title='bbox 1998 4281 2234 4350; x_wconf 88' lang='lat' dir='ltr'><strong>dubitet,</strong></span> <span class='ocrx_word' id='word_1_664' title='bbox 2267 4284 2389 4354; x_wconf 90' lang='lat' dir='ltr'><strong>quia</strong></span> <span class='ocrx_word' id='word_1_665' title='bbox 2437 4293 2607 4339; x_wconf 89' lang='lat' dir='ltr'><strong>totum</strong></span> <span class='ocrx_word' id='word_1_666' title='bbox 2656 4286 2757 4340; x_wconf 93' lang='lat' dir='ltr'><strong>hoc</strong></span> <span class='ocrx_word' id='word_1_667' title='bbox 2804 4267 3086 4354; x_wconf 72' lang='lat' dir='ltr'><strong>condidit,</strong></span> <span class='ocrx_word' id='word_1_668' title='bbox 3139 4289 3242 4347; x_wconf 94' lang='lat' dir='ltr'><strong>hoc</strong></span> <span class='ocrx_word' id='word_1_669' title='bbox 3293 4293 3408 4362; x_wconf 91' lang='lat' dir='ltr'><strong>ipso</strong></span> <span class='ocrx_word' id='word_1_670' title='bbox 3436 4309 3598 4350; x_wconf 88' lang='lat' dir='ltr'><strong>nemo</strong></span> 
     </span>
    </p>
   </div>
   <div class='ocr_carea' id='block_1_88' title="bbox 1999 4375 3591 4453">
    <p class='ocr_par' dir='ltr' id='par_1_88' title="bbox 1999 4375 3591 4453">
     <span class='ocr_line' id='line_1_88' title="bbox 1999 4375 3591 4453; baseline 0.007 -21"><span class='ocrx_word' id='word_1_671' title='bbox 1999 4376 2192 4432; x_wconf 85' lang='lat' dir='ltr'><strong>debeat</strong></span> <span class='ocrx_word' id='word_1_672' title='bbox 2215 4375 2440 4432; x_wconf 85' lang='lat' dir='ltr'><strong>credere</strong></span> <span class='ocrx_word' id='word_1_673' title='bbox 2473 4377 2637 4432; x_wconf 91' lang='lat' dir='ltr'><strong>Deum</strong></span> <span class='ocrx_word' id='word_1_674' title='bbox 2665 4388 2719 4434; x_wconf 92' lang='lat' dir='ltr'><strong>et</strong></span> <span class='ocrx_word' id='word_1_675' title='bbox 2750 4378 2895 4435; x_wconf 90' lang='lat' dir='ltr'><strong>illum</strong></span> <span class='ocrx_word' id='word_1_676' title='bbox 2923 4381 3011 4450; x_wconf 90' lang='lat' dir='ltr'><strong>qui</strong></span> <span class='ocrx_word' id='word_1_677' title='bbox 3032 4381 3165 4436; x_wconf 90' lang='lat' dir='ltr'><strong>nihil</strong></span> <span class='ocrx_word' id='word_1_678' title='bbox 3193 4386 3453 4453; x_wconf 89' lang='lat' dir='ltr'><strong>condidit,</strong></span> <span class='ocrx_word' id='word_1_679' title='bbox 3487 4386 3591 4443; x_wconf 90' lang='lat' dir='ltr'><strong>nisi</strong></span> 
     </span>
    </p>
   </div>
   <div class='ocr_carea' id='block_1_89' title="bbox 2000 4467 3596 4541">
    <p class='ocr_par' dir='ltr' id='par_1_89' title="bbox 2000 4467 3596 4541">
     <span class='ocr_line' id='line_1_89' title="bbox 2000 4467 3596 4541; baseline 0.007 -16"><span class='ocrx_word' id='word_1_680' title='bbox 2000 4469 2139 4525; x_wconf 82' lang='lat' dir='ltr'><strong>ratio</strong></span> <span class='ocrx_word' id='word_1_681' title='bbox 2167 4467 2301 4523; x_wconf 86' lang='lat' dir='ltr'><strong>forte</strong></span> <span class='ocrx_word' id='word_1_682' title='bbox 2340 4468 2664 4538; x_wconf 82' lang='lat' dir='ltr'><strong>proferatur.</strong></span> <span class='ocrx_word' id='word_1_683' title='bbox 2702 4470 2908 4541; x_wconf 79' lang='lat' dir='ltr'><strong>Duplex</strong></span> <span class='ocrx_word' id='word_1_684' title='bbox 2946 4473 3045 4528; x_wconf 86' lang='lat' dir='ltr'><strong>ista</strong></span> <span class='ocrx_word' id='word_1_685' title='bbox 3094 4475 3342 4532; x_wconf 89' lang='lat' dir='ltr'><strong>videatur</strong></span> <span class='ocrx_word' id='word_1_686' title='bbox 3373 4495 3596 4536; x_wconf 83' lang='lat' dir='ltr'><strong>necesse</strong></span> 
     </span>
    </p>
   </div>
   <div class='ocr_carea' id='block_1_90' title="bbox 2001 4560 3587 4639">
    <p class='ocr_par' dir='ltr' id='par_1_90' title="bbox 2001 4560 3587 4639">
     <span class='ocr_line' id='line_1_90' title="bbox 2001 4560 3587 4639; baseline 0.006 -22"><span class='ocrx_word' id='word_1_687' title='bbox 2001 4571 2103 4626; x_wconf 90' lang='lat' dir='ltr'><strong>est,</strong></span> <span class='ocrx_word' id='word_1_688' title='bbox 2149 4570 2205 4616; x_wconf 89' lang='lat' dir='ltr'><strong>ut</strong></span> <span class='ocrx_word' id='word_1_689' title='bbox 2230 4572 2321 4615; x_wconf 89' lang='lat' dir='ltr'><strong>aut</strong></span> <span class='ocrx_word' id='word_1_690' title='bbox 2348 4560 2579 4616; x_wconf 89' lang='lat' dir='ltr'><strong>noluerit</strong></span> <span class='ocrx_word' id='word_1_691' title='bbox 2603 4563 2838 4619; x_wconf 90' lang='lat' dir='ltr'><strong>condere</strong></span> <span class='ocrx_word' id='word_1_692' title='bbox 2879 4564 3026 4635; x_wconf 89' lang='lat' dir='ltr'><strong>quid,</strong></span> <span class='ocrx_word' id='word_1_693' title='bbox 3055 4576 3146 4621; x_wconf 89' lang='lat' dir='ltr'><strong>aut</strong></span> <span class='ocrx_word' id='word_1_694' title='bbox 3183 4583 3288 4624; x_wconf 89' lang='lat' dir='ltr'><strong>non</strong></span> <span class='ocrx_word' id='word_1_695' title='bbox 3323 4574 3587 4639; x_wconf 87' lang='lat' dir='ltr'><strong>potuerit:</strong></span> 
     </span>
    </p>
   </div>
   <div class='ocr_carea' id='block_1_91' title="bbox 285 4653 3594 4734">
    <p class='ocr_par' dir='ltr' id='par_1_91' title="bbox 285 4653 3594 4734">
     <span class='ocr_line' id='line_1_91' title="bbox 285 4653 3594 4734; baseline 0.006 -31"><span class='ocrx_word' id='word_1_696' title='bbox 285 4654 518 4722; x_wconf 76' lang='lat' dir='ltr'><strong>latebit,</strong></span> <span class='ocrx_word' id='word_1_697' title='bbox 553 4669 838 4726; x_wconf 89' lang='lat' dir='ltr'><strong>numquam</strong></span> <span class='ocrx_word' id='word_1_698' title='bbox 879 4654 1021 4709; x_wconf 92' lang='lat' dir='ltr'><strong>Deus</strong></span> <span class='ocrx_word' id='word_1_699' title='bbox 1070 4653 1271 4709; x_wconf 89' lang='lat' dir='ltr'><strong>deerit:</strong></span> <span class='ocrx_word' id='word_1_700' title='bbox 1304 4668 1516 4722; x_wconf 90' lang='lat' dir='ltr'><strong>semper</strong></span> <span class='ocrx_word' id='word_1_701' title='bbox 1545 4653 1891 4726; x_wconf 82' lang='lat' dir='ltr'><strong>intelligetur,</strong></span> <span class='ocrx_word' id='word_1_702' title='bbox 1918 4669 1972 4729; x_wconf 80' lang='lat'><strong>1)</strong></span> <span class='ocrx_word' id='word_1_703' title='bbox 1999 4657 2211 4716; x_wconf 82' lang='lat' dir='ltr'><strong>tertium</strong></span> <span class='ocrx_word' id='word_1_704' title='bbox 2282 4664 2476 4710; x_wconf 87' lang='lat' dir='ltr'><strong>cessat.</strong></span> <span class='ocrx_word' id='word_1_705' title='bbox 2529 4656 2637 4711; x_wconf 87' lang='lat' dir='ltr'><strong>Sed</strong></span> <span class='ocrx_word' id='word_1_706' title='bbox 2685 4674 2790 4714; x_wconf 87' lang='lat' dir='ltr'><strong>non</strong></span> <span class='ocrx_word' id='word_1_707' title='bbox 2841 4660 3104 4729; x_wconf 88' lang='lat' dir='ltr'><strong>potuisse,</strong></span> <span class='ocrx_word' id='word_1_708' title='bbox 3150 4662 3426 4734; x_wconf 81' lang='lat' dir='ltr'><strong>indignum</strong></span> <span class='ocrx_word' id='word_1_709' title='bbox 3481 4665 3594 4724; x_wconf 86' lang='lat' dir='ltr'><strong>Deo</strong></span> 
     </span>
    </p>
   </div>
   <div class='ocr_carea' id='block_1_92' title="bbox 283 4744 1888 4820">
    <p class='ocr_par' dir='ltr' id='par_1_92' title="bbox 283 4744 1888 4820">
     <span class='ocr_line' id='line_1_92' title="bbox 283 4744 1888 4820; baseline 0 -16"><span class='ocrx_word' id='word_1_710' title='bbox 283 4760 514 4820; x_wconf 83' lang='lat' dir='ltr'><strong>semper</strong></span> <span class='ocrx_word' id='word_1_711' title='bbox 560 4745 838 4814; x_wconf 86' lang='lat' dir='ltr'><strong>audietur;</strong></span> <span class='ocrx_word' id='word_1_712' title='bbox 895 4747 1058 4804; x_wconf 90' lang='lat' dir='ltr'><strong>etiam</strong></span> <span class='ocrx_word' id='word_1_713' title='bbox 1088 4744 1354 4803; x_wconf 90' lang='lat' dir='ltr'><strong>videbitur</strong></span> <span class='ocrx_word' id='word_1_714' title='bbox 1405 4745 1674 4815; x_wconf 85' lang='lat' dir='ltr'><strong>quomodo</strong></span> <span class='ocrx_word' id='word_1_715' title='bbox 1724 4747 1888 4806; x_wconf 87' lang='lat' dir='ltr'><strong>volet.</strong></span> 
     </span>
    </p>
   </div>
   <div class='ocr_carea' id='block_1_93' title="bbox 2000 4746 3596 4831">
    <p class='ocr_par' dir='ltr' id='par_1_93' title="bbox 2000 4746 3596 4831">
     <span class='ocr_line' id='line_1_93' title="bbox 2000 4746 3596 4831; baseline 0.008 -28"><span class='ocrx_word' id='word_1_716' title='bbox 2000 4746 2742 4820; x_wconf 77' lang='lat' dir='ltr'><strong>est;Noluissc,atttligttu1tt</strong></span> <span class='ocrx_word' id='word_1_717' title='bbox 2797 4751 2924 4808; x_wconf 90' lang='lat' dir='ltr'><strong>volo</strong></span> <span class='ocrx_word' id='word_1_718' title='bbox 2965 4751 3257 4825; x_wconf 88' lang='lat' dir='ltr'><strong>inquirere.</strong></span> <span class='ocrx_word' id='word_1_719' title='bbox 3294 4756 3389 4814; x_wconf 91' lang='lat' dir='ltr'><strong>Dic</strong></span> <span class='ocrx_word' id='word_1_720' title='bbox 3419 4757 3596 4831; x_wconf 89' lang='lat' dir='ltr'><strong>mihi,</strong></span> 
     </span>
    </p>
   </div>
   <div class='ocr_carea' id='block_1_94' title="bbox 1477 4835 2302 4924">
    <p class='ocr_par' dir='ltr' id='par_1_94' title="bbox 1477 4835 2302 4924">
     <span class='ocr_line' id='line_1_94' title="bbox 1477 4835 2302 4924; baseline 0.004 -9"><span class='ocrx_word' id='word_1_721' title='bbox 1477 4858 1854 4924; x_wconf 79' lang='lat' dir='ltr'><strong>LECTIONES</strong></span> <span class='ocrx_word' id='word_1_722' title='bbox 1897 4835 2302 4924; x_wconf 73' lang='lat' dir='ltr'><strong>VARIANTES.</strong></span> 
     </span>
    </p>
   </div>
   <div class='ocr_carea' id='block_1_95' title="bbox 351 4939 1236 5036">
    <p class='ocr_par' dir='ltr' id='par_1_95' title="bbox 351 4939 1236 5036">
     <span class='ocr_line' id='line_1_95' title="bbox 351 4939 1236 5036; baseline 0 -7"><span class='ocrx_word' id='word_1_723' title='bbox 351 4979 429 5036; x_wconf 72' lang='grc' dir='ltr'><strong>(ι)</strong></span> <span class='ocrx_word' id='word_1_724' title='bbox 469 4975 603 5036; x_wconf 82' lang='lat' dir='ltr'><strong>Quid</strong></span> <span class='ocrx_word' id='word_1_725' title='bbox 629 4976 759 5025; x_wconf 90' lang='lat' dir='ltr'><strong>enim</strong></span> <span class='ocrx_word' id='word_1_726' title='bbox 777 4974 924 5036; x_wconf 86' lang='lat' dir='ltr'><strong>Deus</strong></span> <span class='ocrx_word' id='word_1_727' title='bbox 948 4975 1064 5028; x_wconf 81' lang='lat' dir='ltr'><strong>est?</strong></span> 
     </span>
    </p>
   </div>
   <div class='ocr_carea' id='block_1_96' title="bbox 350 5033 1122 5104">
    <p class='ocr_par' dir='ltr' id='par_1_96' title="bbox 350 5033 1122 5104">
     <span class='ocr_line' id='line_1_96' title="bbox 350 5033 1122 5104; baseline 0 0"><span class='ocrx_word' id='word_1_728' title='bbox 350 5033 427 5104; x_wconf 70' lang='grc'><strong>(2)</strong></span> <span class='ocrx_word' id='word_1_729' title='bbox 462 5033 625 5104; x_wconf 49' lang='lat' dir='ltr'><strong>Tetti!</strong></span> <span class='ocrx_word' id='word_1_730' title='bbox 653 5033 857 5104; x_wconf 49' lang='lat' dir='ltr'><strong>Semler;</strong></span> <span class='ocrx_word' id='word_1_731' title='bbox 1119 5069 1122 5072; x_wconf 87' lang='lat'><strong><em>-</em></strong></span> 
     </span>
    </p>
   </div>
   <div class='ocr_carea' id='block_1_97' title="bbox 349 5099 940 5168">
    <p class='ocr_par' dir='ltr' id='par_1_97' title="bbox 349 5099 940 5168">
     <span class='ocr_line' id='line_1_97' title="bbox 349 5099 940 5168; baseline -0.005 -15"><span class='ocrx_word' id='word_1_732' title='bbox 349 5099 430 5168; x_wconf 78' lang='lat'><strong>(3)</strong></span> <span class='ocrx_word' id='word_1_733' title='bbox 468 5100 767 5154; x_wconf 67' lang='lat' dir='ltr'><strong>Idololatrix:</strong></span> <span class='ocrx_word' id='word_1_734' title='bbox 788 5099 940 5151; x_wconf 79' lang='lat' dir='ltr'><strong>Rhea.</strong></span> 
     </span>
    </p>
   </div>
   <div class='ocr_carea' id='block_1_98' title="bbox 2087 4978 2580 5037">
    <p class='ocr_par' dir='ltr' id='par_1_98' title="bbox 2087 4978 2580 5037">
     <span class='ocr_line' id='line_1_98' title="bbox 2087 4978 2580 5037; baseline 0.012 -7"><span class='ocrx_word' id='word_1_735' title='bbox 2087 4980 2137 5037; x_wconf 79' lang='grc'>4)</span> <span class='ocrx_word' id='word_1_736' title='bbox 2175 4981 2235 5033; x_wconf 68' lang='lat' dir='ltr'><strong>lit</strong></span> <span class='ocrx_word' id='word_1_737' title='bbox 2258 4978 2404 5035; x_wconf 87' lang='lat' dir='ltr'><strong>inser.</strong></span> <span class='ocrx_word' id='word_1_738' title='bbox 2431 4985 2580 5037; x_wconf 85' lang='lat' dir='ltr'><strong>Scntl.</strong></span> 
     </span>
    </p>
   </div>
   <div class='ocr_carea' id='block_1_99' title="bbox 2064 4983 2733 5172">
    <p class='ocr_par' dir='ltr' id='par_1_99' title="bbox 2064 4983 2733 5172">
     <span class='ocr_line' id='line_1_99' title="bbox 2087 4983 2580 5037; baseline 0.012 -7"><span class='ocrx_word' id='word_1_739' title='bbox 2087 4983 2116 5030; x_wconf 79' lang='grc'><strong>4</strong></span> <span class='ocrx_word' id='word_1_740' title='bbox 2175 4983 2235 5033; x_wconf 66' lang='lat' dir='ltr'><strong>lit</strong></span> <span class='ocrx_word' id='word_1_741' title='bbox 2258 4983 2404 5035; x_wconf 87' lang='lat' dir='ltr'><strong>inser.</strong></span> <span class='ocrx_word' id='word_1_742' title='bbox 2431 4985 2580 5037; x_wconf 85' lang='lat' dir='ltr'><strong>Scntl.</strong></span> 
     </span>
     <span class='ocr_line' id='line_1_100' title="bbox 2064 4983 2733 5172; baseline 0.01 -79"><span class='ocrx_word' id='word_1_743' title='bbox 2175 5045 2317 5119; x_wconf 73' lang='lat' dir='ltr'><strong>False</strong></span> <span class='ocrx_word' id='word_1_744' title='bbox 2352 5048 2502 5117; x_wconf 68' lang='lat' dir='ltr'><strong>Itlien.</strong></span> <span class='ocrx_word' id='word_1_745' title='bbox 2535 5049 2733 5101; x_wconf 85' lang='lat' dir='ltr'><strong>Jtutius.</strong></span> 
     </span>
     <span class='ocr_line' id='line_1_101' title="bbox 2089 5107 2733 5172; baseline 0.003 -14"><span class='ocrx_word' id='word_1_746' title='bbox 2089 5107 2140 5172; x_wconf 79' lang='lat' dir='ltr'><strong>t5)</strong></span> <span class='ocrx_word' id='word_1_747' title='bbox 2177 5108 2227 5158; x_wconf 82' lang='lat' dir='ltr'><strong>Si</strong></span> <span class='ocrx_word' id='word_1_748' title='bbox 2250 5118 2416 5161; x_wconf 75' lang='lat' dir='ltr'><strong>inserit</strong></span> <span class='ocrx_word' id='word_1_749' title='bbox 2439 5113 2590 5163; x_wconf 84' lang='lat' dir='ltr'><strong>Seml.</strong></span> <span class='ocrx_word' id='word_1_750' title='bbox 2617 5114 2657 5163; x_wconf 90' lang='lat' dir='ltr'><strong>si</strong></span> <span class='ocrx_word' id='word_1_751' title='bbox 2683 5112 2733 5162; x_wconf 74' lang='lat' dir='ltr'><strong>fa?</strong></span> 
     </span>
    </p>
   </div>
   <div class='ocr_carea' id='block_1_100' title="bbox 2089 5107 2980 5172">
    <p class='ocr_par' dir='ltr' id='par_1_100' title="bbox 2089 5107 2980 5172">
     <span class='ocr_line' id='line_1_102' title="bbox 2089 5107 2980 5172; baseline 0.009 -14"><span class='ocrx_word' id='word_1_752' title='bbox 2089 5107 2140 5172; x_wconf 79' lang='lat' dir='ltr'><strong>t5)</strong></span> <span class='ocrx_word' id='word_1_753' title='bbox 2177 5108 2227 5158; x_wconf 91' lang='lat' dir='ltr'><strong>Si</strong></span> <span class='ocrx_word' id='word_1_754' title='bbox 2250 5108 2416 5161; x_wconf 80' lang='lat' dir='ltr'><strong>inserit</strong></span> <span class='ocrx_word' id='word_1_755' title='bbox 2439 5113 2590 5163; x_wconf 87' lang='lat' dir='ltr'><strong>Seml.</strong></span> <span class='ocrx_word' id='word_1_756' title='bbox 2617 5114 2657 5163; x_wconf 90' lang='lat' dir='ltr'><strong>si</strong></span> <span class='ocrx_word' id='word_1_757' title='bbox 2683 5112 2807 5166; x_wconf 89' lang='lat' dir='ltr'><strong>false</strong></span> <span class='ocrx_word' id='word_1_758' title='bbox 2832 5112 2980 5168; x_wconf 84' lang='lat' dir='ltr'><strong>R/ten.</strong></span> 
     </span>
    </p>
   </div>
   <div class='ocr_carea' id='block_1_101' title="bbox 1663 5189 2221 5250">
    <p class='ocr_par' dir='ltr' id='par_1_101' title="bbox 1663 5189 2221 5250">
     <span class='ocr_line' id='line_1_103' title="bbox 1663 5189 2221 5250; baseline 0.002 -4"><span class='ocrx_word' id='word_1_759' title='bbox 1663 5189 2221 5250; x_wconf 76' lang='lat' dir='ltr'><strong>COMMENTARIUS.</strong></span> 
     </span>
    </p>
   </div>
   <div class='ocr_carea' id='block_1_102' title="bbox 363 5303 1888 5378">
    <p class='ocr_par' dir='ltr' id='par_1_102' title="bbox 363 5303 1888 5378">
     <span class='ocr_line' id='line_1_104' title="bbox 363 5303 1888 5378; baseline 0.002 -18"><span class='ocrx_word' id='word_1_760' title='bbox 363 5305 452 5378; x_wconf 63' lang='grc' dir='ltr'>(η)</span> <span class='ocrx_word' id='word_1_761' title='bbox 491 5303 681 5376; x_wconf 82' lang='lat' dir='ltr'><strong>Itaque</strong></span> <span class='ocrx_word' id='word_1_762' title='bbox 727 5304 1130 5360; x_wconf 80' lang='lat' dir='ltr'><strong>constantissime</strong></span> <span class='ocrx_word' id='word_1_763' title='bbox 1156 5303 1568 5378; x_wconf 10' lang='lat' dir='ltr'><strong>dirigant.iQuas</strong></span> <span class='ocrx_word' id='word_1_764' title='bbox 1595 5304 1648 5360; x_wconf 89' lang='lat' dir='ltr'><strong>in</strong></span> <span class='ocrx_word' id='word_1_765' title='bbox 1682 5323 1779 5362; x_wconf 90' lang='lat' dir='ltr'><strong>nos</strong></span> <span class='ocrx_word' id='word_1_766' title='bbox 1805 5325 1888 5364; x_wconf 91' lang='lat' dir='ltr'><strong>ra-</strong></span> 
     </span>
    </p>
   </div>
   <div class='ocr_carea' id='block_1_103' title="bbox 293 5376 1890 5450">
    <p class='ocr_par' dir='ltr' id='par_1_103' title="bbox 293 5376 1890 5450">
     <span class='ocr_line' id='line_1_105' title="bbox 293 5376 1890 5450; baseline 0.001 -16"><span class='ocrx_word' id='word_1_767' title='bbox 293 5376 476 5434; x_wconf 83' lang='lat' dir='ltr'><strong>tiones</strong></span> <span class='ocrx_word' id='word_1_768' title='bbox 528 5386 922 5450; x_wconf 83' lang='lat' dir='ltr'><strong>contorsernnt,</strong></span> <span class='ocrx_word' id='word_1_769' title='bbox 961 5376 1302 5450; x_wconf 86' lang='lat' dir='ltr'><strong>retorquebo.</strong></span> <span class='ocrx_word' id='word_1_770' title='bbox 1357 5376 1616 5450; x_wconf 79' lang='lat' dir='ltr'><strong>Dii-igere,</strong></span> <span class='ocrx_word' id='word_1_771' title='bbox 1664 5387 1746 5434; x_wconf 92' lang='lat' dir='ltr'><strong>est</strong></span> <span class='ocrx_word' id='word_1_772' title='bbox 1774 5380 1890 5450; x_wconf 84' lang='lat' dir='ltr'><strong>lege</strong></span> 
     </span>
    </p>
   </div>
   <div class='ocr_carea' id='block_1_104' title="bbox 291 5448 1888 5521">
    <p class='ocr_par' dir='ltr' id='par_1_104' title="bbox 291 5448 1888 5521">
     <span class='ocr_line' id='line_1_106' title="bbox 291 5448 1888 5521; baseline 0 -17"><span class='ocrx_word' id='word_1_773' title='bbox 291 5464 485 5521; x_wconf 69' lang='lat' dir='ltr'><strong>agere,</strong></span> <span class='ocrx_word' id='word_1_774' title='bbox 515 5449 629 5504; x_wconf 83' lang='lat' dir='ltr'><strong>sive</strong></span> <span class='ocrx_word' id='word_1_775' title='bbox 665 5449 996 5521; x_wconf 80' lang='lat' dir='ltr'><strong>convenire,_</strong></span> <span class='ocrx_word' id='word_1_776' title='bbox 1015 5456 1068 5502; x_wconf 89' lang='lat' dir='ltr'><strong>et</strong></span> <span class='ocrx_word' id='word_1_777' title='bbox 1095 5448 1359 5521; x_wconf 75' lang='lat' dir='ltr'><strong>actionem</strong></span> <span class='ocrx_word' id='word_1_778' title='bbox 1389 5448 1665 5521; x_wconf 72' lang='lat' dir='ltr'><strong>intendere</strong></span> <span class='ocrx_word' id='word_1_779' title='bbox 1697 5465 1712 5504; x_wconf 91' lang='lat'>:</span> <span class='ocrx_word' id='word_1_780' title='bbox 1743 5448 1888 5505; x_wconf 56' lang='lat' dir='ltr'><strong>sic&#39;l.</strong></span> 
     </span>
    </p>
   </div>
   <div class='ocr_carea' id='block_1_105' title="bbox 291 5517 1892 5592">
    <p class='ocr_par' dir='ltr' id='par_1_105' title="bbox 291 5517 1892 5592">
     <span class='ocr_line' id='line_1_107' title="bbox 291 5517 1892 5592; baseline 0.001 -16"><span class='ocrx_word' id='word_1_781' title='bbox 291 5517 354 5592; x_wconf 65' lang='grc' dir='ltr'><strong>Ιξ</strong></span> <span class='ocrx_word' id='word_1_782' title='bbox 367 5521 423 5589; x_wconf 64' lang='grc' dir='ltr'><strong>ε.</strong></span> <span class='ocrx_word' id='word_1_783' title='bbox 455 5521 503 5576; x_wconf 82' lang='lat' dir='ltr'><strong>si</strong></span> <span class='ocrx_word' id='word_1_784' title='bbox 537 5536 631 5592; x_wconf 85' lang='lat' dir='ltr'><strong>ego</strong></span> <span class='ocrx_word' id='word_1_785' title='bbox 662 5520 724 5573; x_wconf 92' lang='lat' dir='ltr'><strong>D.</strong></span> <span class='ocrx_word' id='word_1_786' title='bbox 744 5519 788 5573; x_wconf 91' lang='lat' dir='ltr'><strong>si</strong></span> <span class='ocrx_word' id='word_1_787' title='bbox 835 5535 956 5589; x_wconf 86' lang='lat' dir='ltr'><strong>pars</strong></span> <span class='ocrx_word' id='word_1_788' title='bbox 984 5518 1185 5575; x_wconf 65' lang='lat' dir='ltr'><strong>hatred.</strong></span> <span class='ocrx_word' id='word_1_789' title='bbox 1217 5528 1464 5587; x_wconf 67' lang='lat' dir='ltr'><strong>petatur;</strong></span> <span class='ocrx_word' id='word_1_790' title='bbox 1491 5517 1556 5572; x_wconf 81' lang='lat' dir='ltr'><strong>Et</strong></span> <span class='ocrx_word' id='word_1_791' title='bbox 1586 5520 1673 5574; x_wconf 82' lang='lat' dir='ltr'><strong>ille</strong></span> <span class='ocrx_word' id='word_1_792' title='bbox 1696 5538 1892 5590; x_wconf 83' lang='lat' dir='ltr'><strong>quoque</strong></span> 
     </span>
    </p>
   </div>
   <div class='ocr_carea' id='block_1_106' title="bbox 294 5591 1889 5662">
    <p class='ocr_par' dir='ltr' id='par_1_106' title="bbox 294 5591 1889 5662">
     <span class='ocr_line' id='line_1_108' title="bbox 294 5591 1889 5662; baseline 0.002 -17"><span class='ocrx_word' id='word_1_793' title='bbox 294 5591 494 5662; x_wconf 78' lang='lat' dir='ltr'><strong>dirigat</strong></span> <span class='ocrx_word' id='word_1_794' title='bbox 523 5591 775 5662; x_wconf 65' lang='lat' dir='ltr'><strong>aetionent</strong></span> <span class='ocrx_word' id='word_1_795' title='bbox 795 5592 1032 5662; x_wconf 85' lang='lat' dir='ltr'><strong>adversus</strong></span> <span class='ocrx_word' id='word_1_796' title='bbox 1057 5600 1283 5646; x_wconf 71' lang='lat' dir='ltr'><strong>exterunt</strong></span> <span class='ocrx_word' id='word_1_797' title='bbox 1310 5606 1665 5657; x_wconf 83' lang='lat' dir='ltr'><strong>possessorem.</strong></span> <span class='ocrx_word' id='word_1_798' title='bbox 1697 5592 1770 5647; x_wconf 83' lang='lat' dir='ltr'><strong>LE</strong></span> <span class='ocrx_word' id='word_1_799' title='bbox 1792 5593 1889 5648; x_wconf 84' lang='lat' dir='ltr'><strong>Pu.</strong></span> 
     </span>
    </p>
   </div>
   <div class='ocr_carea' id='block_1_107' title="bbox 369 5660 1891 5735">
    <p class='ocr_par' dir='ltr' id='par_1_107' title="bbox 369 5660 1891 5735">
     <span class='ocr_line' id='line_1_109' title="bbox 369 5660 1891 5735; baseline -0.001 -15"><span class='ocrx_word' id='word_1_800' title='bbox 369 5660 533 5720; x_wconf 76' lang='lat' dir='ltr'><strong>CAP.</strong></span> <span class='ocrx_word' id='word_1_801' title='bbox 564 5660 634 5718; x_wconf 76' lang='grc' dir='ltr'><strong>Χ.</strong></span> <span class='ocrx_word' id='word_1_802' title='bbox 653 5689 729 5735; x_wconf 45' lang='lat'><strong>~5—</strong></span> <span class='ocrx_word' id='word_1_803' title='bbox 757 5661 838 5735; x_wconf 94' lang='lat' dir='ltr'><strong>(b)</strong></span> <span class='ocrx_word' id='word_1_804' title='bbox 871 5662 1044 5733; x_wconf 86' lang='lat' dir='ltr'><strong>Major</strong></span> <span class='ocrx_word' id='word_1_805' title='bbox 1092 5661 1410 5733; x_wconf 72' lang='lat' dir='ltr'><strong>popularitas</strong></span> <span class='ocrx_word' id='word_1_806' title='bbox 1434 5663 1627 5732; x_wconf 79' lang='lat' dir='ltr'><strong>generis</strong></span> <span class='ocrx_word' id='word_1_807' title='bbox 1658 5664 1891 5718; x_wconf 79' lang='lat' dir='ltr'><strong>lutntani.</strong></span> 
     </span>
    </p>
   </div>
   <div class='ocr_carea' id='block_1_108' title="bbox 297 5731 1890 5802">
    <p class='ocr_par' dir='ltr' id='par_1_108' title="bbox 297 5731 1890 5802">
     <span class='ocr_line' id='line_1_110' title="bbox 297 5731 1890 5802; baseline -0.001 -12"><span class='ocrx_word' id='word_1_808' title='bbox 297 5731 420 5790; x_wconf 81' lang='lat' dir='ltr'><strong>lloc</strong></span> <span class='ocrx_word' id='word_1_809' title='bbox 440 5743 545 5800; x_wconf 78' lang='lat' dir='ltr'><strong>est,</strong></span> <span class='ocrx_word' id='word_1_810' title='bbox 566 5731 1144 5802; x_wconf 57' lang='lat' dir='ltr'><strong>getitiurit&#39;cOIIsenSIIS,</strong></span> <span class='ocrx_word' id='word_1_811' title='bbox 1171 5731 1495 5789; x_wconf 77' lang='lat' dir='ltr'><strong>conscientia</strong></span> <span class='ocrx_word' id='word_1_812' title='bbox 1519 5735 1746 5802; x_wconf 89' lang='lat' dir='ltr'><strong>publica.</strong></span> <span class='ocrx_word' id='word_1_813' title='bbox 1773 5735 1890 5792; x_wconf 70' lang='lat' dir='ltr'><strong>RIG.</strong></span> 
     </span>
    </p>
   </div>
   <div class='ocr_carea' id='block_1_109' title="bbox 373 5803 1894 5878">
    <p class='ocr_par' dir='ltr' id='par_1_109' title="bbox 373 5803 1894 5878">
     <span class='ocr_line' id='line_1_111' title="bbox 373 5803 1894 5878; baseline 0.003 -20"><span class='ocrx_word' id='word_1_814' title='bbox 373 5805 536 5878; x_wconf 76' lang='lat' dir='ltr'><strong>CAP.</strong></span> <span class='ocrx_word' id='word_1_815' title='bbox 570 5803 743 5860; x_wconf 78' lang='lat' dir='ltr'><strong>XL—</strong></span> <span class='ocrx_word' id='word_1_816' title='bbox 762 5804 835 5878; x_wconf 83' lang='lat' dir='ltr'><strong>(c)</strong></span> <span class='ocrx_word' id='word_1_817' title='bbox 869 5806 1084 5872; x_wconf 81' lang='lat' dir='ltr'><strong>Quando</strong></span> <span class='ocrx_word' id='word_1_818' title='bbox 1109 5822 1250 5860; x_wconf 87' lang='lat' dir='ltr'><strong>error</strong></span> <span class='ocrx_word' id='word_1_819' title='bbox 1277 5806 1428 5878; x_wconf 77' lang='lat' dir='ltr'><strong>etiam</strong></span> <span class='ocrx_word' id='word_1_820' title='bbox 1457 5805 1612 5874; x_wconf 84' lang='lat' dir='ltr'><strong>orbis,</strong></span> <span class='ocrx_word' id='word_1_821' title='bbox 1642 5818 1746 5865; x_wconf 88' lang='lat' dir='ltr'><strong>etc.</strong></span> <span class='ocrx_word' id='word_1_822' title='bbox 1781 5807 1894 5862; x_wconf 85' lang='lat' dir='ltr'><strong>Hoc</strong></span> 
     </span>
    </p>
   </div>
   <div class='ocr_carea' id='block_1_110' title="bbox 301 5875 1891 5949">
    <p class='ocr_par' dir='ltr' id='par_1_110' title="bbox 301 5875 1891 5949">
     <span class='ocr_line' id='line_1_112' title="bbox 301 5875 1891 5949; baseline 0 -13"><span class='ocrx_word' id='word_1_823' title='bbox 301 5875 571 5936; x_wconf 72' lang='lat' dir='ltr'><strong>latissime</strong></span> <span class='ocrx_word' id='word_1_824' title='bbox 590 5875 841 5934; x_wconf 70' lang='lat' dir='ltr'><strong>tractaVi&#39;t.</strong></span> <span class='ocrx_word' id='word_1_825' title='bbox 861 5888 1046 5934; x_wconf 89' lang='lat' dir='ltr'><strong>auctor</strong></span> <span class='ocrx_word' id='word_1_826' title='bbox 1068 5889 1256 5949; x_wconf 89' lang='lat' dir='ltr'><strong>supra,</strong></span> <span class='ocrx_word' id='word_1_827' title='bbox 1290 5876 1508 5948; x_wconf 79' lang='lat' dir='ltr'><strong>Apolog.</strong></span> <span class='ocrx_word' id='word_1_828' title='bbox 1540 5893 1588 5936; x_wconf 89' lang='lat' dir='ltr'><strong>c.</strong></span> <span class='ocrx_word' id='word_1_829' title='bbox 1621 5878 1687 5947; x_wconf 75' lang='lat'><strong>2,</strong></span> <span class='ocrx_word' id='word_1_830' title='bbox 1728 5881 1891 5936; x_wconf 85' lang='lat' dir='ltr'><strong>etiam</strong></span> 
     </span>
    </p>
   </div>
   <div class='ocr_carea' id='block_1_111' title="bbox 1994 5309 3600 5393">
    <p class='ocr_par' dir='ltr' id='par_1_111' title="bbox 1994 5309 3600 5393">
     <span class='ocr_line' id='line_1_113' title="bbox 1994 5309 3600 5393; baseline 0.01 -28"><span class='ocrx_word' id='word_1_831' title='bbox 1994 5325 2158 5393; x_wconf 72' lang='lat' dir='ltr'><strong>vanas</strong></span> <span class='ocrx_word' id='word_1_832' title='bbox 2181 5309 2296 5365; x_wconf 91' lang='lat' dir='ltr'><strong>illas</strong></span> <span class='ocrx_word' id='word_1_833' title='bbox 2321 5324 2442 5367; x_wconf 88' lang='lat' dir='ltr'><strong>esse</strong></span> <span class='ocrx_word' id='word_1_834' title='bbox 2470 5329 2687 5393; x_wconf 82' lang='lat' dir='ltr'><strong>caussas</strong></span> <span class='ocrx_word' id='word_1_835' title='bbox 2713 5320 3091 5393; x_wconf 85' lang='lat' dir='ltr'><strong>comprobans,</strong></span> <span class='ocrx_word' id='word_1_836' title='bbox 3109 5322 3176 5378; x_wconf 90' lang='lat' dir='ltr'><strong>oh</strong></span> <span class='ocrx_word' id='word_1_837' title='bbox 3203 5339 3335 5393; x_wconf 89' lang='lat' dir='ltr'><strong>quas</strong></span> <span class='ocrx_word' id='word_1_838' title='bbox 3363 5325 3493 5383; x_wconf 83' lang='lat' dir='ltr'><strong>Deos</strong></span> <span class='ocrx_word' id='word_1_839' title='bbox 3517 5343 3600 5381; x_wconf 83' lang='lat' dir='ltr'><strong>or-</strong></span> 
     </span>
    </p>
   </div>
   <div class='ocr_carea' id='block_1_112' title="bbox 1994 5381 3598 5465">
    <p class='ocr_par' dir='ltr' id='par_1_112' title="bbox 1994 5381 3598 5465">
     <span class='ocr_line' id='line_1_114' title="bbox 1994 5381 3598 5465; baseline 0.011 -30"><span class='ocrx_word' id='word_1_840' title='bbox 1994 5381 2070 5436; x_wconf 77' lang='lat' dir='ltr'><strong>bis</strong></span> <span class='ocrx_word' id='word_1_841' title='bbox 2097 5389 2670 5465; x_wconf 50' lang='grc' dir='ltr'><strong>ιςηᾳῃῖφξςιηιρξρνὶι,</strong></span> <span class='ocrx_word' id='word_1_842' title='bbox 2720 5381 2858 5458; x_wconf 74' lang='lat' dir='ltr'><strong>quod</strong></span> <span class='ocrx_word' id='word_1_843' title='bbox 2903 5381 3100 5460; x_wconf 68' lang='lat' dir='ltr'><strong>aliquid</strong></span> <span class='ocrx_word' id='word_1_844' title='bbox 3126 5381 3598 5465; x_wconf 68' lang='lat' dir='ltr'><strong>prospexerintlm-</strong></span> 
     </span>
    </p>
   </div>
   <div class='ocr_carea' id='block_1_113' title="bbox 1994 5453 2664 5510">
    <p class='ocr_par' dir='ltr' id='par_1_113' title="bbox 1994 5453 2664 5510">
     <span class='ocr_line' id='line_1_115' title="bbox 1994 5453 2664 5510; baseline 0.004 -5"><span class='ocrx_word' id='word_1_845' title='bbox 1994 5454 2156 5506; x_wconf 86' lang='lat' dir='ltr'><strong>manis</strong></span> <span class='ocrx_word' id='word_1_846' title='bbox 2186 5453 2504 5508; x_wconf 83' lang='lat' dir='ltr'><strong>utilitatibus.</strong></span> <span class='ocrx_word' id='word_1_847' title='bbox 2533 5457 2664 5510; x_wconf 74' lang='lat' dir='ltr'><strong>Pint.</strong></span> 
     </span>
    </p>
   </div>
   <div class='ocr_carea' id='block_1_114' title="bbox 2021 5521 3599 5605">
    <p class='ocr_par' dir='ltr' id='par_1_114' title="bbox 2021 5521 3599 5605">
     <span class='ocr_line' id='line_1_116' title="bbox 2021 5521 3599 5605; baseline 0.011 -30"><span class='ocrx_word' id='word_1_848' title='bbox 2021 5595 2032 5605; x_wconf 35' lang='grc' dir='ltr'>ι</span> <span class='ocrx_word' id='word_1_849' title='bbox 2070 5522 2178 5605; x_wconf 36' lang='lat' dir='ltr'><strong>(da)</strong></span> <span class='ocrx_word' id='word_1_850' title='bbox 2214 5521 2380 5605; x_wconf 49' lang='lat' dir='ltr'><strong>(lnam</strong></span> <span class='ocrx_word' id='word_1_851' title='bbox 2408 5527 2584 5579; x_wconf 85' lang='lat' dir='ltr'><strong>saltem</strong></span> <span class='ocrx_word' id='word_1_852' title='bbox 2614 5530 2932 5605; x_wconf 69' lang='lat' dir='ltr'><strong>cicerculmn,</strong></span> <span class='ocrx_word' id='word_1_853' title='bbox 2968 5541 3070 5605; x_wconf 82' lang='lat' dir='ltr'><strong>etc.</strong></span> <span class='ocrx_word' id='word_1_854' title='bbox 3115 5534 3321 5605; x_wconf 81' lang='lat' dir='ltr'><strong>chunt</strong></span> <span class='ocrx_word' id='word_1_855' title='bbox 3367 5539 3464 5592; x_wconf 87' lang='lat' dir='ltr'><strong>Ms.</strong></span> <span class='ocrx_word' id='word_1_856' title='bbox 3494 5539 3599 5592; x_wconf 56' lang='lat' dir='ltr'><strong>Va-</strong></span> 
     </span>
    </p>
   </div>
   <div class='ocr_carea' id='block_1_115' title="bbox 1996 5594 3596 5678">
    <p class='ocr_par' dir='ltr' id='par_1_115' title="bbox 1996 5594 3596 5678">
     <span class='ocr_line' id='line_1_117' title="bbox 1996 5594 3596 5678; baseline 0.01 -31"><span class='ocrx_word' id='word_1_857' title='bbox 1996 5595 2089 5678; x_wconf 70' lang='lat' dir='ltr'><strong>lic.</strong></span> <span class='ocrx_word' id='word_1_858' title='bbox 2122 5594 2156 5647; x_wconf 77' lang='grc'>2</span> <span class='ocrx_word' id='word_1_859' title='bbox 2183 5594 2391 5678; x_wconf 46' lang='lat' dir='ltr'><strong>saltim.‘</strong></span> <span class='ocrx_word' id='word_1_860' title='bbox 2415 5612 2580 5677; x_wconf 42' lang='lat' dir='ltr'><strong>more.</strong></span> <span class='ocrx_word' id='word_1_861' title='bbox 2599 5601 2793 5678; x_wconf 72' lang='lat' dir='ltr'><strong>veteri,</strong></span> <span class='ocrx_word' id='word_1_862' title='bbox 2817 5594 2928 5654; x_wconf 27' lang='lat' dir='ltr'><strong>sed—</strong></span> <span class='ocrx_word' id='word_1_863' title='bbox 2949 5603 3098 5678; x_wconf 85' lang='lat' dir='ltr'><strong>nolui</strong></span> <span class='ocrx_word' id='word_1_864' title='bbox 3125 5594 3423 5660; x_wconf 57' lang='lat' dir='ltr'><strong>iminutare.</strong></span> <span class='ocrx_word' id='word_1_865' title='bbox 3456 5611 3596 5678; x_wconf 83' lang='lat' dir='ltr'><strong>Apto</strong></span> 
     </span>
    </p>
   </div>
   <div class='ocr_carea' id='block_1_116' title="bbox 1997 5665 3594 5744">
    <p class='ocr_par' dir='ltr' id='par_1_116' title="bbox 1997 5665 3594 5744">
     <span class='ocr_line' id='line_1_118' title="bbox 1997 5665 3594 5744; baseline 0.008 -28"><span class='ocrx_word' id='word_1_866' title='bbox 1997 5676 2174 5744; x_wconf 77' lang='lat' dir='ltr'><strong>autem</strong></span> <span class='ocrx_word' id='word_1_867' title='bbox 2203 5665 2506 5744; x_wconf 74' lang='lat' dir='ltr'><strong>metaphora</strong></span> <span class='ocrx_word' id='word_1_868' title='bbox 2536 5667 2844 5744; x_wconf 62' lang='lat' dir='ltr'><strong>cireerculm</strong></span> <span class='ocrx_word' id='word_1_869' title='bbox 2885 5677 3070 5739; x_wconf 89' lang='lat' dir='ltr'><strong>utitur,</strong></span> <span class='ocrx_word' id='word_1_870' title='bbox 3101 5691 3165 5726; x_wconf 88' lang='lat' dir='ltr'><strong>eo</strong></span> <span class='ocrx_word' id='word_1_871' title='bbox 3191 5677 3330 5743; x_wconf 90' lang='lat' dir='ltr'><strong>quod</strong></span> <span class='ocrx_word' id='word_1_872' title='bbox 3377 5665 3594 5744; x_wconf 64' lang='lat' dir='ltr'><strong>Triple-</strong></span> 
     </span>
    </p>
   </div>
   <div class='ocr_carea' id='block_1_117' title="bbox 1999 5736 3589 5814">
    <p class='ocr_par' dir='ltr' id='par_1_117' title="bbox 1999 5736 3589 5814">
     <span class='ocr_line' id='line_1_119' title="bbox 1999 5736 3589 5814; baseline 0.006 -23"><span class='ocrx_word' id='word_1_873' title='bbox 1999 5736 2414 5814; x_wconf 81' lang='lat' dir='ltr'><strong>letuus_pr_i_i_nus</strong></span> <span class='ocrx_word' id='word_1_874' title='bbox 2460 5737 2672 5814; x_wconf 73' lang='lat' dir='ltr'><strong>serendi</strong></span> <span class='ocrx_word' id='word_1_875' title='bbox 2704 5740 2920 5814; x_wconf 84' lang='lat' dir='ltr'><strong>modum</strong></span> <span class='ocrx_word' id='word_1_876' title='bbox 2952 5736 3246 5814; x_wconf 71' lang='lat' dir='ltr'><strong>tradiderit.</strong></span> <span class='ocrx_word' id='word_1_877' title='bbox 3278 5745 3411 5814; x_wconf 77' lang='lat' dir='ltr'><strong>lliuc</strong></span> <span class='ocrx_word' id='word_1_878' title='bbox 3461 5736 3589 5802; x_wconf 78' lang='lat' dir='ltr'><strong>illud</strong></span> 
     </span>
    </p>
   </div>
   <div class='ocr_carea' id='block_1_118' title="bbox 1998 5807 3592 5888">
    <p class='ocr_par' dir='ltr' id='par_1_118' title="bbox 1998 5807 3592 5888">
     <span class='ocr_line' id='line_1_120' title="bbox 1998 5807 3592 5888; baseline 0.008 -27"><span class='ocrx_word' id='word_1_879' title='bbox 1998 5809 2230 5888; x_wconf 75' lang='lat' dir='ltr'><strong>auctoris</strong></span> <span class='ocrx_word' id='word_1_880' title='bbox 2273 5807 2364 5861; x_wconf 90' lang='lat' dir='ltr'><strong>lib.</strong></span> <span class='ocrx_word' id='word_1_881' title='bbox 2407 5808 2475 5888; x_wconf 66' lang='lat' dir='ltr'><strong>all</strong></span> <span class='ocrx_word' id='word_1_882' title='bbox 2516 5807 2841 5888; x_wconf 61' lang='lat' dir='ltr'><strong>Herennium</strong></span> <span class='ocrx_word' id='word_1_883' title='bbox 2870 5828 2888 5865; x_wconf 87' lang='lat'><strong><em>:</em></strong></span> <span class='ocrx_word' id='word_1_884' title='bbox 2940 5813 3001 5868; x_wconf 85' lang='lat' dir='ltr'><strong>Si</strong></span> <span class='ocrx_word' id='word_1_885' title='bbox 3054 5807 3419 5888; x_wconf 72' lang='lat' dir='ltr'><strong>Triptolemus,</strong></span> <span class='ocrx_word' id='word_1_886' title='bbox 3475 5834 3592 5874; x_wconf 84' lang='lat' dir='ltr'><strong>cunt</strong></span> 
     </span>
    </p>
   </div>
   <div class='ocr_carea' id='block_1_119' title="bbox 1997 5879 2944 5953">
    <p class='ocr_par' dir='ltr' id='par_1_119' title="bbox 1997 5879 2944 5953">
     <span class='ocr_line' id='line_1_121' title="bbox 1997 5879 2944 5953; baseline 0.008 -19"><span class='ocrx_word' id='word_1_887' title='bbox 1997 5881 2228 5938; x_wconf 82' lang='lat' dir='ltr'><strong>omnibus</strong></span> <span class='ocrx_word' id='word_1_888' title='bbox 2261 5895 2428 5935; x_wconf 79' lang='lat' dir='ltr'><strong>semen</strong></span> <span class='ocrx_word' id='word_1_889' title='bbox 2457 5879 2746 5953; x_wconf 81' lang='lat' dir='ltr'><strong>largiretur.</strong></span> <span class='ocrx_word' id='word_1_890' title='bbox 2808 5883 2944 5942; x_wconf 71' lang='lat' dir='ltr'><strong>l&#39;w.</strong></span> 
     </span>
    </p>
   </div>
  </div>
