4008 6280
401 341 514 401 239

1827 342 2287 401 TERTULLIANI

3596 312 3705 403 260

411 456 674 527 Marcion,
706 457 874 514 voluit
898 457 1039 513 Deus
1066 464 1188 514 tuus
1213 456 1465 530 cognosci
1490 470 1549 513 se
1577 470 1918 531 quocumque
1948 457 1999 512 in
2028 460 2079 519 A
2108 475 2213 516 non
2245 457 2428 514 statim
2448 458 2655 515 ratione
2680 459 2928 531 credunt,
2962 474 3067 515 non
3087 459 3349 517 habentes
3377 460 3469 517 Dei
3492 463 3701 533 pignus,

410 550 698 621 tempore?
740 564 885 607 anne
926 546 1007 622 (l)
1048 549 1155 607 alio
1199 549 1477 621 proposito
1524 557 1579 604 et
1624 548 1924 616 descendit,
1949 558 2003 605 et

414 643 746 715 praedicavit,
769 652 828 700 et
856 657 1046 714 passus
1067 642 1387 710 resurrexit,
1415 657 1578 713 qttam
1606 642 1679 697 uti
1710 655 2001 713 cognosce-

405 738 605 793 retur?
634 736 703 792 Et
742 737 860 793 sine
910 736 1096 804 dubio,
1141 737 1186 791 si
1225 737 1471 807 cognitus
1498 747 1601 803 est,
1629 736 1795 790 voluit
1824 753 1835 788 :
1860 722 2001 790 nihil

405 828 551 887 enim
577 829 722 886 circa
753 847 877 887 eum
910 830 1083 896 ﬂeret,
1113 830 1215 885 nisi
1243 829 1524 888 voluisset.
1554 829 1695 898 Quid
1722 845 1851 902 ergo
1880 840 1998 885 tan-

404 932 593 996 tepere
623 926 867 983 notitiam
895 926 977 981 sui
1010 925 1337 995 procuravit,
1364 935 1422 979 ut
1453 924 1507 980 in
1527 925 1792 981 dedecore
1820 923 1999 993 carnis

403 1017 776 1086 exhiberetur,
834 1027 888 1073 et
916 1015 1132 1087 quidem
1175 1016 1403 1088 majore,
1452 1017 1495 1071 si
1532 1015 1721 1072 falsae?
1754 1014 1836 1089 (ἃ)
1865 1016 1998 1071 Nam

403 1109 508 1167 hoc
536 1112 766 1182 turpius,
793 1110 841 1166 si
867 1119 922 1167 et
946 1110 1202 1166 mentitus
1234 1120 1318 1167 est
1347 1110 1702 1166 substantiam
1730 1111 1996 1181 corporis,

403 1205 493 1274 qui
520 1212 575 1259 et
601 1202 946 1270 maledictum
975 1206 1029 1259 lu
1060 1218 1120 1260 se
1136 1202 1414 1259 Creatoris
1439 1202 1678 1270 admisit,
1703 1203 1847 1273 ligno
1875 1216 1996 1257 sus-

402 1312 622 1371 pensus.
655 1297 873 1367 Quanto
902 1298 1185 1354 honestius
1227 1311 1322 1368 per
1361 1296 1535 1366 aliqua
1571 1295 1804 1368 propriae
1842 1295 1999 1350 moli-

400 1392 567 1447 tionis
592 1391 792 1448 indicia
816 1391 1180 1463 cognitionem
1199 1391 1282 1445 sui
1308 1388 1749 1461 prmstruxisset?
1770 1386 1999 1443 Maxime

397 1484 661 1543 adversus
690 1499 816 1557 eum
842 1486 1098 1557 cognosci
1129 1483 1353 1551 habens,
1385 1483 1526 1555 apud
1548 1498 1709 1554 quem
1731 1497 1799 1538 ex
1820 1482 1996 1553 operi-

397 1575 500 1633 bus
521 1576 589 1635 ab
617 1576 772 1633 initio
797 1577 1048 1648 cognitus
1076 1591 1183 1632 non
1213 1574 1510 1632 eratt‘Nam
1537 1584 1592 1631 et
1619 1574 1777 1646 quale
1803 1584 1906 1640 est,
1940 1581 1998 1629 ut
2026 1612 2027 1615 η

397 1666 628 1729 Creator
653 1668 871 1739 quidem
903 1662 1159 1741 ignorans
1185 1682 1308 1724 esse
1332 1669 1497 1724 alium
1525 1682 1688 1738 super
1713 1683 1774 1725 se
1809 1666 1992 1735 deum,

398 1771 456 1816 ut
482 1759 666 1817 volunt
685 1760 1068 1831 Marcionistae,
1100 1761 1190 1832 qui
1217 1761 1391 1816 solum
1422 1775 1483 1818 se
1504 1759 1862 1830 etiamjurans
1891 1758 1993 1832 (Is.

2105 567 2266 623 opera
2295 553 2431 624 ejus,
2450 553 2761 624 Deo‘digna.
2789 555 2994 625 Itaque,
3021 555 3123 611 hoc
3151 555 3369 612 nomine
3386 558 3705 614 cessationis

2104 652 2159 699 ct
2186 643 2501 701 defeetionis
2523 659 2769 718 operum,
2800 655 2855 702 et
2885 634 3231 717 impudentiae
3260 645 3341 722 (6)
3374 646 3451 721 (ὁ)
3477 658 3531 704 et
3553 651 3705 706 mali-

2103 738 2321 810 gnitatis
2347 739 2541 795 adﬁnis
2572 750 2656 796 est
2693 759 2707 796 :
2744 740 3088 813 impudentiae
3114 742 3219 814 (7),
3248 758 3353 813 qua
3398 732 3554 798 tidem
3595 758 3701 800 non

2104 830 2338 886 debitam
2368 832 2471 887 sibi
2502 842 2702 905 captat,
2751 835 2837 890 cui
2865 820 3253 905 prmstruendm
3294 835 3430 890 nihil
3476 852 3701 908 prospe-

2102 924 2214 991 xit;
2240 924 2608 997 malignitatis,
2641 943 2743 1000 qua
2775 928 2956 998 plures
2984 928 3374 987 incredulitatis
3396 945 3518 988 reos
3545 930 3701 1001 fecit,

2104 1015 2253 1097 nihil
2270 1016 2395 1077 ﬁdei
2420 1019 2785 1090 procurando.

2711 1113 2937 1172 CAPUT
2966 1114 3104 1171 XIII.

2175 1204 2307 1261 Cum
2349 1204 2508 1263 deum
2558 1206 2661 1262 hoc
2695 1208 2863 1279 gradu
2905 1209 3251 1281 expellimus,
3286 1211 3373 1267 cui
3401 1212 3549 1267 nulla
3574 1227 3706 1269 con-

2102 1296 2237 1354 ditio
2264 1307 2370 1353 tant
2404 1299 2617 1370 propria
2646 1309 2701 1355 ct
2728 1302 2836 1375 Deo
2863 1301 3041 1373 digna,
3072 1318 3233 1374 quam
3260 1302 3554 1371 Creatoris,
3589 1316 3700 1362 tes‘
3779 1331 3790 1343 ί

2102 1391 2386 1448 timonium
2452 1394 2822 1465 prmsignarit,
2881 1394 3007 1469 (ο)
3062 1411 3247 1453 narem
3316 1399 3703 1457 contrahentes

2102 1483 2551 1555 impudentissimi
2572 1468 2950 1554 Marcionisttn,
2966 1468 3324 1545 convertuntu
3337 1504 3363 1544 r
3381 1490 3447 1545 ad
3462 1493 3707 1548 destruc-

2104 1576 2304 1632 tionem
2329 1592 2551 1648 operum
2567 1579 2857 1635 Creatoris.
2898 1581 3185 1648 Nimirum,
3206 1583 3473 1654 inquiunt,
3497 1585 3707 1655 grande

2101 1684 2238 1739 opus
2259 1679 2315 1726 et
2341 1669 2562 1740 dignum
2592 1671 2721 1738 Deo,
2753 1672 3005 1732 mundus.
3038 1673 3302 1745 Numquid
3328 1690 3456 1746 ergo
3479 1678 3707 1733 Creator

2101 1764 2326 1819 minime
2357 1764 2539 1827 Deus?
2583 1765 2747 1821 Plane
2798 1766 2960 1841 Deus.
3006 1766 3151 1841 Ergo
3190 1784 3289 1824 nec
3332 1769 3562 1824 mundus
3589 1769 3707 1826 Deo

400 1855 519 1926 XL,
547 1854 628 1929 8)
674 1855 1054 1924 adseverabat,
1108 1856 1271 1912 tantis
1319 1855 1571 1927 operibus
1623 1853 1866 1910 notitiam
1910 1854 1994 1910 sui
2023 1859 2073 1919 B
2102 1856 2351 1927 indignus
2383 1873 2395 1909 :
2432 1857 2564 1912 nihil
2594 1836 2976 1915 etenim'Deus
3010 1836 3287 1931 indignum
3318 1876 3378 1916 se
3408 1861 3554 1925 fecit;
3598 1862 3706 1918 etsi

399 1950 712 2017 armaverit,
739 1964 901 2022 quam
921 1958 1173 2022 potuerat
1198 1964 1305 2004 non
1328 1948 1401 2003 ita
1446 1961 1668 2003 curasse
1696 1946 1995 2003 secundum

396 2039 782 2112 singularitatis
809 2056 923 2097 sua:
949 2040 1428 2112 praesumptionem
1454 2056 1467 2095 :
1498 2038 1587 2096 ille
1626 2048 1808 2095 autem
1832 2039 1999 2094 subli-

395 2134 557 2201 mior,
576 2133 755 2195 scietis
774 2134 1084 2191 interiorem
1115 2135 1278 2197 deum
1295 2143 1401 2190 tam
1427 2134 1768 2200 instructum,
1791 2133 1994 2193 nullam

328 2212 335 2217 “
396 2226 500 2283 sibi
541 2224 617 2299 (α)
651 2227 993 2299 prospexerit
1016 2227 1362 2297 agnoscendo
1390 2225 1739 2297 paraturam?
1764 2225 1996 2294 Quando

400 2318 564 2374 etiam
607 2318 899 2391 insigniora
944 2328 998 2375 et
1042 2317 1481 2391 superbiora‘(5)
1509 2335 1673 2391 opera
1716 2319 1998 2377 debuisset

399 2413 728 2479 condidisse,
748 2423 807 2469 ut
835 2415 978 2471 Deus
998 2429 1066 2470 ex
1090 2414 1347 2485 operibus
1365 2423 1785 2486 cognosceretur
1805 2414 1997 2471 second

395 2508 524 2565 dum
547 2508 896 2577 Creatorem;
923 2516 977 2566 et
1003 2523 1071 2565 ex
1101 2507 1524 2578 honestioribus,
1548 2508 1725 2581 potior
1750 2517 1806 2566 et
1828 2525 1994 2582 gene‘

314 2620 324 2638 ν
396 2601 573 2658 rosior
596 2599 876 2663 Creatore.

997 2695 1224 2754 CAPUT
1254 2694 1370 2753 ΧΠ.

468 2788 762 2857 Caeterum,
792 2788 895 2846 etsi
937 2804 1062 2847 esse
1106 2804 1231 2846 eum
1270 2804 1553 2863 possemus
1577 2790 1846 2861 conﬁteri,
1879 2791 1998 2848 sine

393 2894 585 2940 caussa
614 2897 734 2940 esse
754 2897 876 2939 eum
900 2882 1220 2939 deberemus
1245 2884 1629 2954 argumentari.
1655 2883 1783 2941 Sine
1803 2898 1995 2942 caussa

398 2976 544 3033 cnim
585 2985 750 3043 esset,
782 2978 873 3047 qui
917 2990 1031 3031 rem
1063 2989 1171 3031 non
1216 2975 1437 3033 haberet
1470 2992 1486 3043 ;
1538 2976 1659 3048 quia
1693 2991 1781 3033 res
1820 2978 1998 3033 omnis

394 3084 584 3127 caussa
608 3077 788 3139 est,ut
814 3069 884 3125 sit
910 3067 1277 3143 aliquls‘cujus
1302 3083 1392 3125 res
1422 3069 1513 3124 sit.
1533 3069 1722 3138 Porro,
1751 3071 1805 3125 in
1831 3084 1998 3141 quan-

297 3150 301 3153 ⁷
394 3168 505 3219 tum
532 3159 664 3216 nihil
687 3169 900 3233 Oportet
920 3173 1043 3217 esse
1059 3160 1176 3216 sine
1196 3156 1410 3228 caussa,
1433 3159 1487 3217 id
1509 3170 1591 3218 est
1615 3163 1733 3219 sine
1756 3177 1817 3218 re
1838 3178 1852 3216 :
1872 3162 1997 3233 quia

2100 1949 2357 2005 mundum
2386 1949 2612 2017 homini,
2636 1966 2742 2005 non
2768 1951 2868 2007 sibi
2895 1949 3044 2020 fecit,
3089 1953 3190 2008 etsi
3216 1967 3378 2009 omne
3406 1968 3541 2024 opus
3562 1952 3706 2009 infe-

2099 2041 2212 2096 rius
2249 2051 2332 2098 est
2358 2057 2456 2098 suo
2476 2043 2706 2099 artilice.
2735 2042 2805 2099 Et
2850 2053 3052 2111 tamen,
3076 2045 3121 2099 si
3150 2046 3307 2116 quale
3332 2045 3458 2110 quid
3501 2045 3702 2102 fecisse

2100 2133 2377 2206 indignum
2424 2143 2511 2191 est
2541 2132 2672 2204 Deo,
2706 2144 2911 2207 quanto
2964 2136 3233 2208 indignius
3271 2135 3381 2192 Deo
3409 2146 3512 2206 est,
3562 2137 3704 2193 nihil

2046 2228 2071 2247 ‘
2100 2242 2226 2284 eum
2251 2227 2474 2283 omnino
2502 2228 2697 2284 fecisse
2726 2229 2809 2284 vel
2841 2228 3139 2301 indignum,
3168 2245 3276 2301 quo
3303 2241 3488 2300 posset
3528 2232 3699 2286 etiam

2099 2317 2403 2390 digniorum
2429 2330 2619 2377 auctor
2643 2322 2851 2394 sperari
2885 2324 2898 2377 ι
2932 2322 3001 2380 Ut
3023 2337 3154 2395 ergo
3180 2324 3382 2395 aliquid
3409 2324 3554 2380 etde
3582 2325 3694 2381 isto

2103 2412 2263 2484 hujus
2288 2413 2473 2470 mundi
2501 2413 2721 2485 indigno
2749 2414 2959 2486 loquar,
2984 2414 3072 2472 cui
3097 2425 3153 2472 et
3177 2415 3318 2486 apud
3359 2416 3579 2473 Graecos
3610 2416 3699 2491 (d)

2101 2508 2404 2562 ornamenti
2442 2515 2497 2563 et
2525 2506 2727 2574 cultus,
2770 2522 2879 2563 non
2907 2506 3148 2563 sordium
3189 2523 3389 2565 nomen
3419 2516 3524 2574 est,
3554 2509 3704 2564 indi-

2103 2612 2237 2670 gnas
2264 2597 2517 2657 videlicet
2538 2599 2867 2656 substantias
2892 2600 2995 2670 ipsi
3021 2599 3098 2655 illi
3123 2600 3403 2670 sapientiae
3431 2597 3708 2671 professo-

2100 2709 2210 2761 res,
2266 2693 2336 2750 de
2374 2708 2600 2765 quorum
2647 2693 2876 2765 ingeniis
2928 2694 3107 2767 omnis
3148 2691 3372 2748 haeresis
3411 2694 3704 2762 animatur,

2099 2786 2763 2857 deosxpronuntiaverunt,
2796 2794 2852 2841 ut
2874 2784 3071 2842 Thales
3098 2800 3316 2856 aquam,
3348 2793 3407 2841 ut
3446 2785 3701 2842 Heracli-

2101 2889 2187 2935 tus
2216 2881 2417 2952 ignem,
2449 2888 2510 2935 ut
2545 2879 2907 2935 Anaximenes
2953 2893 3158 2946 aerem,
3201 2887 3259 2932 ut
3295 2876 3705 2933 Anaximander

2100 2973 2352 3029 universa
2370 2972 2637 3040 cmleStia,
2662 2982 2721 3027 ut
2740 2970 2922 3028 Strato
2943 2971 3139 3027 calum
3154 2980 3209 3027 et
3229 2980 3453 3038 terram,
3479 2979 3536 3026 ut
3553 2969 3706 3049 Zeno

2100 3079 2282 3121 aerem
2311 3071 2366 3119 et
2392 3065 2675 3129 aetherem,
2711 3071 2769 3119 ut
2794 3061 2946 3118 Plato
2971 3061 3170 3128 sidera;
3199 3077 3320 3132 quae
3358 3076 3532 3133 genus
3569 3061 3707 3117 deo-

2099 3172 2219 3213 rum
2249 3158 2463 3229 igneum
2492 3127 2768 3227 appellat,
2794 3170 2917 3219 cum
2945 3153 3014 3211 de
3044 3127 3265 3211 mundo.
3290 3127 3705 3212 Coitsiderando
3729 3127 3854 3219 tia"

393 3252 441 3308 si
467 3252 586 3310 sine
609 3266 799 3309 caussa
828 3253 917 3321 sit,
959 3252 1183 3324 perinde
1207 3262 1293 3310 est
1328 3262 1489 3325 atque
1512 3254 1557 3310 si
1597 3270 1704 3310 non
1751 3255 1842 3324 sit,
1885 3270 1994 3312 non
2022 3250 2068 3315 C
2101 3251 2309 3307 scilicet
2357 3258 2411 3306 et
2439 3249 2887 3322 magnitudinem,
2919 3258 2974 3304 et
3002 3249 3132 3317 vim,
3162 3257 3219 3304 et
3263 3258 3607 3319 potestatem,
3651 3257 3706 3306 et

393 3344 602 3402 habens
624 3344 706 3403 rei
726 3358 994 3413 caussam,
1020 3360 1133 3403 rem
1159 3345 1328 3417 ipsam
1356 3343 1476 3423 (4)»;
1506 3346 1560 3402 in
1592 3355 1795 3403 tantum
1826 3347 1994 3405 Deum

392 3439 607 3510 dignius
625 3437 847 3495 credam
863 3455 970 3496 non
992 3453 1136 3507 esse,
1159 3455 1319 3512 quam
1347 3454 1470 3497 esse
1495 3441 1613 3498 sine
1641 3457 1853 3499 caussa.
1868 3444 1998 3501 Sine

393 3544 582 3587 caussa
608 3530 754 3585 enim
779 3538 883 3598 est,
927 3530 1018 3602 qui
1066 3546 1181 3587 rem
1222 3546 1330 3587 non
1381 3531 1649 3599 habendo,
1680 3550 1789 3589 non
1833 3533 1997 3591 habet

396 3634 667 3678 caussam.
686 3620 827 3678 Deus
854 3631 1036 3678 autem
1065 3622 1183 3679 sine
1203 3621 1484 3689 caussa,id
1514 3632 1598 3679 est
1619 3624 1736 3681 sine
1765 3641 1843 3692 re,
1873 3638 1994 3684 esse

396 3710 505 3768 non
531 3711 714 3770 debet.
737 3712 835 3783 Ita,
853 3714 1065 3785 quaties
1086 3714 1315 3770 ostendo
1342 3729 1466 3770 eum
1491 3715 1610 3772 sine
1637 3731 1827 3774 caussa
1847 3734 1991 3787 esse,

393 3812 667 3876 tamquam
693 3805 782 3874 sit,
818 3805 922 3863 hoc
951 3806 1221 3874 constituo
1246 3822 1352 3863 non
1395 3821 1515 3864 esse
1552 3807 1725 3874 illum,
1773 3811 1922 3881 quia,
1949 3812 1995 3867 si

396 3897 607 3963 ﬁnisset,
637 3896 860 3953 omnino
889 3899 1006 3955 sine
1034 3912 1226 3955 caussa
1250 3913 1355 3956 non
1385 3898 1591 3956 fuisset.
1618 3899 1721 3958 Sic
1739 3909 1794 3958 et
1820 3903 1992 3974 ipsam

395 3990 557 4048 ﬁdem
574 3991 699 4049 dico
723 3992 875 4049 illum
897 3992 1014 4050 sine
1033 4006 1224 4051 caussa
1242 3992 1312 4049 ab
1330 3992 1548 4052 homine
1572 4006 1811 4068 captare,
1834 3998 1993 4054 aliter

403 4083 566 4140 solito
596 4085 768 4142 Deum
814 4085 1037 4141 credere
1078 4100 1144 4142 ex
1174 4099 1399 4157 operum
1429 4089 1748 4145 auctoritate
1791 4089 1988 4146 fortna-

391 4186 511 4234 tum
552 4175 661 4250 (5),
687 4178 814 4249 quia
850 4178 984 4234 nihil
1024 4179 1130 4236 tale
1165 4181 1457 4251 prospexit,
1505 4195 1601 4252 per
1640 4183 1784 4253 quod
1830 4183 1992 4241 homo

400 4270 571 4327 Deum
617 4271 830 4329 didicit.
858 4270 1015 4342 Nam,
1042 4272 1145 4330 etsi
1170 4271 1399 4330 credunt
1439 4273 1680 4347 plerique
1719 4275 1773 4331 in
1815 4277 1990 4349 illum,

2098 3344 2382 3411 honorem,
2408 3343 2742 3408 etdecorem,
2760 3356 2942 3413 opem,
2964 3340 3149 3409 (idem,
3175 3342 3349 3414 legem
3365 3341 3702 3413 singulorum

2097 3438 2512 3501 elementorum,
2544 3451 2666 3509 qua:
2691 3436 2941 3491 omnibus
2966 3434 3271 3505 gignendis,
3304 3434 3533 3500 alendis,
3561 3448 3702 3490 con-

2100 3529 2344 3587 ﬁciendis
2370 3528 2781 3599 reﬁciendisque
2804 3526 3136 3598 conspirant,
3165 3535 3222 3581 ut
3242 3526 3485 3597 plerique
3518 3525 3703 3598 physi-

2098 3638 2307 3689 corum,
2333 3622 2760 3679 tormidaverunt
2784 3621 2995 3677 initium
3024 3632 3088 3676 ac
3117 3618 3280 3676 linem
3306 3618 3507 3675 mundo
3532 3620 3689 3685 dare,

2101 3715 2183 3791 (8)
2237 3733 2305 3774 ne
2353 3716 2667 3774 substantiae
2701 3714 2848 3808 ejus,
2896 3722 3061 3808 tanta:
3114 3711 3556 3808 seilicettminus
3590 3711 3788 3808 uti?”

2100 3812 2446 3878 haberentur;
2474 3824 2606 3882 quas
2639 3807 2718 3881 (9)
2740 3808 3007 3865 coluntet
3034 3807 3322 3863 Persarum
3350 3805 3508 3876 Magi,
3538 3802 3614 3876 (e)
3644 3810 3701 3860 et

2100 3905 2475 3978 Egyptiornm
2532 3903 2931 3973 llierOphantae,
2971 3898 3044 3973 (Γ)
3088 3898 3344 3955 ludorum
3394 3898 3701 3971 Gymnoso-

2094 4000 2310 4070 phistzc.
2352 3997 2470 4068 Ipsa
2523 4011 2736 4067 quoque
2773 3994 3008 4067 vulgaris
3038 3994 3351 4066 superstitio
3394 3993 3699 4050 communis

2097 4089 2436 4154 idololatrize,
2466 4104 2591 4146 eum
2615 4088 2669 4143 itt
2697 4088 2998 4144 simulacris
3026 4087 3095 4143 de
3125 4072 3432 4142 nominibus
3454 4096 3509 4142 et
3534 4085 3694 4141 fabu‘

2095 4184 2164 4242 lis
2191 4192 2432 4241 veterum
2474 4190 2809 4237 mortuorum
2839 4180 3039 4252 pudet,
3070 4180 3139 4236 ad
3192 4179 3695 4251 interpretationem

2099 4277 2421 4336 naturalium
2450 4272 2666 4346 refugit,
2693 4284 2748 4331 et
2776 4273 3014 4332 dedecus
3041 4287 3198 4331 suum
3244 4272 3471 4345 ingenio
3500 4270 3694 4329 obum.

1616 4388 1911 4451 LECTION
1917 4391 1999 4456 ES
2038 4389 2454 4458 VARIANTES.

481 4503 528 4574 ῃ
560 4498 948 4574 An_uon_?_SemL
981 4517 1043 4555 an
1062 4500 1215 4555 Fran.
2014 4513 2070 4574 D
2157 4507 2229 4574 (6)
2266 4512 2408 4574 forte
2431 4503 2776 4569 imprudentiae
2788 4502 2916 4556 Edd.

510 4565 529 4630 )
563 4566 706 4617 False
727 4565 880 4619 Rhen.
2014 4565 2061 4574 ”’
2183 4565 2223 4620 7'
2271 4568 2353 4620 Id.
2503 4565 2517 4569 “

513 4634 530 4697 )
562 4628 1045 4697 §uperlora‘Ciapmt.
1509 4642 1512 4646 '
2162 4565 2235 4697 ξεῖ
2270 4633 2505 4697 Constare
2536 4628 2690 4697 Semt.

1759 4860 2323 4922 COMMENTARIUS.

474 4980 551 5058 (β)
584 4978 914 5051 Ρνοερεωενὶε
949 4978 1271 5058 agnoscendo
1298 4986 1616 5058 paraturam.
1647 4979 1761 5040 Hoc
1789 4991 1875 5040 est
1896 4998 1986 5040 or-

398 5050 728 5111 namentum
755 5066 853 5108 seu
882 5050 1173 5124 creationis
1218 5051 1627 5124 praerogativam
1651 5095 1667 5122 ,
1714 5066 1817 5124 qua
1852 5057 1994 5110 velut

402 5126 623 5199 preprio
665 5131 946 5195 apparatu,
979 5122 1303 5193 propriaque
1334 5122 1988 5250 gloriiaslgognosceretur.

1477 5210 1510 5250 ε
1584 5212 1637 5250 n.

1477 5210 1510 5250 E
1539 5210 1637 5250 I’R.

467 5265 623 5323 CAP.
656 5263 934 5339 ΧΙΙτ-(ϋ)
962 5264 1031 5339 Et
1050 5264 1382 5339 malignitatis
1395 5266 1585 5339 adﬁnis
1606 5276 1698 5323 est.
1715 5267 1991 5338 Particcps

396 5339 763 5409 malignitatis.
811 5335 885 5393 eo
913 5335 1073 5409 enim
1116 5335 1379 5409 vocabulo
1418 5335 1473 5391 in
1524 5353 1592 5409 eo
1636 5352 1798 5409 sensu
1831 5335 1999 5409 utitur

396 5404 603 5482 Tullius
629 5408 946 5482 prgﬁylla;
968 5404 1141 5482 ﬂnjus
1164 5406 1361 5475 adﬁnes
1381 5408 1712 5482 Δσιιδρίςξρηὶε.
1743 5407 1820 5482 Ls
1843 5408 1941 5482 Pu.

467 5480 623 5536 CAP.
640 5478 938 5550 XllIé—(c)
968 5478 1166 5535 Narem
1192 5478 1544 5534 contrahentes
1571 5479 2002 5545 intpudentisst'mi

400 5550 937 5622 MarcionitaaYal‘re
983 5550 1292 5607 deridentes
1344 5561 1401 5605 et
1452 5566 1577 5605 naso
1634 5550 2000 5622 suspendentes

399 5624 621 5678 adunco.
655 5616 731 5677 Ls
755 5621 852 5677 Pa.
978 5636 986 5644 '
1528 5629 1535 5636 '

2094 4984 2345 5057 positum,
2359 4980 2756 5057 concinnateque
2773 4982 2952 5057 ordine
2972 4980 3242 5057 digestum.
3265 4981 3397 5041 Enn.
3424 4992 3533 5055 post
3552 4981 3690 5057 Pan.

2169 5053 2247 5128 (e)
2297 5051 2373 5126 Et
2396 5051 2767 5124 ngyptiorum
2801 5051 3186 5123 Hierapltentw.
3221 5051 3495 5128 ἱερθφάνέιαι
3540 5053 3690 5119 dicti,

2135 5128 2237 5181 nod
2267 5128 2799 5198 sacra_os_tenderent
2820 5134 2931 5198 aut
2959 5138 3296 5197 peragerent,
3321 5142 3492 5198 genus
3514 5139 3693 5181 sacer-

2135 5143 2237 5181 noa
2267 5143 2420 5180 sacra
2448 5143 2799 5180 osrenuerent
2836 5143 2931 5179 attt

2095 5143 2281 5254 aetum
2305 5195 2444 5267 apud
2474 5194 2781 5267 [Ευριίος
2817 5196 2953 5251 Pan.

2176 5266 2268 5351 (_l')
2296 5265 2555 5351 ndornm
2583 5265 3047 5351 Gyntnosopltistw.
3078 5269 3307 5351 Apolog.
3337 5268 3430 5333 52.
3457 5269 3694 5351 (Ξέρξης)-

2105 5335 2375 5410 sophistas
2405 5335 2889 5410 Indorun'rpariter
2913 5335 3144 5395 dixerat:
3177 5335 3285 5395 nos
3315 5353 3444 5395 vero
3475 5335 3688 5410 [Ethio-

2107 5406 2233 5482 pu'm
2265 5406 2835 5482 philosophosjuisse,
2867 5409 3229 5482 Brachmanas
3258 5408 3688 5482 veroulndornm

2104 5476 2346 5539 statuere
2373 5476 2584 5550 videtur
2612 5477 2866 5535 Sidonius
2894 5480 3073 5550 Apoll.
3090 5480 3191 5550 Ep.
3211 5482 3265 5544 3,
3296 5481 3333 5534 Ι.
3362 5479 3508 5536 Vlll:
3530 5476 3689 5532 Nune

2104 5551 2174 5608 ad
2203 5550 2513 5629 zEtltiOpnnt
2542 5548 3017 5629 Gymnosopltistjts,
3040 5548 3691 5629 Indorwnque_BracItmo-

2104 5641 2217 5689 nas,
2247 5620 2604 5679 totus'tectioni'
2625 5636 2832 5687 vacans,
2853 5631 2902 5692 et
2927 5620 3036 5692 ipse
3056 5622 3429 5688 quodammodo
3460 5620 3687 5692 μενεαιξί-

474 5691 553 5769 (d)
598 5692 1154 5769 Notumul’ythagorte
1178 5690 1419 5769 _dict_u_m_.
1463 5689 1600 5746 llinc
1639 5692 1807 5769 etiam
1839 5689 1983 5747 istud
2085 5687 2227 5769 nare,
2247 5692 2361 5769 Nec
2380 5692 2649 5751 abitabea
2671 5691 2936 5769 sententia
2948 5687 3212 5769 Clemens
3232 5694 3386 5769 Alex.
3407 5687 3603 5769 stram}
3626 5687 3682 5769 lg

400 5760 701 5821 Aristotelis
728 5765 779 5820 in
808 5760 900 5819 lib.
925 5762 989 5819 de
1012 5760 1260 5820 Mundo:
1296 5760 1599 5819 Universum
1639 5762 1809 5832 ipsum
1844 5779 1984 5818 eom-

400 5834 550 5898 ntode
574 5838 746 5905 κότμον
766 5835 1119 5904 nominaveris,
1141 5835 1195 5890 id
1213 5840 1283 5891 est
1296 5875 1313 5904 ,
1339 5846 1637 5904 compagem
1658 5847 1828 5888 rerum
1847 5849 1987 5891 cont-

2088 5764 2203 5837 tgap‘
2245 5764 2388 5837 ἰνξοῖς
2407 5769 2532 5837 jura
2575 5779 2664 5822 τῶν
2710 5768 3024 5833 βριχμίνων,
3082 5778 3118 5817 a
3161 5760 3500 5819 Brachntanis
3542 5759 3685 5835 apud
3716 5802 3743 5815 ρ

2092 5834 2120 5895 1
2127 5834 2275 5897 udos.
2298 5835 2375 5892 Ls
2407 5834 2505 5891 Ps.
