4008 6280
295 805 373 843 ,κ

427 4462 436 4471 -
500 4433 575 4495 (1)
609 4431 864 4483 Subcisiva
886 4428 1038 4495 Fran.
1065 4426 1364 4491 subscidiva,
1390 4424 1619 4478 subsclva
1638 4423 1787 4479 Itltcu.

415 290 526 352 263

1809 288 2273 353 TERTULLIANI
2358 298 2363 305 ’

3610 300 3716 358 161

421 384 490 467 de
517 410 656 468 ctelo
683 410 896 483 quidem
926 406 1026 467 illo
1056 408 1217 466 tertio
1241 406 1565 477 videbimus,
1592 377 1645 464 si
1674 414 1730 463 et
1757 407 1825 464 ad
1857 423 2014 479 apos-
2041 410 2092 471 A
2120 410 2361 467 materia:
2387 409 2671 493 deputans,
2698 410 2938 468 innatum
2960 411 3176 479 innatae,
3200 410 3454 469 infectum
3478 413 3711 483 infectae,
3756 458 3765 467 κ

417 502 589 563 tolum
610 513 845 560 vestrum
873 500 1263 558 discutiendum
1293 500 1720 571 pervenerimus;
1750 499 1963 555 interim
1992 540 2010 566 ,

421 610 775 666 quaecumque
801 594 1094 659 substantia
1122 602 1225 661 est,
1251 608 1374 649 cum
1395 607 1494 648 suo
1514 592 1695 663 utique
1724 590 1828 648 deo
1851 606 2015 663 appa-

417 686 594 748 ruisse
618 686 896 743 debuerat.
915 688 1138 742 Atnune
1149 684 1303 757 quale
1316 682 1488 757 est(a)
1504 693 1561 740 ut
1581 683 1841 739 Dominus
1871 698 2016 740 anno

420 777 516 835 XII
557 778 754 835 Tiberii
798 776 1026 836 Cmsaris
1051 779 1319 836 revelatus
1348 777 1436 843 sit,
1467 775 1763 833 substantia
1793 791 1924 832 vero
1947 774 2016 831 ad

418 873 687 931 decimum
713 874 956 946 quintum
984 874 1096 946 jam
1139 872 1326 929 Severi
1354 872 1692 943 imperatoris
1727 871 1872 928 nulla
1902 886 2018 925 om-

420 965 551 1021 nino
575 946 849 1036 comperta
896 966 984 1031 sit,
1014 980 1133 1036 qua:
1160 962 1367 1019 frivolis
1394 962 1664 1020 Creatoris
1703 961 2017 1034 prtecellens

420 1058 607 1130 utique
635 1058 804 1114 latere
830 1057 1082 1125 desisset,
1117 1072 1223 1114 non
1254 1056 1455 1113 latente
1494 1052 1603 1127 jam
1639 1056 1867 1114 Domino
1908 1070 2009 1112 suo

420 1158 479 1208 et
505 1152 722 1208 auctore
749 1148 772 1203 ?
802 1150 867 1206 Et
894 1150 1035 1217 ideo,
1053 1150 1097 1208 si
1124 1148 1239 1222 ipsa
1268 1165 1374 1205 non
1392 1149 1565 1220 potuit
1592 1146 1927 1204 manifestari
1959 1146 2015 1202 in

422 1244 528 1302 hoc
575 1243 795 1311 mundo,
844 1245 1115 1315 quomodo
1161 1244 1418 1300 Dominus
1447 1243 1621 1313 paruit
1665 1242 1870 1313 ejus-iu
1914 1240 2019 1297 hoc

421 1336 660 1393 mundo?
688 1336 744 1394 Si
775 1336 1058 1393 Dominum
1087 1337 1226 1409 cepit
1254 1337 1342 1392 hic
1370 1336 1622 1396 mundus.
1647 1352 1745 1391 cur
1772 1334 2023 1391 substan-

424 1429 554 1487 tiam
587 1445 783 1501 capere
809 1447 916 1486 non
957 1431 1147 1502 potuit,
1178 1430 1279 1486 nisi
1311 1430 1539 1486 Domino
1566 1427 1801 1489 fortasse
1848 1427 2022 1499 majo-

423 1538 538 1579 rem
558 1516 587 1578 '?
609 1522 726 1579 iam
759 1529 905 1579 nunc
940 1522 1008 1579 de
1038 1523 1158 1579 loco
1183 1523 1411 1595 quaestio
1442 1530 1546 1589 est,
1578 1519 1854 1592 pertinens
1875 1529 1927 1575 et
1954 1518 2023 1575 ad

425 1616 683 1672 mundum
714 1615 863 1671 illum
893 1616 1247 1687 superiorem,
1280 1624 1337 1671 et
1367 1614 1435 1668 ad
1482 1616 1654 1685 ipsum
1685 1613 1854 1669 Deum
1881 1611 2020 1683 ejus.

426 1707 567 1765 Ecce
593 1713 757 1776 enim,
787 1709 832 1764 si
878 1717 933 1764 et
971 1707 1058 1764 ille
1103 1708 1265 1764 habet
1306 1707 1563 1763 mundum
1601 1722 1757 1762 suum
1798 1704 1937 1760 infra
1964 1718 2025 1761 se

2120 512 2176 559 et
2201 512 2463 559 aeternum
2490 513 2707 560 :eternte
2729 545 2744 569 ,
2784 515 3033 576 quartum
3059 505 3170 575 jam
3201 505 3325 561 hinc
3364 504 3524 561 deum
3571 507 3710 563 iecit.

2121 594 2302 651 Habes
2331 596 2493 668 igitur
2519 596 2573 651 iu
2610 598 2978 668 superioribus
3014 609 3123 653 tres
3167 598 3494 654 substantias
3522 598 3716 656 divini-

2122 687 2284 752 tatis,
2329 688 2383 743 in
2437 688 2782 747 inferioribus
2829 700 3083 761 quatuor.
3124 691 3221 747 His
3263 706 3387 747 cum
3457 693 3719 750 accedunt

2120 790 2176 836 et
2203 779 2285 836 sui
2314 778 2514 836 Christi
2538 822 2554 848 ,
2586 780 2732 838 alter
2757 782 2847 853 qui
2872 782 3124 855 apparuit
3152 783 3253 838 sub
3292 783 3509 840 Tiberio
3535 827 3550 852 ,
3583 786 3717 842 alter

2122 872 2215 945 qui
2260 889 2292 928 a
2332 872 2592 930 Creatore
2617 876 3029 946 repromittitur,
3062 875 3409 933 manifestam
3438 876 3549 946 jam
3574 877 3718 934 frau-

2123 965 2246 1022 dem
2272 964 2507 1022 Marcion
2541 966 2740 1037 patitur
2773 968 2843 1024 ab
2868 968 2947 1024 eis
2990 968 3081 1039 qui
3120 967 3255 1025 duos
3303 968 3450 1024 illum
3476 969 3609 1025 deos
3636 969 3719 1025 in-

2124 1058 2266 1116 ferre
2309 1070 2663 1132 pricsumunt,
2708 1075 2830 1119 eum
2885 1076 3078 1119 novem
3123 1062 3362 1134 assignet
3389 1104 3406 1131 ,
3451 1061 3578 1119 licet
3623 1068 3807 1119 ηεξ-ν’

2125 1166 2327 1209 8016118.

2718 1244 2949 1303 CAPUT
2987 1245 3129 1303 XVI.

2199 1336 2314 1394 Non
2343 1347 2693 1410 comparente
2736 1339 2896 1411 igitur
2932 1321 3134 1397 mundo
3159 1340 3286 1410 alio,
3315 1341 3455 1398 sicut
3485 1357 3583 1399 nec
3615 1343 3725 1402 Deo

2127 1429 2266 1502 ejus,
2299 1446 2638 1503 consequens
2693 1441 2778 1489 est
2822 1442 2879 1488 ut
2906 1433 3038 1490 duas
3066 1435 3277 1506 species
3306 1452 3508 1499 rerum,
3539 1436 3724 1493 visibi-

2128 1522 2196 1578 lia
2223 1531 2278 1579 et
2308 1522 2617 1591 invisibilia,
2649 1524 2857 1581 duobus
2885 1527 3196 1583 auctoribus
3225 1527 3340 1582 deis
3371 1526 3641 1595 dividant,
3674 1536 3728 1583 et

2130 1614 2231 1670 ista
2262 1630 2364 1671 suo
2396 1616 2503 1673 Deo
2532 1616 2818 1673 invisibilia
2840 1616 3149 1674 defendant.
3178 1618 3309 1688 Quis
3327 1631 3506 1675 autem
3536 1621 3732 1691 poterit

2129 1705 2385 1764 inducere
2436 1706 2489 1762 in
2541 1697 2803 1778 animuin,
2846 1710 2947 1765 nisi
2990 1710 3212 1781 spiritus
3259 1711 3567 1775 hicreticus,
3612 1711 3730 1781 ejus

425 1815 588 1871 supra
609 1800 941 1866 Creatorem,
967 1798 1019 1854 in
1048 1799 1164 1855 loco
1193 1800 1376 1870 utique
1406 1797 1533 1854 fecit
1560 1812 1703 1863 eum,
1730 1796 1883 1868 cujus
1904 1811 2028 1867 spa-
2058 1806 2106 1867 Β
2134 1813 2256 1855 esse
2308 1799 2596 1856 invisibilia
2627 1801 2716 1873 qui
2761 1800 2897 1857 nihil
2936 1802 3146 1858 visibile
3183 1804 3541 1873 praemiserit;
3566 1818 3729 1873 quam

427 1893 560 1949 tium
585 1892 805 1948 vacabat
824 1892 961 1947 inter
979 1890 1142 1962 pedes
1159 1905 1307 1956 suos,
1328 1899 1378 1944 et
1396 1897 1555 1959 caput
1575 1888 1863 1944 Creatoris.
1884 1886 2039 1959 Ergo

416 1993 484 2042 ret
509 1984 650 2040 Deus
668 1984 781 2054 ipse
802 1985 853 2038 in
884 1983 1000 2038 loco
1025 1991 1163 2047 erat,
1195 1991 1245 2038 et
1264 1981 1521 2037 mundum
1549 1981 1607 2045 in
1627 1980 1746 2036 loco
1772 1978 2026 2064 faciebat;

427 2084 482 2133 et
502 2078 603 2132 erit
616 2075 727 2146 jam
749 2074 897 2130 locus
911 2074 1002 2130 ille
1021 2073 1192 2145 major
1208 2084 1263 2129 et
1279 2073 1388 2129 Deo
1401 2081 1455 2129 et
1472 2071 1692 2128 mundo.
1718 2069 1861 2127 Nihil
1883 2058 2025 2127 enim

430 2183 537 2224 non
564 2167 737 2238 majus
768 2176 850 2223 est
873 2166 925 2221 id
961 2164 1105 2238 quod
1133 2165 1296 2236 capit,
1324 2180 1390 2220 eo
1417 2163 1560 2235 quod
1584 2165 1792 2234 capitur
1821 2180 1835 2231 ;
1867 2175 1920 2219 et
1945 2162 2025 2218 vi-

429 2260 662 2317 dendum
694 2259 765 2330 (b)
815 2274 881 2315 ne
911 2274 1013 2329 qua
1052 2257 1229 2312 adhuc
1256 2256 1363 2311 illic
1391 2264 1583 2311 vacent
1610 2254 1876 2311 subsiciva
1917 2252 2027 2326 (l),

429 2353 486 2411 in
526 2352 719 2425 quibus
744 2361 799 2409 et
839 2351 1027 2408 tertius
1057 2349 1221 2421 aliqui
1266 2348 1348 2421 (Ξ)
1400 2349 1600 2420 stipare
1644 2346 1785 2403 Deus
1819 2362 1879 2402 se
1906 2361 2030 2401 cum

429 2446 636 2502 mundo
665 2461 763 2502 suo
789 2445 974 2517 possit.
1009 2442 1150 2514 Ergo
1171 2444 1280 2513 jam
1321 2441 1498 2511 incipe
1524 2440 1655 2496 deos
1693 2448 2027 2511 computare.

430 2537 550 2596 Erit
571 2538 714 2595 enim
739 2545 795 2593 et
831 2536 981 2593 locus
1018 2536 1175 2600 deus,
1205 2550 1308 2590 non
1343 2544 1548 2589 tantum
1572 2548 1676 2604 qua
1701 2532 1811 2589 Deo
1833 2531 2027 2603 major,

434 2633 531 2691 sed
558 2642 613 2689 et
634 2647 736 2703 qua
765 2631 980 2687 innatus
1019 2639 1074 2687 et
1116 2626 1378 2695 infectus;
1408 2643 1472 2684 ac
1502 2643 1596 2698 per
1626 2626 1748 2691 hoc,
1772 2636 2027 2691 aeternus,

433 2736 492 2783 et
521 2727 632 2783 Deo
661 2742 788 2797 par;
820 2725 874 2780 in
902 2738 1010 2795 quo
1037 2737 1251 2793 semper
1278 2722 1414 2777 Dens
1442 2718 1620 2775 fuerit.
1654 2717 1876 2785 Dehinc,
1902 2718 1945 2773 si
1977 2725 2032 2774 et

432 2819 528 2876 ille
554 2815 811 2874 mundum
856 2832 921 2871 ex
964 2814 1139 2885 aliqua
1189 2812 1411 2869 materia
1456 2809 1770 2882 subjacente
1813 2809 2030 2866 molitus

433 2919 539 2979 est,
585 2910 785 2977 inuata,
829 2917 884 2963 et
925 2906 1143 2972 infecta,
1170 2914 1226 2961 et
1267 2903 1660 2974 contemporali
1688 2902 1820 2970 Deo,
1840 2917 2030 2973 quem-

432 3002 720 3062 admodum
765 3010 820 3057 et
867 3000 944 3074 ('5)
971 3000 1038 3055 de
1085 2998 1339 3054 Creatore
1360 2996 1593 3053 Marcion
1622 2995 1805 3061 sentit,
1833 2992 2031 3064 redigis

433 3095 617 3154 ethoc
641 3093 709 3150 ad
732 3093 1076 3164 majestatem
1101 3090 1225 3158 loci,
1256 3084 1351 3161 qui
1370 3098 1424 3146 et
1457 3087 1617 3145 deum
1647 3096 1701 3143 et
1724 3085 2028 3150 materiam,

2132 1894 2251 1965 ejus
2276 1895 2364 1966 qui
2395 1894 2621 1951 visibilia
2652 1906 2927 1966 Operatus,
2960 1897 3301 1954 invisibilium
3326 1914 3539 1970 quoque
3561 1899 3722 1955 fidem

2131 1985 2341 2053 fecerit,
2391 2002 2513 2043 cum
2551 1986 2750 2057 justius
2796 1990 2979 2046 multo-
3004 1990 3076 2045 sit
3100 1990 3365 2060 aliquibus
3391 1992 3735 2063 exemplariis

2130 2092 2412 2143 amittere,
2489 2092 2648 2149 quam
2706 2078 2913 2135 nullis?
2964 2079 3278 2137 Videbimus
3331 2091 3386 2138 et
3444 2082 3733 2153 Apostolus
3778 2128 3785 2131 .

2131 2168 2293 2240 (σοι,
2323 2169 2376 2234 Ι,
2408 2167 2499 2241 16)
2529 2170 2615 2225 cui
2652 2172 2854 2226 auctori
2885 2171 3169 2227 invisibilia
3222 2171 3477 2242 deputet,
3503 2188 3629 2230 cum
3681 2182 3735 2230 et

2132 2261 2280 2318 illum
2326 2262 2813 2333 esploraverimus.
2847 2262 2999 2319 Nunc
3038 2264 3182 2320 enim
3213 2267 3592 2321 communibus
3622 2266 3733 2337 plu-

2131 2355 2327 2412 rimum
2356 2356 2604 2412 sensibus
2641 2367 2697 2413 et
2738 2359 3487 2428 argumentationibusjustis,
3519 2369 3733 2416 secutu-

2130 2462 2207 2503 ra:
2236 2445 2312 2520 (ο)
2347 2446 2744 2518 Scripturarum
2772 2464 2986 2520 quoque
3012 2450 3348 2506 advocationi
3389 2449 3546 2515 fidem
3590 2460 3729 2507 ster-

2132 2540 2310 2595 nimus
2329 2582 2344 2605 ,
2375 2541 2757 2598 confirmantes
2787 2542 3155 2600 diversitatem
3184 2543 3324 2600 hanc
3353 2544 3647 2606 visibilium
3674 2554 3728 2600 et

2131 2630 2482 2688 invisibilium
2523 2631 2658 2688 adeo
2717 2632 2798 2704 (4)
2848 2634 3089 2689 Creatori
3136 2634 3533 2705 deputandam,
3575 2635 3735 2691 sicuti

2135 2732 2245 2780 tota
2273 2724 2516 2793 operatio
2550 2723 2668 2794 ejus
2705 2739 2771 2778 ex
2807 2723 3211 2782 diversitatibus
3233 2736 3486 2792 constat;
3514 2741 3584 2781 ex
3616 2742 3732 2782 cor-

2133 2816 2407 2889 poralibus
2448 2825 2502 2873 et
2545 2817 2998 2888 incorporalibus,
3035 2828 3090 2876 et
3129 2820 3457 2877 animalibus
3479 2831 3533 2876 ct
3561 2821 3735 2877 inani-

2132 2909 2381 2979 malibus,
2408 2926 2474 2964 ex
2502 2910 2773 2966 vocalibus
2806 2920 2860 2967 et
2885 2913 3069 2978 mutis,
3108 2927 3177 2968 ex
3214 2912 3503 2973 mobilibus
3528 2923 3593 2969 et
3618 2923 3730 2970 sta-

2134 3001 2280 3067 tivis,
2312 3017 2378 3057 ex
2405 3000 2727 3074 genitalibus
2752 3010 2808 3057 et
2832 3002 3133 3065 sterilibus.
3167 3019 3237 3060 ex
3267 3004 3433 3059 aridis
3460 3013 3516 3060 et
3544 3005 3728 3061 succi-

2134 3094 2218 3152 dis
2253 3095 2355 3169 (5),
2382 3111 2449 3152 ex
2475 3095 2661 3152 calidis
2691 3107 2745 3153 et
2775 3096 3001 3169 frigidis.
3020 3098 3122 3155 Sic
3152 3108 3207 3155 et
3237 3100 3511 3156 hominem
3543 3100 3725 3171 ipsum

432 3186 571 3244 duos
599 3185 751 3252 deos,
784 3183 963 3240 0111511.
1006 3183 1070 3238 ΕΙ.
1109 3182 1333 3238 materia
1363 3180 1505 3236 enim
1536 3180 1677 3236 Deus
1696 3220 1711 3245 ,
1735 3176 2029 3234 secundum
2057 3194 2103 3258 ρ
2135 3190 2420 3246 diversitas
2444 3190 2760 3259 temperavit
2782 3232 2798 3258 ν
2830 3200 2936 3247 tam
2965 3192 3020 3247 in
3045 3208 3272 3263 corpore
3292 3234 3308 3262 ν
3335 3209 3496 3265 quam
3525 3195 3584 3249 in
3612 3211 3735 3252 se"-

434 3278 666 3336 formam
699 3275 994 3332 divinitatis
1023 3315 1038 3341 ,
1083 3274 1264 3328 innata
1311 3272 1554 3340 scilicet,
1599 3279 1653 3328 et
1697 3269 1931 3335 infecta,
1976 3265 2061 3325 ct'

436 3379 657 3427 aeterna.
687 3371 798 3424 Ant
822 3367 866 3422 si
894 3365 963 3422 de
990 3364 1160 3421 nihilo
1185 3364 1406 3420 molitus
1434 3371 1517 3421 est
1538 3363 1816 3430 mundum,
1849 3363 1952 3418 hoc
1977 3372 2033 3418 et

437 3462 507 3521 de
544 3463 802 3519 Creatore
830 3460 1034 3515 sentire
1077 3464 1321 3528 cogetur,
1362 3455 1447 3513 cui
1492 3456 1769 3512 materiam
1816 3453 2031 3526 sulijicit

435 3555 493 3612 in
519 3553 815 3610 substantia
846 3549 1051 3607 mundi.
1081 3548 1186 3607 Sed
1228 3565 1296 3605 ex
1340 3548 1563 3604 materia
1605 3557 1661 3604 et
1702 3548 1791 3604 ille
1840 3546 2032 3604 fecisse

433 3646 686 3712 debebit;
719 3645 908 3701 eadem
936 3645 1146 3701 ratione
1185 3650 1504 3699 occurrente
1534 3642 1608 3697 illi
1638 3656 1852 3713 quoque
1880 3642 1990 3704 Deo
2012 3681 2028 3709 ,

434 3724 557 3814 quae
596 3745 960 3811 opponeretur
1001 3735 1276 3802 Creatori,
1311 3744 1370 3789 ut
1398 3750 1550 3805 mque
1591 3734 1722 3790 Deo.
1754 3738 1929 3805 Atque
1957 3734 2029 3790 ita

435 3842 549 3891 tres
576 3831 791 3888 inierint
817 3829 946 3885 mihi
973 3827 1104 3885 deos
1131 3842 1353 3883 numera
1381 3825 1689 3894 Marcionis,
1721 3827 2025 3893 Factorcm,

432 3936 491 3984 et
514 3925 753 3992 Locum,
785 3931 838 3979 et
879 3921 1176 3978 Materiam.
1210 3919 1442 3976 Proinde
1468 3920 1776 3975 Creatorem
1821 3920 1874 3975 in
1909 3920 2030 3975 loco

442 4017 610 4085 facit,
646 4018 831 4087 utique
864 4010 1052 4071 eadem
1094 4012 1402 4070 conditione
1442 4012 1748 4079 censendo;
1779 4022 1835 4068 et
1863 4021 2031 4069 mate-

437 4110 577 4168 riam
603 4110 652 4165 ei
679 4107 926 4179 subjicit,
969 4101 1420 4179 utique‘tunatam
1453 4114 1510 4161 ct
1544 4104 1818 4174 infectam,
1852 4116 1908 4164 et
1931 4105 2035 4163 hoc

436 4202 659 4261 nomine
706 4209 1001 4268 aeternam,
1051 4207 1109 4255 ut
1145 4198 1392 4254 Domino.
1442 4197 1702 4268 Amplius,
1743 4210 1796 4255 et
1835 4201 2032 4255 malum

2136 3298 2218 3338 su.
2251 3282 2366 3337 Alia
2396 3282 2635 3339 membra
2666 3281 2821 3339 fortia
2847 3326 2862 3351 ,
2897 3285 3002 3340 alia
3030 3285 3241 3341 infirma
3275 3304 3288 3342 :
3329 3286 3433 3342 alia
3465 3287 3696 3346 honesta
3718 3331 3733 3356 ,

2136 3375 2239 3430 alia
2270 3375 2552 3432 inhonesta
2593 3394 2608 3431 :
2635 3376 2737 3432 alia
2767 3379 3003 3449 gemina,
3031 3378 3132 3434 alia
3164 3382 3319 3437 unica
3346 3399 3360 3435 :
3387 3382 3490 3436 alia
3522 3397 3740 3454 compa-

2135 3467 2235 3533 ria,
2265 3467 2366 3523 alia
2392 3467 2646 3539 disparia.
2682 3469 2914 3527 Proinde
2947 3480 3001 3528 et
3041 3472 3094 3527 in
3128 3487 3292 3550 sensu
3324 3488 3467 3530 nunc
3513 3474 3726 3542 laetitia,

2136 3573 2281 3614 nunc
2307 3561 2550 3616 anxietas
2579 3578 2594 3628 ;
2628 3576 2770 3618 nunc
2794 3577 2948 3619 amor
2969 3603 2985 3632 ,
3018 3580 3160 3620 nunc
3184 3565 3366 3621 odium
3399 3582 3417 3633 ;
3449 3582 3599 3624 nunc
3627 3558 3736 3635 ira,

2134 3666 2278 3707 nunc
2307 3651 2516 3707 lenitas.
2545 3652 2701 3719 Quod
2729 3654 2774 3709 si
2805 3653 2874 3710 ita
2903 3665 3007 3723 est,
3040 3668 3097 3713 ut
3120 3658 3313 3715 aemula
3341 3660 3482 3716 inter
3509 3675 3575 3717 se
3601 3675 3737 3716 con-

2132 3741 2353 3799 ditionis
2380 3744 2700 3800 universitas
2729 3747 2829 3802 ista
2862 3738 3134 3805 modulata
3171 3751 3281 3819 sit,
3324 3750 3436 3821 jam
3484 3751 3652 3822 igitur
3680 3761 3737 3822 et

2135 3833 2434 3890 visibilibus
2481 3834 2769 3893 invisibilia
2816 3837 3113 3906 debentur,
3162 3816 3276 3896 nOIt
3325 3816 3741 3899 Eiiieri'auctoii

2132 3923 2457 3999 deputanda,
2481 3943 2641 3999 quam
2666 3929 2751 3986 cui
2779 3939 2834 3985 et
2856 3932 3047 3987 aemula
3072 3947 3284 4000 eorum,
3317 3935 3489 4004 ipsum
3509 3934 3739 3990 Creato-

2136 4036 2249 4076 rem
2278 4019 2553 4075 diversum
2581 4024 2823 4077 notantia
2857 4022 2962 4094 (6),
2985 4018 3265 4094 iubentem
3292 4040 3412 4094 quae
3444 4026 3741 4097 prohibuit,

2137 4119 2192 4165 et
2217 4110 2611 4181 prohibentem,
2654 4128 2775 4183 quae
2809 4112 2974 4184 jussit
3014 4115 3400 4185 percutientem
3453 4126 3508 4172 et
3540 4132 3743 4172 sanan-

2139 4215 2270 4261 tem.
2299 4206 2408 4262 Cur
2430 4201 2493 4263 in
2516 4206 2618 4265 hac
2642 4209 2756 4266 sola
2784 4209 2967 4282 specie
2993 4209 3315 4268 uniformem
3345 4227 3468 4269 eum
3495 4213 3739 4285 capiunt,

1650 4311 2036 4376 LECTIONES
2074 4317 2489 4378 VARIANTES.

429 4519 439 4530 ο
501 4491 573 4560 (2)
609 4495 798 4560 aliquis
820 4491 979 4560 Paris.

430 4564 447 4625 ί
500 4552 577 4625 (3)
612 4552 844 4618 Etémi'n.
868 4552 1029 4610 Seml.

2229 4433 2279 4494 4)
2317 4432 2557 4508 D.e0_cod.
2587 4436 2776 4489 Wouw.
2801 4449 2831 4487 a
2851 4436 2962 4491 Deo
2993 4443 3205 4495 creatori
3227 4441 3375 4494 alien.

2206 4432 2281 4623 ia

2063 4535 2118 4598 D

2228 4497 2281 4621 it

1810 4660 2367 4724 COMMENTARIUS.

438 4794 569 4842 tam.
598 4776 1144 4839 Etsi’odioCreatoris
1171 4774 1422 4833 omnibus
1448 4776 1644 4833 creatis
1664 4775 1957 4845 abstineas,
1985 4786 2041 4834 et

441 4855 708 4913 abdicatis
726 4852 978 4909 omnibus
1007 4850 1129 4905 vita:
1159 4847 1412 4903 subsidiis
1434 4848 1756 4915 iutabescas,
1786 4859 1960 4904 tamen
1987 4850 2039 4904 iu

439 4939 821 5001 quamcunque
832 4923 1107 5001 materiam
1125 4918 1363 5001 membra
1381 4929 1466 4974 tua
1481 4918 1864 5001 dissolvantur,
1881 4920 1933 4973 in
1946 4920 2045 4975 ali-

437 4990 604 5071 quam
617 5014 682 5052 ex
694 4990 1046 5071 substantiisa
1063 4990 1173 5047 Deo
1184 4990 1436 5071 creatore
1447 4990 1677 5071 conditis
1690 4990 2044 5071 resolveiittir.

443 5060 569 5128 Tito.
596 5099 667 5111 -—
691 5068 788 5123 Est
811 5074 987 5121 autem
1003 5068 1354 5133 ἅπῡκιιρτίριιν
1378 5060 1833 5133 Cm-eis,auctore
1859 5062 2042 5128 Suida,

441 5156 571 5199 cum
596 5141 717 5211 quis
729 5139 809 5195 vel
821 5136 1023 5211 inedia,
1041 5137 1122 5211 vel
1139 5131 1332 5211 laqueo
1345 5134 1505 5211 vitam
1523 5131 1659 5199 finit,
1675 5134 1815 5190 unde
1831 5139 2043 5188 ἀπωιαι-

441 5204 837 5287 τερησιξηριιοιι
864 5208 1181 5287 vocabulum
1205 5205 1269 5287 in
1299 5204 1518 5287 Apofog.
1549 5212 2037 5287 quoqueusurpat,

443 5276 817 5342 sic'scriliens
840 5298 854 5335 :
881 5279 1150 5350 Lycurgus
1190 5281 1572 5350 insumi-lpum
1610 5276 1848 5350 Optavit,
1898 5276 2042 5350 quod

447 5356 601 5427 leges
626 5356 745 5424 ejus
772 5346 1021 5427 Lacones
1041 5346 1443 5427 ettretidasseiit.
1473 5350 1738 5427 Caeterum
1770 5346 2039 5427 hypocri-

446 5416 559 5483 tant
594 5416 678 5482 hic
706 5423 939 5496 appellat
967 5416 1318 5496 _Mal‘_Ci0l|t.‘ﬂl,
1352 5427 1411 5472 ut
1454 5432 1559 5473 non
1598 5420 1735 5496 bona
1765 5416 1893 5496 fide,
1936 5431 2038 5496 nec

448 5513 519 5554 ex
561 5487 889 5564 aniino'fsed
936 5492 1183 5547 simulate
1227 5499 1429 5564 tantan
1483 5504 1573 5543 res
1605 5488 1874 5545 Creatoris
1929 5487 2061 5544 deo’

454 5559 758 5626 struentent'
778 5571 1335 5629 contemnentemque.
1362 5559 1536 5615 linea.
1710 5598 1716 5605 .

526 5638 603 5713 (a)
638 5638 703 5713 Ut
728 5638 977 5713 Dentium
1003 5650 1053 5686 a.
1072 5632 1142 5687 12
1173 5629 1364 5686 Tiberii
1391 5631 1626 5713 ρωεςιήτ.
1660 5630 1802 5713 inter
1828 5642 2040 5709 errores

450 5700 767 5767 Tertulliani
788 5708 875 5781 hic
890 5707 1380 5781 locusrecensetur.
1402 5704 1475 5781 De
1501 5703 1745 5781 ligeaiite
1770 5700 2037 5781 disserui-

453 5796 595 5839 mus.
648 5777 876 5838 Putabat
926 5776 1177 5831 nimirum
1222 5788 1363 5829 anno
1409 5772 1477 5830 12
1533 5771 1733 5834 Tiberii
1770 5769 2040 5829 Christum

2487 4782 2694 4841 initium
2721 4782 2936 4854 fecisse,
2967 4794 3024 4844 et
3047 4796 3279 4845 mortem
3315 4787 3544 4845 subiisse
3570 4785 3741 4853 trien-

2225 4944 2305 5018 (ὓ)
2342 4945 2427 5001 Ne
2463 4964 2564 5015 qua
2589 4950 2758 5004 adhuc
2796 4950 2902 5006 illic
2931 4961 3109 5007 vacent
3144 4953 3416 5008 subsiciva.
3463 4952 3742 5010 Subsiciva

2150 5017 2236 5072 vel
2268 5017 2543 5094 subseciva
2570 5035 2714 5091 saepe
2756 5032 3046 5094 occurrunt
3074 5027 3215 5094 apud
3273 5034 3527 5080 auctores
3552 5021 3739 5076 finium

2151 5089 2534 5163 regundurum.
2581 5089 2832 5162 Aggentts
2862 5089 3122 5161 Urbicus,
3138 5093 3265 5150 Cum
3302 5107 3470 5150 autem
3502 5094 3750 5163 assigna-

2149 5160 2220 5237 tio
2260 5162 2313 5214 in
2351 5178 2476 5232 agro
2506 5160 2767 5237 assignato
2811 5164 2973 5233 ﬁeret,
3022 5160 3122 5219 non
3170 5168 3333 5237 potuit
3361 5167 3537 5222 omnis
3578 5160 3759 5219 m'odus

2148 5231 2526 5308 intragmimor
2557 5231 2739 5289 limites
2766 5231 3013 5308 veteranis
3033 5231 3290 5308 assignari
3319 5254 3338 5292 :
3370 5239 3425 5291 in
3454 5255 3529 5293 et;
3551 5250 3760 5308 reman-

2146 5303 2226 5377 sit
2249 5302 2466 5377 aliquid,
2503 5310 2638 5377 quod
2681 5321 2714 5359 α
2758 5305 3059 5362 subsecutus
3102 5302 3237 5363 linea
3278 5325 3462 5363 nomen
3507 5306 3761 5377 accepit,

2145 5373 2475 5428 subseciumn.
2511 5373 2633 5431 Bis.
3204 5397 3208 5399 λ

2215 5485 2693 5568 CAP.JXVI.—(c)
2719 5488 3106 5568 Scripturarum
3153 5508 3351 5564 quoque
3400 5491 3748 5568 aduocationi.

2143 5557 2440 5633 Advocatio
2458 5557 2702 5633 proprie
2736 5557 3009 5633 estr'turba
3058 5557 3405 5633 patronorum
3450 5576 3502 5620 et
3545 5566 3750 5619 amico-

2144 5643 2286 5711 rum,
2307 5630 2394 5699 qui
2426 5629 2657 5711 al‘icui‘in
2683 5629 2886 5711 judicio
2910 5629 3123 5711 adsunt.
3145 5635 3491 5711 _llic_accipit
3520 5648 3620 5711 pro
3654 5637 3751 5689 de-

2143 5698 2406 5784 fepsione.
2461 5698 2796 5784 S‘ic_in-Vlib.
2835 5702 3188 5784 detpatiemia
3217 5721 3234 5758 :
3260 5698 3442 5784 Itaque
3480 5698 3670 5784 uitibus
3701 5714 3750 5758 et

2146 5769 2428 5841 advocatio,
2458 5781 2506 5827 et
2534 5772 2667 5829 risus
2690 5773 3001 5845 promittitur
3037 5791 3131 5845 pro
3168 5769 3531 5833 consolatione.
3568 5777 3747 5836 Rusti.
