4008 6280
274 291 394 348 265
490 322 501 333 ι

1422 288 1555 345 LIB.
1594 289 1615 345 ι
1659 286 2029 349 ADVERSUS
2062 288 2483 349 MARCIONEM.

3505 296 3612 356 266

277 404 608 461 visibilium
635 378 974 458 solummodo
1000 408 1057 458 et
1085 401 1243 456 vitam
1274 409 1329 457 et
1357 412 1623 468 mortem,
1672 410 1727 457 et
1763 401 1901 458 mala
1934 405 1975 463 Α
2007 415 2117 459 smn
2146 403 2486 460 revelationis
2517 401 2831 459 necessaria:
2851 443 2868 470 ,
2899 414 2990 459 aut
3036 404 3303 461 dubitavit
3334 447 3349 474 ,
3382 416 3473 462 aut
3503 425 3606 464 non
3631 413 3638 431 '
3741 476 3746 481 _

286 506 345 554 et
376 494 822 569 paccm(Eccli.,
846 494 944 561 XI,
977 494 1064 561 id;
1093 491 1193 559 ls.,
1224 492 1503 563 XLV,7)?
1533 494 1600 549 Et
1631 493 1831 564 utique,
1861 493 1908 550 si

290 590 388 645 illa
422 589 742 645 invisibilia
768 588 962 659 majora
998 596 1123 642 sunt
1177 586 1472 642 visibilibns
1508 586 1767 644 creaturis
1808 601 1908 641 suo

288 683 422 737 loco
451 682 685 753 m:.gnis
708 724 725 748 ,
753 685 828 737 sic
850 695 1059 753 quoque
1085 680 1333 751 congruit
1381 680 1500 751 ejus
1549 694 1673 736 esse
1702 678 1907 748 majora

280 772 456 843 cujus
503 784 567 829 et
607 788 843 844 magna;
889 773 1011 843 quia
1060 788 1159 828 nec
1205 788 1417 843 magna,
1451 772 1646 829 nedum
1678 771 1903 844 majora,

279 865 331 921 ci
364 873 704 937 competant
726 865 875 937 cujus
904 878 1003 922 nec
1029 864 1237 921 modica
1264 873 1596 937 comparent.

880 977 1106 1036 CAPUT
1145 977 1313 1034 XVII.

364 1093 472 1148 llis
518 1092 814 1163 compressi
859 1092 972 1165 (a),
1019 1102 1309 1164 erumpunt
1352 1091 1577 1150 dicere:
1626 1111 1646 1148 ι
1692 1093 1907 1151 Sull'icit

288 1185 529 1240 unicum
558 1183 662 1240 hoc
691 1199 823 1255 opus
854 1185 962 1239 Deo
991 1195 1196 1253 nostro,
1228 1187 1371 1258 quod
1411 1185 1684 1244 hominem
1710 1187 1907 1244 libera-

282 1277 365 1333 vit
392 1293 619 1333 summa
652 1288 707 1333 et
742 1279 1003 1349 pra‘cipua
1044 1279 1282 1336 bonitate
1308 1295 1403 1335 sua
1425 1321 1440 1348 ,
1467 1289 1521 1336 et
1546 1282 1795 1338 omnibus
1825 1282 1908 1337 Io-

281 1370 464 1426 costis
495 1371 894 1441 anteponenda.
934 1391 952 1424 ι
982 1371 1027 1427 0
1063 1371 1230 1427 Deum
1278 1374 1536 1444 majorem
1564 1416 1579 1442 ,
1611 1375 1764 1446 cujus
1794 1385 1904 1432 tam

280 1478 552 1535 magnum
582 1477 722 1532 opus
758 1478 859 1518 non
892 1464 1064 1534 potuit
1095 1464 1360 1546 inveniri.
1391 1480 1552 1536 quam
1587 1465 1638 1519 in
1685 1460 1905 1523 homine

289 1556 382 1613 dei
439 1557 721 1614 minoris!
780 1556 1090 1623 Enimvero.
1126 1559 1272 1628 prius
1315 1567 1400 1614 est
1445 1568 1505 1614 ut
1544 1574 1669 1616 eum
1710 1560 1907 1631 probes

283 1663 440 1714 esse,
487 1664 591 1719 per
635 1661 757 1719 qua:
807 1649 968 1703 Deum
1014 1651 1227 1720 probari
1269 1660 1521 1721 oportet:
1562 1667 1656 1723 per
1697 1666 1902 1723 opera;

291 1750 428 1796 tunc
456 1740 662 1797 deinde
686 1755 778 1810 per
806 1739 1088 1796 henelicia.
1124 1741 1308 1798 Primo
1331 1743 1477 1807 enim
1524 1744 1784 1815 quaeritur
1832 1760 1899 1800 an

281 1834 379 1897 sit;
405 1844 466 1890 et
491 1835 593 1901 ita,
621 1834 797 1904 qualis
827 1834 917 1889 sit.
940 1835 1182 1890 Alterum
1207 1835 1275 1890 de
1294 1836 1570 1907 operibus,
1587 1836 1814 1893 alterum
1832 1836 1903 1895 de

278 1927 578 1983 beneficiis
594 1926 939 1998 dignoscetur
953 1929 999 2001 (i
1012 1926 1352 2001 ).C:eterum,
1371 1946 1479 1986 non
1503 1932 1625 2001 quia
1646 1931 1904 1988 liberasse

277 2019 492 2075 dicitur
523 2018 826 2086 hominem,
854 2020 976 2076 idco
999 2020 1121 2077 eSse
1156 2037 1282 2077 eum
1303 2030 1515 2078 constat
1540 2038 1556 2089 ;
1588 2022 1685 2079 sed
1710 2023 1756 2078 si
1778 2038 1903 2080 esse

276 2112 627 2179 censtitcrit,
660 2122 786 2168 tunc
806 2125 861 2168 et
886 2113 1144 2169 liberasse
1160 2113 1372 2171 dicetur
1395 2132 1412 2182 ;
1445 2124 1503 2170 ιιι
1526 2123 1582 2172 et
1605 2130 1673 2171 an
1704 2117 1903 2173 libera-

280 2206 431 2261 verit
475 2204 882 2276 constet;quia
910 2206 1137 2276 potuerit
1162 2217 1377 2274 etesse,
1401 2215 1457 2263 et
1480 2222 1586 2263 non
1629 2207 1903 2266 liberasse.

283 2295 590 2364 Quomodo
634 2310 802 2366 ergo,
839 2296 962 2366 quia
1003 2296 1260 2353 liberasse
1302 2298 1531 2364 dicetur,
1576 2300 1737 2356 etiam
1781 2315 1904 2358 esse

274 2391 550 2446 credetur
573 2431 589 2455 ,
622 2405 746 2443 cum
781 2391 1012 2459 potuerit
1052 2400 1105 2446 et
1139 2384 1317 2459 esse,
1344 2402 1398 2448 et
1440 2407 1547 2449 non
1599 2392 1901 2450 liberasse?

276 2480 447 2537 Nunc
490 2482 546 2535 in
591 2482 696 2535 isto
735 2482 960 2536 articulo
1000 2481 1070 2537 ab
1121 2483 1284 2553 ignoti
1319 2482 1411 2540 Dei
1455 2485 1755 2556 qumstione
1801 2486 1900 2543 de-

230 2636 237 2643 ,
275 2574 458 2629 ducto
488 2572 598 2645 (2),
628 2572 761 2627 satis
789 2573 1026 2628 constitit
1055 2582 1160 2629 tam
1216 2574 1348 2630 nihil
1391 2574 1540 2631 illum
1574 2575 1901 2646 condidisse,

274 2681 451 2737 quam
476 2662 740 2719 debuisse
765 2664 1093 2730 condidisse,
1127 2665 1203 2720 uti
1233 2678 1656 2737 cognosceretur
1684 2684 1749 2724 es
1772 2683 1903 2741 ope.

275 2759 477 2823 ribus;
513 2758 669 2827 quia,
701 2756 745 2810 si
769 2756 975 2825 luisset,
998 2759 1253 2829 cognosci
1289 2758 1586 2828 debuisset,
1606 2768 1660 2816 et
1688 2761 1770 2828 (3)
1802 2761 1905 2816 uti-

273 2870 388 2923 que
440 2867 471 2905 a
525 2850 825 2920 primordio
856 2866 1032 2906 rcrmn
1064 2870 1076 2905 :
1114 2852 1281 2907 Deum
1325 2854 1466 2910 enim
1500 2868 1604 2909 non
1632 2852 1903 2911 decuisset

274 2944 542 3001 latuise
584 2942 880 3013 chrcdiar
925 2959 1148 3000 necesse
1186 2954 1270 3002 est
1309 2945 1376 3001 ad
1418 2947 1678 3018 originem
1728 2964 1901 3019 quais—

274 3037 463 3094 tionis
512 3036 605 3090 Dei
655 3020 819 3105 ignoti
844 3077 857 3097 .
893 3044 949 3089 ut
987 3045 1214 3092 cmteros
1245 3053 1459 3108 quoque
1498 3040 1737 3095 ramulos
1780 3040 1900 3110 ejus

272 3128 592 3193 excutiam,
627 3126 809 3181 Primo
851 3114 992 3181 enim
1036 3128 1202 3199 quarri
1248 3129 1552 3199 oportebit.
1580 3130 1670 3201 qui
1713 3139 1898 3201 postea

273 3236 340 3277 se
378 3216 675 3291 protulerit
700 3218 751 3271 in
776 3218 1061 3285 notitiam;
1106 3235 1203 3273 cur
1234 3228 1442 3289 postea,
1483 3230 1538 3275 et
1574 3235 1682 3277 non
1724 3237 1756 3277 a
1792 3224 1901 3292 pri-

275 3309 514 3367 mordio
565 3310 794 3363 rerum?
861 3309 1056 3378 quibus
1120 3311 1304 3382 utique
1361 3312 1737 3382 necessarius,
1801 3329 1905 3384 qua

196 3406 249 3441 ⁸·
273 3404 466 3466 Deus,
496 3409 552 3455 et
580 3399 797 3472 quidem
845 3400 1035 3457 melior
1081 3418 1188 3472 quo
1239 3402 1324 3475 (ι)
1357 3398 1711 3470 necessarior,
1739 3405 1907 3483 latere

272 3511 410 3553 non
430 3493 639 3549 debuit.
668 3491 785 3547 Non
817 3494 961 3549 enim
995 3504 1172 3564 potest
1205 3494 1313 3551 diei
1340 3512 1446 3553 non
1477 3497 1641 3555 fuisse
1663 3506 1759 3554 aut
1784 3514 1900 3556 ma-

274 3589 526 3650 teriam,
575 3595 668 3640 aut
730 3599 975 3642 caussam
1025 3586 1384 3657 cognoscendi
1435 3588 1640 3654 Deum,
1682 3599 1910 3649 cum.et

274 3681 467 3737 homo
482 3693 514 3731 a
540 3675 834 3747 primordio
856 3687 1002 3733 esset
1026 3679 1077 3732 in
1101 3678 1326 3747 saeculo,
1349 3681 1434 3735 cui
1467 3697 1611 3738 nunc
1634 3683 1902 3751 subvenit,

271 3781 346 3830 et
401 3766 607 3824 malitia
654 3766 971 3835 Creatoris,
1012 3768 1272 3825 adversus
1318 3785 1479 3841 quam
1526 3781 1583 3828 nt
1614 3773 1694 3845 (5)
1738 3773 1911 3830 bonus

276 3858 574 3922 subvenit.
597 3856 764 3930 Igitur
784 3866 878 3915 aut
897 3859 1159 3930 ignoravit
1198 3868 1254 3917 et
1278 3874 1522 3919 caussam
1549 3871 1605 3919 et
1630 3866 1907 3921 materiam

2010 496 2200 567 potuit,
2216 505 2306 551 aut
2326 497 2515 552 noluit.
2533 496 2724 553 Omnia
2748 496 2862 552 lucc
2882 497 2990 553 Deo
3010 496 3247 569 indigna,
3269 500 3500 556 maxime
3515 518 3613 573 op-

2013 592 2162 648 timo.
2185 593 2289 649 Sed
2320 602 2374 648 et
2399 592 2540 648 Imnc
2569 592 2743 649 locum
2775 593 2899 649 alibi
2931 594 3290 664 implebimus,
3317 597 3608 666 exprobra-

2013 682 2157 740 tione
2169 698 2304 742 εει-ω
2317 685 2677 750 revelationis,
2695 685 2835 740 sicut
2848 702 2991 742 nunc
3002 688 3115 743 sola
3127 687 3604 746 demonstratione.

2578 793 2806 854 CAPUT
2847 794 3034 887 XVIII.

1995 896 2019 937 \‘
2081 906 2430 973 Processerit,
2472 923 2591 979 age,
2618 907 2728 978 jatn
2780 910 2833 963 in
2869 910 3113 965 notitiam
3155 911 3369 983 quando
3414 914 3603 984 voluit,

2008 999 2225 1071 quando
2252 1000 2442 1071 potuit,
2473 1000 2687 1069 quando
2713 1000 2847 1055 hora
2880 999 3057 1057 fatalis
3084 1002 3322 1059 advenit.
3358 1003 3439 1075 (b)
3474 1005 3608 1062 For-

2010 1101 2153 1149 tasse
2181 1093 2325 1148 enim
2350 1091 2683 1148 anabibazon
2711 1092 2761 1148 ei
2788 1093 3059 1158 obstabat,
3089 1107 3180 1150 aut
3205 1097 3401 1167 aliqua:
3433 1099 3604 1155 male-
3645 1150 3676 1184 η

2009 1183 2149 1251 lietc,
2168 1194 2260 1240 aut
2283 1184 2544 1240 Saturnus
2566 1185 2878 1253 quadratus,
2903 1195 2998 1240 aut
3025 1184 3168 1241 Mars
3185 1186 3443 1258 trigonus.
3470 1189 3603 1245 Nam
3636 1201 3663 1216 "

2008 1283 2066 1330 et
2097 1274 2464 1331 mathematici
2514 1275 2808 1347 plurimum
2855 1276 3182 1334 Marcionitzc
3225 1278 3325 1349 (c),
3372 1296 3470 1336 nec
3504 1281 3606 1338 hoc

2009 1368 2413 1436 erubescentes,
2439 1367 2509 1425 de
2535 1368 2664 1438 ipsis
2702 1369 2867 1425 etiam
2894 1369 3063 1425 stellis
3092 1371 3273 1426 vivere
3301 1371 3596 1435 Creatoris.

2008 1458 2371 1516 Tractandum
2399 1469 2454 1515 et
2483 1459 2569 1514 hic
2591 1459 2658 1516 de
2687 1460 3032 1516 revelationis
3052 1462 3326 1532 qualitate,
3348 1479 3416 1518 an
3446 1464 3606 1536 digne

2007 1552 2256 1621 cognitus
2284 1553 2375 1618 sit,
2402 1562 2458 1606 ut
2478 1562 2690 1607 constet
2709 1568 2778 1607 an
2818 1567 2967 1616 vere;
2987 1563 3039 1608 et
3063 1554 3135 1608 ita
3165 1554 3415 1611 credatur
3442 1572 3565 1611 esse
3589 1598 3603 1622 ,

2008 1658 2169 1714 quem
2197 1643 2359 1713 digne
2395 1644 2698 1700 constiterit
2744 1644 3060 1701 revelatum.
3091 1645 3257 1717 Digna
3300 1649 3444 1703 enim
3496 1648 3605 1706 Deo

2010 1735 2316 1806 probabunt
2342 1735 2530 1791 Deum.
2558 1734 2671 1792 Nos
2694 1735 2983 1793 deﬁnimus
3010 1737 3173 1793 Deum
3218 1740 3391 1808 primo
3417 1750 3607 1798 natura
3626 1762 3668 1786 ρ-

2007 1830 2482 1901 coguoscendnm,
2528 1831 2726 1887 dehinc
2773 1831 2854 1905 (6)
2906 1831 3154 1889 doctrina
3217 1851 3609 1908 recognoscen-

2007 1921 2135 1978 dnm
2160 1940 2175 1979 :
2204 1931 2391 1979 natura
2414 1939 2485 1980 ex
2518 1924 2795 1994 operibus,
2826 1926 3071 1981 doctrina
3097 1943 3160 1982 ex
3212 1929 3609 1999 pra-dicationi-

2006 2014 2129 2071 bus.
2157 2013 2263 2071 Sed
2301 2015 2387 2071 cui
2414 2014 2555 2070 nulla
2588 2024 2773 2070 natura
2797 2023 2899 2084 est,
2935 2018 3198 2073 naturalia
3248 2021 3602 2079 instrumenta

2008 2122 2115 2163 non
2147 2115 2458 2178 suppetunt.
2489 2100 2632 2179 Ergo
2669 2107 2752 2163 vel
2795 2108 3267 2178 prtedicationihas
3316 2114 3607 2179 revelatio-

2010 2215 2134 2255 nem
2185 2199 2269 2255 sui
2310 2198 2570 2256 debuerat
2611 2200 2856 2270 operari;
2907 2201 3139 2257 maxime
3182 2203 3441 2259 adversus
3482 2221 3606 2262 cum

2015 2292 2346 2350 revelandus
2397 2293 2486 2365 qui
2514 2301 2570 2350 et
2591 2293 2916 2351 conditionis
2944 2295 3422 2367 etprzedicationis
3469 2314 3608 2369 ope-

2007 2385 2157 2442 ribus
2183 2394 2261 2441 tot
2289 2400 2353 2443 ac
2384 2386 2567 2453 tantis,
2595 2386 2678 2441 vix
2710 2395 2887 2442 tamen
2914 2386 2995 2459 (ιι)
3030 2387 3303 2443 hominum
3339 2386 3495 2444 Iidem
3528 2389 3609 2460 (7)

2006 2476 2344 2549 impleverat.
2389 2476 2672 2544 Quomodo
2719 2479 2901 2549 itaque
2943 2479 3213 2535 revelatus
3256 2480 3383 2536 est?
3424 2480 3481 2537 Si
3516 2498 3610 2552 per

2008 2570 2301 2627 humanam
2323 2571 2711 2642 conjecturam,
2740 2587 2874 2643 nega
2909 2571 3073 2627 Deum
3098 2571 3178 2646 (8)
3207 2573 3341 2629 alias
3357 2576 3611 2645 cognosci

2009 2681 2167 2737 posse
2194 2682 2353 2737 quam
2385 2681 2480 2735 per
2500 2665 2846 2734 semetipsum
2872 2683 2886 2721 :
2919 2683 3016 2723 nec
3043 2677 3249 2723 tantum
3280 2668 3345 2723 ad
3377 2668 3605 2725 formam

2007 2773 2308 2829 provocans
2337 2757 2631 2823 Creatoris,
2662 2774 2846 2815 verum
2891 2767 2947 2815 et
2994 2748 3065 2814 ad
3099 2760 3465 2817 conditionem
3500 2771 3607 2817 tam

2004 2851 2204 2908 divina:
2228 2850 2636 2922 magnitudinis,
2681 2867 2842 2920 quam
2890 2850 3142 2908 humanm
3174 2853 3563 2910 mediocritatis
3595 2873 3608 2909 :

2005 2960 2075 3001 ne
2118 2944 2288 3015 major
2334 2946 2444 3000 Deo
2484 2943 2644 3001 homo
2684 2944 2850 2999 videri
2877 2945 3063 3014 possit,
3088 2946 3177 3016 qui
3205 2946 3310 3019 (9),
3345 2964 3467 3004 eum
3500 2940 3701 3005 non“

2005 3037 2147 3093 ultro
2182 3037 2452 3092 volentem
2497 3036 2776 3107 cognosci,
2814 3037 2928 3091 suis
2966 3037 3170 3093 viribus
3209 3039 3609 3108 quodammodo

2006 3130 2058 3185 in
2108 3130 2381 3200 publicum
2441 3128 2730 3199 agnitionis
2786 3131 3083 3187 extraxerit
3129 3148 3144 3185 :
3196 3148 3320 3188 cum
3367 3133 3604 3191 humana

2008 3222 2351 3280 mediocritas
2391 3221 2602 3279 facilius
2621 3222 2754 3279 deos
2781 3223 2985 3293 lingere
3011 3223 3113 3281 sibi
3145 3225 3289 3281 norit
3313 3228 3609 3283 secundum

2010 3314 2174 3370 totius
2201 3313 2305 3368 :nvi
2337 3303 2705 3384 experimenta
2733 3353 2749 3380 ,
2789 3328 2953 3385 quam
2985 3329 3168 3369 verum
3214 3318 3408 3372 sectari
3448 3335 3607 3389 quem

2010 3414 2196 3462 natura
2238 3404 2344 3475 jam
2392 3403 2715 3472 intelligunt.
2747 3403 3042 3475 Alioquin,
3070 3407 3114 3461 si
3141 3406 3219 3462 sic
3248 3406 3411 3464 homo
3440 3410 3606 3467 Deum

2008 3495 2459 3552 commentahitur
2481 3537 2497 3562 ,
2529 3495 2800 3566 quomodo
2830 3490 3093 3552 Romulus
3130 3497 3477 3567 Consum,‘ct
3516 3502 3613 3558 Ta-

2013 3588 2118 3643 tius
2158 3586 2468 3643 Cloacinam
2494 3626 2510 3654 ,
2541 3594 2597 3642 et
2624 3585 2881 3643 Hostilius
2911 3587 3179 3645 Pavorem
3205 3632 3219 3656 ,
3269 3600 3325 3647 et
3369 3592 3612 3650 Metellus

2012 3680 2331 3745 Alburnum,
2360 3688 2415 3734 et
2449 3677 2667 3749 quidam
2710 3687 2841 3734 ante
2872 3677 2975 3735 hoc
3021 3690 3233 3751 tempus
3273 3681 3564 3740 Antinoum
3596 3702 3611 3752 ;

2015 3770 2122 3830 hoc
2167 3762 2289 3826 aliis
2331 3769 2561 3825 licebit:
2606 3784 2705 3850 nos
2749 3760 3077 3833 Marcionem
3108 3762 3417 3831 nauc’lerum
3460 3776 3611 3832 novi-

2018 3878 2161 3931 mus,
2193 3877 2300 3924 non
2331 3874 2536 3933 regem,
2563 3874 2666 3918 nec
2692 3860 3094 3934 imperatorem.
3184 3925 3200 3934 .

1522 3975 1909 4036 LECTIONES
1949 3974 2361 4035 VARIANTES.

392 4091 437 4155 ι)
476 4090 576 4155 Dei
599 4091 897 4155 dignoscitur
912 4090 1109 4155 ,Pamel.

385 4150 439 4213 2)
474 4150 695 4205 Deducta
718 4150 869 4205 Seml.
894 4154 1122 4207 deductis
1151 4156 1316 4208 Venet.
1354 4155 1597 4210 deductus
1618 4157 1904 4213 Corziensis.

382 4214 437 4283 ξ)
470 4215 535 4283 ξι
555 4214 734 4283 neglig.
767 4226 882 4269 Jun.

386 4277 432 4341 4]
475 4279 585 4341 Qua
604 4277 719 4329 imi.

381 4340 436 4393 5)
472 4340 537 4393 Ει
556 4340 751 4392 Punici.

2182 4155 2438 4227 ﬂemincm
2460 4155 2556 4227 fide
2579 4152 2768 4205 Pamel.
2854 4214 2867 4227 .

2095 4218 2146 4283 8)
2180 4219 2284 4277 Est,
2310 4221 2349 4268 si
2373 4231 2461 4279 per
2477 4218 2737 4266 humanam
2759 4218 3088 4279 conjecturam
3111 4227 3265 4282 negat
3285 4218 3447 4275 Deum
3464 4225 3607 4279 Pam.

2095 4296 2164 4315 ne
2210 4281 2369 4315 nasum
2394 4277 2529 4315 £12m!
2569 4278 2688 4315 fni-In
2711 4292 2841 4315 noun
2869 4279 2977 4315 ΡΛΑ

2007 4277 2179 4344 negas,
2210 4277 2542 4350 Deum—Stant.
2566 4278 2688 4348 forte
2711 4277 2995 4353 nego'lz‘dd.
3180 4277 3205 4282 ⁷

2073 4341 2145 4408 (9)
2181 4342 2322 4393 Modo
2344 4348 2510 4394 mserit
2535 4343 2697 4392 Limn.
2711 4355 2795 4405 qm
2821 4355 2916 4393 non
2940 4355 3055 4394 cum
3075 4356 3172 4395 non
3193 4345 3381 4398 Pantel.

2097 4093 2147 4157 tl)
2183 4092 2375 4144 Deinde
2398 4089 2583 4144 Pamcl.

2182 4155 2438 4207 Hominem
2460 4155 2556 4205 lide
2579 4196 2583 4203 .

2074 4095 2146 4284 ig;
2180 4219 2284 4284 F._st,
2310 4221 2349 4268 si
2373 4231 2461 4284 per
2477 4218 2583 4284 hum

1693 4447 2257 4510 COMMENTARIUS.

368 4566 528 4625 CAP.
560 4563 904 4639 μιγητ-(τι)
948 4563 1363 4639 Ηὶε-ἑοιιιριξεεσὶ
1402 4576 1672 4639 erumpunt
1700 4568 1890 4623 dicere.
1919 4565 1974 4628 D
1999 4564 2330 4639 simplicibus
2374 4563 2657 4635 imponunt
2693 4563 2808 4620 suis
2846 4564 3117 4635 ﬁgmentis
3150 4576 3205 4623 et
3248 4567 3594 4639 [alsitatihus

296 4636 645 4712 Marcionita:
660 4638 936 4712 nimirum,
953 4638 1041 4705 qui
1061 4637 1225 4712 Deum
1237 4636 1902 4712 Creatorem'sngillabant,

294 4723 364 4767 ut
386 4709 677 4770 vermium,
701 4709 1046 4769 locustarum.
1060 4708 1330 4773 cimicum,
1346 4718 1449 4765 ete.
1465 4708 1789 4766 creatorem.
1806 4714 1844 4765 Α
1856 4708 1906 4767 rL

293 4783 501 4854 nehitts
515 4780 610 4836 lib.
629 4778 675 4835 II
686 4790 861 4854 contra
875 4777 1213 4854 Centeno]:
1227 4780 1362 4834 enim
1374 4781 1419 4835 si
1430 4797 1667 4854 negentne
1681 4797 1902 4854 muscas,

296 4852 618 4910 scarabaos.
644 4860 693 4905 et
718 4852 939 4909 cimices.
964 4849 1256 4913 ntitedulas,
1286 4849 1604 4907 curculiones
1647 4863 1695 4907 ct
1745 4849 1907 4912 tinens

295 4921 672 5006 omnipotentis
702 4938 818 5006 esse
859 4936 986 4991 Opus
1017 4918 1194 5006 Regis.
1221 4922 1325 4978 Sed
1355 4922 1551 5005 .majori
1579 4922 1771 5006 adhuc
1786 4940 1908 5006 per-

293 4991 593 5066 spicuitate
614 4992 676 5047 Β.
701 4991 1060 5066 llieronymus
1074 4993 1125 5047 in
1141 4992 1408 5066 Protendo
1425 4991 1624 5049 comm.
1648 4994 1714 5049 ad
1730 4991 1905 5065 Epist.

292 5061 373 5124 ad
426 5064 704 5122 Philem:
748 5061 983 5131 Quodsi
1024 5079 1126 5137 non
1172 5065 1379 5137 pu‘tant
1405 5081 1580 5137 eorum
1628 5082 1734 5122 esse
1753 5061 1909 5137 parva

295 5151 534 5212 quartus
553 5144 607 5193 et
629 5150 820 5212 magna
845 5143 983 5212 sunt,
1000 5133 1216 5212 alterum
1247 5134 1381 5212 inihi
1402 5135 1735 5212 conditorem,
1753 5133 1911 5212 'jnxta

319 5151 529 5208 mrum
553 5150 607 5193 et
629 5150 820 5261 magia
845 5150 983 5199 sunt,
1000 5150 1216 5188 nuerunt
1253 5150 1380 5189 unm
1402 5150 1735 5202 conditorem,
1754 5150 1907 5212 juxta

319 5206 681 5279 Valentinum,
772 5205 1032 5279 nrcionem
1055 5214 1103 5259 et
1130 5205 1379 5279 Apellcm,
1411 5210 1638 5279 formica:
1654 5248 1671 5273 ,
1722 5211 1907 5264 vermi—

302 5296 459 5345 αισι,
482 5277 734 5340 calicum,
763 5276 1110 5339 locustarum;
1130 5275 1349 5330 alterum
1374 5275 1507 5338 creti,
1531 5286 1698 5345 terrm,
1751 5282 1909 5339 utaris

299 5361 353 5409 et
368 5350 680 5425 angelorum
703 5347 884 5425 debent
911 5345 1246 5425 introducere.
1273 5348 1540 5425 An_po_t_ius
1560 5349 1784 5419 ejusdem
1810 5369 1906 5425 ρο.

528 5429 609 5478 at
628 5460 647 5502 ε
697 5418 958 5502 ingenium
994 5418 1133 5489 quod
1170 5419 1225 5473 in
1253 5418 1544 5502 junioribus
1583 5418 1905 5493 exercueris,

292 5495 457 5552 am
478 5494 543 5549 in
566 5490 862 5561 Itineribus
885 5504 994 5561 non
1014 5505 1220 5561 negare.
1253 5490 1331 5545 Ls
1355 5491 1448 5545 Pu.

358 5559 715 5625 “PJVIII
725 5602 739 5616 .
751 5590 828 5602 —
843 5559 922 5632 (b)
947 5558 1186 5632 Fortasse
1200 5565 1332 5616 enim
1347 5561 1661 5616 annbibazon
1677 5563 1720 5616 ei
1736 5564 1905 5619 obsta-

248 5656 267 5665 -
284 5638 397 5703 με,
415 5630 922 5697 more...
948 5630 1221 5701 planetam
1248 5648 1343 5688 seu
1369 5633 1576 5703 signum
1604 5634 1902 5692 ascendens

256 5708 345 5777 ,ξι
370 5702 968 5777 Wpohttraque
994 5703 1179 5767 natali,
1200 5713 1256 5757 ut
1287 5702 1503 5777 tradunt
1537 5704 1858 5777 genetltliaci
1879 5749 1896 5771 ,

268 5772 676 5861 itip'ilsimnin
705 5772 981 5830 hominum
1007 5789 1197 5843 genus,
1229 5776 1320 5847 qui
1340 5772 1564 5855 populow
1577 5774 1821 5850 phaleras
1844 5787 1901 5836 et

651 5870 1095 5936 Turonum"
1135 5868 1221 5933 ll.

3248 4638 3325 4695 Ls
3365 4641 3459 4698 Pa.

2083 4708 2177 4783 (r)_
2216 4706 2356 4783 Nam
2407 4715 2478 4783 __et
2527 4706 2869 4783 mathematici
2918 4707 3196 4783 plurimum
3260 4709 3602 4773 Marcionita}.

2007 4778 2377 4838 pnituicabant
2407 4778 2440 4834 ii
2472 4794 2531 4835 se
2555 4781 2717 4834 vivere
2754 4778 2819 4831 de
2864 4778 3046 4843 stellis,
3090 4779 3192 4835 hoc
3216 4792 3302 4838 est
3326 4786 3603 4845 stellarum

2010 4861 2156 4908 motu
2216 4852 2379 4906 vitam
2438 4864 2588 4905 suam
2644 4848 2879 4919 pendere
2910 4890 2924 4910 .
2996 4864 3116 4905 cum
3180 4862 3357 4910 tamen
3420 4859 3606 4915 stella-

2010 4939 2127 4979 rum
2155 4922 2366 4979 illarunt
2379 4922 2691 4977 Creatorem
2711 4920 2920 4976 nollent
2945 4921 3247 4978 admittere.
3274 4925 3371 4981 Hic
3397 4929 3606 4986 mathe-

2009 4995 2326 5051 maticorum
2359 4993 2576 5049 nomine
2596 5006 2705 5063 non
2737 4999 2849 5047 tota
2877 4993 3135 5050 mathesis
3158 4994 3465 5063 damnatur,
3504 5002 3600 5056 sed

2014 5066 2100 5121 illa
2147 5073 2351 5137 tantum
2374 5062 2686 5137 superstitio
2706 5077 2849 5137 qum,
2872 5078 2994 5118 cum
3026 5079 3131 5137 non
3153 5066 3224 5119 sit
3254 5082 3376 5137 pars
3398 5062 3603 5125 mathe-

2012 5151 2134 5209 sees
2194 5132 2579 5209 (judiciarianr
2612 5132 2776 5209 dico)
2823 5133 2962 5209 inter
3000 5132 3379 5196 matltematttnt
3426 5152 3603 5209 partes

2012 5208 2254 5279 adoptari
2277 5206 2411 5279 vult,
2440 5204 2582 5279 quod
2613 5205 2725 5279 ΙΙθεί
2759 5206 2981 5279 nequit;
3008 5209 3314 5279 cum_enim
3350 5204 3483 5265 nihil
3507 5213 3601 5267 ad-

2013 5274 2227 5335 mittant
2243 5274 2640 5350 mathematica:
2663 5274 2961 5350 disciplime
2984 5276 3101 5332 sine
3120 5276 3598 5350 demonstratione,

2008 5347 2344 5421 judiciariant
2377 5344 2645 5421 rejicinnt,
2672 5343 2741 5399 de
2784 5360 2886 5421 qua
2919 5344 3097 5421 (error
3118 5348 3263 5421 enim
3290 5361 3394 5421 est
3432 5343 3599 5421 pessii

2015 5414 2160 5488 inus)
2216 5416 2357 5470 nulla
2387 5414 2458 5470 sit
2492 5414 2906 5489 demonstratio,
2931 5414 3068 5489 aliis
3115 5417 3333 5489 inloeis
3370 5414 3598 5489 judicia-

2012 5484 2149 5546 riatn
2174 5500 2460 5557 aggressus
2486 5495 2571 5557 est
2593 5502 2608 5550 ;
2638 5484 2757 5557 vide
2785 5485 2851 5557 de
2877 5484 3151 5557 Idololatr.
3184 5488 3257 5543 LE
3283 5484 3382 5545 Pu:

2081 5558 2159 5630 (tl)
2188 5554 2470 5631 [inguinum
2501 5556 2651 5619 ﬁdem
2674 5554 2988 5631 impleverat.
3020 5554 3114 5611 Sic
3133 5558 3302 5631 habet
3326 5565 3599 5631 exemplar

2007 5625 2209 5689 Ursini.
2251 5625 2400 5697 Ferri
2442 5635 2620 5680 tamen
2660 5634 2857 5697 potest
2881 5625 3090 5695 vulgata
3133 5629 3315 5695 lectio,
3348 5625 3599 5697 qnze'est

2003 5703 2165 5761 etiam
2209 5696 2415 5755 codicis
2462 5694 2725 5753 I'itltmani
2747 5736 2764 5762 ,
2806 5694 3083 5750 Horuinem
3130 5699 3232 5767 ﬁde
3279 5694 3594 5766 impleverat.

3264 5768 3384 5827 ιιιο.

2836 5858 3083 5943 (Noun
