  <div class='ocr_page' id='page_1' title='image "/cluster/home/n/w/nwhite01/storage/ocr_20150623/2/uva.x000669815/139.png"; bbox 0 0 4008 6280; ppageno 0'>
   <div class='ocr_carea' id='block_1_1' title="bbox 18 2606 31 3409">
    <p class='ocr_par' dir='ltr' id='par_1_1' title="bbox 24 2700 26 3129">
     <span class='ocr_line' id='line_1_1' title="bbox 24 2700 25 2775; baseline 0 -3"><span class='ocrx_word' id='word_1_1' title='bbox 24 2700 25 2775; x_wconf 57' lang='grc' dir='ltr'>ι</span> 
     </span>
     <span class='ocr_line' id='line_1_2' title="bbox 24 3030 26 3129; baseline 0 0"><span class='ocrx_word' id='word_1_2' title='bbox 24 3030 26 3129; x_wconf 58' lang='grc' dir='ltr'><em>γ</em></span> 
     </span>
    </p>
   </div>
   <div class='ocr_carea' id='block_1_2' title="bbox 47 1212 233 1307">
    <p class='ocr_par' dir='ltr' id='par_1_2' title="bbox 47 1212 233 1307">
     <span class='ocr_line' id='line_1_3' title="bbox 47 1212 233 1307; baseline -0.032 -36"><span class='ocrx_word' id='word_1_3' title='bbox 47 1212 233 1307; x_wconf 55' lang='lat' dir='ltr'><strong>turdi}.</strong></span> 
     </span>
    </p>
   </div>
   <div class='ocr_carea' id='block_1_3' title="bbox 438 223 547 285">
    <p class='ocr_par' dir='ltr' id='par_1_3' title="bbox 438 223 547 285">
     <span class='ocr_line' id='line_1_4' title="bbox 438 223 547 285; baseline 0.028 -5"><span class='ocrx_word' id='word_1_4' title='bbox 438 223 547 285; x_wconf 72' lang='lat'><strong>267</strong></span> 
     </span>
    </p>
   </div>
   <div class='ocr_carea' id='block_1_4' title="bbox 1027 342 1438 402">
    <p class='ocr_par' dir='ltr' id='par_1_4' title="bbox 1027 342 1438 402">
     <span class='ocr_line' id='line_1_5' title="bbox 1027 342 1438 402; baseline -0.002 -3"><span class='ocrx_word' id='word_1_5' title='bbox 1027 343 1258 402; x_wconf 75' lang='lat' dir='ltr'><strong>CAPUT</strong></span> <span class='ocrx_word' id='word_1_6' title='bbox 1295 342 1438 399; x_wconf 83' lang='lat' dir='ltr'><strong>XIX.</strong></span> 
     </span>
    </p>
   </div>
   <div class='ocr_carea' id='block_1_5' title="bbox 524 432 2037 505">
    <p class='ocr_par' dir='ltr' id='par_1_5' title="bbox 524 432 2037 505">
     <span class='ocr_line' id='line_1_6' title="bbox 524 432 2037 505; baseline -0.001 -18"><span class='ocrx_word' id='word_1_7' title='bbox 524 454 545 487; x_wconf 73' lang='grc' dir='ltr'><strong>ι</strong></span> <span class='ocrx_word' id='word_1_8' title='bbox 574 435 705 504; x_wconf 90' lang='lat' dir='ltr'><strong>lmo,</strong></span> <span class='ocrx_word' id='word_1_9' title='bbox 736 434 980 505; x_wconf 98' lang='lat' dir='ltr'><strong>inquiunt</strong></span> <span class='ocrx_word' id='word_1_10' title='bbox 1007 433 1330 489; x_wconf 73' lang='lat' dir='ltr'><strong>Marrionilm</strong></span> <span class='ocrx_word' id='word_1_11' title='bbox 1350 475 1365 502; x_wconf 93' lang='lat'><strong>,</strong></span> <span class='ocrx_word' id='word_1_12' title='bbox 1397 435 1537 491; x_wconf 91' lang='lat' dir='ltr'><strong>Deus</strong></span> <span class='ocrx_word' id='word_1_13' title='bbox 1562 442 1764 500; x_wconf 87' lang='lat' dir='ltr'><strong>noster,</strong></span> <span class='ocrx_word' id='word_1_14' title='bbox 1801 432 1899 488; x_wconf 89' lang='lat' dir='ltr'><strong>etsi</strong></span> <span class='ocrx_word' id='word_1_15' title='bbox 1930 446 2037 486; x_wconf 91' lang='lat' dir='ltr'><strong>non</strong></span> 
     </span>
    </p>
   </div>
   <div class='ocr_carea' id='block_1_6' title="bbox 450 525 2041 599">
    <p class='ocr_par' dir='ltr' id='par_1_6' title="bbox 450 525 2041 599">
     <span class='ocr_line' id='line_1_7' title="bbox 450 525 2041 599; baseline -0.004 -14"><span class='ocrx_word' id='word_1_16' title='bbox 450 530 519 585; x_wconf 91' lang='lat' dir='ltr'><strong>ab</strong></span> <span class='ocrx_word' id='word_1_17' title='bbox 546 531 717 595; x_wconf 89' lang='lat' dir='ltr'><strong>initio,</strong></span> <span class='ocrx_word' id='word_1_18' title='bbox 746 534 844 584; x_wconf 83' lang='lat' dir='ltr'><strong>etsi</strong></span> <span class='ocrx_word' id='word_1_19' title='bbox 885 544 987 583; x_wconf 88' lang='lat' dir='ltr'><strong>non</strong></span> <span class='ocrx_word' id='word_1_20' title='bbox 1021 543 1116 599; x_wconf 92' lang='lat' dir='ltr'><strong>per</strong></span> <span class='ocrx_word' id='word_1_21' title='bbox 1149 528 1512 585; x_wconf 90' lang='lat' dir='ltr'><strong>conditionem</strong></span> <span class='ocrx_word' id='word_1_22' title='bbox 1541 568 1555 593; x_wconf 92' lang='lat'><strong>,</strong></span> <span class='ocrx_word' id='word_1_23' title='bbox 1598 525 1693 581; x_wconf 91' lang='lat' dir='ltr'><strong>sed</strong></span> <span class='ocrx_word' id='word_1_24' title='bbox 1724 540 1815 596; x_wconf 90' lang='lat' dir='ltr'><strong>per</strong></span> <span class='ocrx_word' id='word_1_25' title='bbox 1841 533 2041 581; x_wconf 89' lang='lat' dir='ltr'><strong>semet-</strong></span> 
     </span>
    </p>
   </div>
   <div class='ocr_carea' id='block_1_7' title="bbox 448 616 2037 690">
    <p class='ocr_par' dir='ltr' id='par_1_7' title="bbox 448 616 2037 690">
     <span class='ocr_line' id='line_1_8' title="bbox 448 616 2037 690; baseline -0.002 -15"><span class='ocrx_word' id='word_1_26' title='bbox 448 622 619 690; x_wconf 88' lang='lat' dir='ltr'><strong>ipsum</strong></span> <span class='ocrx_word' id='word_1_27' title='bbox 661 620 926 675; x_wconf 75' lang='lat' dir='ltr'><strong>revelatus</strong></span> <span class='ocrx_word' id='word_1_28' title='bbox 964 628 1047 674; x_wconf 87' lang='lat' dir='ltr'><strong>est</strong></span> <span class='ocrx_word' id='word_1_29' title='bbox 1075 620 1128 673; x_wconf 92' lang='lat' dir='ltr'><strong>in</strong></span> <span class='ocrx_word' id='word_1_30' title='bbox 1166 616 1382 674; x_wconf 92' lang='lat' dir='ltr'><strong>Christo</strong></span> <span class='ocrx_word' id='word_1_31' title='bbox 1409 617 1557 673; x_wconf 83' lang='lat' dir='ltr'><strong>Jesu.</strong></span> <span class='ocrx_word' id='word_1_32' title='bbox 1592 635 1611 669; x_wconf 74' lang='grc' dir='ltr'><strong>ι</strong></span> <span class='ocrx_word' id='word_1_33' title='bbox 1642 617 1869 672; x_wconf 91' lang='lat' dir='ltr'><strong>Dabitur</strong></span> <span class='ocrx_word' id='word_1_34' title='bbox 1890 624 1945 671; x_wconf 91' lang='lat' dir='ltr'><strong>et</strong></span> <span class='ocrx_word' id='word_1_35' title='bbox 1984 618 2037 672; x_wconf 90' lang='lat' dir='ltr'><strong>in</strong></span> 
     </span>
    </p>
   </div>
   <div class='ocr_carea' id='block_1_8' title="bbox 442 707 2038 782">
    <p class='ocr_par' dir='ltr' id='par_1_8' title="bbox 442 707 2038 782">
     <span class='ocr_line' id='line_1_9' title="bbox 442 707 2038 782; baseline -0.001 -15"><span class='ocrx_word' id='word_1_36' title='bbox 442 714 714 767; x_wconf 83' lang='lat' dir='ltr'><strong>Christum</strong></span> <span class='ocrx_word' id='word_1_37' title='bbox 748 712 881 767; x_wconf 89' lang='lat' dir='ltr'><strong>liber</strong></span> <span class='ocrx_word' id='word_1_38' title='bbox 908 753 924 779; x_wconf 93' lang='lat'><strong>,</strong></span> <span class='ocrx_word' id='word_1_39' title='bbox 962 707 1031 766; x_wconf 90' lang='lat' dir='ltr'><strong>de</strong></span> <span class='ocrx_word' id='word_1_40' title='bbox 1075 712 1220 766; x_wconf 90' lang='lat' dir='ltr'><strong>omni</strong></span> <span class='ocrx_word' id='word_1_41' title='bbox 1249 720 1390 765; x_wconf 87' lang='lat' dir='ltr'><strong>statu</strong></span> <span class='ocrx_word' id='word_1_42' title='bbox 1419 709 1572 781; x_wconf 83' lang='lat' dir='ltr'><strong>ejus;</strong></span> <span class='ocrx_word' id='word_1_43' title='bbox 1611 708 1863 782; x_wconf 83' lang='lat' dir='ltr'><strong>distingui</strong></span> <span class='ocrx_word' id='word_1_44' title='bbox 1891 709 2038 767; x_wconf 80' lang='lat' dir='ltr'><strong>enim</strong></span> 
     </span>
    </p>
   </div>
   <div class='ocr_carea' id='block_1_9' title="bbox 443 802 2037 877">
    <p class='ocr_par' dir='ltr' id='par_1_9' title="bbox 443 802 2037 877">
     <span class='ocr_line' id='line_1_10' title="bbox 443 802 2037 877; baseline -0.002 -16"><span class='ocrx_word' id='word_1_45' title='bbox 443 809 698 862; x_wconf 90' lang='lat' dir='ltr'><strong>materias</strong></span> <span class='ocrx_word' id='word_1_46' title='bbox 744 813 998 877; x_wconf 89' lang='lat' dir='ltr'><strong>oportet,</strong></span> <span class='ocrx_word' id='word_1_47' title='bbox 1046 819 1152 875; x_wconf 90' lang='lat' dir='ltr'><strong>quo</strong></span> <span class='ocrx_word' id='word_1_48' title='bbox 1180 803 1388 874; x_wconf 88' lang='lat' dir='ltr'><strong>plenius</strong></span> <span class='ocrx_word' id='word_1_49' title='bbox 1416 812 1471 859; x_wconf 91' lang='lat' dir='ltr'><strong>et</strong></span> <span class='ocrx_word' id='word_1_50' title='bbox 1499 802 1801 860; x_wconf 87' lang='lat' dir='ltr'><strong>ordinatius</strong></span> <span class='ocrx_word' id='word_1_51' title='bbox 1829 813 2037 859; x_wconf 89' lang='lat' dir='ltr'><strong>retrac-</strong></span> 
     </span>
    </p>
   </div>
   <div class='ocr_carea' id='block_1_10' title="bbox 442 896 2036 968">
    <p class='ocr_par' dir='ltr' id='par_1_10' title="bbox 442 896 2036 968">
     <span class='ocr_line' id='line_1_11' title="bbox 442 896 2036 968; baseline 0.001 -16"><span class='ocrx_word' id='word_1_52' title='bbox 442 906 641 954; x_wconf 92' lang='lat' dir='ltr'><strong>tentur.</strong></span> <span class='ocrx_word' id='word_1_53' title='bbox 675 898 891 954; x_wconf 85' lang='lat' dir='ltr'><strong>Interim</strong></span> <span class='ocrx_word' id='word_1_54' title='bbox 922 897 1053 952; x_wconf 89' lang='lat' dir='ltr'><strong>satis</strong></span> <span class='ocrx_word' id='word_1_55' title='bbox 1109 897 1211 951; x_wconf 88' lang='lat' dir='ltr'><strong>erit</strong></span> <span class='ocrx_word' id='word_1_56' title='bbox 1249 896 1315 951; x_wconf 89' lang='lat' dir='ltr'><strong>ad</strong></span> <span class='ocrx_word' id='word_1_57' title='bbox 1363 905 1682 966; x_wconf 64' lang='lat' dir='ltr'><strong>praesentem</strong></span> <span class='ocrx_word' id='word_1_58' title='bbox 1711 896 1934 968; x_wconf 85' lang='lat' dir='ltr'><strong>gradum</strong></span> <span class='ocrx_word' id='word_1_59' title='bbox 1966 900 2036 954; x_wconf 88' lang='lat' dir='ltr'><strong>ita</strong></span> 
     </span>
    </p>
   </div>
   <div class='ocr_carea' id='block_1_11' title="bbox 439 989 2038 1058">
    <p class='ocr_par' dir='ltr' id='par_1_11' title="bbox 439 989 2038 1058">
     <span class='ocr_line' id='line_1_12' title="bbox 439 989 2038 1058; baseline 0.001 -13"><span class='ocrx_word' id='word_1_60' title='bbox 439 1006 747 1058; x_wconf 89' lang='lat' dir='ltr'><strong>occurrere,</strong></span> <span class='ocrx_word' id='word_1_61' title='bbox 782 1000 839 1046; x_wconf 90' lang='lat' dir='ltr'><strong>ut</strong></span> <span class='ocrx_word' id='word_1_62' title='bbox 863 989 1142 1046; x_wconf 78' lang='lat' dir='ltr'><strong>ostendam</strong></span> <span class='ocrx_word' id='word_1_63' title='bbox 1168 989 1442 1045; x_wconf 83' lang='lat' dir='ltr'><strong>Christum</strong></span> <span class='ocrx_word' id='word_1_64' title='bbox 1473 989 1654 1046; x_wconf 80' lang='lat' dir='ltr'><strong>Jesum</strong></span> <span class='ocrx_word' id='word_1_65' title='bbox 1683 1005 1789 1046; x_wconf 85' lang='lat' dir='ltr'><strong>non</strong></span> <span class='ocrx_word' id='word_1_66' title='bbox 1816 991 2038 1047; x_wconf 85' lang='lat' dir='ltr'><strong>alterius</strong></span> 
     </span>
    </p>
   </div>
   <div class='ocr_carea' id='block_1_12' title="bbox 440 1081 2037 1153">
    <p class='ocr_par' dir='ltr' id='par_1_12' title="bbox 440 1081 2037 1153">
     <span class='ocr_line' id='line_1_13' title="bbox 440 1081 2037 1153; baseline -0.001 -13"><span class='ocrx_word' id='word_1_67' title='bbox 440 1084 534 1140; x_wconf 90' lang='lat' dir='ltr'><strong>Dei</strong></span> <span class='ocrx_word' id='word_1_68' title='bbox 559 1083 989 1140; x_wconf 85' lang='lat' dir='ltr'><strong>circumlatorem</strong></span> <span class='ocrx_word' id='word_1_69' title='bbox 1015 1121 1030 1146; x_wconf 94' lang='lat'><strong>,</strong></span> <span class='ocrx_word' id='word_1_70' title='bbox 1071 1096 1233 1152; x_wconf 86' lang='lat' dir='ltr'><strong>quam</strong></span> <span class='ocrx_word' id='word_1_71' title='bbox 1260 1081 1555 1147; x_wconf 84' lang='lat' dir='ltr'><strong>Creatoris;</strong></span> <span class='ocrx_word' id='word_1_72' title='bbox 1580 1092 1637 1138; x_wconf 88' lang='lat' dir='ltr'><strong>et</strong></span> <span class='ocrx_word' id='word_1_73' title='bbox 1664 1082 1879 1153; x_wconf 77' lang='lat' dir='ltr'><strong>quidem</strong></span> <span class='ocrx_word' id='word_1_74' title='bbox 1906 1096 2037 1151; x_wconf 85' lang='lat' dir='ltr'><strong>pau-</strong></span> 
     </span>
    </p>
   </div>
   <div class='ocr_carea' id='block_1_13' title="bbox 438 1174 2037 1246">
    <p class='ocr_par' dir='ltr' id='par_1_13' title="bbox 438 1174 2037 1246">
     <span class='ocr_line' id='line_1_14' title="bbox 438 1174 2037 1246; baseline 0.001 -14"><span class='ocrx_word' id='word_1_75' title='bbox 438 1177 536 1232; x_wconf 86' lang='lat' dir='ltr'><strong>cis.</strong></span> <span class='ocrx_word' id='word_1_76' title='bbox 570 1178 727 1230; x_wconf 88' lang='lat' dir='ltr'><strong>Anno</strong></span> <span class='ocrx_word' id='word_1_77' title='bbox 756 1177 946 1246; x_wconf 89' lang='lat' dir='ltr'><strong>quinto</strong></span> <span class='ocrx_word' id='word_1_78' title='bbox 984 1174 1198 1231; x_wconf 86' lang='lat' dir='ltr'><strong>decimo</strong></span> <span class='ocrx_word' id='word_1_79' title='bbox 1225 1174 1425 1231; x_wconf 84' lang='lat' dir='ltr'><strong>Tiberii</strong></span> <span class='ocrx_word' id='word_1_80' title='bbox 1451 1218 1467 1243; x_wconf 91' lang='lat'><strong>,</strong></span> <span class='ocrx_word' id='word_1_81' title='bbox 1499 1175 1743 1231; x_wconf 78' lang='lat' dir='ltr'><strong>Christus</strong></span> <span class='ocrx_word' id='word_1_82' title='bbox 1782 1176 1941 1233; x_wconf 87' lang='lat' dir='ltr'><strong>Jesus</strong></span> <span class='ocrx_word' id='word_1_83' title='bbox 1966 1175 2037 1233; x_wconf 89' lang='lat' dir='ltr'><strong>de</strong></span> 
     </span>
    </p>
   </div>
   <div class='ocr_carea' id='block_1_14' title="bbox 440 1265 2033 1338">
    <p class='ocr_par' dir='ltr' id='par_1_14' title="bbox 440 1265 2033 1338">
     <span class='ocr_line' id='line_1_15' title="bbox 440 1265 2033 1338; baseline 0.001 -15"><span class='ocrx_word' id='word_1_84' title='bbox 440 1267 579 1324; x_wconf 74' lang='lat' dir='ltr'><strong>uelo</strong></span> <span class='ocrx_word' id='word_1_85' title='bbox 621 1282 843 1333; x_wconf 83' lang='lat' dir='ltr'><strong>manare</strong></span> <span class='ocrx_word' id='word_1_86' title='bbox 869 1265 1123 1338; x_wconf 88' lang='lat' dir='ltr'><strong>dignatus</strong></span> <span class='ocrx_word' id='word_1_87' title='bbox 1151 1276 1255 1334; x_wconf 89' lang='lat' dir='ltr'><strong>est,</strong></span> <span class='ocrx_word' id='word_1_88' title='bbox 1305 1268 1527 1338; x_wconf 85' lang='lat' dir='ltr'><strong>spiritus</strong></span> <span class='ocrx_word' id='word_1_89' title='bbox 1568 1267 1821 1323; x_wconf 86' lang='lat' dir='ltr'><strong>salutaris</strong></span> <span class='ocrx_word' id='word_1_90' title='bbox 1847 1287 1861 1322; x_wconf 90' lang='lat'><strong>:</strong></span> <span class='ocrx_word' id='word_1_91' title='bbox 1890 1267 2033 1324; x_wconf 82' lang='lat' dir='ltr'><strong>Mar-</strong></span> 
     </span>
    </p>
   </div>
   <div class='ocr_carea' id='block_1_15' title="bbox 436 1356 2033 1432">
    <p class='ocr_par' dir='ltr' id='par_1_15' title="bbox 436 1356 2033 1432">
     <span class='ocr_line' id='line_1_16' title="bbox 436 1356 2033 1432; baseline 0.001 -17"><span class='ocrx_word' id='word_1_92' title='bbox 436 1360 608 1415; x_wconf 91' lang='lat' dir='ltr'><strong>cionis</strong></span> <span class='ocrx_word' id='word_1_93' title='bbox 635 1356 865 1415; x_wconf 89' lang='lat' dir='ltr'><strong>salutem</strong></span> <span class='ocrx_word' id='word_1_94' title='bbox 895 1356 976 1429; x_wconf 88' lang='lat' dir='ltr'><strong>(l)</strong></span> <span class='ocrx_word' id='word_1_95' title='bbox 1004 1398 1017 1423; x_wconf 91' lang='lat'><strong>,</strong></span> <span class='ocrx_word' id='word_1_96' title='bbox 1046 1358 1137 1429; x_wconf 88' lang='lat' dir='ltr'><strong>qui</strong></span> <span class='ocrx_word' id='word_1_97' title='bbox 1165 1359 1234 1414; x_wconf 85' lang='lat' dir='ltr'><strong>ita</strong></span> <span class='ocrx_word' id='word_1_98' title='bbox 1259 1360 1426 1415; x_wconf 88' lang='lat' dir='ltr'><strong>voluit</strong></span> <span class='ocrx_word' id='word_1_99' title='bbox 1456 1359 1577 1432; x_wconf 62' lang='lat'><strong>(2);</strong></span> <span class='ocrx_word' id='word_1_100' title='bbox 1606 1360 1688 1431; x_wconf 81' lang='grc' dir='ltr'><strong>(α)</strong></span> <span class='ocrx_word' id='word_1_101' title='bbox 1716 1369 1882 1431; x_wconf 92' lang='lat' dir='ltr'><strong>quoto</strong></span> <span class='ocrx_word' id='word_1_102' title='bbox 1909 1360 2033 1431; x_wconf 86' lang='lat' dir='ltr'><strong>qui-</strong></span> 
     </span>
    </p>
   </div>
   <div class='ocr_carea' id='block_1_16' title="bbox 435 1450 2116 1521">
    <p class='ocr_par' dir='ltr' id='par_1_16' title="bbox 435 1450 2116 1521">
     <span class='ocr_line' id='line_1_17' title="bbox 435 1450 2116 1521; baseline 0.001 -14"><span class='ocrx_word' id='word_1_103' title='bbox 435 1451 560 1508; x_wconf 89' lang='lat' dir='ltr'><strong>dem</strong></span> <span class='ocrx_word' id='word_1_104' title='bbox 605 1464 747 1506; x_wconf 90' lang='lat' dir='ltr'><strong>anno</strong></span> <span class='ocrx_word' id='word_1_105' title='bbox 778 1451 1033 1506; x_wconf 87' lang='lat' dir='ltr'><strong>Antonini</strong></span> <span class='ocrx_word' id='word_1_106' title='bbox 1064 1451 1285 1521; x_wconf 81' lang='lat' dir='ltr'><strong>majoris</strong></span> <span class='ocrx_word' id='word_1_107' title='bbox 1325 1450 1392 1506; x_wconf 90' lang='lat' dir='ltr'><strong>de</strong></span> <span class='ocrx_word' id='word_1_108' title='bbox 1418 1451 1591 1508; x_wconf 87' lang='lat' dir='ltr'><strong>Ponto</strong></span> <span class='ocrx_word' id='word_1_109' title='bbox 1618 1467 1718 1507; x_wconf 90' lang='lat' dir='ltr'><strong>suo</strong></span> <span class='ocrx_word' id='word_1_110' title='bbox 1746 1451 2035 1509; x_wconf 81' lang='lat' dir='ltr'><strong>exhalave-</strong></span> <span class='ocrx_word' id='word_1_111' title='bbox 2114 1462 2116 1464; x_wconf 76' lang='lat'><strong>&#39;</strong></span> 
     </span>
    </p>
   </div>
   <div class='ocr_carea' id='block_1_17' title="bbox 436 1540 2032 1617">
    <p class='ocr_par' dir='ltr' id='par_1_17' title="bbox 436 1540 2032 1617">
     <span class='ocr_line' id='line_1_18' title="bbox 436 1540 2032 1617; baseline 0.003 -19"><span class='ocrx_word' id='word_1_112' title='bbox 436 1540 506 1598; x_wconf 84' lang='lat' dir='ltr'><strong>rit</strong></span> <span class='ocrx_word' id='word_1_113' title='bbox 537 1556 668 1597; x_wconf 84' lang='lat' dir='ltr'><strong>aura</strong></span> <span class='ocrx_word' id='word_1_114' title='bbox 695 1542 776 1616; x_wconf 79' lang='grc'><strong>(5)</strong></span> <span class='ocrx_word' id='word_1_115' title='bbox 820 1542 1164 1609; x_wconf 86' lang='lat' dir='ltr'><strong>canicularis,</strong></span> <span class='ocrx_word' id='word_1_116' title='bbox 1205 1558 1313 1598; x_wconf 87' lang='lat' dir='ltr'><strong>non</strong></span> <span class='ocrx_word' id='word_1_117' title='bbox 1354 1544 1539 1599; x_wconf 90' lang='lat' dir='ltr'><strong>curavi</strong></span> <span class='ocrx_word' id='word_1_118' title='bbox 1584 1545 1927 1617; x_wconf 85' lang='lat' dir='ltr'><strong>investigare.</strong></span> <span class='ocrx_word' id='word_1_119' title='bbox 1958 1547 2032 1602; x_wconf 89' lang='lat' dir='ltr'><strong>De</strong></span> 
     </span>
    </p>
   </div>
   <div class='ocr_carea' id='block_1_18' title="bbox 434 1637 2031 1709">
    <p class='ocr_par' dir='ltr' id='par_1_18' title="bbox 434 1637 2031 1709">
     <span class='ocr_line' id='line_1_19' title="bbox 434 1637 2031 1709; baseline 0.005 -21"><span class='ocrx_word' id='word_1_120' title='bbox 434 1649 543 1706; x_wconf 92' lang='lat' dir='ltr'><strong>quo</strong></span> <span class='ocrx_word' id='word_1_121' title='bbox 571 1643 748 1690; x_wconf 88' lang='lat' dir='ltr'><strong>tamen</strong></span> <span class='ocrx_word' id='word_1_122' title='bbox 775 1646 1012 1700; x_wconf 86' lang='lat' dir='ltr'><strong>constat,</strong></span> <span class='ocrx_word' id='word_1_123' title='bbox 1043 1637 1442 1693; x_wconf 78' lang='lat' dir='ltr'><strong>Antoninianus</strong></span> <span class='ocrx_word' id='word_1_124' title='bbox 1483 1637 1771 1695; x_wconf 64' lang='lat' dir='ltr'><strong>haereticus</strong></span> <span class='ocrx_word' id='word_1_125' title='bbox 1798 1648 1902 1709; x_wconf 89' lang='lat' dir='ltr'><strong>est,</strong></span> <span class='ocrx_word' id='word_1_126' title='bbox 1930 1641 2031 1697; x_wconf 90' lang='lat' dir='ltr'><strong>sub</strong></span> 
     </span>
    </p>
   </div>
   <div class='ocr_carea' id='block_1_19' title="bbox 1848 221 2310 282">
    <p class='ocr_par' dir='ltr' id='par_1_19' title="bbox 1848 221 2310 282">
     <span class='ocr_line' id='line_1_20' title="bbox 1848 221 2310 282; baseline 0.002 -1"><span class='ocrx_word' id='word_1_127' title='bbox 1848 221 2310 282; x_wconf 78' lang='lat' dir='ltr'><strong>TERTULLIANI</strong></span> 
     </span>
    </p>
   </div>
   <div class='ocr_carea' id='block_1_20' title="bbox 2066 341 3741 415">
    <p class='ocr_par' dir='ltr' id='par_1_20' title="bbox 2066 341 3741 415">
     <span class='ocr_line' id='line_1_21' title="bbox 2066 341 3741 415; baseline 0.008 -22"><span class='ocrx_word' id='word_1_128' title='bbox 2066 341 2231 401; x_wconf 79' lang='lat' dir='ltr'><strong>Aret</strong></span> <span class='ocrx_word' id='word_1_129' title='bbox 2308 351 2433 399; x_wconf 86' lang='lat' dir='ltr'><strong>ante</strong></span> <span class='ocrx_word' id='word_1_130' title='bbox 2479 357 2597 399; x_wconf 90' lang='lat' dir='ltr'><strong>cam</strong></span> <span class='ocrx_word' id='word_1_131' title='bbox 2643 345 3036 415; x_wconf 86' lang='lat' dir='ltr'><strong>separationem</strong></span> <span class='ocrx_word' id='word_1_132' title='bbox 3080 347 3247 409; x_wconf 88' lang='lat' dir='ltr'><strong>Deum</strong></span> <span class='ocrx_word' id='word_1_133' title='bbox 3297 349 3347 403; x_wconf 90' lang='lat' dir='ltr'><strong>in</strong></span> <span class='ocrx_word' id='word_1_134' title='bbox 3394 350 3582 406; x_wconf 83' lang='lat' dir='ltr'><strong>notitia</strong></span> <span class='ocrx_word' id='word_1_135' title='bbox 3634 367 3741 410; x_wconf 88' lang='lat' dir='ltr'><strong>non</strong></span> 
     </span>
    </p>
   </div>
   <div class='ocr_carea' id='block_1_21' title="bbox 3634 234 3751 296">
    <p class='ocr_par' dir='ltr' id='par_1_21' title="bbox 3634 234 3751 296">
     <span class='ocr_line' id='line_1_22' title="bbox 3634 234 3751 296; baseline 0.051 -6"><span class='ocrx_word' id='word_1_136' title='bbox 3634 234 3751 296; x_wconf 73' lang='lat'><strong>268</strong></span> 
     </span>
    </p>
   </div>
   <div class='ocr_carea' id='block_1_22' title="bbox 2144 433 3739 511">
    <p class='ocr_par' dir='ltr' id='par_1_22' title="bbox 2144 433 3739 511">
     <span class='ocr_line' id='line_1_23' title="bbox 2144 433 3739 511; baseline 0.008 -23"><span class='ocrx_word' id='word_1_137' title='bbox 2144 433 2330 501; x_wconf 82' lang='lat' dir='ltr'><strong>fuisse,</strong></span> <span class='ocrx_word' id='word_1_138' title='bbox 2380 436 2468 506; x_wconf 86' lang='lat' dir='ltr'><strong>qui</strong></span> <span class='ocrx_word' id='word_1_139' title='bbox 2501 436 2567 491; x_wconf 92' lang='lat' dir='ltr'><strong>ab</strong></span> <span class='ocrx_word' id='word_1_140' title='bbox 2594 449 2914 509; x_wconf 80' lang='lat' dir='ltr'><strong>argumento</strong></span> <span class='ocrx_word' id='word_1_141' title='bbox 2958 441 3314 510; x_wconf 87' lang='lat' dir='ltr'><strong>separationis</strong></span> <span class='ocrx_word' id='word_1_142' title='bbox 3354 436 3584 498; x_wconf 73' lang='lat' dir='ltr'><strong>iunoluii</strong></span> <span class='ocrx_word' id='word_1_143' title='bbox 3611 461 3626 511; x_wconf 90' lang='lat'><strong>;</strong></span> <span class='ocrx_word' id='word_1_144' title='bbox 3657 452 3739 500; x_wconf 85' lang='lat' dir='ltr'><strong>at-</strong></span> 
     </span>
    </p>
   </div>
   <div class='ocr_carea' id='block_1_23' title="bbox 2143 528 3737 608">
    <p class='ocr_par' dir='ltr' id='par_1_23' title="bbox 2143 528 3737 608">
     <span class='ocr_line' id='line_1_24' title="bbox 2143 528 3737 608; baseline 0.009 -27"><span class='ocrx_word' id='word_1_145' title='bbox 2143 543 2245 599; x_wconf 84' lang='lat' dir='ltr'><strong>que</strong></span> <span class='ocrx_word' id='word_1_146' title='bbox 2272 528 2341 582; x_wconf 89' lang='lat' dir='ltr'><strong>ita</strong></span> <span class='ocrx_word' id='word_1_147' title='bbox 2375 544 2480 584; x_wconf 90' lang='lat' dir='ltr'><strong>non</strong></span> <span class='ocrx_word' id='word_1_148' title='bbox 2499 544 2527 584; x_wconf 89' lang='lat' dir='ltr'><strong>a</strong></span> <span class='ocrx_word' id='word_1_149' title='bbox 2547 529 2761 586; x_wconf 87' lang='lat' dir='ltr'><strong>Christo</strong></span> <span class='ocrx_word' id='word_1_150' title='bbox 2794 533 3117 597; x_wconf 88' lang='lat' dir='ltr'><strong>revelatum,</strong></span> <span class='ocrx_word' id='word_1_151' title='bbox 3137 537 3226 606; x_wconf 87' lang='lat' dir='ltr'><strong>qui</strong></span> <span class='ocrx_word' id='word_1_152' title='bbox 3245 533 3343 589; x_wconf 82' lang='lat' dir='ltr'><strong>fuit</strong></span> <span class='ocrx_word' id='word_1_153' title='bbox 3369 546 3493 593; x_wconf 89' lang='lat' dir='ltr'><strong>ante</strong></span> <span class='ocrx_word' id='word_1_154' title='bbox 3518 548 3737 608; x_wconf 85' lang='lat' dir='ltr'><strong>separa-</strong></span> 
     </span>
    </p>
   </div>
   <div class='ocr_carea' id='block_1_24' title="bbox 2154 620 3743 699">
    <p class='ocr_par' dir='ltr' id='par_1_24' title="bbox 2154 620 3743 699">
     <span class='ocr_line' id='line_1_25' title="bbox 2154 620 3743 699; baseline 0.009 -26"><span class='ocrx_word' id='word_1_155' title='bbox 2154 620 2351 675; x_wconf 87' lang='lat' dir='ltr'><strong>tionem</strong></span> <span class='ocrx_word' id='word_1_156' title='bbox 2379 663 2393 687; x_wconf 91' lang='lat'><strong>,</strong></span> <span class='ocrx_word' id='word_1_157' title='bbox 2423 620 2518 677; x_wconf 90' lang='lat' dir='ltr'><strong>sed</strong></span> <span class='ocrx_word' id='word_1_158' title='bbox 2555 638 2584 675; x_wconf 93' lang='lat' dir='ltr'><strong>a</strong></span> <span class='ocrx_word' id='word_1_159' title='bbox 2626 623 2890 679; x_wconf 82' lang='lat' dir='ltr'><strong>Marcione</strong></span> <span class='ocrx_word' id='word_1_160' title='bbox 2915 635 3370 694; x_wconf 84' lang='lat' dir='ltr'><strong>commentatum,</strong></span> <span class='ocrx_word' id='word_1_161' title='bbox 3395 629 3483 699; x_wconf 91' lang='lat' dir='ltr'><strong>qui</strong></span> <span class='ocrx_word' id='word_1_162' title='bbox 3517 630 3743 688; x_wconf 86' lang='lat' dir='ltr'><strong>instituit</strong></span> 
     </span>
    </p>
   </div>
   <div class='ocr_carea' id='block_1_25' title="bbox 2142 712 3737 793">
    <p class='ocr_par' dir='ltr' id='par_1_25' title="bbox 2142 712 3737 793">
     <span class='ocr_line' id='line_1_26' title="bbox 2142 712 3737 793; baseline 0.008 -27"><span class='ocrx_word' id='word_1_163' title='bbox 2142 712 2547 782; x_wconf 87' lang='lat' dir='ltr'><strong>separationem</strong></span> <span class='ocrx_word' id='word_1_164' title='bbox 2582 714 2838 772; x_wconf 88' lang='lat' dir='ltr'><strong>adversus</strong></span> <span class='ocrx_word' id='word_1_165' title='bbox 2895 716 3170 789; x_wconf 79' lang='lat' dir='ltr'><strong>Evangelii</strong></span> <span class='ocrx_word' id='word_1_166' title='bbox 3212 719 3473 792; x_wconf 81' lang='lat' dir='ltr'><strong>Legisque</strong></span> <span class='ocrx_word' id='word_1_167' title='bbox 3510 737 3737 793; x_wconf 82' lang='lat' dir='ltr'><strong>pacem,</strong></span> 
     </span>
    </p>
   </div>
   <div class='ocr_carea' id='block_1_26' title="bbox 2141 808 3740 887">
    <p class='ocr_par' dir='ltr' id='par_1_26' title="bbox 2141 808 3740 887">
     <span class='ocr_line' id='line_1_27' title="bbox 2141 808 3740 887; baseline 0.01 -28"><span class='ocrx_word' id='word_1_168' title='bbox 2141 821 2300 875; x_wconf 87' lang='lat' dir='ltr'><strong>quam</strong></span> <span class='ocrx_word' id='word_1_169' title='bbox 2344 815 2490 863; x_wconf 90' lang='lat' dir='ltr'><strong>retro</strong></span> <span class='ocrx_word' id='word_1_170' title='bbox 2533 808 2754 863; x_wconf 72' lang='lat' dir='ltr'><strong>illmsam</strong></span> <span class='ocrx_word' id='word_1_171' title='bbox 2801 820 2857 866; x_wconf 91' lang='lat' dir='ltr'><strong>et</strong></span> <span class='ocrx_word' id='word_1_172' title='bbox 2900 812 3297 887; x_wconf 80' lang='lat' dir='ltr'><strong>inconcussam,</strong></span> <span class='ocrx_word' id='word_1_173' title='bbox 3323 814 3390 869; x_wconf 89' lang='lat' dir='ltr'><strong>ab</strong></span> <span class='ocrx_word' id='word_1_174' title='bbox 3430 808 3740 887; x_wconf 84' lang='lat' dir='ltr'><strong>apparentia</strong></span> 
     </span>
    </p>
   </div>
   <div class='ocr_carea' id='block_1_27' title="bbox 2140 898 3738 981">
    <p class='ocr_par' dir='ltr' id='par_1_27' title="bbox 2140 898 3738 981">
     <span class='ocr_line' id='line_1_28' title="bbox 2140 898 3738 981; baseline 0.008 -25"><span class='ocrx_word' id='word_1_175' title='bbox 2140 898 2341 956; x_wconf 89' lang='lat' dir='ltr'><strong>Christi</strong></span> <span class='ocrx_word' id='word_1_176' title='bbox 2371 917 2537 973; x_wconf 86' lang='lat' dir='ltr'><strong>usque</strong></span> <span class='ocrx_word' id='word_1_177' title='bbox 2567 900 2633 959; x_wconf 87' lang='lat' dir='ltr'><strong>ad</strong></span> <span class='ocrx_word' id='word_1_178' title='bbox 2659 903 2934 960; x_wconf 84' lang='lat' dir='ltr'><strong>audaciam</strong></span> <span class='ocrx_word' id='word_1_179' title='bbox 2982 905 3288 971; x_wconf 82' lang='lat' dir='ltr'><strong>Marcionis,</strong></span> <span class='ocrx_word' id='word_1_180' title='bbox 3322 908 3411 964; x_wconf 89' lang='lat' dir='ltr'><strong>illa</strong></span> <span class='ocrx_word' id='word_1_181' title='bbox 3442 911 3625 981; x_wconf 86' lang='lat' dir='ltr'><strong>utique</strong></span> <span class='ocrx_word' id='word_1_182' title='bbox 3652 926 3738 967; x_wconf 83' lang='lat' dir='ltr'><strong>ra-</strong></span> 
     </span>
    </p>
   </div>
   <div class='ocr_carea' id='block_1_28' title="bbox 2142 993 3740 1075">
    <p class='ocr_par' dir='ltr' id='par_1_28' title="bbox 2142 993 3740 1075">
     <span class='ocr_line' id='line_1_29' title="bbox 2142 993 3740 1075; baseline 0.009 -28"><span class='ocrx_word' id='word_1_183' title='bbox 2142 993 2216 1048; x_wconf 88' lang='lat' dir='ltr'><strong>tio</strong></span> <span class='ocrx_word' id='word_1_184' title='bbox 2260 996 2515 1061; x_wconf 87' lang='lat' dir='ltr'><strong>servavit,</strong></span> <span class='ocrx_word' id='word_1_185' title='bbox 2560 1012 2681 1066; x_wconf 70' lang='lat' dir='ltr'><strong>qute</strong></span> <span class='ocrx_word' id='word_1_186' title='bbox 2722 1013 2827 1053; x_wconf 91' lang='lat' dir='ltr'><strong>non</strong></span> <span class='ocrx_word' id='word_1_187' title='bbox 2872 998 3034 1054; x_wconf 89' lang='lat' dir='ltr'><strong>alium</strong></span> <span class='ocrx_word' id='word_1_188' title='bbox 3076 1000 3242 1056; x_wconf 90' lang='lat' dir='ltr'><strong>Deum</strong></span> <span class='ocrx_word' id='word_1_189' title='bbox 3280 1011 3336 1057; x_wconf 90' lang='lat' dir='ltr'><strong>et</strong></span> <span class='ocrx_word' id='word_1_190' title='bbox 3385 1001 3464 1074; x_wconf 87' lang='lat'><strong>(8)</strong></span> <span class='ocrx_word' id='word_1_191' title='bbox 3491 1003 3648 1075; x_wconf 82' lang='lat' dir='ltr'><strong>Legis</strong></span> <span class='ocrx_word' id='word_1_192' title='bbox 3682 1014 3740 1062; x_wconf 91' lang='lat' dir='ltr'><strong>et</strong></span> 
     </span>
    </p>
   </div>
   <div class='ocr_carea' id='block_1_29' title="bbox 2139 1083 3740 1161">
    <p class='ocr_par' dir='ltr' id='par_1_29' title="bbox 2139 1083 3740 1161">
     <span class='ocr_line' id='line_1_30' title="bbox 2139 1083 3740 1161; baseline 0.008 -20"><span class='ocrx_word' id='word_1_193' title='bbox 2139 1083 2419 1157; x_wconf 72' lang='lat' dir='ltr'><strong>Evangelii</strong></span> <span class='ocrx_word' id='word_1_194' title='bbox 2471 1087 2720 1145; x_wconf 87' lang='lat' dir='ltr'><strong>tuebatur</strong></span> <span class='ocrx_word' id='word_1_195' title='bbox 2748 1129 2763 1152; x_wconf 91' lang='lat'><strong>,</strong></span> <span class='ocrx_word' id='word_1_196' title='bbox 2795 1099 3027 1160; x_wconf 80' lang='lat' dir='ltr'><strong>.praeter</strong></span> <span class='ocrx_word' id='word_1_197' title='bbox 3071 1092 3386 1149; x_wconf 87' lang='lat' dir='ltr'><strong>Creatorem</strong></span> <span class='ocrx_word' id='word_1_198' title='bbox 3412 1136 3429 1161; x_wconf 93' lang='lat'><strong>,</strong></span> <span class='ocrx_word' id='word_1_199' title='bbox 3483 1086 3740 1154; x_wconf 87' lang='lat' dir='ltr'><strong>adversus</strong></span> 
     </span>
    </p>
   </div>
   <div class='ocr_carea' id='block_1_30' title="bbox 2138 1187 3744 1257">
    <p class='ocr_par' dir='ltr' id='par_1_30' title="bbox 2138 1187 3744 1257">
     <span class='ocr_line' id='line_1_31' title="bbox 2138 1187 3744 1257; baseline 0.01 -25"><span class='ocrx_word' id='word_1_200' title='bbox 2138 1193 2296 1248; x_wconf 86' lang='lat' dir='ltr'><strong>quem</strong></span> <span class='ocrx_word' id='word_1_201' title='bbox 2329 1188 2502 1253; x_wconf 51' lang='lat' dir='ltr'><strong>\tanto</strong></span> <span class='ocrx_word' id='word_1_202' title='bbox 2540 1191 2661 1252; x_wconf 86' lang='lat' dir='ltr'><strong>post</strong></span> <span class='ocrx_word' id='word_1_203' title='bbox 2704 1190 2947 1254; x_wconf 90' lang='lat' dir='ltr'><strong>tempore</strong></span> <span class='ocrx_word' id='word_1_204' title='bbox 2998 1187 3271 1257; x_wconf 86' lang='lat' dir='ltr'><strong>separatio</strong></span> <span class='ocrx_word' id='word_1_205' title='bbox 3309 1202 3339 1241; x_wconf 89' lang='lat' dir='ltr'><strong>a</strong></span> <span class='ocrx_word' id='word_1_206' title='bbox 3376 1188 3603 1247; x_wconf 89' lang='lat' dir='ltr'><strong>Pontico</strong></span> <span class='ocrx_word' id='word_1_207' title='bbox 3643 1191 3744 1247; x_wconf 88' lang='lat' dir='ltr'><strong>im-</strong></span> 
     </span>
    </p>
   </div>
   <div class='ocr_carea' id='block_1_31' title="bbox 2138 1270 2435 1327">
    <p class='ocr_par' dir='ltr' id='par_1_31' title="bbox 2138 1270 2435 1327">
     <span class='ocr_line' id='line_1_32' title="bbox 2138 1270 2435 1327; baseline 0.007 -2"><span class='ocrx_word' id='word_1_208' title='bbox 2138 1270 2302 1326; x_wconf 84' lang='lat' dir='ltr'><strong>missa</strong></span> <span class='ocrx_word' id='word_1_209' title='bbox 2330 1280 2435 1327; x_wconf 90' lang='lat' dir='ltr'><strong>est.</strong></span> 
     </span>
    </p>
   </div>
   <div class='ocr_carea' id='block_1_32' title="bbox 2745 1364 3131 1424">
    <p class='ocr_par' dir='ltr' id='par_1_32' title="bbox 2745 1364 3131 1424">
     <span class='ocr_line' id='line_1_33' title="bbox 2745 1364 3131 1424; baseline 0.005 -2"><span class='ocrx_word' id='word_1_210' title='bbox 2745 1364 2972 1423; x_wconf 81' lang='lat' dir='ltr'><strong>CAPUT</strong></span> <span class='ocrx_word' id='word_1_211' title='bbox 3011 1366 3131 1424; x_wconf 80' lang='lat' dir='ltr'><strong>XX.</strong></span> 
     </span>
    </p>
   </div>
   <div class='ocr_carea' id='block_1_33' title="bbox 2212 1452 3741 1537">
    <p class='ocr_par' dir='ltr' id='par_1_33' title="bbox 2212 1452 3741 1537">
     <span class='ocr_line' id='line_1_34' title="bbox 2212 1452 3741 1537; baseline 0.01 -29"><span class='ocrx_word' id='word_1_212' title='bbox 2212 1452 2345 1510; x_wconf 83' lang='lat' dir='ltr'><strong>lluic</strong></span> <span class='ocrx_word' id='word_1_213' title='bbox 2388 1454 2805 1526; x_wconf 65' lang='lat' dir='ltr'><strong>expeditissima:</strong></span> <span class='ocrx_word' id='word_1_214' title='bbox 2845 1458 3145 1528; x_wconf 86' lang='lat' dir='ltr'><strong>probationi</strong></span> <span class='ocrx_word' id='word_1_215' title='bbox 3188 1460 3432 1518; x_wconf 79' lang='lat' dir='ltr'><strong>defensio</strong></span> <span class='ocrx_word' id='word_1_216' title='bbox 3467 1479 3741 1537; x_wconf 84' lang='lat' dir='ltr'><strong>quoquea</strong></span> 
     </span>
    </p>
   </div>
   <div class='ocr_carea' id='block_1_34' title="bbox 2136 1546 3745 1627">
    <p class='ocr_par' dir='ltr' id='par_1_34' title="bbox 2136 1546 3745 1627">
     <span class='ocr_line' id='line_1_35' title="bbox 2136 1546 3745 1627; baseline 0.01 -27"><span class='ocrx_word' id='word_1_217' title='bbox 2136 1546 2292 1602; x_wconf 84' lang='lat' dir='ltr'><strong>nobis</strong></span> <span class='ocrx_word' id='word_1_218' title='bbox 2353 1551 2652 1604; x_wconf 89' lang='lat' dir='ltr'><strong>necessaria</strong></span> <span class='ocrx_word' id='word_1_219' title='bbox 2746 1560 2829 1605; x_wconf 87' lang='lat' dir='ltr'><strong>est</strong></span> <span class='ocrx_word' id='word_1_220' title='bbox 2889 1551 3148 1609; x_wconf 88' lang='lat' dir='ltr'><strong>adversus</strong></span> <span class='ocrx_word' id='word_1_221' title='bbox 3194 1556 3607 1627; x_wconf 84' lang='lat' dir='ltr'><strong>obstrepitacula</strong></span> <span class='ocrx_word' id='word_1_222' title='bbox 3656 1558 3745 1616; x_wconf 88' lang='lat' dir='ltr'><strong>di-</strong></span> 
     </span>
    </p>
   </div>
   <div class='ocr_carea' id='block_1_35' title="bbox 2135 1642 3745 1712">
    <p class='ocr_par' dir='ltr' id='par_1_35' title="bbox 2135 1642 3745 1712">
     <span class='ocr_line' id='line_1_36' title="bbox 2135 1642 3745 1712; baseline 0.009 -18"><span class='ocrx_word' id='word_1_223' title='bbox 2135 1654 2309 1699; x_wconf 73' lang='lat' dir='ltr'><strong>versa:</strong></span> <span class='ocrx_word' id='word_1_224' title='bbox 2352 1642 2539 1712; x_wconf 86' lang='lat' dir='ltr'><strong>partis.</strong></span> <span class='ocrx_word' id='word_1_225' title='bbox 2585 1643 2749 1698; x_wconf 86' lang='lat' dir='ltr'><strong>Aiunt</strong></span> <span class='ocrx_word' id='word_1_226' title='bbox 2784 1645 2927 1700; x_wconf 88' lang='lat' dir='ltr'><strong>enim</strong></span> <span class='ocrx_word' id='word_1_227' title='bbox 2968 1645 3291 1704; x_wconf 81' lang='lat' dir='ltr'><strong>Marcionem</strong></span> <span class='ocrx_word' id='word_1_228' title='bbox 3339 1666 3443 1707; x_wconf 92' lang='lat' dir='ltr'><strong>non</strong></span> <span class='ocrx_word' id='word_1_229' title='bbox 3493 1661 3602 1707; x_wconf 88' lang='lat' dir='ltr'><strong>tam</strong></span> <span class='ocrx_word' id='word_1_230' title='bbox 3647 1655 3745 1708; x_wconf 92' lang='lat' dir='ltr'><strong>in-</strong></span> 
     </span>
    </p>
   </div>
   <div class='ocr_carea' id='block_1_36' title="bbox 433 1725 3740 1814">
    <p class='ocr_par' dir='ltr' id='par_1_36' title="bbox 433 1725 3740 1814">
     <span class='ocr_line' id='line_1_37' title="bbox 433 1725 3740 1814; baseline 0.006 -34"><span class='ocrx_word' id='word_1_231' title='bbox 433 1726 531 1781; x_wconf 91' lang='lat' dir='ltr'><strong>Pio</strong></span> <span class='ocrx_word' id='word_1_232' title='bbox 555 1726 771 1795; x_wconf 89' lang='lat' dir='ltr'><strong>impius.</strong></span> <span class='ocrx_word' id='word_1_233' title='bbox 807 1725 882 1799; x_wconf 72' lang='grc' dir='ltr'><strong>(ιι)</strong></span> <span class='ocrx_word' id='word_1_234' title='bbox 911 1729 951 1781; x_wconf 84' lang='grc' dir='ltr'>Α</span> <span class='ocrx_word' id='word_1_235' title='bbox 999 1726 1215 1783; x_wconf 86' lang='lat' dir='ltr'><strong>Tiberio</strong></span> <span class='ocrx_word' id='word_1_236' title='bbox 1255 1739 1640 1814; x_wconf 48' lang='lat' dir='ltr'><strong>antemnisque</strong></span> <span class='ocrx_word' id='word_1_237' title='bbox 1685 1731 1750 1787; x_wconf 91' lang='lat' dir='ltr'><strong>ad</strong></span> <span class='ocrx_word' id='word_1_238' title='bbox 1802 1732 2030 1788; x_wconf 78' lang='lat' dir='ltr'><strong>Antdni—</strong></span> <span class='ocrx_word' id='word_1_239' title='bbox 2060 1734 2108 1795; x_wconf 89' lang='lat' dir='ltr'><strong>B</strong></span> <span class='ocrx_word' id='word_1_240' title='bbox 2136 1747 2362 1789; x_wconf 85' lang='lat' dir='ltr'><strong>novasse</strong></span> <span class='ocrx_word' id='word_1_241' title='bbox 2387 1734 2621 1805; x_wconf 86' lang='lat' dir='ltr'><strong>regulam</strong></span> <span class='ocrx_word' id='word_1_242' title='bbox 2643 1738 2981 1806; x_wconf 84' lang='lat' dir='ltr'><strong>separatione</strong></span> <span class='ocrx_word' id='word_1_243' title='bbox 3004 1738 3158 1808; x_wconf 86' lang='lat' dir='ltr'><strong>Legis</strong></span> <span class='ocrx_word' id='word_1_244' title='bbox 3182 1750 3235 1795; x_wconf 91' lang='lat' dir='ltr'><strong>et</strong></span> <span class='ocrx_word' id='word_1_245' title='bbox 3261 1742 3550 1814; x_wconf 75' lang='lat' dir='ltr'><strong>Evangelii,</strong></span> <span class='ocrx_word' id='word_1_246' title='bbox 3573 1759 3740 1814; x_wconf 83' lang='lat' dir='ltr'><strong>quam</strong></span> 
     </span>
    </p>
   </div>
   <div class='ocr_carea' id='block_1_37' title="bbox 429 1808 3840 1904">
    <p class='ocr_par' dir='ltr' id='par_1_37' title="bbox 429 1808 3840 1904">
     <span class='ocr_line' id='line_1_38' title="bbox 429 1808 3840 1904; baseline 0.004 -31"><span class='ocrx_word' id='word_1_247' title='bbox 429 1833 579 1884; x_wconf 89' lang='lat' dir='ltr'><strong>num,</strong></span> <span class='ocrx_word' id='word_1_248' title='bbox 610 1819 734 1874; x_wconf 90' lang='lat' dir='ltr'><strong>anni</strong></span> <span class='ocrx_word' id='word_1_249' title='bbox 782 1818 897 1875; x_wconf 79' lang='lat' dir='ltr'><strong>fere</strong></span> <span class='ocrx_word' id='word_1_250' title='bbox 942 1828 1160 1875; x_wconf 89' lang='lat' dir='ltr'><strong>centum</strong></span> <span class='ocrx_word' id='word_1_251' title='bbox 1205 1828 1263 1877; x_wconf 91' lang='lat' dir='ltr'><strong>et</strong></span> <span class='ocrx_word' id='word_1_252' title='bbox 1310 1808 1614 1893; x_wconf 83' lang='lat' dir='ltr'><strong>quindecim</strong></span> <span class='ocrx_word' id='word_1_253' title='bbox 1654 1832 1710 1880; x_wconf 88' lang='lat' dir='ltr'><strong>et</strong></span> <span class='ocrx_word' id='word_1_254' title='bbox 1751 1824 2033 1883; x_wconf 85' lang='lat' dir='ltr'><strong>dimidium</strong></span> <span class='ocrx_word' id='word_1_255' title='bbox 2136 1831 2284 1878; x_wconf 86' lang='lat' dir='ltr'><strong>retro</strong></span> <span class='ocrx_word' id='word_1_256' title='bbox 2329 1823 2684 1883; x_wconf 86' lang='lat' dir='ltr'><strong>adulteratam</strong></span> <span class='ocrx_word' id='word_1_257' title='bbox 2717 1841 3010 1885; x_wconf 81' lang='lat' dir='ltr'><strong>recnrasse.</strong></span> <span class='ocrx_word' id='word_1_258' title='bbox 3043 1828 3320 1888; x_wconf 87' lang='lat' dir='ltr'><strong>OChriste</strong></span> <span class='ocrx_word' id='word_1_259' title='bbox 3351 1808 3744 1904; x_wconf 37' lang='lat' dir='ltr'><strong>pauentis-sime</strong></span> <span class='ocrx_word' id='word_1_260' title='bbox 3768 1848 3840 1901; x_wconf 68' lang='grc' dir='ltr'>ιτ</span> 
     </span>
    </p>
   </div>
   <div class='ocr_carea' id='block_1_38' title="bbox 432 1912 3744 1997">
    <p class='ocr_par' dir='ltr' id='par_1_38' title="bbox 432 1912 3744 1997">
     <span class='ocr_line' id='line_1_39' title="bbox 432 1912 3744 1997; baseline 0.006 -30"><span class='ocrx_word' id='word_1_261' title='bbox 432 1913 582 1978; x_wconf 73' lang='lat' dir='ltr'><strong>muti,</strong></span> <span class='ocrx_word' id='word_1_262' title='bbox 611 1928 733 1967; x_wconf 91' lang='lat' dir='ltr'><strong>cum</strong></span> <span class='ocrx_word' id='word_1_263' title='bbox 760 1912 989 1968; x_wconf 90' lang='lat' dir='ltr'><strong>dimidio</strong></span> <span class='ocrx_word' id='word_1_264' title='bbox 1013 1914 1217 1971; x_wconf 87' lang='lat' dir='ltr'><strong>mensis</strong></span> <span class='ocrx_word' id='word_1_265' title='bbox 1244 1932 1258 1968; x_wconf 88' lang='lat'><strong>:</strong></span> <span class='ocrx_word' id='word_1_266' title='bbox 1290 1915 1623 1972; x_wconf 87' lang='lat' dir='ltr'><strong>tantumdem</strong></span> <span class='ocrx_word' id='word_1_267' title='bbox 1650 1919 1908 1989; x_wconf 88' lang='lat' dir='ltr'><strong>temporis</strong></span> <span class='ocrx_word' id='word_1_268' title='bbox 1934 1935 2033 1992; x_wconf 88' lang='lat' dir='ltr'><strong>po-</strong></span> <span class='ocrx_word' id='word_1_269' title='bbox 2141 1915 2396 1974; x_wconf 85' lang='lat' dir='ltr'><strong>Domine!</strong></span> <span class='ocrx_word' id='word_1_270' title='bbox 2430 1918 2519 1989; x_wconf 92' lang='lat' dir='ltr'><strong>qui</strong></span> <span class='ocrx_word' id='word_1_271' title='bbox 2557 1928 2636 1974; x_wconf 89' lang='lat' dir='ltr'><strong>tot</strong></span> <span class='ocrx_word' id='word_1_272' title='bbox 2674 1921 3298 1980; x_wconf 80' lang='lat' dir='ltr'><strong>annis‘interversionem</strong></span> <span class='ocrx_word' id='word_1_273' title='bbox 3344 1928 3744 1997; x_wconf 85' lang='lat' dir='ltr'><strong>praedicationis</strong></span> 
     </span>
    </p>
   </div>
   <div class='ocr_carea' id='block_1_39' title="bbox 432 2005 3745 2089">
    <p class='ocr_par' dir='ltr' id='par_1_39' title="bbox 432 2005 3745 2089">
     <span class='ocr_line' id='line_1_40' title="bbox 432 2005 3745 2089; baseline 0.005 -28"><span class='ocrx_word' id='word_1_274' title='bbox 432 2015 566 2061; x_wconf 92' lang='lat' dir='ltr'><strong>nunt</strong></span> <span class='ocrx_word' id='word_1_275' title='bbox 592 2007 735 2062; x_wconf 91' lang='lat' dir='ltr'><strong>inter</strong></span> <span class='ocrx_word' id='word_1_276' title='bbox 769 2005 1043 2064; x_wconf 89' lang='lat' dir='ltr'><strong>Christum</strong></span> <span class='ocrx_word' id='word_1_277' title='bbox 1089 2020 1143 2064; x_wconf 87' lang='lat' dir='ltr'><strong>et</strong></span> <span class='ocrx_word' id='word_1_278' title='bbox 1184 2008 1533 2065; x_wconf 71' lang='lat' dir='ltr'><strong>Marcianem.</strong></span> <span class='ocrx_word' id='word_1_279' title='bbox 1561 2011 1720 2083; x_wconf 40' lang='lat' dir='ltr'><strong>Cum&#39;</strong></span> <span class='ocrx_word' id='word_1_280' title='bbox 1745 2012 1903 2085; x_wconf 86' lang='lat' dir='ltr'><strong>igitur</strong></span> <span class='ocrx_word' id='word_1_281' title='bbox 1929 2013 2030 2072; x_wconf 86' lang='lat' dir='ltr'><strong>sub</strong></span> <span class='ocrx_word' id='word_1_282' title='bbox 2135 2014 2238 2062; x_wconf 68' lang='grc' dir='ltr'><strong>ιυεε</strong></span> <span class='ocrx_word' id='word_1_283' title='bbox 2265 2009 2587 2077; x_wconf 63' lang='lat' dir='ltr'><strong>sustinuisti.</strong></span> <span class='ocrx_word' id='word_1_284' title='bbox 2619 2010 2792 2070; x_wconf 83' lang='lat' dir='ltr'><strong>donec</strong></span> <span class='ocrx_word' id='word_1_285' title='bbox 2819 2012 2913 2068; x_wconf 84' lang='lat' dir='ltr'><strong>libi</strong></span> <span class='ocrx_word' id='word_1_286' title='bbox 2941 2015 3145 2071; x_wconf 80' lang='lat' dir='ltr'><strong>scilicet</strong></span> <span class='ocrx_word' id='word_1_287' title='bbox 3173 2014 3252 2089; x_wconf 91' lang='lat'><strong>(9)</strong></span> <span class='ocrx_word' id='word_1_288' title='bbox 3282 2017 3514 2074; x_wconf 82' lang='lat' dir='ltr'><strong>Marcion</strong></span> <span class='ocrx_word' id='word_1_289' title='bbox 3542 2023 3745 2078; x_wconf 84' lang='lat' dir='ltr'><strong>subve-</strong></span> 
     </span>
    </p>
   </div>
   <div class='ocr_carea' id='block_1_40' title="bbox 437 2099 2025 2175">
    <p class='ocr_par' dir='ltr' id='par_1_40' title="bbox 437 2099 2025 2175">
     <span class='ocr_line' id='line_1_41' title="bbox 437 2099 2025 2175; baseline 0.005 -21"><span class='ocrx_word' id='word_1_290' title='bbox 437 2099 711 2155; x_wconf 72' lang='lat' dir='ltr'><strong>Antonino</strong></span> <span class='ocrx_word' id='word_1_291' title='bbox 759 2100 964 2169; x_wconf 89' lang='lat' dir='ltr'><strong>primus</strong></span> <span class='ocrx_word' id='word_1_292' title='bbox 1013 2099 1244 2155; x_wconf 85' lang='lat' dir='ltr'><strong>Marcion</strong></span> <span class='ocrx_word' id='word_1_293' title='bbox 1315 2102 1456 2156; x_wconf 90' lang='lat' dir='ltr'><strong>hunc</strong></span> <span class='ocrx_word' id='word_1_294' title='bbox 1500 2100 1662 2158; x_wconf 88' lang='lat' dir='ltr'><strong>deum</strong></span> <span class='ocrx_word' id='word_1_295' title='bbox 1709 2103 2025 2175; x_wconf 85' lang='lat' dir='ltr'><strong>induxerit,</strong></span> 
     </span>
    </p>
   </div>
   <div class='ocr_carea' id='block_1_41' title="bbox 430 2192 2049 2266">
    <p class='ocr_par' dir='ltr' id='par_1_41' title="bbox 430 2192 2049 2266">
     <span class='ocr_line' id='line_1_42' title="bbox 430 2192 2049 2266; baseline 0.007 -20"><span class='ocrx_word' id='word_1_296' title='bbox 430 2192 570 2247; x_wconf 84' lang='lat' dir='ltr'><strong>sicut</strong></span> <span class='ocrx_word' id='word_1_297' title='bbox 599 2192 969 2262; x_wconf 86' lang='lat' dir='ltr'><strong>probavimus,</strong></span> <span class='ocrx_word' id='word_1_298' title='bbox 1008 2195 1211 2260; x_wconf 87' lang='lat' dir='ltr'><strong>statim,</strong></span> <span class='ocrx_word' id='word_1_299' title='bbox 1240 2194 1329 2264; x_wconf 85' lang='lat' dir='ltr'><strong>qui</strong></span> <span class='ocrx_word' id='word_1_300' title='bbox 1361 2195 1504 2265; x_wconf 87' lang='lat' dir='ltr'><strong>sapis</strong></span> <span class='ocrx_word' id='word_1_301' title='bbox 1532 2237 1546 2261; x_wconf 92' lang='lat'><strong>,</strong></span> <span class='ocrx_word' id='word_1_302' title='bbox 1593 2198 1747 2266; x_wconf 88' lang='lat' dir='ltr'><strong>plana</strong></span> <span class='ocrx_word' id='word_1_303' title='bbox 1791 2214 1879 2255; x_wconf 92' lang='lat' dir='ltr'><strong>res</strong></span> <span class='ocrx_word' id='word_1_304' title='bbox 1922 2209 2049 2257; x_wconf 10' lang='lat' dir='ltr'><strong>est.’</strong></span> 
     </span>
    </p>
   </div>
   <div class='ocr_carea' id='block_1_42' title="bbox 414 2283 2024 2362">
    <p class='ocr_par' dir='ltr' id='par_1_42' title="bbox 414 2283 2024 2362">
     <span class='ocr_line' id='line_1_43' title="bbox 414 2283 2024 2362; baseline 0.006 -23"><span class='ocrx_word' id='word_1_305' title='bbox 414 2283 788 2355; x_wconf 45' lang='lat' dir='ltr'><strong>’Praajudicant</strong></span> <span class='ocrx_word' id='word_1_306' title='bbox 832 2294 1100 2354; x_wconf 85' lang='lat' dir='ltr'><strong>tempora,</strong></span> <span class='ocrx_word' id='word_1_307' title='bbox 1147 2284 1291 2355; x_wconf 85' lang='lat' dir='ltr'><strong>quod</strong></span> <span class='ocrx_word' id='word_1_308' title='bbox 1333 2287 1436 2341; x_wconf 88' lang='lat' dir='ltr'><strong>sub</strong></span> <span class='ocrx_word' id='word_1_309' title='bbox 1474 2288 1751 2345; x_wconf 83' lang='lat' dir='ltr'><strong>Antonino</strong></span> <span class='ocrx_word' id='word_1_310' title='bbox 1789 2292 2024 2362; x_wconf 86' lang='lat' dir='ltr'><strong>primum</strong></span> 
     </span>
    </p>
   </div>
   <div class='ocr_carea' id='block_1_43' title="bbox 356 2366 2023 2447">
    <p class='ocr_par' dir='ltr' id='par_1_43' title="bbox 356 2366 2023 2447">
     <span class='ocr_line' id='line_1_44' title="bbox 356 2366 2023 2447; baseline 0.005 -16"><span class='ocrx_word' id='word_1_311' title='bbox 356 2366 361 2381; x_wconf 75' lang='grc'><em>⁴</em></span> <span class='ocrx_word' id='word_1_312' title='bbox 425 2376 711 2447; x_wconf 86' lang='lat' dir='ltr'><strong>processit,</strong></span> <span class='ocrx_word' id='word_1_313' title='bbox 745 2376 847 2429; x_wconf 90' lang='lat' dir='ltr'><strong>sub</strong></span> <span class='ocrx_word' id='word_1_314' title='bbox 875 2375 1092 2430; x_wconf 86' lang='lat' dir='ltr'><strong>Tiberio</strong></span> <span class='ocrx_word' id='word_1_315' title='bbox 1125 2391 1231 2431; x_wconf 89' lang='lat' dir='ltr'><strong>non</strong></span> <span class='ocrx_word' id='word_1_316' title='bbox 1259 2379 1627 2447; x_wconf 85' lang='lat' dir='ltr'><strong>processisse;</strong></span> <span class='ocrx_word' id='word_1_317' title='bbox 1661 2380 1714 2436; x_wconf 92' lang='lat' dir='ltr'><strong>id</strong></span> <span class='ocrx_word' id='word_1_318' title='bbox 1755 2392 1840 2438; x_wconf 84' lang='lat' dir='ltr'><strong>est</strong></span> <span class='ocrx_word' id='word_1_319' title='bbox 1865 2384 2023 2439; x_wconf 89' lang='lat' dir='ltr'><strong>deum</strong></span> 
     </span>
    </p>
   </div>
   <div class='ocr_carea' id='block_1_44' title="bbox 425 2467 2022 2550">
    <p class='ocr_par' dir='ltr' id='par_1_44' title="bbox 425 2467 2022 2550">
     <span class='ocr_line' id='line_1_45' title="bbox 425 2467 2022 2550; baseline 0.007 -26"><span class='ocrx_word' id='word_1_320' title='bbox 425 2467 771 2524; x_wconf 78' lang='lat' dir='ltr'><strong>Antoninia’ni</strong></span> <span class='ocrx_word' id='word_1_321' title='bbox 800 2467 885 2539; x_wconf 72' lang='grc' dir='ltr'><strong>(ι)</strong></span> <span class='ocrx_word' id='word_1_322' title='bbox 918 2468 1153 2539; x_wconf 90' lang='lat' dir='ltr'><strong>imperii,</strong></span> <span class='ocrx_word' id='word_1_323' title='bbox 1183 2467 1454 2527; x_wconf 85' lang='lat' dir='ltr'><strong>Tiberiani</strong></span> <span class='ocrx_word' id='word_1_324' title='bbox 1481 2487 1587 2529; x_wconf 91' lang='lat' dir='ltr'><strong>non</strong></span> <span class='ocrx_word' id='word_1_325' title='bbox 1614 2473 1782 2531; x_wconf 86' lang='lat' dir='ltr'><strong>fuisse</strong></span> <span class='ocrx_word' id='word_1_326' title='bbox 1812 2494 1827 2543; x_wconf 90' lang='lat'><strong>;</strong></span> <span class='ocrx_word' id='word_1_327' title='bbox 1861 2488 2022 2550; x_wconf 91' lang='lat' dir='ltr'><strong>atque</strong></span> 
     </span>
    </p>
   </div>
   <div class='ocr_carea' id='block_1_45' title="bbox 424 2561 2019 2635">
    <p class='ocr_par' dir='ltr' id='par_1_45' title="bbox 424 2561 2019 2635">
     <span class='ocr_line' id='line_1_46' title="bbox 424 2561 2019 2635; baseline 0.007 -17"><span class='ocrx_word' id='word_1_328' title='bbox 424 2562 499 2618; x_wconf 85' lang='lat' dir='ltr'><strong>ita</strong></span> <span class='ocrx_word' id='word_1_329' title='bbox 525 2577 629 2617; x_wconf 89' lang='lat' dir='ltr'><strong>non</strong></span> <span class='ocrx_word' id='word_1_330' title='bbox 659 2577 688 2614; x_wconf 90' lang='lat' dir='ltr'><strong>a</strong></span> <span class='ocrx_word' id='word_1_331' title='bbox 717 2561 935 2618; x_wconf 84' lang='lat' dir='ltr'><strong>Christo</strong></span> <span class='ocrx_word' id='word_1_332' title='bbox 966 2562 1264 2618; x_wconf 88' lang='lat' dir='ltr'><strong>revelatum</strong></span> <span class='ocrx_word' id='word_1_333' title='bbox 1296 2605 1310 2631; x_wconf 93' lang='lat'><strong>,</strong></span> <span class='ocrx_word' id='word_1_334' title='bbox 1355 2580 1516 2635; x_wconf 90' lang='lat' dir='ltr'><strong>quem</strong></span> <span class='ocrx_word' id='word_1_335' title='bbox 1565 2578 1780 2625; x_wconf 86' lang='lat' dir='ltr'><strong>constat</strong></span> <span class='ocrx_word' id='word_1_336' title='bbox 1813 2587 1841 2625; x_wconf 89' lang='lat' dir='ltr'><strong>a</strong></span> <span class='ocrx_word' id='word_1_337' title='bbox 1877 2572 2019 2629; x_wconf 76' lang='lat' dir='ltr'><strong>Mar-</strong></span> 
     </span>
    </p>
   </div>
   <div class='ocr_carea' id='block_1_46' title="bbox 330 2652 2019 2734">
    <p class='ocr_par' dir='ltr' id='par_1_46' title="bbox 330 2652 2019 2734">
     <span class='ocr_line' id='line_1_47' title="bbox 330 2652 2019 2734; baseline 0.007 -24"><span class='ocrx_word' id='word_1_338' title='bbox 330 2656 339 2667; x_wconf 69' lang='lat'>‘</span> <span class='ocrx_word' id='word_1_339' title='bbox 420 2655 578 2711; x_wconf 89' lang='lat' dir='ltr'><strong>cione</strong></span> <span class='ocrx_word' id='word_1_340' title='bbox 608 2655 836 2724; x_wconf 81' lang='lat' dir='ltr'><strong>primunt</strong></span> <span class='ocrx_word' id='word_1_341' title='bbox 866 2652 948 2727; x_wconf 81' lang='lat'><strong>(5)</strong></span> <span class='ocrx_word' id='word_1_342' title='bbox 976 2654 1343 2725; x_wconf 63' lang='lat' dir='ltr'><strong>praedicatum.</strong></span> <span class='ocrx_word' id='word_1_343' title='bbox 1372 2656 1485 2713; x_wconf 80' lang='lat' dir='ltr'><strong>lioc</strong></span> <span class='ocrx_word' id='word_1_344' title='bbox 1515 2673 1656 2715; x_wconf 91' lang='lat' dir='ltr'><strong>nunc</strong></span> <span class='ocrx_word' id='word_1_345' title='bbox 1696 2671 1753 2717; x_wconf 92' lang='lat' dir='ltr'><strong>ut</strong></span> <span class='ocrx_word' id='word_1_346' title='bbox 1796 2665 2019 2734; x_wconf 89' lang='lat' dir='ltr'><strong>probem</strong></span> 
     </span>
    </p>
   </div>
   <div class='ocr_carea' id='block_1_47' title="bbox 420 2748 2012 2819">
    <p class='ocr_par' dir='ltr' id='par_1_47' title="bbox 420 2748 2012 2819">
     <span class='ocr_line' id='line_1_48' title="bbox 420 2748 2012 2819; baseline 0.005 -14"><span class='ocrx_word' id='word_1_347' title='bbox 420 2758 692 2816; x_wconf 89' lang='lat' dir='ltr'><strong>constare,</strong></span> <span class='ocrx_word' id='word_1_348' title='bbox 716 2748 858 2818; x_wconf 91' lang='lat' dir='ltr'><strong>quod</strong></span> <span class='ocrx_word' id='word_1_349' title='bbox 884 2757 1153 2819; x_wconf 88' lang='lat' dir='ltr'><strong>superest,</strong></span> <span class='ocrx_word' id='word_1_350' title='bbox 1182 2748 1253 2803; x_wconf 88' lang='lat' dir='ltr'><strong>ab</strong></span> <span class='ocrx_word' id='word_1_351' title='bbox 1278 2748 1410 2818; x_wconf 90' lang='lat' dir='ltr'><strong>ipsis</strong></span> <span class='ocrx_word' id='word_1_352' title='bbox 1432 2750 1755 2809; x_wconf 88' lang='lat' dir='ltr'><strong>adversariis</strong></span> <span class='ocrx_word' id='word_1_353' title='bbox 1782 2770 2012 2813; x_wconf 91' lang='lat' dir='ltr'><strong>sumam.</strong></span> 
     </span>
    </p>
   </div>
   <div class='ocr_carea' id='block_1_48' title="bbox 369 2841 2016 2920">
    <p class='ocr_par' dir='ltr' id='par_1_48' title="bbox 369 2841 2016 2920">
     <span class='ocr_line' id='line_1_49' title="bbox 369 2841 2016 2920; baseline 0.005 -21"><span class='ocrx_word' id='word_1_354' title='bbox 369 2894 392 2912; x_wconf 80' lang='lat'><strong>,</strong></span> <span class='ocrx_word' id='word_1_355' title='bbox 417 2842 698 2913; x_wconf 88' lang='lat' dir='ltr'><strong>Separatio</strong></span> <span class='ocrx_word' id='word_1_356' title='bbox 728 2841 884 2913; x_wconf 85' lang='lat' dir='ltr'><strong>Legis</strong></span> <span class='ocrx_word' id='word_1_357' title='bbox 912 2849 969 2896; x_wconf 83' lang='lat' dir='ltr'><strong>et</strong></span> <span class='ocrx_word' id='word_1_358' title='bbox 997 2841 1294 2912; x_wconf 78' lang='lat' dir='ltr'><strong>Evangelii,</strong></span> <span class='ocrx_word' id='word_1_359' title='bbox 1333 2844 1610 2914; x_wconf 86' lang='lat' dir='ltr'><strong>proprium</strong></span> <span class='ocrx_word' id='word_1_360' title='bbox 1639 2855 1693 2902; x_wconf 88' lang='lat' dir='ltr'><strong>et</strong></span> <span class='ocrx_word' id='word_1_361' title='bbox 1714 2850 2016 2920; x_wconf 89' lang='lat' dir='ltr'><strong>principale</strong></span> 
     </span>
    </p>
   </div>
   <div class='ocr_carea' id='block_1_49' title="bbox 316 2933 2016 3013">
    <p class='ocr_par' dir='ltr' id='par_1_49' title="bbox 316 2933 2016 3013">
     <span class='ocr_line' id='line_1_50' title="bbox 316 2933 2016 3013; baseline 0.005 -22"><span class='ocrx_word' id='word_1_362' title='bbox 316 2933 363 2959; x_wconf 66' lang='grc'><strong>’⁷</strong></span> <span class='ocrx_word' id='word_1_363' title='bbox 420 2950 559 3006; x_wconf 91' lang='lat' dir='ltr'><strong>opus</strong></span> <span class='ocrx_word' id='word_1_364' title='bbox 601 2943 687 2991; x_wconf 88' lang='lat' dir='ltr'><strong>est</strong></span> <span class='ocrx_word' id='word_1_365' title='bbox 733 2933 1059 2990; x_wconf 87' lang='lat' dir='ltr'><strong>Marcionis:</strong></span> <span class='ocrx_word' id='word_1_366' title='bbox 1093 2947 1192 2989; x_wconf 87' lang='lat' dir='ltr'><strong>nec</strong></span> <span class='ocrx_word' id='word_1_367' title='bbox 1232 2944 1489 3004; x_wconf 83' lang='lat' dir='ltr'><strong>petcruut</strong></span> <span class='ocrx_word' id='word_1_368' title='bbox 1533 2952 1728 3008; x_wconf 85' lang='lat' dir='ltr'><strong>negare</strong></span> <span class='ocrx_word' id='word_1_369' title='bbox 1765 2938 2016 3013; x_wconf 87' lang='lat' dir='ltr'><strong>discipuli</strong></span> 
     </span>
    </p>
   </div>
   <div class='ocr_carea' id='block_1_50' title="bbox 418 3027 2015 3105">
    <p class='ocr_par' dir='ltr' id='par_1_50' title="bbox 418 3027 2015 3105">
     <span class='ocr_line' id='line_1_51' title="bbox 418 3027 2015 3105; baseline -0.002 -20"><span class='ocrx_word' id='word_1_370' title='bbox 418 3029 557 3101; x_wconf 86' lang='lat' dir='ltr'><strong>ejus,</strong></span> <span class='ocrx_word' id='word_1_371' title='bbox 589 3028 733 3100; x_wconf 81' lang='lat' dir='ltr'><strong>quod</strong></span> <span class='ocrx_word' id='word_1_372' title='bbox 765 3028 817 3083; x_wconf 92' lang='lat' dir='ltr'><strong>in</strong></span> <span class='ocrx_word' id='word_1_373' title='bbox 849 3042 1058 3083; x_wconf 90' lang='lat' dir='ltr'><strong>summo</strong></span> <span class='ocrx_word' id='word_1_374' title='bbox 1086 3027 1450 3086; x_wconf 87' lang='lat' dir='ltr'><strong>instrumento</strong></span> <span class='ocrx_word' id='word_1_375' title='bbox 1478 3031 1694 3099; x_wconf 83' lang='lat' dir='ltr'><strong>habent,</strong></span> <span class='ocrx_word' id='word_1_376' title='bbox 1730 3048 1838 3105; x_wconf 89' lang='lat' dir='ltr'><strong>quo</strong></span> <span class='ocrx_word' id='word_1_377' title='bbox 1863 3036 2015 3093; x_wconf 89' lang='lat' dir='ltr'><strong>deni-</strong></span> 
     </span>
    </p>
   </div>
   <div class='ocr_carea' id='block_1_51' title="bbox 2133 2100 3740 2182">
    <p class='ocr_par' dir='ltr' id='par_1_51' title="bbox 2133 2100 3740 2182">
     <span class='ocr_line' id='line_1_52' title="bbox 2133 2100 3740 2182; baseline 0.011 -27"><span class='ocrx_word' id='word_1_378' title='bbox 2133 2100 2296 2156; x_wconf 89' lang='lat' dir='ltr'><strong>niret.</strong></span> <span class='ocrx_word' id='word_1_379' title='bbox 2334 2100 2472 2159; x_wconf 84' lang='lat' dir='ltr'><strong>Nam</strong></span> <span class='ocrx_word' id='word_1_380' title='bbox 2503 2112 2558 2159; x_wconf 89' lang='lat' dir='ltr'><strong>et</strong></span> <span class='ocrx_word' id='word_1_381' title='bbox 2587 2104 3027 2174; x_wconf 83' lang='lat' dir='ltr'><strong>ipsum.Petrum,</strong></span> <span class='ocrx_word' id='word_1_382' title='bbox 3059 2119 3413 2182; x_wconf 60' lang='lat' dir='ltr'><strong>crateresque,</strong></span> <span class='ocrx_word' id='word_1_383' title='bbox 3453 2114 3740 2173; x_wconf 85' lang='lat' dir='ltr'><strong>columnas</strong></span> 
     </span>
    </p>
   </div>
   <div class='ocr_carea' id='block_1_52' title="bbox 2132 2192 3736 2275">
    <p class='ocr_par' dir='ltr' id='par_1_52' title="bbox 2132 2192 3736 2275">
     <span class='ocr_line' id='line_1_53' title="bbox 2132 2192 3736 2275; baseline 0.009 -28"><span class='ocrx_word' id='word_1_384' title='bbox 2132 2192 2494 2263; x_wconf 82' lang='lat' dir='ltr'><strong>Apostolatus,</strong></span> <span class='ocrx_word' id='word_1_385' title='bbox 2517 2210 2546 2249; x_wconf 92' lang='lat' dir='ltr'><strong>a</strong></span> <span class='ocrx_word' id='word_1_386' title='bbox 2570 2195 2734 2252; x_wconf 85' lang='lat' dir='ltr'><strong>Paulo</strong></span> <span class='ocrx_word' id='word_1_387' title='bbox 2750 2198 3109 2267; x_wconf 74' lang='lat' dir='ltr'><strong>reprehensos</strong></span> <span class='ocrx_word' id='word_1_388' title='bbox 3136 2199 3304 2274; x_wconf 62' lang='grc' dir='ltr'><strong>(ϐαι,</strong></span> <span class='ocrx_word' id='word_1_389' title='bbox 3332 2202 3393 2275; x_wconf 86' lang='lat' dir='ltr'><strong>ll)</strong></span> <span class='ocrx_word' id='word_1_390' title='bbox 3433 2215 3736 2275; x_wconf 90' lang='lat' dir='ltr'><strong>opponunt,</strong></span> 
     </span>
    </p>
   </div>
   <div class='ocr_carea' id='block_1_53' title="bbox 2130 2285 3739 2367">
    <p class='ocr_par' dir='ltr' id='par_1_53' title="bbox 2130 2285 3739 2367">
     <span class='ocr_line' id='line_1_54' title="bbox 2130 2285 3739 2367; baseline 0.009 -26"><span class='ocrx_word' id='word_1_391' title='bbox 2130 2285 2272 2356; x_wconf 84' lang='lat' dir='ltr'><strong>quod</strong></span> <span class='ocrx_word' id='word_1_392' title='bbox 2304 2303 2408 2343; x_wconf 91' lang='lat' dir='ltr'><strong>non</strong></span> <span class='ocrx_word' id='word_1_393' title='bbox 2444 2297 2593 2343; x_wconf 88' lang='lat' dir='ltr'><strong>recto</strong></span> <span class='ocrx_word' id='word_1_394' title='bbox 2620 2287 2755 2358; x_wconf 87' lang='lat' dir='ltr'><strong>pede</strong></span> <span class='ocrx_word' id='word_1_395' title='bbox 2782 2290 3096 2347; x_wconf 86' lang='lat' dir='ltr'><strong>incederent</strong></span> <span class='ocrx_word' id='word_1_396' title='bbox 3126 2294 3194 2347; x_wconf 89' lang='lat' dir='ltr'><strong>ad</strong></span> <span class='ocrx_word' id='word_1_397' title='bbox 3231 2294 3499 2367; x_wconf 86' lang='lat' dir='ltr'><strong>Evangelii</strong></span> <span class='ocrx_word' id='word_1_398' title='bbox 3532 2299 3739 2354; x_wconf 79' lang='lat' dir='ltr'><strong>verita—</strong></span> 
     </span>
    </p>
   </div>
   <div class='ocr_carea' id='block_1_54' title="bbox 2130 2379 3736 2457">
    <p class='ocr_par' dir='ltr' id='par_1_54' title="bbox 2130 2379 3736 2457">
     <span class='ocr_line' id='line_1_55' title="bbox 2130 2379 3736 2457; baseline 0.009 -24"><span class='ocrx_word' id='word_1_399' title='bbox 2130 2386 2268 2443; x_wconf 88' lang='lat' dir='ltr'><strong>tem;</strong></span> <span class='ocrx_word' id='word_1_400' title='bbox 2310 2379 2500 2434; x_wconf 90' lang='lat' dir='ltr'><strong>abillo</strong></span> <span class='ocrx_word' id='word_1_401' title='bbox 2528 2389 2675 2436; x_wconf 89' lang='lat' dir='ltr'><strong>certe</strong></span> <span class='ocrx_word' id='word_1_402' title='bbox 2702 2381 2886 2446; x_wconf 90' lang='lat' dir='ltr'><strong>Paulo,</strong></span> <span class='ocrx_word' id='word_1_403' title='bbox 2919 2385 3008 2454; x_wconf 91' lang='lat' dir='ltr'><strong>qui</strong></span> <span class='ocrx_word' id='word_1_404' title='bbox 3048 2384 3227 2441; x_wconf 84' lang='lat' dir='ltr'><strong>adhuc</strong></span> <span class='ocrx_word' id='word_1_405' title='bbox 3256 2387 3308 2440; x_wconf 91' lang='lat' dir='ltr'><strong>in</strong></span> <span class='ocrx_word' id='word_1_406' title='bbox 3347 2388 3513 2457; x_wconf 83' lang='lat' dir='ltr'><strong>gratia</strong></span> <span class='ocrx_word' id='word_1_407' title='bbox 3557 2390 3736 2457; x_wconf 86' lang='lat' dir='ltr'><strong>rudis,</strong></span> 
     </span>
    </p>
   </div>
   <div class='ocr_carea' id='block_1_55' title="bbox 2127 2471 3736 2543">
    <p class='ocr_par' dir='ltr' id='par_1_55' title="bbox 2127 2471 3736 2543">
     <span class='ocr_line' id='line_1_56' title="bbox 2127 2471 3736 2543; baseline 0.009 -17"><span class='ocrx_word' id='word_1_408' title='bbox 2127 2471 2405 2540; x_wconf 87' lang='lat' dir='ltr'><strong>trepidans</strong></span> <span class='ocrx_word' id='word_1_409' title='bbox 2429 2472 2663 2543; x_wconf 85' lang='lat' dir='ltr'><strong>denique</strong></span> <span class='ocrx_word' id='word_1_410' title='bbox 2693 2490 2759 2530; x_wconf 91' lang='lat' dir='ltr'><strong>ne</strong></span> <span class='ocrx_word' id='word_1_411' title='bbox 2788 2475 2841 2529; x_wconf 94' lang='lat' dir='ltr'><strong>in</strong></span> <span class='ocrx_word' id='word_1_412' title='bbox 2871 2491 3094 2532; x_wconf 89' lang='lat' dir='ltr'><strong>vacuum</strong></span> <span class='ocrx_word' id='word_1_413' title='bbox 3121 2481 3444 2537; x_wconf 83' lang='lat' dir='ltr'><strong>cucurrisset</strong></span> <span class='ocrx_word' id='word_1_414' title='bbox 3480 2491 3577 2537; x_wconf 86' lang='lat' dir='ltr'><strong>aut</strong></span> <span class='ocrx_word' id='word_1_415' title='bbox 3606 2499 3736 2540; x_wconf 90' lang='lat' dir='ltr'><strong>cur-</strong></span> 
     </span>
    </p>
   </div>
   <div class='ocr_carea' id='block_1_56' title="bbox 2126 2558 3737 2646">
    <p class='ocr_par' dir='ltr' id='par_1_56' title="bbox 2126 2558 3737 2646">
     <span class='ocr_line' id='line_1_57' title="bbox 2126 2558 3737 2646; baseline 0.009 -27"><span class='ocrx_word' id='word_1_416' title='bbox 2126 2575 2266 2619; x_wconf 88' lang='lat' dir='ltr'><strong>reret</strong></span> <span class='ocrx_word' id='word_1_417' title='bbox 2281 2558 2625 2637; x_wconf 74' lang='lat' dir='ltr'><strong>(lbiii.),tunc</strong></span> <span class='ocrx_word' id='word_1_418' title='bbox 2641 2568 2867 2637; x_wconf 89' lang='lat' dir='ltr'><strong>primum</strong></span> <span class='ocrx_word' id='word_1_419' title='bbox 2884 2584 3006 2625; x_wconf 90' lang='lat' dir='ltr'><strong>cum</strong></span> <span class='ocrx_word' id='word_1_420' title='bbox 3022 2574 3454 2630; x_wconf 86' lang='lat' dir='ltr'><strong>antecessoribus</strong></span> <span class='ocrx_word' id='word_1_421' title='bbox 3473 2579 3737 2646; x_wconf 85' lang='lat' dir='ltr'><strong>apostolis</strong></span> 
     </span>
    </p>
   </div>
   <div class='ocr_carea' id='block_1_57' title="bbox 2122 2655 3733 2740">
    <p class='ocr_par' dir='ltr' id='par_1_57' title="bbox 2122 2655 3733 2740">
     <span class='ocr_line' id='line_1_58' title="bbox 2122 2655 3733 2740; baseline 0.009 -29"><span class='ocrx_word' id='word_1_422' title='bbox 2122 2655 2454 2713; x_wconf 82' lang='lat' dir='ltr'><strong>conferebat.</strong></span> <span class='ocrx_word' id='word_1_423' title='bbox 2471 2657 2656 2729; x_wconf 81' lang='lat' dir='ltr'><strong>Igitur,</strong></span> <span class='ocrx_word' id='word_1_424' title='bbox 2676 2661 2720 2715; x_wconf 93' lang='lat' dir='ltr'><strong>si</strong></span> <span class='ocrx_word' id='word_1_425' title='bbox 2740 2661 3299 2735; x_wconf 77' lang='lat' dir='ltr'><strong>ferventer,utadhuc(</strong></span> <span class='ocrx_word' id='word_1_426' title='bbox 3312 2664 3733 2740; x_wconf 85' lang='lat' dir='ltr'><strong>l0)ueophytus,</strong></span> 
     </span>
    </p>
   </div>
   <div class='ocr_carea' id='block_1_58' title="bbox 2120 2748 3735 2832">
    <p class='ocr_par' dir='ltr' id='par_1_58' title="bbox 2120 2748 3735 2832">
     <span class='ocr_line' id='line_1_59' title="bbox 2120 2748 3735 2832; baseline 0.011 -30"><span class='ocrx_word' id='word_1_427' title='bbox 2120 2748 2381 2806; x_wconf 83' lang='lat' dir='ltr'><strong>adversus</strong></span> <span class='ocrx_word' id='word_1_428' title='bbox 2404 2749 2736 2808; x_wconf 82' lang='lat' dir='ltr'><strong>Judaismum</strong></span> <span class='ocrx_word' id='word_1_429' title='bbox 2766 2752 2967 2824; x_wconf 90' lang='lat' dir='ltr'><strong>aliquid</strong></span> <span class='ocrx_word' id='word_1_430' title='bbox 2999 2755 3050 2809; x_wconf 93' lang='lat' dir='ltr'><strong>in</strong></span> <span class='ocrx_word' id='word_1_431' title='bbox 3088 2759 3497 2815; x_wconf 75' lang='lat' dir='ltr'><strong>conversatione</strong></span> <span class='ocrx_word' id='word_1_432' title='bbox 3536 2777 3735 2832; x_wconf 80' lang='lat' dir='ltr'><strong>reprc-</strong></span> 
     </span>
    </p>
   </div>
   <div class='ocr_carea' id='block_1_59' title="bbox 2121 2840 3737 2921">
    <p class='ocr_par' dir='ltr' id='par_1_59' title="bbox 2121 2840 3737 2921">
     <span class='ocr_line' id='line_1_60' title="bbox 2121 2840 3737 2921; baseline 0.009 -24"><span class='ocrx_word' id='word_1_433' title='bbox 2121 2840 2464 2901; x_wconf 85' lang='lat' dir='ltr'><strong>hendendum</strong></span> <span class='ocrx_word' id='word_1_434' title='bbox 2492 2846 2842 2914; x_wconf 80' lang='lat' dir='ltr'><strong>existimavit,</strong></span> <span class='ocrx_word' id='word_1_435' title='bbox 2873 2849 3144 2918; x_wconf 89' lang='lat' dir='ltr'><strong>passivum</strong></span> <span class='ocrx_word' id='word_1_436' title='bbox 3175 2848 3246 2921; x_wconf 83' lang='lat' dir='ltr'><strong>(c)</strong></span> <span class='ocrx_word' id='word_1_437' title='bbox 3276 2852 3481 2908; x_wconf 91' lang='lat' dir='ltr'><strong>scilicet</strong></span> <span class='ocrx_word' id='word_1_438' title='bbox 3511 2856 3737 2912; x_wconf 86' lang='lat' dir='ltr'><strong>convic-</strong></span> 
     </span>
    </p>
   </div>
   <div class='ocr_carea' id='block_1_60' title="bbox 2120 2937 3730 3019">
    <p class='ocr_par' dir='ltr' id='par_1_60' title="bbox 2120 2937 3730 3019">
     <span class='ocr_line' id='line_1_61' title="bbox 2120 2937 3730 3019; baseline 0.01 -27"><span class='ocrx_word' id='word_1_439' title='bbox 2120 2946 2257 3004; x_wconf 89' lang='lat' dir='ltr'><strong>tum,</strong></span> <span class='ocrx_word' id='word_1_440' title='bbox 2284 2937 2625 3009; x_wconf 85' lang='lat' dir='ltr'><strong>postmodum</strong></span> <span class='ocrx_word' id='word_1_441' title='bbox 2651 2948 2707 2994; x_wconf 93' lang='lat' dir='ltr'><strong>et</strong></span> <span class='ocrx_word' id='word_1_442' title='bbox 2735 2940 2848 3009; x_wconf 85' lang='lat' dir='ltr'><strong>ipse</strong></span> <span class='ocrx_word' id='word_1_443' title='bbox 2878 2957 2978 2996; x_wconf 84' lang='lat' dir='ltr'><strong>usu</strong></span> <span class='ocrx_word' id='word_1_444' title='bbox 3008 2943 3255 2999; x_wconf 90' lang='lat' dir='ltr'><strong>omnibus</strong></span> <span class='ocrx_word' id='word_1_445' title='bbox 3281 2949 3460 3001; x_wconf 90' lang='lat' dir='ltr'><strong>omnia</strong></span> <span class='ocrx_word' id='word_1_446' title='bbox 3489 2947 3730 3019; x_wconf 79' lang='lat' dir='ltr'><strong>futurus,</strong></span> 
     </span>
    </p>
   </div>
   <div class='ocr_carea' id='block_1_61' title="bbox 2119 3036 3732 3120">
    <p class='ocr_par' dir='ltr' id='par_1_61' title="bbox 2119 3036 3732 3120">
     <span class='ocr_line' id='line_1_62' title="bbox 2119 3036 3732 3120; baseline 0.01 -31"><span class='ocrx_word' id='word_1_447' title='bbox 2119 3045 2178 3090; x_wconf 87' lang='lat' dir='ltr'><strong>ut</strong></span> <span class='ocrx_word' id='word_1_448' title='bbox 2205 3049 2393 3090; x_wconf 88' lang='lat' dir='ltr'><strong>omnes</strong></span> <span class='ocrx_word' id='word_1_449' title='bbox 2419 3036 2735 3103; x_wconf 88' lang='lat' dir='ltr'><strong>lucraretur,</strong></span> <span class='ocrx_word' id='word_1_450' title='bbox 2767 3037 2966 3093; x_wconf 64' lang='lat' dir='ltr'><strong>Judmis</strong></span> <span class='ocrx_word' id='word_1_451' title='bbox 2991 3042 3140 3110; x_wconf 81' lang='lat' dir='ltr'><strong>quasi</strong></span> <span class='ocrx_word' id='word_1_452' title='bbox 3180 3042 3419 3111; x_wconf 68' lang='lat' dir='ltr'><strong>Judaaus,</strong></span> <span class='ocrx_word' id='word_1_453' title='bbox 3449 3055 3504 3101; x_wconf 90' lang='lat' dir='ltr'><strong>et</strong></span> <span class='ocrx_word' id='word_1_454' title='bbox 3529 3047 3615 3103; x_wconf 89' lang='lat' dir='ltr'><strong>eis</strong></span> <span class='ocrx_word' id='word_1_455' title='bbox 3638 3050 3732 3120; x_wconf 88' lang='lat' dir='ltr'><strong>qui</strong></span> 
     </span>
    </p>
   </div>
   <div class='ocr_carea' id='block_1_62' title="bbox 418 3118 3731 3210">
    <p class='ocr_par' dir='ltr' id='par_1_62' title="bbox 418 3118 3731 3210">
     <span class='ocr_line' id='line_1_63' title="bbox 418 3118 3731 3210; baseline 0.007 -35"><span class='ocrx_word' id='word_1_456' title='bbox 418 3136 523 3192; x_wconf 88' lang='lat' dir='ltr'><strong>que</strong></span> <span class='ocrx_word' id='word_1_457' title='bbox 551 3121 849 3186; x_wconf 88' lang='lat' dir='ltr'><strong>initiantur,</strong></span> <span class='ocrx_word' id='word_1_458' title='bbox 897 3127 949 3175; x_wconf 88' lang='lat' dir='ltr'><strong>et</strong></span> <span class='ocrx_word' id='word_1_459' title='bbox 993 3118 1314 3177; x_wconf 78' lang='lat' dir='ltr'><strong>iudura&#39;utur</strong></span> <span class='ocrx_word' id='word_1_460' title='bbox 1342 3120 1426 3194; x_wconf 84' lang='lat'><strong>(6)</strong></span> <span class='ocrx_word' id='word_1_461' title='bbox 1466 3122 1518 3177; x_wconf 87' lang='lat' dir='ltr'><strong>in</strong></span> <span class='ocrx_word' id='word_1_462' title='bbox 1568 3122 1709 3180; x_wconf 89' lang='lat' dir='ltr'><strong>hanc</strong></span> <span class='ocrx_word' id='word_1_463' title='bbox 1756 3125 2007 3187; x_wconf 80' lang='lat' dir='ltr'><strong>haeresin.</strong></span> <span class='ocrx_word' id='word_1_464' title='bbox 2037 3123 2081 3187; x_wconf 91' lang='lat' dir='ltr'><strong>C</strong></span> <span class='ocrx_word' id='word_1_465' title='bbox 2116 3126 2217 3181; x_wconf 88' lang='lat' dir='ltr'><strong>sub</strong></span> <span class='ocrx_word' id='word_1_466' title='bbox 2241 3127 2394 3197; x_wconf 88' lang='lat' dir='ltr'><strong>lege,</strong></span> <span class='ocrx_word' id='word_1_467' title='bbox 2425 3136 2695 3198; x_wconf 89' lang='lat' dir='ltr'><strong>tamquam</strong></span> <span class='ocrx_word' id='word_1_468' title='bbox 2715 3128 2813 3184; x_wconf 89' lang='lat' dir='ltr'><strong>sub</strong></span> <span class='ocrx_word' id='word_1_469' title='bbox 2830 3129 2945 3202; x_wconf 83' lang='grc'><strong>(11)</strong></span> <span class='ocrx_word' id='word_1_470' title='bbox 2970 3130 3085 3204; x_wconf 87' lang='lat' dir='ltr'><strong>lege</strong></span> <span class='ocrx_word' id='word_1_471' title='bbox 3110 3132 3153 3203; x_wconf 88' lang='grc' dir='ltr'><strong>(Ι</strong></span> <span class='ocrx_word' id='word_1_472' title='bbox 3185 3134 3326 3201; x_wconf 67' lang='lat' dir='ltr'><strong>Con,</strong></span> <span class='ocrx_word' id='word_1_473' title='bbox 3356 3135 3469 3210; x_wconf 86' lang='lat' dir='ltr'><strong>IX);</strong></span> <span class='ocrx_word' id='word_1_474' title='bbox 3494 3148 3549 3193; x_wconf 92' lang='lat' dir='ltr'><strong>tu</strong></span> <span class='ocrx_word' id='word_1_475' title='bbox 3583 3118 3731 3198; x_wconf 86' lang='lat' dir='ltr'><strong>illam</strong></span> 
     </span>
    </p>
   </div>
   <div class='ocr_carea' id='block_1_63' title="bbox 414 3212 2010 3279">
    <p class='ocr_par' dir='ltr' id='par_1_63' title="bbox 414 3212 2010 3279">
     <span class='ocr_line' id='line_1_64' title="bbox 414 3212 2010 3279; baseline 0.004 -8"><span class='ocrx_word' id='word_1_476' title='bbox 414 3215 548 3272; x_wconf 86' lang='lat' dir='ltr'><strong>Nam</strong></span> <span class='ocrx_word' id='word_1_477' title='bbox 579 3214 662 3269; x_wconf 84' lang='lat' dir='ltr'><strong>lue</strong></span> <span class='ocrx_word' id='word_1_478' title='bbox 689 3224 813 3268; x_wconf 92' lang='lat' dir='ltr'><strong>sunt</strong></span> <span class='ocrx_word' id='word_1_479' title='bbox 838 3212 1141 3268; x_wconf 86' lang='lat' dir='ltr'><strong>autitheses</strong></span> <span class='ocrx_word' id='word_1_480' title='bbox 1167 3212 1472 3279; x_wconf 65' lang='lat' dir='ltr'><strong>Harcionis,</strong></span> <span class='ocrx_word' id='word_1_481' title='bbox 1506 3214 1556 3270; x_wconf 91' lang='lat' dir='ltr'><strong>id</strong></span> <span class='ocrx_word' id='word_1_482' title='bbox 1586 3220 1671 3271; x_wconf 86' lang='lat' dir='ltr'><strong>est</strong></span> <span class='ocrx_word' id='word_1_483' title='bbox 1726 3223 2010 3279; x_wconf 64' lang='lat' dir='ltr'><strong>contrariae</strong></span> 
     </span>
    </p>
   </div>
   <div class='ocr_carea' id='block_1_64' title="bbox 415 3304 2011 3386">
    <p class='ocr_par' dir='ltr' id='par_1_64' title="bbox 415 3304 2011 3386">
     <span class='ocr_line' id='line_1_65' title="bbox 415 3304 2011 3386; baseline 0.004 -23"><span class='ocrx_word' id='word_1_484' title='bbox 415 3306 822 3386; x_wconf 85' lang='lat' dir='ltr'><strong>oppositiones;</strong></span> <span class='ocrx_word' id='word_1_485' title='bbox 883 3319 1003 3375; x_wconf 78' lang='lat' dir='ltr'><strong>qua:</strong></span> <span class='ocrx_word' id='word_1_486' title='bbox 1052 3314 1317 3361; x_wconf 76' lang='lat' dir='ltr'><strong>conantur</strong></span> <span class='ocrx_word' id='word_1_487' title='bbox 1364 3304 1689 3363; x_wconf 86' lang='lat' dir='ltr'><strong>discordiam</strong></span> <span class='ocrx_word' id='word_1_488' title='bbox 1735 3309 2011 3384; x_wconf 88' lang='lat' dir='ltr'><strong>Evangelii</strong></span> 
     </span>
    </p>
   </div>
   <div class='ocr_carea' id='block_1_65' title="bbox 416 3393 2009 3471">
    <p class='ocr_par' dir='ltr' id='par_1_65' title="bbox 416 3393 2009 3471">
     <span class='ocr_line' id='line_1_66' title="bbox 416 3393 2009 3471; baseline 0.003 -17"><span class='ocrx_word' id='word_1_489' title='bbox 416 3397 498 3471; x_wconf 86' lang='lat'><strong>(7)</strong></span> <span class='ocrx_word' id='word_1_490' title='bbox 529 3412 652 3454; x_wconf 90' lang='lat' dir='ltr'><strong>cum</strong></span> <span class='ocrx_word' id='word_1_491' title='bbox 702 3395 846 3467; x_wconf 85' lang='lat' dir='ltr'><strong>Lege</strong></span> <span class='ocrx_word' id='word_1_492' title='bbox 896 3393 1276 3460; x_wconf 86' lang='lat' dir='ltr'><strong>committere,</strong></span> <span class='ocrx_word' id='word_1_493' title='bbox 1320 3405 1378 3450; x_wconf 92' lang='lat' dir='ltr'><strong>ut</strong></span> <span class='ocrx_word' id='word_1_494' title='bbox 1422 3412 1488 3451; x_wconf 86' lang='lat' dir='ltr'><strong>ex</strong></span> <span class='ocrx_word' id='word_1_495' title='bbox 1532 3396 1844 3457; x_wconf 84' lang='lat' dir='ltr'><strong>diversitate</strong></span> <span class='ocrx_word' id='word_1_496' title='bbox 1880 3418 2009 3460; x_wconf 90' lang='lat' dir='ltr'><strong>sen-</strong></span> 
     </span>
    </p>
   </div>
   <div class='ocr_carea' id='block_1_66' title="bbox 415 3478 2012 3567">
    <p class='ocr_par' dir='ltr' id='par_1_66' title="bbox 415 3478 2012 3567">
     <span class='ocr_line' id='line_1_67' title="bbox 415 3478 2012 3567; baseline 0.003 -20"><span class='ocrx_word' id='word_1_497' title='bbox 415 3489 705 3547; x_wconf 85' lang='lat' dir='ltr'><strong>tentiarum</strong></span> <span class='ocrx_word' id='word_1_498' title='bbox 732 3478 1013 3555; x_wconf 70' lang='lat' dir='ltr'><strong>utriusque</strong></span> <span class='ocrx_word' id='word_1_499' title='bbox 1055 3486 1439 3551; x_wconf 86' lang='lat' dir='ltr'><strong>instrumenti,</strong></span> <span class='ocrx_word' id='word_1_500' title='bbox 1470 3487 1830 3548; x_wconf 86' lang='lat' dir='ltr'><strong>diversitatem</strong></span> <span class='ocrx_word' id='word_1_501' title='bbox 1876 3510 2012 3567; x_wconf 89' lang='lat' dir='ltr'><strong>quo-</strong></span> 
     </span>
    </p>
   </div>
   <div class='ocr_carea' id='block_1_67' title="bbox 413 3575 2008 3657">
    <p class='ocr_par' dir='ltr' id='par_1_67' title="bbox 413 3575 2008 3657">
     <span class='ocr_line' id='line_1_68' title="bbox 413 3575 2008 3657; baseline 0.001 -22"><span class='ocrx_word' id='word_1_502' title='bbox 413 3595 520 3652; x_wconf 87' lang='lat' dir='ltr'><strong>que</strong></span> <span class='ocrx_word' id='word_1_503' title='bbox 564 3584 1002 3648; x_wconf 75' lang='lat' dir='ltr'><strong>argumentemur</strong></span> <span class='ocrx_word' id='word_1_504' title='bbox 1043 3575 1291 3632; x_wconf 90' lang='lat' dir='ltr'><strong>deorum.</strong></span> <span class='ocrx_word' id='word_1_505' title='bbox 1340 3577 1539 3649; x_wconf 90' lang='lat' dir='ltr'><strong>Igitur,</strong></span> <span class='ocrx_word' id='word_1_506' title='bbox 1590 3594 1712 3636; x_wconf 86' lang='lat' dir='ltr'><strong>cum</strong></span> <span class='ocrx_word' id='word_1_507' title='bbox 1744 3598 1807 3639; x_wconf 87' lang='lat' dir='ltr'><strong>ea</strong></span> <span class='ocrx_word' id='word_1_508' title='bbox 1853 3601 2008 3657; x_wconf 76' lang='lat' dir='ltr'><strong>sepa-</strong></span> 
     </span>
    </p>
   </div>
   <div class='ocr_carea' id='block_1_68' title="bbox 414 3668 2005 3742">
    <p class='ocr_par' dir='ltr' id='par_1_68' title="bbox 414 3668 2005 3742">
     <span class='ocr_line' id='line_1_69' title="bbox 414 3668 2005 3742; baseline 0.006 -13"><span class='ocrx_word' id='word_1_509' title='bbox 414 3673 552 3729; x_wconf 87' lang='lat' dir='ltr'><strong>ratio</strong></span> <span class='ocrx_word' id='word_1_510' title='bbox 581 3671 740 3741; x_wconf 83' lang='lat' dir='ltr'><strong>Legis</strong></span> <span class='ocrx_word' id='word_1_511' title='bbox 767 3678 823 3725; x_wconf 88' lang='lat' dir='ltr'><strong>et.</strong></span> <span class='ocrx_word' id='word_1_512' title='bbox 851 3668 1130 3739; x_wconf 87' lang='lat' dir='ltr'><strong>Evangelii</strong></span> <span class='ocrx_word' id='word_1_513' title='bbox 1187 3669 1303 3739; x_wconf 87' lang='lat' dir='ltr'><strong>ipsa</strong></span> <span class='ocrx_word' id='word_1_514' title='bbox 1353 3671 1426 3724; x_wconf 86' lang='lat' dir='ltr'><strong>sit</strong></span> <span class='ocrx_word' id='word_1_515' title='bbox 1472 3686 1593 3742; x_wconf 72' lang='lat' dir='ltr'><strong>qua:</strong></span> <span class='ocrx_word' id='word_1_516' title='bbox 1632 3674 1793 3731; x_wconf 86' lang='lat' dir='ltr'><strong>alium</strong></span> <span class='ocrx_word' id='word_1_517' title='bbox 1837 3678 2005 3737; x_wconf 87' lang='lat' dir='ltr'><strong>Deum</strong></span> 
     </span>
    </p>
   </div>
   <div class='ocr_carea' id='block_1_69' title="bbox 415 3759 2006 3840">
    <p class='ocr_par' dir='ltr' id='par_1_69' title="bbox 415 3759 2006 3840">
     <span class='ocr_line' id='line_1_70' title="bbox 415 3759 2006 3840; baseline -0.003 -18"><span class='ocrx_word' id='word_1_518' title='bbox 415 3763 688 3838; x_wconf 81' lang='lat' dir='ltr'><strong>Evangelii</strong></span> <span class='ocrx_word' id='word_1_519' title='bbox 730 3760 1084 3818; x_wconf 84' lang='lat' dir='ltr'><strong>insinuaverit</strong></span> <span class='ocrx_word' id='word_1_520' title='bbox 1107 3759 1368 3818; x_wconf 84' lang='lat' dir='ltr'><strong>adversus</strong></span> <span class='ocrx_word' id='word_1_521' title='bbox 1397 3763 1566 3820; x_wconf 88' lang='lat' dir='ltr'><strong>Deum</strong></span> <span class='ocrx_word' id='word_1_522' title='bbox 1604 3764 1783 3837; x_wconf 86' lang='lat' dir='ltr'><strong>Legis,</strong></span> <span class='ocrx_word' id='word_1_523' title='bbox 1839 3785 2006 3840; x_wconf 77' lang='lat' dir='ltr'><strong>appa-</strong></span> 
     </span>
    </p>
   </div>
   <div class='ocr_carea' id='block_1_70' title="bbox 2113 3222 3723 3304">
    <p class='ocr_par' dir='ltr' id='par_1_70' title="bbox 2113 3222 3723 3304">
     <span class='ocr_line' id='line_1_71' title="bbox 2113 3222 3723 3304; baseline 0.01 -28"><span class='ocrx_word' id='word_1_524' title='bbox 2113 3222 2280 3277; x_wconf 91' lang='lat' dir='ltr'><strong>solius</strong></span> <span class='ocrx_word' id='word_1_525' title='bbox 2305 3224 2746 3291; x_wconf 85' lang='lat' dir='ltr'><strong>conversationis,</strong></span> <span class='ocrx_word' id='word_1_526' title='bbox 2769 3225 3040 3295; x_wconf 80' lang='lat' dir='ltr'><strong>placiturae</strong></span> <span class='ocrx_word' id='word_1_527' title='bbox 3073 3239 3253 3297; x_wconf 88' lang='lat' dir='ltr'><strong>postea</strong></span> <span class='ocrx_word' id='word_1_528' title='bbox 3276 3238 3578 3290; x_wconf 88' lang='lat' dir='ltr'><strong>accusatori</strong></span> <span class='ocrx_word' id='word_1_529' title='bbox 3602 3252 3723 3304; x_wconf 90' lang='lat' dir='ltr'><strong>suo,</strong></span> 
     </span>
    </p>
   </div>
   <div class='ocr_carea' id='block_1_71' title="bbox 2116 3312 3731 3391">
    <p class='ocr_par' dir='ltr' id='par_1_71' title="bbox 2116 3312 3731 3391">
     <span class='ocr_line' id='line_1_72' title="bbox 2116 3312 3731 3391; baseline 0.011 -22"><span class='ocrx_word' id='word_1_530' title='bbox 2116 3312 2592 3383; x_wconf 88' lang='lat' dir='ltr'><strong>reprehensionem</strong></span> <span class='ocrx_word' id='word_1_531' title='bbox 2649 3327 2949 3387; x_wconf 88' lang='lat' dir='ltr'><strong>suspectam</strong></span> <span class='ocrx_word' id='word_1_532' title='bbox 2982 3318 3096 3391; x_wconf 74' lang='lat'><strong>(12)</strong></span> <span class='ocrx_word' id='word_1_533' title='bbox 3130 3321 3208 3375; x_wconf 82' lang='lat' dir='ltr'><strong>vis</strong></span> <span class='ocrx_word' id='word_1_534' title='bbox 3242 3321 3423 3379; x_wconf 85' lang='lat' dir='ltr'><strong>haberi</strong></span> <span class='ocrx_word' id='word_1_535' title='bbox 3453 3326 3620 3383; x_wconf 89' lang='lat' dir='ltr'><strong>etiam</strong></span> <span class='ocrx_word' id='word_1_536' title='bbox 3662 3329 3731 3386; x_wconf 82' lang='lat' dir='ltr'><strong>de</strong></span> 
     </span>
    </p>
   </div>
   <div class='ocr_carea' id='block_1_72' title="bbox 2115 3404 3725 3491">
    <p class='ocr_par' dir='ltr' id='par_1_72' title="bbox 2115 3404 3725 3491">
     <span class='ocr_line' id='line_1_73' title="bbox 2115 3404 3725 3491; baseline 0.014 -33"><span class='ocrx_word' id='word_1_537' title='bbox 2115 3404 2508 3474; x_wconf 66' lang='lat' dir='ltr'><strong>praedicationis</strong></span> <span class='ocrx_word' id='word_1_538' title='bbox 2552 3422 2677 3477; x_wconf 88' lang='lat' dir='ltr'><strong>erga</strong></span> <span class='ocrx_word' id='word_1_539' title='bbox 2733 3407 2900 3465; x_wconf 88' lang='lat' dir='ltr'><strong>Deum</strong></span> <span class='ocrx_word' id='word_1_540' title='bbox 2924 3414 3379 3481; x_wconf 64' lang='lat' dir='ltr'><strong>praevaricatione.</strong></span> <span class='ocrx_word' id='word_1_541' title='bbox 3414 3420 3619 3491; x_wconf 85' lang='lat' dir='ltr'><strong>Atquin</strong></span> <span class='ocrx_word' id='word_1_542' title='bbox 3653 3424 3725 3481; x_wconf 87' lang='lat' dir='ltr'><strong>de</strong></span> 
     </span>
    </p>
   </div>
   <div class='ocr_carea' id='block_1_73' title="bbox 2116 3499 3728 3581">
    <p class='ocr_par' dir='ltr' id='par_1_73' title="bbox 2116 3499 3728 3581">
     <span class='ocr_line' id='line_1_74' title="bbox 2116 3499 3728 3581; baseline 0.015 -28"><span class='ocrx_word' id='word_1_543' title='bbox 2116 3499 2509 3570; x_wconf 52' lang='lat' dir='ltr'><strong>praedicationis</strong></span> <span class='ocrx_word' id='word_1_544' title='bbox 2552 3502 2785 3564; x_wconf 88' lang='lat' dir='ltr'><strong>unitate,</strong></span> <span class='ocrx_word' id='word_1_545' title='bbox 2821 3505 2961 3573; x_wconf 91' lang='lat' dir='ltr'><strong>quod</strong></span> <span class='ocrx_word' id='word_1_546' title='bbox 2993 3521 3151 3577; x_wconf 90' lang='lat' dir='ltr'><strong>supra</strong></span> <span class='ocrx_word' id='word_1_547' title='bbox 3179 3509 3435 3581; x_wconf 79' lang='lat' dir='ltr'><strong>legimus,</strong></span> <span class='ocrx_word' id='word_1_548' title='bbox 3467 3514 3728 3577; x_wconf 80' lang='lat' dir='ltr'><strong>dexteras</strong></span> 
     </span>
    </p>
   </div>
   <div class='ocr_carea' id='block_1_74' title="bbox 2112 3590 3725 3676">
    <p class='ocr_par' dir='ltr' id='par_1_74' title="bbox 2112 3590 3725 3676">
     <span class='ocr_line' id='line_1_75' title="bbox 2112 3590 3725 3676; baseline 0.014 -31"><span class='ocrx_word' id='word_1_549' title='bbox 2112 3590 2423 3660; x_wconf 70' lang='lat' dir='ltr'><strong>iunxerant,</strong></span> <span class='ocrx_word' id='word_1_550' title='bbox 2456 3600 2512 3646; x_wconf 90' lang='lat' dir='ltr'><strong>et</strong></span> <span class='ocrx_word' id='word_1_551' title='bbox 2541 3591 2656 3663; x_wconf 90' lang='lat' dir='ltr'><strong>ipsa</strong></span> <span class='ocrx_word' id='word_1_552' title='bbox 2685 3593 2849 3649; x_wconf 82' lang='lat' dir='ltr'><strong>ofﬁcii</strong></span> <span class='ocrx_word' id='word_1_553' title='bbox 2877 3595 3272 3668; x_wconf 80' lang='lat' dir='ltr'><strong>distributione,</strong></span> <span class='ocrx_word' id='word_1_554' title='bbox 3322 3602 3403 3676; x_wconf 80' lang='grc' dir='ltr'><strong>(ά)</strong></span> <span class='ocrx_word' id='word_1_555' title='bbox 3432 3605 3501 3662; x_wconf 89' lang='lat' dir='ltr'><strong>de</strong></span> <span class='ocrx_word' id='word_1_556' title='bbox 3530 3590 3725 3668; x_wconf 83' lang='lat' dir='ltr'><strong>Evan-</strong></span> 
     </span>
    </p>
   </div>
   <div class='ocr_carea' id='block_1_75' title="bbox 2110 3679 3722 3773">
    <p class='ocr_par' dir='ltr' id='par_1_75' title="bbox 2110 3679 3722 3773">
     <span class='ocr_line' id='line_1_76' title="bbox 2110 3679 3722 3773; baseline 0.013 -37"><span class='ocrx_word' id='word_1_557' title='bbox 2110 3682 2229 3753; x_wconf 86' lang='lat' dir='ltr'><strong>gelii</strong></span> <span class='ocrx_word' id='word_1_558' title='bbox 2279 3683 2536 3738; x_wconf 87' lang='lat' dir='ltr'><strong>societate</strong></span> <span class='ocrx_word' id='word_1_559' title='bbox 2582 3679 2960 3753; x_wconf 78' lang='lat' dir='ltr'><strong>condixerant;</strong></span> <span class='ocrx_word' id='word_1_560' title='bbox 3006 3688 3143 3745; x_wconf 90' lang='lat' dir='ltr'><strong>sicut</strong></span> <span class='ocrx_word' id='word_1_561' title='bbox 3191 3703 3245 3749; x_wconf 91' lang='lat' dir='ltr'><strong>et</strong></span> <span class='ocrx_word' id='word_1_562' title='bbox 3292 3696 3417 3751; x_wconf 90' lang='lat' dir='ltr'><strong>alibi</strong></span> <span class='ocrx_word' id='word_1_563' title='bbox 3469 3698 3532 3766; x_wconf 95' lang='lat' dir='ltr'><strong>(l</strong></span> <span class='ocrx_word' id='word_1_564' title='bbox 3567 3700 3722 3773; x_wconf 62' lang='lat' dir='ltr'><strong>Con,</strong></span> 
     </span>
    </p>
   </div>
   <div class='ocr_carea' id='block_1_76' title="bbox 2111 3774 3713 3859">
    <p class='ocr_par' dir='ltr' id='par_1_76' title="bbox 2111 3774 3713 3859">
     <span class='ocr_line' id='line_1_77' title="bbox 2111 3774 3713 3859; baseline 0.012 -27"><span class='ocrx_word' id='word_1_565' title='bbox 2111 3774 2357 3847; x_wconf 75' lang='lat' dir='ltr'><strong>XV,M):</strong></span> <span class='ocrx_word' id='word_1_566' title='bbox 2379 3774 2452 3847; x_wconf 86' lang='lat' dir='ltr'><strong>(e)</strong></span> <span class='ocrx_word' id='word_1_567' title='bbox 2485 3776 2606 3831; x_wconf 82' lang='lat' dir='ltr'><strong>Sive</strong></span> <span class='ocrx_word' id='word_1_568' title='bbox 2633 3792 2744 3849; x_wconf 85' lang='lat' dir='ltr'><strong>ego,</strong></span> <span class='ocrx_word' id='word_1_569' title='bbox 2777 3778 2969 3851; x_wconf 86' lang='lat' dir='ltr'><strong>inquit,</strong></span> <span class='ocrx_word' id='word_1_570' title='bbox 2996 3783 3100 3837; x_wconf 79' lang='lat' dir='ltr'><strong>sive</strong></span> <span class='ocrx_word' id='word_1_571' title='bbox 3127 3784 3228 3855; x_wconf 75' lang='lat' dir='ltr'><strong>illi,</strong></span> <span class='ocrx_word' id='word_1_572' title='bbox 3251 3787 3324 3841; x_wconf 77' lang='lat' dir='ltr'><strong>sic</strong></span> <span class='ocrx_word' id='word_1_573' title='bbox 3344 3789 3713 3859; x_wconf 75' lang='lat' dir='ltr'><strong>prcedicamus.</strong></span> 
     </span>
    </p>
   </div>
   <div class='ocr_carea' id='block_1_77' title="bbox 1631 3879 2467 3950">
    <p class='ocr_par' dir='ltr' id='par_1_77' title="bbox 1631 3879 2467 3950">
     <span class='ocr_line' id='line_1_78' title="bbox 1631 3879 2467 3950; baseline 0.008 -13"><span class='ocrx_word' id='word_1_574' title='bbox 1631 3879 2009 3950; x_wconf 85' lang='lat' dir='ltr'><strong>LECTIONES</strong></span> <span class='ocrx_word' id='word_1_575' title='bbox 2048 3886 2467 3949; x_wconf 76' lang='lat' dir='ltr'><strong>VARIANTES.</strong></span> 
     </span>
    </p>
   </div>
   <div class='ocr_carea' id='block_1_78' title="bbox 576 4054 1168 4122">
    <p class='ocr_par' dir='ltr' id='par_1_78' title="bbox 576 4054 1168 4122">
     <span class='ocr_line' id='line_1_79' title="bbox 576 4054 1168 4122; baseline -0.012 -11"><span class='ocrx_word' id='word_1_576' title='bbox 576 4062 742 4111; x_wconf 83' lang='lat' dir='ltr'><strong>Valuit</strong></span> <span class='ocrx_word' id='word_1_577' title='bbox 762 4056 936 4122; x_wconf 79' lang='lat' dir='ltr'><strong>coniic.</strong></span> <span class='ocrx_word' id='word_1_578' title='bbox 960 4054 1168 4107; x_wconf 73' lang='lat' dir='ltr'><strong>Semler.</strong></span> 
     </span>
    </p>
   </div>
   <div class='ocr_carea' id='block_1_79' title="bbox 2232 4001 2940 4076">
    <p class='ocr_par' dir='ltr' id='par_1_79' title="bbox 2232 4001 2940 4076">
     <span class='ocr_line' id='line_1_80' title="bbox 2232 4001 2940 4076; baseline 0.008 -24"><span class='ocrx_word' id='word_1_579' title='bbox 2232 4004 2248 4076; x_wconf 88' lang='grc'><strong>)</strong></span> <span class='ocrx_word' id='word_1_580' title='bbox 2284 4003 2537 4076; x_wconf 62' lang='lat' dir='ltr'><strong>Evamgelii</strong></span> <span class='ocrx_word' id='word_1_581' title='bbox 2732 4006 2940 4060; x_wconf 79' lang='lat' dir='ltr'><strong>Semler.</strong></span> 
     </span>
    </p>
   </div>
   <div class='ocr_carea' id='block_1_80' title="bbox 2193 4067 3332 4193">
    <p class='ocr_par' dir='ltr' id='par_1_80' title="bbox 2193 4067 3332 4193">
     <span class='ocr_line' id='line_1_81' title="bbox 2193 4067 3332 4193; baseline 0.011 -13"><span class='ocrx_word' id='word_1_582' title='bbox 2823 4132 3012 4185; x_wconf 88' lang='lat' dir='ltr'><strong>scilicet</strong></span> <span class='ocrx_word' id='word_1_583' title='bbox 3030 4134 3161 4189; x_wconf 77' lang='lat' dir='ltr'><strong>abest</strong></span> <span class='ocrx_word' id='word_1_584' title='bbox 3181 4139 3332 4191; x_wconf 82' lang='lat' dir='ltr'><strong>Seml.</strong></span> 
     </span>
    </p>
   </div>
   <div class='ocr_carea' id='block_1_81' title="bbox 494 3990 1538 4128">
    <p class='ocr_par' dir='ltr' id='par_1_81' title="bbox 494 3990 1538 4128">
     <span class='ocr_line' id='line_1_82' title="bbox 499 3990 1538 4128; baseline -0.006 -76"><span class='ocrx_word' id='word_1_585' title='bbox 499 4003 545 4128; x_wconf 66' lang='grc'><strong>1)</strong></span> <span class='ocrx_word' id='word_1_586' title='bbox 578 3998 762 4071; x_wconf 76' lang='lat' dir='ltr'><strong>Salutis</strong></span> <span class='ocrx_word' id='word_1_587' title='bbox 790 3991 977 4069; x_wconf 53' lang='lat' dir='ltr'><strong>Punici.</strong></span> <span class='ocrx_word' id='word_1_588' title='bbox 1001 3993 1170 4043; x_wconf 88' lang='lat' dir='ltr'><strong>salutis</strong></span> <span class='ocrx_word' id='word_1_589' title='bbox 1190 3990 1364 4057; x_wconf 83' lang='lat' dir='ltr'><strong>conjic.</strong></span> <span class='ocrx_word' id='word_1_590' title='bbox 1387 3990 1538 4046; x_wconf 83' lang='lat' dir='ltr'><strong>Seml.</strong></span> 
     </span>
     <span class='ocr_line' id='line_1_83' title="bbox 494 4054 1168 4128; baseline -0.012 -16"><span class='ocrx_word' id='word_1_591' title='bbox 494 4064 525 4128; x_wconf 75' lang='lat'><strong>2</strong></span> <span class='ocrx_word' id='word_1_592' title='bbox 576 4062 742 4128; x_wconf 74' lang='lat' dir='ltr'><strong>Yalutt</strong></span> <span class='ocrx_word' id='word_1_593' title='bbox 762 4070 936 4122; x_wconf 68' lang='lat' dir='ltr'><strong>conptc.</strong></span> <span class='ocrx_word' id='word_1_594' title='bbox 960 4054 1168 4107; x_wconf 73' lang='lat' dir='ltr'><strong>Semler.</strong></span> 
     </span>
    </p>
   </div>
   <div class='ocr_carea' id='block_1_82' title="bbox 464 4007 2010 4379">
    <p class='ocr_par' dir='ltr' id='par_1_82' title="bbox 464 4007 1538 4379">
     <span class='ocr_line' id='line_1_84' title="bbox 499 4007 1538 4128; baseline -0.006 -76"><span class='ocrx_word' id='word_1_595' title='bbox 499 4007 545 4128; x_wconf 67' lang='grc'><strong>1)</strong></span> <span class='ocrx_word' id='word_1_596' title='bbox 578 4007 762 4071; x_wconf 77' lang='lat' dir='ltr'><strong>Salutis</strong></span> <span class='ocrx_word' id='word_1_597' title='bbox 790 4007 977 4069; x_wconf 56' lang='lat' dir='ltr'><strong>rerum.</strong></span> <span class='ocrx_word' id='word_1_598' title='bbox 1001 4007 1170 4106; x_wconf 54' lang='lat' dir='ltr'><strong>samuttts</strong></span> <span class='ocrx_word' id='word_1_599' title='bbox 1190 4007 1364 4057; x_wconf 74' lang='lat' dir='ltr'><strong>comic.</strong></span> <span class='ocrx_word' id='word_1_600' title='bbox 1387 4007 1538 4046; x_wconf 73' lang='grc' dir='ltr'><strong>δαηι.</strong></span> 
     </span>
     <span class='ocr_line' id='line_1_85' title="bbox 464 4007 1168 4379; baseline -0.014 -204"><span class='ocrx_word' id='word_1_601' title='bbox 464 4007 526 4379; x_wconf 57' lang='grc' dir='ltr'><strong>ἔξ</strong></span> <span class='ocrx_word' id='word_1_602' title='bbox 576 4062 936 4173; x_wconf 53' lang='lat' dir='ltr'><strong>inata?“-</strong></span> <span class='ocrx_word' id='word_1_603' title='bbox 960 4058 997 4107; x_wconf 74' lang='grc' dir='ltr'><em>ε</em></span> <span class='ocrx_word' id='word_1_604' title='bbox 1019 4179 1048 4191; x_wconf 46' lang='grc' dir='ltr'>η</span> <span class='ocrx_word' id='word_1_605' title='bbox 1095 4067 1168 4106; x_wconf 73' lang='grc' dir='ltr'><strong>εν·</strong></span> 
     </span>
    </p>

    <p class='ocr_par' dir='ltr' id='par_1_83' title="bbox 492 4176 1307 4243">
     <span class='ocr_line' id='line_1_86' title="bbox 492 4176 1307 4243; baseline -0.012 -5"><span class='ocrx_word' id='word_1_606' title='bbox 492 4189 520 4238; x_wconf 71' lang='grc' dir='ltr'><strong>ι</strong></span> <span class='ocrx_word' id='word_1_607' title='bbox 574 4183 835 4240; x_wconf 78' lang='lat' dir='ltr'><strong>Antonini,</strong></span> <span class='ocrx_word' id='word_1_608' title='bbox 860 4181 1052 4243; x_wconf 85' lang='lat' dir='ltr'><strong>imperu</strong></span> <span class='ocrx_word' id='word_1_609' title='bbox 1073 4176 1261 4229; x_wconf 76' lang='lat' dir='ltr'><strong>Pamel:</strong></span> <span class='ocrx_word' id='word_1_610' title='bbox 1304 4222 1307 4227; x_wconf 92' lang='lat'><strong>.</strong></span> 
     </span>
    </p>

    <p class='ocr_par' dir='ltr' id='par_1_84' title="bbox 489 4131 1585 4373">
     <span class='ocr_line' id='line_1_87' title="bbox 489 4131 1585 4373; baseline -0.012 -73"><span class='ocrx_word' id='word_1_611' title='bbox 489 4131 546 4373; x_wconf 53' lang='grc' dir='ltr'><strong>δέ</strong></span> <span class='ocrx_word' id='word_1_612' title='bbox 580 4247 759 4316; x_wconf 69' lang='lat' dir='ltr'><strong>Primo,</strong></span> <span class='ocrx_word' id='word_1_613' title='bbox 778 4235 929 4294; x_wconf 80' lang='lat' dir='ltr'><strong>Seml.</strong></span> <span class='ocrx_word' id='word_1_614' title='bbox 975 4237 1170 4292; x_wconf 71' lang='lat' dir='ltr'><strong>Oberlin.</strong></span> <span class='ocrx_word' id='word_1_615' title='bbox 1578 4276 1585 4281; x_wconf 88' lang='lat'><strong>.</strong></span> 
     </span>
     <span class='ocr_line' id='line_1_88' title="bbox 489 4299 1304 4366; baseline -0.015 -2"><span class='ocrx_word' id='word_1_616' title='bbox 489 4313 520 4364; x_wconf 89' lang='lat'><strong>6</strong></span> <span class='ocrx_word' id='word_1_617' title='bbox 574 4307 850 4363; x_wconf 84' lang='lat' dir='ltr'><strong>Indicantur</strong></span> <span class='ocrx_word' id='word_1_618' title='bbox 869 4299 1077 4366; x_wconf 74' lang='lat' dir='ltr'><strong>Semicr,</strong></span> <span class='ocrx_word' id='word_1_619' title='bbox 1106 4299 1304 4356; x_wconf 82' lang='lat' dir='ltr'><strong>Oberth.</strong></span> 
     </span>
    </p>
   </div>
   <div class='ocr_carea' id='block_1_83' title="bbox 2123 4007 3361 4379">
    <p class='ocr_par' dir='ltr' id='par_1_85' title="bbox 2191 4007 3361 4379">
     <span class='ocr_line' id='line_1_89' title="bbox 2232 4007 2940 4067; baseline 0.006 -13"><span class='ocrx_word' id='word_1_620' title='bbox 2232 4007 2248 4066; x_wconf 96' lang='lat'><strong>)</strong></span> <span class='ocrx_word' id='word_1_621' title='bbox 2284 4007 2537 4067; x_wconf 84' lang='lat' dir='ltr'><strong>Evangelii</strong></span> <span class='ocrx_word' id='word_1_622' title='bbox 2559 4007 2708 4056; x_wconf 78' lang='lat' dir='ltr'><strong>entia.</strong></span> <span class='ocrx_word' id='word_1_623' title='bbox 2732 4007 2940 4060; x_wconf 79' lang='lat' dir='ltr'><strong>Semler.</strong></span> 
     </span>
     <span class='ocr_line' id='line_1_90' title="bbox 2196 4065 2925 4144; baseline 0.001 -26"><span class='ocrx_word' id='word_1_624' title='bbox 2196 4068 2226 4118; x_wconf 92' lang='lat'><strong>8</strong></span> <span class='ocrx_word' id='word_1_625' title='bbox 2286 4067 2532 4140; x_wconf 55' lang='lat' dir='ltr'><strong>Etpettm</strong></span> <span class='ocrx_word' id='word_1_626' title='bbox 2549 4065 2717 4141; x_wconf 61' lang='lat' dir='ltr'><strong>Ifaris.</strong></span> <span class='ocrx_word' id='word_1_627' title='bbox 2880 4134 2890 4144; x_wconf 36' lang='grc' dir='ltr'>θ</span> <span class='ocrx_word' id='word_1_628' title='bbox 2915 4134 2925 4144; x_wconf 45' lang='grc'><strong><em>.</em></strong></span> 
     </span>
     <span class='ocr_line' id='line_1_91' title="bbox 2193 4127 3332 4207; baseline 0.011 -27"><span class='ocrx_word' id='word_1_629' title='bbox 2193 4132 2224 4180; x_wconf 82' lang='lat'><strong>9</strong></span> <span class='ocrx_word' id='word_1_630' title='bbox 2280 4128 2480 4179; x_wconf 78' lang='lat' dir='ltr'><strong>Sethcet</strong></span> <span class='ocrx_word' id='word_1_631' title='bbox 2501 4129 2589 4179; x_wconf 79' lang='grc' dir='ltr'><strong>ιὼι</strong></span> <span class='ocrx_word' id='word_1_632' title='bbox 2610 4127 2799 4181; x_wconf 78' lang='lat' dir='ltr'><strong>Pamei.</strong></span> <span class='ocrx_word' id='word_1_633' title='bbox 2823 4132 3012 4185; x_wconf 76' lang='lat' dir='ltr'><strong>scilicet</strong></span> <span class='ocrx_word' id='word_1_634' title='bbox 3030 4134 3161 4207; x_wconf 63' lang='lat' dir='ltr'><strong>abest</strong></span> <span class='ocrx_word' id='word_1_635' title='bbox 3181 4139 3332 4191; x_wconf 82' lang='lat' dir='ltr'><strong>Seml.</strong></span> 
     </span>
     <span class='ocr_line' id='line_1_92' title="bbox 2198 4190 3361 4256; baseline 0.013 -15"><span class='ocrx_word' id='word_1_636' title='bbox 2198 4190 2272 4256; x_wconf 81' lang='grc'><strong>10)</strong></span> <span class='ocrx_word' id='word_1_637' title='bbox 2311 4192 2481 4241; x_wconf 82' lang='lat' dir='ltr'><strong>Adhuc</strong></span> <span class='ocrx_word' id='word_1_638' title='bbox 2504 4199 2559 4241; x_wconf 90' lang='lat' dir='ltr'><strong>ut</strong></span> <span class='ocrx_word' id='word_1_639' title='bbox 2579 4191 2770 4244; x_wconf 84' lang='lat' dir='ltr'><strong>Pamel.</strong></span> <span class='ocrx_word' id='word_1_640' title='bbox 2796 4195 2955 4247; x_wconf 89' lang='lat' dir='ltr'><strong>adhuc</strong></span> <span class='ocrx_word' id='word_1_641' title='bbox 2973 4206 3124 4251; x_wconf 74' lang='lat' dir='ltr'><strong>amat.</strong></span> <span class='ocrx_word' id='word_1_642' title='bbox 3158 4201 3361 4255; x_wconf 84' lang='lat' dir='ltr'><strong>Semler.</strong></span> 
     </span>
     <span class='ocr_line' id='line_1_93' title="bbox 2191 4250 2795 4379; baseline 0.012 -79"><span class='ocrx_word' id='word_1_643' title='bbox 2191 4255 2274 4379; x_wconf 45' lang='grc' dir='ltr'><strong>ὃ)</strong></span> <span class='ocrx_word' id='word_1_644' title='bbox 2299 4250 2795 4369; x_wconf 50' lang='grc' dir='ltr'><strong>ἒηυξῢῗηιέιῶοὺενιιι.</strong></span> 
     </span>
    </p>
   </div>
   <div class='ocr_carea' id='block_1_84' title="bbox 489 4217 2010 4316">
    <p class='ocr_par' dir='ltr' id='par_1_86' title="bbox 489 4217 1585 4316">
     <span class='ocr_line' id='line_1_94' title="bbox 489 4217 1585 4316; baseline 0.002 0"><span class='ocrx_word' id='word_1_645' title='bbox 489 4217 544 4316; x_wconf 64' lang='lat'><strong>.55</strong></span> <span class='ocrx_word' id='word_1_646' title='bbox 574 4217 1307 4316; x_wconf 58' lang='grc' dir='ltr'><strong>ἓὲῑὲιῖἓῗὲέιῑὲῖῖᾝεῖιζιῖέἶ’.’</strong></span> <span class='ocrx_word' id='word_1_647' title='bbox 1578 4276 1585 4281; x_wconf 90' lang='lat'><strong><em>-</em></strong></span> 
     </span>
    </p>
   </div>
   <div class='ocr_carea' id='block_1_85' title="bbox 2123 4217 2795 4316">
    <p class='ocr_par' dir='ltr' id='par_1_87' title="bbox 2171 4217 2795 4316">
     <span class='ocr_line' id='line_1_95' title="bbox 2171 4217 2795 4316; baseline 0.006 -13"><span class='ocrx_word' id='word_1_648' title='bbox 2171 4217 2274 4316; x_wconf 68' lang='lat' dir='ltr'><strong>liii</strong></span> <span class='ocrx_word' id='word_1_649' title='bbox 2299 4217 2795 4316; x_wconf 53' lang='lat' dir='ltr'><strong>tﬁ‘i’Mifdié‘fii.</strong></span> 
     </span>
    </p>
   </div>
   <div class='ocr_carea' id='block_1_86' title="bbox 489 4259 2765 4381">
    <p class='ocr_par' dir='ltr' id='par_1_88' title="bbox 489 4259 2765 4381">
     <span class='ocr_line' id='line_1_96' title="bbox 489 4259 2765 4314; baseline 0.004 -15"><span class='ocrx_word' id='word_1_650' title='bbox 489 4259 523 4300; x_wconf 80' lang='grc'>5</span> <span class='ocrx_word' id='word_1_651' title='bbox 581 4259 742 4296; x_wconf 78' lang='lat' dir='ltr'><strong>t’rtmo</strong></span> <span class='ocrx_word' id='word_1_652' title='bbox 778 4259 929 4294; x_wconf 65' lang='lat' dir='ltr'><strong>manu.</strong></span> <span class='ocrx_word' id='word_1_653' title='bbox 975 4259 1170 4292; x_wconf 77' lang='lat' dir='ltr'><strong>uaerm.</strong></span> <span class='ocrx_word' id='word_1_654' title='bbox 1578 4276 1585 4281; x_wconf 88' lang='lat'><strong><em>-</em></strong></span> <span class='ocrx_word' id='word_1_655' title='bbox 2025 4259 2078 4276; x_wconf 79' lang='lat'><strong><em>&quot;</em></strong></span> <span class='ocrx_word' id='word_1_656' title='bbox 2196 4259 2247 4304; x_wconf 82' lang='grc'><strong>11</strong></span> <span class='ocrx_word' id='word_1_657' title='bbox 2300 4259 2352 4303; x_wconf 83' lang='lat' dir='ltr'><strong>In</strong></span> <span class='ocrx_word' id='word_1_658' title='bbox 2373 4259 2765 4314; x_wconf 76' lang='lat' dir='ltr'><strong>Semter,OberM</strong></span> 
     </span>
     <span class='ocr_line' id='line_1_97' title="bbox 489 4259 2765 4381; baseline -0.001 -8"><span class='ocrx_word' id='word_1_659' title='bbox 489 4259 544 4373; x_wconf 47' lang='grc' dir='ltr'><strong>εἰ</strong></span> <span class='ocrx_word' id='word_1_660' title='bbox 574 4283 850 4363; x_wconf 44' lang='lat' dir='ltr'><strong>Indicam&quot;</strong></span> <span class='ocrx_word' id='word_1_661' title='bbox 869 4299 1077 4366; x_wconf 54' lang='grc' dir='ltr'><strong>δεῖνδεῖν</strong></span> <span class='ocrx_word' id='word_1_662' title='bbox 1106 4299 1304 4356; x_wconf 57' lang='lat' dir='ltr'><strong>00m”-</strong></span> <span class='ocrx_word' id='word_1_663' title='bbox 2166 4259 2274 4381; x_wconf 52' lang='lat' dir='ltr'><strong>(ﬂi</strong></span> <span class='ocrx_word' id='word_1_664' title='bbox 2302 4313 2590 4381; x_wconf 84' lang='lat' dir='ltr'><strong>Susceptam</strong></span> <span class='ocrx_word' id='word_1_665' title='bbox 2613 4316 2765 4370; x_wconf 67' lang='lat' dir='ltr'><strong>Rhea.</strong></span> 
     </span>
    </p>
   </div>
   <div class='ocr_carea' id='block_1_87' title="bbox 1716 4408 2333 4504">
    <p class='ocr_par' dir='ltr' id='par_1_89' title="bbox 1716 4408 2333 4504">
     <span class='ocr_line' id='line_1_98' title="bbox 1716 4408 2333 4504; baseline 0.013 -26"><span class='ocrx_word' id='word_1_666' title='bbox 1716 4498 1724 4504; x_wconf 14' lang='grc' dir='ltr'><strong><em>ἢ</em></strong></span> <span class='ocrx_word' id='word_1_667' title='bbox 1768 4408 2333 4488; x_wconf 66' lang='lat' dir='ltr'><strong>COMMENTARIUS.</strong></span> 
     </span>
    </p>
   </div>
   <div class='ocr_carea' id='block_1_88' title="bbox 477 4526 1995 4603">
    <p class='ocr_par' dir='ltr' id='par_1_90' title="bbox 477 4526 1995 4603">
     <span class='ocr_line' id='line_1_99' title="bbox 477 4526 1995 4603; baseline -0.009 -6"><span class='ocrx_word' id='word_1_668' title='bbox 477 4538 632 4597; x_wconf 76' lang='lat' dir='ltr'><strong>CAP.</strong></span> <span class='ocrx_word' id='word_1_669' title='bbox 653 4531 974 4603; x_wconf 62' lang='lat' dir='ltr'><strong>XlX.—.(a)</strong></span> <span class='ocrx_word' id='word_1_670' title='bbox 1007 4531 1177 4603; x_wconf 56' lang='lat' dir='ltr'><strong>Quoto</strong></span> <span class='ocrx_word' id='word_1_671' title='bbox 1203 4526 1406 4603; x_wconf 68' lang='lat' dir='ltr'><strong>quidem</strong></span> <span class='ocrx_word' id='word_1_672' title='bbox 1443 4544 1581 4603; x_wconf 70' lang='lat' dir='ltr'><strong>anno</strong></span> <span class='ocrx_word' id='word_1_673' title='bbox 1602 4531 1857 4603; x_wconf 72' lang='lat' dir='ltr'><strong>Anienini</strong></span> <span class='ocrx_word' id='word_1_674' title='bbox 1882 4556 1995 4597; x_wconf 68' lang='lat' dir='ltr'><strong>ma,</strong></span> 
     </span>
    </p>
   </div>
   <div class='ocr_carea' id='block_1_89' title="bbox 396 4599 1994 4684">
    <p class='ocr_par' dir='ltr' id='par_1_91' title="bbox 396 4599 1994 4684">
     <span class='ocr_line' id='line_1_100' title="bbox 396 4599 1994 4684; baseline 0.019 -48"><span class='ocrx_word' id='word_1_675' title='bbox 396 4612 551 4684; x_wconf 30' lang='lat' dir='ltr'><strong>iam;</strong></span> <span class='ocrx_word' id='word_1_676' title='bbox 568 4607 721 4684; x_wconf 67' lang='lat' dir='ltr'><strong>Quod</strong></span> <span class='ocrx_word' id='word_1_677' title='bbox 749 4599 1020 4684; x_wconf 51' lang='lat' dir='ltr'><strong>sumus.</strong></span> <span class='ocrx_word' id='word_1_678' title='bbox 1035 4603 1102 4684; x_wconf 80' lang='lat' dir='ltr'><strong>de</strong></span> <span class='ocrx_word' id='word_1_679' title='bbox 1119 4599 1439 4684; x_wconf 62' lang='lat' dir='ltr'><strong>Praescripit.</strong></span> <span class='ocrx_word' id='word_1_680' title='bbox 1455 4600 1715 4684; x_wconf 44' lang='lat' dir='ltr'><strong>adu/tan:</strong></span> <span class='ocrx_word' id='word_1_681' title='bbox 1735 4608 1778 4660; x_wconf 91' lang='lat' dir='ltr'><strong>si</strong></span> <span class='ocrx_word' id='word_1_682' title='bbox 1791 4610 1994 4684; x_wconf 86' lang='lat' dir='ltr'><strong>mplici-</strong></span> 
     </span>
    </p>
   </div>
   <div class='ocr_carea' id='block_1_90' title="bbox 406 4672 1995 4748">
    <p class='ocr_par' dir='ltr' id='par_1_92' title="bbox 406 4672 1995 4748">
     <span class='ocr_line' id='line_1_101' title="bbox 406 4672 1995 4748; baseline 0.001 -11"><span class='ocrx_word' id='word_1_683' title='bbox 406 4672 489 4739; x_wconf 81' lang='lat' dir='ltr'><strong>ier</strong></span> <span class='ocrx_word' id='word_1_684' title='bbox 513 4672 665 4744; x_wconf 62' lang='lat' dir='ltr'><strong>difit,</strong></span> <span class='ocrx_word' id='word_1_685' title='bbox 689 4672 923 4746; x_wconf 35' lang='lat' dir='ltr'><strong>cap.’30,</strong></span> <span class='ocrx_word' id='word_1_686' title='bbox 945 4672 1189 4726; x_wconf 83' lang='lat' dir='ltr'><strong>Antonini</strong></span> <span class='ocrx_word' id='word_1_687' title='bbox 1211 4672 1646 4748; x_wconf 66' lang='lat' dir='ltr'><strong>[ere_priuc_ipatu,</strong></span> <span class='ocrx_word' id='word_1_688' title='bbox 1663 4675 1747 4748; x_wconf 88' lang='lat' dir='ltr'><strong>hic</strong></span> <span class='ocrx_word' id='word_1_689' title='bbox 1758 4672 1995 4748; x_wconf 76' lang='lat' dir='ltr'><strong>explica-</strong></span> 
     </span>
    </p>
   </div>
   <div class='ocr_carea' id='block_1_91' title="bbox 403 4742 1991 4824">
    <p class='ocr_par' dir='ltr' id='par_1_93' title="bbox 403 4742 1991 4824">
     <span class='ocr_line' id='line_1_102' title="bbox 403 4742 1991 4824; baseline 0.001 -16"><span class='ocrx_word' id='word_1_690' title='bbox 403 4764 511 4817; x_wconf 81' lang='lat' dir='ltr'><strong>tur,</strong></span> <span class='ocrx_word' id='word_1_691' title='bbox 538 4742 658 4806; x_wconf 76' lang='lat' dir='ltr'><strong>cuin</strong></span> <span class='ocrx_word' id='word_1_692' title='bbox 691 4742 899 4815; x_wconf 75' lang='lat' dir='ltr'><strong>legitur,</strong></span> <span class='ocrx_word' id='word_1_693' title='bbox 922 4754 1080 4824; x_wconf 55' lang='lat' dir='ltr'><strong>quoto</strong></span> <span class='ocrx_word' id='word_1_694' title='bbox 1116 4758 1250 4796; x_wconf 84' lang='lat' dir='ltr'><strong>anno</strong></span> <span class='ocrx_word' id='word_1_695' title='bbox 1270 4742 1397 4824; x_wconf 59' lang='lat' dir='ltr'><strong>ejus</strong></span> <span class='ocrx_word' id='word_1_696' title='bbox 1418 4742 1717 4824; x_wconf 44' lang='lat' dir='ltr'><strong>Marcionis</strong></span> <span class='ocrx_word' id='word_1_697' title='bbox 1741 4742 1991 4809; x_wconf 76' lang='lat' dir='ltr'><strong>Christus</strong></span> 
     </span>
    </p>
   </div>
   <div class='ocr_carea' id='block_1_92' title="bbox 401 4812 1987 4892">
    <p class='ocr_par' dir='ltr' id='par_1_94' title="bbox 401 4812 1987 4892">
     <span class='ocr_line' id='line_1_103' title="bbox 401 4812 1987 4892; baseline -0.003 -13"><span class='ocrx_word' id='word_1_698' title='bbox 401 4812 683 4892; x_wconf 68' lang='lat' dir='ltr'><strong>incoeperit</strong></span> <span class='ocrx_word' id='word_1_699' title='bbox 714 4812 977 4892; x_wconf 73' lang='lat' dir='ltr'><strong>revelari;</strong></span> <span class='ocrx_word' id='word_1_700' title='bbox 1003 4813 1071 4887; x_wconf 81' lang='lat' dir='ltr'><strong>de</strong></span> <span class='ocrx_word' id='word_1_701' title='bbox 1101 4828 1206 4892; x_wconf 71' lang='lat' dir='ltr'><strong>quo</strong></span> <span class='ocrx_word' id='word_1_702' title='bbox 1231 4812 1431 4892; x_wconf 74' lang='lat' dir='ltr'><strong>aliquid</strong></span> <span class='ocrx_word' id='word_1_703' title='bbox 1463 4813 1808 4892; x_wconf 49' lang='lat' dir='ltr'><strong>ibidiximus,</strong></span> <span class='ocrx_word' id='word_1_704' title='bbox 1836 4826 1987 4891; x_wconf 85' lang='lat' dir='ltr'><strong>quasi</strong></span> 
     </span>
    </p>
   </div>
   <div class='ocr_carea' id='block_1_93' title="bbox 439 4882 1985 4953">
    <p class='ocr_par' dir='ltr' id='par_1_95' title="bbox 439 4882 1985 4953">
     <span class='ocr_line' id='line_1_104' title="bbox 439 4882 1985 4953; baseline 0.001 -5"><span class='ocrx_word' id='word_1_705' title='bbox 439 4882 630 4951; x_wconf 65' lang='lat' dir='ltr'><strong>rinn&#39;un</strong></span> <span class='ocrx_word' id='word_1_706' title='bbox 656 4892 758 4946; x_wconf 87' lang='lat' dir='ltr'><strong>sub</strong></span> <span class='ocrx_word' id='word_1_707' title='bbox 787 4882 1055 4942; x_wconf 85' lang='lat' dir='ltr'><strong>Antonino</strong></span> <span class='ocrx_word' id='word_1_708' title='bbox 1098 4882 1414 4952; x_wconf 75' lang='lat' dir='ltr'><strong>philosopho</strong></span> <span class='ocrx_word' id='word_1_709' title='bbox 1455 4885 1708 4953; x_wconf 85' lang='lat' dir='ltr'><strong>prodierit</strong></span> <span class='ocrx_word' id='word_1_710' title='bbox 1748 4882 1985 4950; x_wconf 71' lang='lat' dir='ltr'><strong>Marcion</strong></span> 
     </span>
    </p>
   </div>
   <div class='ocr_carea' id='block_1_94' title="bbox 399 4911 1985 5037">
    <p class='ocr_par' dir='ltr' id='par_1_96' title="bbox 399 4911 1985 5037">
     <span class='ocr_line' id='line_1_105' title="bbox 439 4911 1985 4953; baseline 0.006 -14"><span class='ocrx_word' id='word_1_711' title='bbox 439 4911 630 4951; x_wconf 77' lang='lat' dir='ltr'><strong>nmmn</strong></span> <span class='ocrx_word' id='word_1_712' title='bbox 656 4911 758 4946; x_wconf 83' lang='lat' dir='ltr'><strong>sun</strong></span> <span class='ocrx_word' id='word_1_713' title='bbox 787 4911 1055 4942; x_wconf 75' lang='lat' dir='ltr'><strong>AlltUllmu</strong></span> <span class='ocrx_word' id='word_1_714' title='bbox 1098 4911 1414 4952; x_wconf 66' lang='grc' dir='ltr'>ιιιιιιιιδυμιιυ</span> <span class='ocrx_word' id='word_1_715' title='bbox 1455 4911 1708 4953; x_wconf 76' lang='lat' dir='ltr'><strong>pruulcrll</strong></span> <span class='ocrx_word' id='word_1_716' title='bbox 1748 4911 1985 4950; x_wconf 77' lang='lat' dir='ltr'><strong>illal‘CIOII</strong></span> 
     </span>
     <span class='ocr_line' id='line_1_106' title="bbox 399 4911 1985 5037; baseline 0.011 -33"><span class='ocrx_word' id='word_1_717' title='bbox 399 4911 706 5026; x_wconf 40' lang='lat' dir='ltr'><strong>{Lm-cacus,</strong></span> <span class='ocrx_word' id='word_1_718' title='bbox 726 4960 846 5031; x_wconf 82' lang='lat' dir='ltr'><strong>quia</strong></span> <span class='ocrx_word' id='word_1_719' title='bbox 869 4957 970 5037; x_wconf 67' lang='lat' dir='ltr'><strong>sub</strong></span> <span class='ocrx_word' id='word_1_720' title='bbox 997 4953 1608 5037; x_wconf 65' lang='lat' dir='ltr'><strong>Anicato.Verum,_quia</strong></span> <span class='ocrx_word' id='word_1_721' title='bbox 1630 4968 1811 5026; x_wconf 78' lang='lat' dir='ltr'><strong>postea</strong></span> <span class='ocrx_word' id='word_1_722' title='bbox 1833 4979 1985 5037; x_wconf 89' lang='lat' dir='ltr'><strong>com-</strong></span> 
     </span>
    </p>
   </div>
   <div class='ocr_carea' id='block_1_95' title="bbox 386 5022 1985 5109">
    <p class='ocr_par' dir='ltr' id='par_1_97' title="bbox 386 5022 1985 5109">
     <span class='ocr_line' id='line_1_107' title="bbox 386 5022 1985 5109; baseline -0.002 -16"><span class='ocrx_word' id='word_1_723' title='bbox 386 5022 511 5109; x_wconf 74' lang='lat' dir='ltr'><strong>~peri</strong></span> <span class='ocrx_word' id='word_1_724' title='bbox 540 5022 1259 5109; x_wconf 6' lang='lat' dir='ltr'><strong>AnicetmnsedissegRomaa</strong></span> <span class='ocrx_word' id='word_1_725' title='bbox 1286 5022 1581 5109; x_wconf 70' lang='lat' dir='ltr'><strong>annislere</strong></span> <span class='ocrx_word' id='word_1_726' title='bbox 1600 5022 1693 5084; x_wconf 81' lang='lat' dir='ltr'><strong>sex</strong></span> <span class='ocrx_word' id='word_1_727' title='bbox 1716 5043 1840 5088; x_wconf 90' lang='lat' dir='ltr'><strong>ante</strong></span> <span class='ocrx_word' id='word_1_728' title='bbox 1869 5036 1985 5109; x_wconf 82' lang='lat' dir='ltr'><strong>obi-</strong></span> 
     </span>
    </p>
   </div>
   <div class='ocr_carea' id='block_1_96' title="bbox 398 5097 1984 5174">
    <p class='ocr_par' dir='ltr' id='par_1_98' title="bbox 398 5097 1984 5174">
     <span class='ocr_line' id='line_1_108' title="bbox 398 5097 1984 5174; baseline -0.001 -9"><span class='ocrx_word' id='word_1_729' title='bbox 398 5097 512 5174; x_wconf 72' lang='lat' dir='ltr'><strong>tum</strong></span> <span class='ocrx_word' id='word_1_730' title='bbox 544 5104 793 5162; x_wconf 78' lang='lat' dir='ltr'><strong>Antonini</strong></span> <span class='ocrx_word' id='word_1_731' title='bbox 829 5101 927 5174; x_wconf 78' lang='lat' dir='ltr'><strong>Pii.</strong></span> <span class='ocrx_word' id='word_1_732' title='bbox 951 5098 1151 5174; x_wconf 81' lang='lat' dir='ltr'><strong>auctori</strong></span> <span class='ocrx_word' id='word_1_733' title='bbox 1180 5097 1268 5174; x_wconf 81' lang='lat' dir='ltr'><strong>hic</strong></span> <span class='ocrx_word' id='word_1_734' title='bbox 1291 5100 1538 5174; x_wconf 74' lang='lat' dir='ltr'><strong>assentiri</strong></span> <span class='ocrx_word' id='word_1_735' title='bbox 1568 5113 1730 5174; x_wconf 61' lang='lat' dir='ltr'><strong>cogor</strong></span> <span class='ocrx_word' id='word_1_736' title='bbox 1756 5106 1984 5174; x_wconf 67' lang='lat' dir='ltr'><strong>coepisse</strong></span> 
     </span>
    </p>
   </div>
   <div class='ocr_carea' id='block_1_97' title="bbox 397 5168 1983 5237">
    <p class='ocr_par' dir='ltr' id='par_1_99' title="bbox 397 5168 1983 5237">
     <span class='ocr_line' id='line_1_109' title="bbox 397 5168 1983 5237; baseline 0 -3"><span class='ocrx_word' id='word_1_737' title='bbox 397 5170 721 5235; x_wconf 53' lang='lat' dir='ltr'><strong>Ma’rcionem</strong></span> <span class='ocrx_word' id='word_1_738' title='bbox 751 5174 851 5229; x_wconf 90' lang='lat' dir='ltr'><strong>sub</strong></span> <span class='ocrx_word' id='word_1_739' title='bbox 871 5170 1142 5227; x_wconf 85' lang='lat' dir='ltr'><strong>Antonino</strong></span> <span class='ocrx_word' id='word_1_740' title='bbox 1161 5168 1382 5237; x_wconf 83' lang='lat' dir='ltr'><strong>majore,</strong></span> <span class='ocrx_word' id='word_1_741' title='bbox 1407 5169 1458 5225; x_wconf 90' lang='lat' dir='ltr'><strong>id</strong></span> <span class='ocrx_word' id='word_1_742' title='bbox 1480 5180 1566 5224; x_wconf 88' lang='lat' dir='ltr'><strong>est</strong></span> <span class='ocrx_word' id='word_1_743' title='bbox 1590 5168 1706 5233; x_wconf 85' lang='lat' dir='ltr'><strong>Pio.</strong></span> <span class='ocrx_word' id='word_1_744' title='bbox 1741 5176 1814 5227; x_wconf 91' lang='lat' dir='ltr'><strong>uti</strong></span> <span class='ocrx_word' id='word_1_745' title='bbox 1846 5168 1983 5234; x_wconf 79' lang='lat' dir='ltr'><strong>mox</strong></span> 
     </span>
    </p>
   </div>
   <div class='ocr_carea' id='block_1_98' title="bbox 395 5239 1981 5324">
    <p class='ocr_par' dir='ltr' id='par_1_100' title="bbox 395 5239 1981 5324">
     <span class='ocr_line' id='line_1_110' title="bbox 395 5239 1981 5324; baseline 0.002 -23"><span class='ocrx_word' id='word_1_746' title='bbox 395 5252 656 5320; x_wconf 52' lang='lat' dir='ltr'><strong>sequitur,</strong></span> <span class='ocrx_word' id='word_1_747' title='bbox 684 5265 711 5301; x_wconf 73' lang='grc' dir='ltr'><strong>ιι</strong></span> <span class='ocrx_word' id='word_1_748' title='bbox 738 5258 847 5315; x_wconf 78' lang='lat' dir='ltr'><strong>quo</strong></span> <span class='ocrx_word' id='word_1_749' title='bbox 869 5239 1167 5324; x_wconf 32' lang='lat' dir='ltr'><strong>outues‘alii</strong></span> <span class='ocrx_word' id='word_1_750' title='bbox 1191 5251 1279 5295; x_wconf 84' lang='lat' dir='ltr'><strong>aut</strong></span> <span class='ocrx_word' id='word_1_751' title='bbox 1300 5254 1502 5320; x_wconf 79' lang='lat' dir='ltr'><strong>nomen</strong></span> <span class='ocrx_word' id='word_1_752' title='bbox 1550 5252 1642 5295; x_wconf 89' lang='lat' dir='ltr'><strong>aut</strong></span> <span class='ocrx_word' id='word_1_753' title='bbox 1674 5260 1981 5324; x_wconf 67' lang='lat' dir='ltr'><strong>praenomen</strong></span> 
     </span>
    </p>
   </div>
   <div class='ocr_carea' id='block_1_99' title="bbox 394 5314 1980 5377">
    <p class='ocr_par' dir='ltr' id='par_1_101' title="bbox 394 5314 1980 5377">
     <span class='ocr_line' id='line_1_111' title="bbox 394 5314 1980 5377; baseline -0.003 0"><span class='ocrx_word' id='word_1_754' title='bbox 394 5314 650 5377; x_wconf 77' lang='lat' dir='ltr'><strong>Antonini</strong></span> <span class='ocrx_word' id='word_1_755' title='bbox 697 5314 933 5372; x_wconf 62' lang='lat' dir='ltr'><strong>mutuati</strong></span> <span class='ocrx_word' id='word_1_756' title='bbox 960 5319 1086 5366; x_wconf 84' lang='lat' dir='ltr'><strong>sunt</strong></span> <span class='ocrx_word' id='word_1_757' title='bbox 1127 5314 1403 5366; x_wconf 79' lang='lat' dir='ltr'><strong>:maxime</strong></span> <span class='ocrx_word' id='word_1_758' title='bbox 1453 5326 1573 5367; x_wconf 92' lang='lat' dir='ltr'><strong>cum</strong></span> <span class='ocrx_word' id='word_1_759' title='bbox 1618 5314 1777 5368; x_wconf 88' lang='lat' dir='ltr'><strong>etiam</strong></span> <span class='ocrx_word' id='word_1_760' title='bbox 1826 5317 1980 5373; x_wconf 88' lang='lat' dir='ltr'><strong>initio</strong></span> 
     </span>
    </p>
   </div>
   <div class='ocr_carea' id='block_1_100' title="bbox 393 5380 1976 5464">
    <p class='ocr_par' dir='ltr' id='par_1_102' title="bbox 393 5380 1976 5464">
     <span class='ocr_line' id='line_1_112' title="bbox 393 5380 1976 5464; baseline 0.004 -40"><span class='ocrx_word' id='word_1_761' title='bbox 393 5391 741 5447; x_wconf 56' lang='lat' dir='ltr'><strong>pnmmmms</strong></span> <span class='ocrx_word' id='word_1_762' title='bbox 773 5382 1231 5464; x_wconf 46' lang='lat' dir='ltr'><strong>Anipeli‘pnmam</strong></span> <span class='ocrx_word' id='word_1_763' title='bbox 1257 5380 1469 5464; x_wconf 68' lang='lat' dir='ltr'><strong>venisse</strong></span> <span class='ocrx_word' id='word_1_764' title='bbox 1503 5381 1976 5464; x_wconf 50' lang='lat' dir='ltr'><strong>set&#39;ibat_?_olyeaf-</strong></span> 
     </span>
    </p>
   </div>
   <div class='ocr_carea' id='block_1_101' title="bbox 392 5448 1975 5532">
    <p class='ocr_par' dir='ltr' id='par_1_103' title="bbox 392 5448 1975 5532">
     <span class='ocr_line' id='line_1_113' title="bbox 392 5448 1975 5532; baseline 0.004 -25"><span class='ocrx_word' id='word_1_765' title='bbox 392 5479 515 5532; x_wconf 73' lang='lat' dir='ltr'><strong>pum</strong></span> <span class='ocrx_word' id='word_1_766' title='bbox 564 5459 826 5532; x_wconf 80' lang='lat' dir='ltr'><strong>Eusebius</strong></span> <span class='ocrx_word' id='word_1_767' title='bbox 871 5452 1169 5532; x_wconf 55' lang='lat' dir='ltr'><strong>incurvam,</strong></span> <span class='ocrx_word' id='word_1_768' title='bbox 1220 5458 1276 5532; x_wconf 67' lang='lat' dir='ltr'><strong>et</strong></span> <span class='ocrx_word' id='word_1_769' title='bbox 1327 5448 1462 5532; x_wconf 54' lang='lat' dir='ltr'><strong>Hist.</strong></span> <span class='ocrx_word' id='word_1_770' title='bbox 1497 5451 1663 5532; x_wconf 37' lang='lat' dir='ltr'><strong>licet”</strong></span> <span class='ocrx_word' id='word_1_771' title='bbox 1713 5448 1975 5532; x_wconf 64' lang='lat' dir='ltr'><strong>lib.&#39;__lV,</strong></span> 
     </span>
    </p>
   </div>
   <div class='ocr_carea' id='block_1_102' title="bbox 387 5520 1975 5604">
    <p class='ocr_par' dir='ltr' id='par_1_104' title="bbox 387 5520 1975 5604">
     <span class='ocr_line' id='line_1_114' title="bbox 387 5520 1975 5604; baseline -0.013 -14"><span class='ocrx_word' id='word_1_772' title='bbox 387 5520 508 5604; x_wconf 77' lang='lat' dir='ltr'><strong>cap.</strong></span> <span class='ocrx_word' id='word_1_773' title='bbox 534 5531 792 5604; x_wconf 37' lang='lat' dir='ltr'><strong>15,.idem</strong></span> <span class='ocrx_word' id='word_1_774' title='bbox 819 5527 1019 5582; x_wconf 87' lang='lat' dir='ltr'><strong>scribat</strong></span> <span class='ocrx_word' id='word_1_775' title='bbox 1045 5521 1350 5579; x_wconf 70' lang='lat' dir='ltr'><strong>occurrisse</strong></span> <span class='ocrx_word' id='word_1_776' title='bbox 1394 5521 1464 5576; x_wconf 86' lang='lat' dir='ltr'><strong>ibi</strong></span> <span class='ocrx_word' id='word_1_777' title='bbox 1508 5520 1806 5594; x_wconf 88' lang='lat' dir='ltr'><strong>Polycarpo</strong></span> <span class='ocrx_word' id='word_1_778' title='bbox 1833 5520 1975 5584; x_wconf 65' lang='lat' dir='ltr'><strong>Mar;</strong></span> 
     </span>
    </p>
   </div>
   <div class='ocr_carea' id='block_1_103' title="bbox 385 5603 1814 5679">
    <p class='ocr_par' dir='ltr' id='par_1_105' title="bbox 385 5603 1814 5679">
     <span class='ocr_line' id='line_1_115' title="bbox 385 5603 1814 5679; baseline 0.013 -18"><span class='ocrx_word' id='word_1_779' title='bbox 385 5603 814 5679; x_wconf 35' lang='lat' dir='ltr'><strong>citittclqugﬂg</strong></span> <span class='ocrx_word' id='word_1_780' title='bbox 953 5674 962 5679; x_wconf 88' lang='lat'>_</span> <span class='ocrx_word' id='word_1_781' title='bbox 1316 5661 1330 5679; x_wconf 86' lang='grc'><strong><em>,</em></strong></span> <span class='ocrx_word' id='word_1_782' title='bbox 1382 5661 1396 5679; x_wconf 78' lang='grc'><em>,</em></span> <span class='ocrx_word' id='word_1_783' title='bbox 1449 5669 1461 5679; x_wconf 79' lang='grc'><em>,</em></span> <span class='ocrx_word' id='word_1_784' title='bbox 1541 5664 1550 5674; x_wconf 93' lang='grc'><strong><em>.</em></strong></span> <span class='ocrx_word' id='word_1_785' title='bbox 1803 5667 1814 5679; x_wconf 93' lang='grc'><strong><em>.</em></strong></span> 
     </span>
    </p>
   </div>
   <div class='ocr_carea' id='block_1_104' title="bbox 455 5661 1972 5749">
    <p class='ocr_par' dir='ltr' id='par_1_106' title="bbox 455 5661 1972 5749">
     <span class='ocr_line' id='line_1_116' title="bbox 455 5661 1972 5749; baseline -0.004 -21"><span class='ocrx_word' id='word_1_786' title='bbox 455 5674 536 5749; x_wconf 88' lang='lat' dir='ltr'><strong>(b)</strong></span> <span class='ocrx_word' id='word_1_787' title='bbox 566 5675 606 5728; x_wconf 82' lang='grc' dir='ltr'><strong><em>Α</em></strong></span> <span class='ocrx_word' id='word_1_788' title='bbox 645 5667 846 5727; x_wconf 77' lang='lat' dir='ltr'><strong>Tiberio</strong></span> <span class='ocrx_word' id='word_1_789' title='bbox 875 5674 1044 5720; x_wconf 81' lang='lat' dir='ltr'><strong>autem</strong></span> <span class='ocrx_word' id='word_1_790' title='bbox 1066 5678 1223 5734; x_wconf 76' lang='lat' dir='ltr'><strong>usque</strong></span> <span class='ocrx_word' id='word_1_791' title='bbox 1263 5661 1330 5716; x_wconf 81' lang='lat' dir='ltr'><strong>ad</strong></span> <span class='ocrx_word' id='word_1_792' title='bbox 1362 5661 1835 5735; x_wconf 75' lang='lat' dir='ltr'><strong>Auloniuumauni,</strong></span> <span class='ocrx_word' id='word_1_793' title='bbox 1867 5679 1972 5733; x_wconf 82' lang='lat' dir='ltr'><strong>etc,</strong></span> 
     </span>
    </p>
   </div>
   <div class='ocr_carea' id='block_1_105' title="bbox 2106 4544 3702 4626">
    <p class='ocr_par' dir='ltr' id='par_1_107' title="bbox 2106 4544 3702 4626">
     <span class='ocr_line' id='line_1_117' title="bbox 2106 4544 3702 4626; baseline 0.011 -25"><span class='ocrx_word' id='word_1_794' title='bbox 2106 4544 2160 4601; x_wconf 90' lang='lat' dir='ltr'><strong>Si</strong></span> <span class='ocrx_word' id='word_1_795' title='bbox 2192 4544 2461 4626; x_wconf 76' lang='lat' dir='ltr'><strong>legeretur</strong></span> <span class='ocrx_word' id='word_1_796' title='bbox 2483 4546 2607 4626; x_wconf 70' lang='lat' dir='ltr'><strong>anni</strong></span> <span class='ocrx_word' id='word_1_797' title='bbox 2629 4557 2832 4626; x_wconf 62' lang='lat' dir='ltr'><strong>centum</strong></span> <span class='ocrx_word' id='word_1_798' title='bbox 2854 4551 3095 4626; x_wconf 75' lang='lat' dir='ltr'><strong>quinque,</strong></span> <span class='ocrx_word' id='word_1_799' title='bbox 3125 4557 3294 4626; x_wconf 82' lang='lat' dir='ltr'><strong>magis</strong></span> <span class='ocrx_word' id='word_1_800' title='bbox 3322 4558 3611 4617; x_wconf 85' lang='lat' dir='ltr'><strong>accederet</strong></span> <span class='ocrx_word' id='word_1_801' title='bbox 3630 4561 3702 4619; x_wconf 89' lang='lat' dir='ltr'><strong>ad</strong></span> 
     </span>
    </p>
   </div>
   <div class='ocr_carea' id='block_1_106' title="bbox 2096 4616 3707 4700">
    <p class='ocr_par' dir='ltr' id='par_1_108' title="bbox 2096 4616 3707 4700">
     <span class='ocr_line' id='line_1_118' title="bbox 2096 4616 3707 4700; baseline 0.011 -29"><span class='ocrx_word' id='word_1_802' title='bbox 2096 4616 2647 4700; x_wconf 51' lang='lat' dir='ltr'><strong>verimteymli_istorim</strong></span> <span class='ocrx_word' id='word_1_803' title='bbox 2676 4635 2740 4700; x_wconf 78' lang='lat' dir='ltr'><strong>ea</strong></span> <span class='ocrx_word' id='word_1_804' title='bbox 2779 4616 2962 4700; x_wconf 80' lang='lat' dir='ltr'><strong>leciio,</strong></span> <span class='ocrx_word' id='word_1_805' title='bbox 2990 4616 3111 4679; x_wconf 80' lang='lat' dir='ltr'><strong>cum</strong></span> <span class='ocrx_word' id='word_1_806' title='bbox 3143 4616 3589 4700; x_wconf 54' lang='lat' dir='ltr'><strong>totvreperiantur</strong></span> <span class='ocrx_word' id='word_1_807' title='bbox 3634 4616 3707 4689; x_wconf 80' lang='lat' dir='ltr'><strong>ab</strong></span> 
     </span>
    </p>
   </div>
   <div class='ocr_carea' id='block_1_107' title="bbox 2095 4687 3708 4774">
    <p class='ocr_par' dir='ltr' id='par_1_109' title="bbox 2095 4687 3708 4774">
     <span class='ocr_line' id='line_1_119' title="bbox 2095 4687 3708 4774; baseline 0.012 -33"><span class='ocrx_word' id='word_1_808' title='bbox 2095 4701 2243 4774; x_wconf 72' lang='lat' dir='ltr'><strong>anno</strong></span> <span class='ocrx_word' id='word_1_809' title='bbox 2278 4687 2591 4774; x_wconf 48' lang='lat' dir='ltr'><strong>(Ei-Tiberii,</strong></span> <span class='ocrx_word' id='word_1_810' title='bbox 2622 4691 2776 4774; x_wconf 85' lang='lat' dir='ltr'><strong>cujus</strong></span> <span class='ocrx_word' id='word_1_811' title='bbox 2807 4687 2965 4759; x_wconf 82' lang='lat' dir='ltr'><strong>paulo</strong></span> <span class='ocrx_word' id='word_1_812' title='bbox 2990 4706 3122 4774; x_wconf 73' lang='lat' dir='ltr'><strong>ante</strong></span> <span class='ocrx_word' id='word_1_813' title='bbox 3152 4687 3414 4765; x_wconf 72' lang='lat' dir='ltr'><strong>memi&#39;uit,</strong></span> <span class='ocrx_word' id='word_1_814' title='bbox 3446 4710 3500 4757; x_wconf 92' lang='lat' dir='ltr'><strong>et</strong></span> <span class='ocrx_word' id='word_1_815' title='bbox 3528 4718 3559 4755; x_wconf 86' lang='lat' dir='ltr'><strong>a</strong></span> <span class='ocrx_word' id='word_1_816' title='bbox 3594 4687 3708 4774; x_wconf 79' lang='lat' dir='ltr'><strong>quo</strong></span> 
     </span>
    </p>
   </div>
   <div class='ocr_carea' id='block_1_108' title="bbox 2102 4757 3711 4838">
    <p class='ocr_par' dir='ltr' id='par_1_110' title="bbox 2102 4757 3711 4838">
     <span class='ocr_line' id='line_1_120' title="bbox 2102 4757 3711 4838; baseline 0.01 -25"><span class='ocrx_word' id='word_1_817' title='bbox 2102 4757 2243 4813; x_wconf 87' lang='lat' dir='ltr'><strong>haud</strong></span> <span class='ocrx_word' id='word_1_818' title='bbox 2272 4758 2437 4815; x_wconf 82' lang='lat' dir='ltr'><strong>dubie</strong></span> <span class='ocrx_word' id='word_1_819' title='bbox 2466 4757 2789 4838; x_wconf 54' lang='lat' dir='ltr'><strong>computant</strong></span> <span class='ocrx_word' id='word_1_820' title='bbox 2802 4757 2957 4838; x_wconf 85' lang='lat' dir='ltr'><strong>suum</strong></span> <span class='ocrx_word' id='word_1_821' title='bbox 2989 4766 3225 4838; x_wconf 81' lang='lat' dir='ltr'><strong>incipere</strong></span> <span class='ocrx_word' id='word_1_822' title='bbox 3249 4757 3454 4837; x_wconf 83' lang='lat' dir='ltr'><strong>statuit,</strong></span> <span class='ocrx_word' id='word_1_823' title='bbox 3480 4757 3711 4832; x_wconf 71' lang='lat' dir='ltr'><strong>enume-</strong></span> 
     </span>
    </p>
   </div>
   <div class='ocr_carea' id='block_1_109' title="bbox 2098 4831 3715 4907">
    <p class='ocr_par' dir='ltr' id='par_1_111' title="bbox 2098 4831 3715 4907">
     <span class='ocr_line' id='line_1_121' title="bbox 2098 4831 3715 4907; baseline 0.014 -25"><span class='ocrx_word' id='word_1_824' title='bbox 2098 4844 2233 4907; x_wconf 78' lang='lat' dir='ltr'><strong>rans</strong></span> <span class='ocrx_word' id='word_1_825' title='bbox 2285 4846 2455 4907; x_wconf 69' lang='lat' dir='ltr'><strong>annos</strong></span> <span class='ocrx_word' id='word_1_826' title='bbox 2510 4831 2856 4907; x_wconf 77' lang='lat' dir='ltr'><strong>intermedios</strong></span> <span class='ocrx_word' id='word_1_827' title='bbox 2897 4835 3026 4890; x_wconf 77' lang='lat' dir='ltr'><strong>inter</strong></span> <span class='ocrx_word' id='word_1_828' title='bbox 3048 4831 3343 4907; x_wconf 62' lang='lat' dir='ltr'><strong>Christum,</strong></span> <span class='ocrx_word' id='word_1_829' title='bbox 3374 4831 3541 4899; x_wconf 78' lang='lat' dir='ltr'><strong>siculi</strong></span> <span class='ocrx_word' id='word_1_830' title='bbox 3578 4831 3715 4904; x_wconf 79' lang='lat' dir='ltr'><strong>sub-</strong></span> 
     </span>
    </p>
   </div>
   <div class='ocr_carea' id='block_1_110' title="bbox 2086 4899 2900 4970">
    <p class='ocr_par' dir='ltr' id='par_1_112' title="bbox 2086 4899 2900 4970">
     <span class='ocr_line' id='line_1_122' title="bbox 2086 4899 2900 4970; baseline 0.006 -18"><span class='ocrx_word' id='word_1_831' title='bbox 2086 4899 2283 4970; x_wconf 80' lang='lat' dir='ltr'><strong>jungit,</strong></span> <span class='ocrx_word' id='word_1_832' title='bbox 2319 4911 2364 4953; x_wconf 84' lang='lat' dir='ltr'><strong>el</strong></span> <span class='ocrx_word' id='word_1_833' title='bbox 2399 4900 2731 4957; x_wconf 64' lang='lat' dir='ltr'><strong>Marciane-nt.</strong></span> <span class='ocrx_word' id='word_1_834' title='bbox 2764 4905 2900 4960; x_wconf 74' lang='lat' dir='ltr'><strong>Plut.</strong></span> 
     </span>
    </p>
   </div>
   <div class='ocr_carea' id='block_1_111' title="bbox 2164 4970 3720 5046">
    <p class='ocr_par' dir='ltr' id='par_1_113' title="bbox 2164 4970 3720 5046">
     <span class='ocr_line' id='line_1_123' title="bbox 2164 4970 3720 5046; baseline 0.018 -28"><span class='ocrx_word' id='word_1_835' title='bbox 2164 4970 2315 5046; x_wconf 73' lang='lat' dir='ltr'><strong>CAP.</strong></span> <span class='ocrx_word' id='word_1_836' title='bbox 2339 4971 2547 5037; x_wconf 71' lang='grc' dir='ltr'><strong>ΧΧ.--</strong></span> <span class='ocrx_word' id='word_1_837' title='bbox 2570 4971 2644 5046; x_wconf 84' lang='lat' dir='ltr'><strong>(e)</strong></span> <span class='ocrx_word' id='word_1_838' title='bbox 2675 4974 2939 5033; x_wconf 62' lang='lat' dir='ltr'><strong>Pastinum</strong></span> <span class='ocrx_word' id='word_1_839' title='bbox 2959 4979 3147 5035; x_wconf 77' lang='lat' dir='ltr'><strong>scilicet</strong></span> <span class='ocrx_word' id='word_1_840' title='bbox 3172 4985 3472 5040; x_wconf 81' lang='lat' dir='ltr'><strong>convictum.</strong></span> <span class='ocrx_word' id='word_1_841' title='bbox 3513 4984 3577 5042; x_wconf 89' lang='lat' dir='ltr'><strong>Id</strong></span> <span class='ocrx_word' id='word_1_842' title='bbox 3629 4999 3720 5046; x_wconf 85' lang='lat' dir='ltr'><strong>est</strong></span> 
     </span>
    </p>
   </div>
   <div class='ocr_carea' id='block_1_112' title="bbox 2093 5044 2918 5111">
    <p class='ocr_par' dir='ltr' id='par_1_114' title="bbox 2093 5044 2918 5111">
     <span class='ocr_line' id='line_1_124' title="bbox 2093 5044 2918 5111; baseline 0.011 -16"><span class='ocrx_word' id='word_1_843' title='bbox 2093 5044 2478 5111; x_wconf 81' lang='lat' dir='ltr'><strong>promiscuum.</strong></span> <span class='ocrx_word' id='word_1_844' title='bbox 2508 5061 2553 5096; x_wconf 84' lang='grc' dir='ltr'><strong><em>ν.</em></strong></span> <span class='ocrx_word' id='word_1_845' title='bbox 2584 5044 2637 5099; x_wconf 52' lang='grc' dir='ltr'><strong>ὀμ</strong></span> <span class='ocrx_word' id='word_1_846' title='bbox 2670 5047 2721 5099; x_wconf 87' lang='lat'><strong>7.</strong></span> <span class='ocrx_word' id='word_1_847' title='bbox 2748 5048 2918 5103; x_wconf 72' lang='lat' dir='ltr'><strong>SEIIL.</strong></span> 
     </span>
    </p>
   </div>
   <div class='ocr_carea' id='block_1_113' title="bbox 2164 5111 3696 5198">
    <p class='ocr_par' dir='ltr' id='par_1_115' title="bbox 2164 5111 3696 5198">
     <span class='ocr_line' id='line_1_125' title="bbox 2164 5111 3696 5198; baseline 0.014 -32"><span class='ocrx_word' id='word_1_848' title='bbox 2164 5111 2244 5185; x_wconf 89' lang='lat' dir='ltr'><strong>(d)</strong></span> <span class='ocrx_word' id='word_1_849' title='bbox 2272 5112 2347 5167; x_wconf 83' lang='lat' dir='ltr'><strong>De</strong></span> <span class='ocrx_word' id='word_1_850' title='bbox 2373 5113 2900 5198; x_wconf 55' lang='lat' dir='ltr'><strong>Evngeliinsocietate</strong></span> <span class='ocrx_word' id='word_1_851' title='bbox 2924 5121 3275 5198; x_wconf 66' lang='lat' dir='ltr'><strong>condixerant.</strong></span> <span class='ocrx_word' id='word_1_852' title='bbox 3300 5126 3696 5198; x_wconf 78' lang='lat' dir='ltr'><strong>Condixerant,</strong></span> 
     </span>
    </p>
   </div>
   <div class='ocr_carea' id='block_1_114' title="bbox 2088 5186 3703 5259">
    <p class='ocr_par' dir='ltr' id='par_1_116' title="bbox 2088 5186 3703 5259">
     <span class='ocr_line' id='line_1_126' title="bbox 2088 5186 3703 5259; baseline 0.015 -24"><span class='ocrx_word' id='word_1_853' title='bbox 2088 5197 2187 5252; x_wconf 88' lang='lat' dir='ltr'><strong>pro</strong></span> <span class='ocrx_word' id='word_1_854' title='bbox 2226 5197 2589 5259; x_wconf 76' lang='lat' dir='ltr'><strong>convenerant.</strong></span> <span class='ocrx_word' id='word_1_855' title='bbox 2630 5186 2927 5247; x_wconf 85' lang='lat' dir='ltr'><strong>Condicere</strong></span> <span class='ocrx_word' id='word_1_856' title='bbox 2974 5194 3118 5247; x_wconf 87' lang='lat' dir='ltr'><strong>enim</strong></span> <span class='ocrx_word' id='word_1_857' title='bbox 3158 5196 3321 5251; x_wconf 88' lang='lat' dir='ltr'><strong>etiam</strong></span> <span class='ocrx_word' id='word_1_858' title='bbox 3367 5186 3703 5259; x_wconf 74' lang='lat' dir='ltr'><strong>denuntiare</strong></span> 
     </span>
    </p>
   </div>
   <div class='ocr_carea' id='block_1_115' title="bbox 2085 5258 3699 5337">
    <p class='ocr_par' dir='ltr' id='par_1_117' title="bbox 2085 5258 3699 5337">
     <span class='ocr_line' id='line_1_127' title="bbox 2085 5258 3699 5337; baseline 0.014 -31"><span class='ocrx_word' id='word_1_859' title='bbox 2085 5262 2195 5337; x_wconf 67' lang='lat' dir='ltr'><strong>est,</strong></span> <span class='ocrx_word' id='word_1_860' title='bbox 2222 5267 2382 5337; x_wconf 83' lang='lat' dir='ltr'><strong>atque</strong></span> <span class='ocrx_word' id='word_1_861' title='bbox 2420 5258 2767 5337; x_wconf 74' lang='lat' dir='ltr'><strong>constituere.</strong></span> <span class='ocrx_word' id='word_1_862' title='bbox 2803 5260 2969 5337; x_wconf 51' lang='lat' dir='ltr'><strong>lianlo</strong></span> <span class='ocrx_word' id='word_1_863' title='bbox 3000 5273 3121 5331; x_wconf 91' lang='lat' dir='ltr'><strong>post</strong></span> <span class='ocrx_word' id='word_1_864' title='bbox 3157 5268 3510 5337; x_wconf 88' lang='lat' dir='ltr'><strong>restituimus,</strong></span> <span class='ocrx_word' id='word_1_865' title='bbox 3546 5258 3699 5329; x_wconf 70' lang='lat' dir='ltr'><strong>Olim</strong></span> 
     </span>
    </p>
   </div>
   <div class='ocr_carea' id='block_1_116' title="bbox 2084 5322 3369 5395">
    <p class='ocr_par' dir='ltr' id='par_1_118' title="bbox 2084 5322 3369 5395">
     <span class='ocr_line' id='line_1_128' title="bbox 2084 5322 3369 5395; baseline 0.009 -18"><span class='ocrx_word' id='word_1_866' title='bbox 2084 5322 2148 5379; x_wconf 83' lang='lat' dir='ltr'><strong>de</strong></span> <span class='ocrx_word' id='word_1_867' title='bbox 2177 5327 2271 5395; x_wconf 82' lang='lat' dir='ltr'><strong>hoc</strong></span> <span class='ocrx_word' id='word_1_868' title='bbox 2297 5322 2410 5395; x_wconf 74' lang='lat' dir='ltr'><strong>ipso</strong></span> <span class='ocrx_word' id='word_1_869' title='bbox 2438 5328 2780 5395; x_wconf 65' lang='lat' dir='ltr'><strong>praedicanda.</strong></span> <span class='ocrx_word' id='word_1_870' title='bbox 2812 5322 3015 5387; x_wconf 49' lang='grc' dir='ltr'><strong>[ἱππί</strong></span> <span class='ocrx_word' id='word_1_871' title='bbox 3364 5386 3369 5389; x_wconf 21' lang='grc' dir='ltr'><strong>Α</strong></span> 
     </span>
    </p>
   </div>
   <div class='ocr_carea' id='block_1_117' title="bbox 2160 5393 3697 5472">
    <p class='ocr_par' dir='ltr' id='par_1_119' title="bbox 2160 5393 3697 5472">
     <span class='ocr_line' id='line_1_129' title="bbox 2160 5393 3697 5472; baseline 0.014 -23"><span class='ocrx_word' id='word_1_872' title='bbox 2160 5393 2234 5472; x_wconf 73' lang='lat' dir='ltr'><strong>(e)</strong></span> <span class='ocrx_word' id='word_1_873' title='bbox 2264 5393 2384 5451; x_wconf 78' lang='lat' dir='ltr'><strong>Sive</strong></span> <span class='ocrx_word' id='word_1_874' title='bbox 2429 5393 2574 5472; x_wconf 65' lang='lat' dir='ltr'><strong>ergo,</strong></span> <span class='ocrx_word' id='word_1_875' title='bbox 2605 5400 2793 5467; x_wconf 77' lang='lat' dir='ltr'><strong>inquit,</strong></span> <span class='ocrx_word' id='word_1_876' title='bbox 2839 5404 2941 5456; x_wconf 76' lang='lat' dir='ltr'><strong>sive</strong></span> <span class='ocrx_word' id='word_1_877' title='bbox 2968 5403 3068 5470; x_wconf 77' lang='lat' dir='ltr'><strong>illi,</strong></span> <span class='ocrx_word' id='word_1_878' title='bbox 3092 5405 3171 5459; x_wconf 72' lang='lat' dir='ltr'><strong>sic</strong></span> <span class='ocrx_word' id='word_1_879' title='bbox 3196 5408 3561 5472; x_wconf 66' lang='lat' dir='ltr'><strong>praedicamus.</strong></span> <span class='ocrx_word' id='word_1_880' title='bbox 3608 5414 3697 5471; x_wconf 80' lang='lat' dir='ltr'><strong>Ad</strong></span> 
     </span>
    </p>
   </div>
   <div class='ocr_carea' id='block_1_118' title="bbox 2081 5464 3698 5550">
    <p class='ocr_par' dir='ltr' id='par_1_120' title="bbox 2081 5464 3698 5550">
     <span class='ocr_line' id='line_1_130' title="bbox 2081 5464 3698 5550; baseline 0.012 -31"><span class='ocrx_word' id='word_1_881' title='bbox 2081 5464 2312 5550; x_wconf 76' lang='lat' dir='ltr'><strong>verbum</strong></span> <span class='ocrx_word' id='word_1_882' title='bbox 2334 5464 2604 5523; x_wconf 81' lang='lat' dir='ltr'><strong>transtulit</strong></span> <span class='ocrx_word' id='word_1_883' title='bbox 2645 5464 2831 5550; x_wconf 71' lang='lat' dir='ltr'><strong>auctor</strong></span> <span class='ocrx_word' id='word_1_884' title='bbox 2861 5464 3220 5550; x_wconf 63' lang='lat' dir='ltr'><strong>praedicamus,</strong></span> <span class='ocrx_word' id='word_1_885' title='bbox 3256 5478 3306 5532; x_wconf 88' lang='lat' dir='ltr'><strong>id</strong></span> <span class='ocrx_word' id='word_1_886' title='bbox 3336 5481 3474 5547; x_wconf 79' lang='lat' dir='ltr'><strong>quod</strong></span> <span class='ocrx_word' id='word_1_887' title='bbox 3507 5464 3698 5550; x_wconf 44' lang='lat' dir='ltr'><strong>mi;</strong></span> 
     </span>
    </p>
   </div>
   <div class='ocr_carea' id='block_1_119' title="bbox 2080 5542 3696 5610">
    <p class='ocr_par' dir='ltr' id='par_1_121' title="bbox 2080 5542 3696 5610">
     <span class='ocr_line' id='line_1_131' title="bbox 2080 5542 3696 5610; baseline 0.012 -20"><span class='ocrx_word' id='word_1_888' title='bbox 2080 5544 2166 5590; x_wconf 83' lang='lat' dir='ltr'><strong>est</strong></span> <span class='ocrx_word' id='word_1_889' title='bbox 2202 5542 2503 5610; x_wconf 64' lang='grc' dir='ltr'><strong>κηρῦπρμεεν,</strong></span> <span class='ocrx_word' id='word_1_890' title='bbox 2540 5543 2989 5609; x_wconf 85' lang='lat' dir='ltr'><strong>quemadmodum</strong></span> <span class='ocrx_word' id='word_1_891' title='bbox 3016 5556 3069 5598; x_wconf 90' lang='lat' dir='ltr'><strong>ct</strong></span> <span class='ocrx_word' id='word_1_892' title='bbox 3099 5542 3410 5604; x_wconf 69' lang='lat' dir='ltr'><strong>Ambrosius</strong></span> <span class='ocrx_word' id='word_1_893' title='bbox 3445 5542 3696 5610; x_wconf 35' lang='lat' dir='ltr'><strong>in‘Com?</strong></span> 
     </span>
    </p>
   </div>
   <div class='ocr_carea' id='block_1_120' title="bbox 2081 5609 3697 5682">
    <p class='ocr_par' dir='ltr' id='par_1_122' title="bbox 2081 5609 3697 5682">
     <span class='ocr_line' id='line_1_132' title="bbox 2081 5609 3697 5682; baseline 0.015 -25"><span class='ocrx_word' id='word_1_894' title='bbox 2081 5616 2323 5682; x_wconf 25' lang='lat' dir='ltr'><strong>incutiet</strong></span> <span class='ocrx_word' id='word_1_895' title='bbox 2362 5609 2422 5682; x_wconf 69' lang='grc' dir='ltr'><strong>Β.</strong></span> <span class='ocrx_word' id='word_1_896' title='bbox 2453 5611 2677 5678; x_wconf 81' lang='lat' dir='ltr'><strong>August.</strong></span> <span class='ocrx_word' id='word_1_897' title='bbox 2712 5611 2801 5667; x_wconf 82' lang='lat' dir='ltr'><strong>lib.</strong></span> <span class='ocrx_word' id='word_1_898' title='bbox 2858 5611 2926 5677; x_wconf 88' lang='lat' dir='ltr'><strong>ll,</strong></span> <span class='ocrx_word' id='word_1_899' title='bbox 2961 5626 3135 5669; x_wconf 83' lang='lat' dir='ltr'><strong>contra</strong></span> <span class='ocrx_word' id='word_1_900' title='bbox 3166 5609 3697 5682; x_wconf 61' lang='lat' dir='ltr'><strong>Faustumuuniclt.</strong></span> 
     </span>
    </p>
   </div>
   <div class='ocr_carea' id='block_1_121' title="bbox 2080 5675 3704 5765">
    <p class='ocr_par' dir='ltr' id='par_1_123' title="bbox 2080 5675 3704 5765">
     <span class='ocr_line' id='line_1_133' title="bbox 2080 5675 3704 5765; baseline 0.017 -34"><span class='ocrx_word' id='word_1_901' title='bbox 2080 5690 2201 5748; x_wconf 84' lang='lat' dir='ltr'><strong>cap.</strong></span> <span class='ocrx_word' id='word_1_902' title='bbox 2231 5675 2288 5747; x_wconf 68' lang='lat'><strong>2,</strong></span> <span class='ocrx_word' id='word_1_903' title='bbox 2313 5688 2367 5735; x_wconf 85' lang='lat' dir='ltr'><strong>et</strong></span> <span class='ocrx_word' id='word_1_904' title='bbox 2396 5679 2507 5751; x_wconf 82' lang='lat' dir='ltr'><strong>ipsa</strong></span> <span class='ocrx_word' id='word_1_905' title='bbox 2530 5675 2741 5753; x_wconf 76' lang='lat' dir='ltr'><strong>quoque</strong></span> <span class='ocrx_word' id='word_1_906' title='bbox 2769 5675 2975 5757; x_wconf 82' lang='lat' dir='ltr'><strong>syriaca</strong></span> <span class='ocrx_word' id='word_1_907' title='bbox 3008 5686 3173 5743; x_wconf 87' lang='lat' dir='ltr'><strong>editio</strong></span> <span class='ocrx_word' id='word_1_908' title='bbox 3197 5702 3262 5745; x_wconf 72' lang='lat' dir='ltr'><strong>ac</strong></span> <span class='ocrx_word' id='word_1_909' title='bbox 3288 5675 3704 5765; x_wconf 58' lang='lat' dir='ltr'><strong>cutendatiorus</strong></span> 
     </span>
    </p>
   </div>
  </div>
