4008 6280
242 204 370 283 269

1389 212 1520 271 LIB.
1564 213 1582 270 I
1621 213 1988 274 ADVERSUS
2025 214 2450 274 MARCIONEM.

3458 200 3613 275 'ato

254 316 377 375 Sed
412 330 484 379 ct
516 322 567 376 si
602 322 867 395 quosdam
896 324 1053 395 falsos
1082 320 1262 394 fratres
1299 324 1561 395 irrepsisse
1597 325 1901 396 descripsit,
1934 330 1986 390 Λ
2012 329 2161 382 dituti
2178 339 2293 383 sunt
2314 328 2848 387 inania:adstiterunt
2867 335 3011 402 reges
3027 338 3191 395 terrm,
3217 340 3262 386 et
3285 334 3610 404 magistratus

267 413 367 484 qui
423 415 649 471 vellem
697 416 913 472 Galatas
962 415 1031 469 ad
1076 415 1217 470 aliud
1261 415 1592 488 Evangelium
1634 420 1910 490 transferre

279 508 470 582 (Cal.,
503 509 550 576 Ι,
585 510 668 584 7),
707 513 822 582 ipse
865 515 1197 566 demonstrat
1233 510 1549 566 adulterium
1581 509 1708 567 illud
1738 510 1910 567 Evan-

282 604 446 675 gelii,
484 618 599 658 nou
642 604 710 659 ad
759 604 976 660 alterius
1014 604 1105 659 Dei
1152 612 1205 660 et
1233 602 1432 659 Christi
1478 602 1634 659 Iidem
1684 603 1910 662 transfe-

289 696 555 758 rendam,
594 697 693 752 sed
721 697 788 752 ad
820 697 1153 768 disciplinam
1175 696 1330 767 Legis
1352 698 1773 753 conservandam
1804 697 1908 772 (l),

295 786 563 844 habuisse
591 789 985 853 intentionem;
1019 789 1420 860 reprehendens
1452 788 1531 862 (Ξ)
1560 789 1765 846 scilicet
1789 790 1912 846 illos

296 879 785 936 circmucisionem
811 879 1163 946 vindicantes,
1192 889 1247 935 et
1274 879 1619 936 observantes
1646 889 1909 950 tempora,

309 981 363 1027 et
396 970 518 1025 dies
543 980 601 1026 et
629 980 911 1027 menseset
935 986 1105 1026 annos
1127 970 1461 1042 judaicarum
1474 973 1912 1029 caeremoniarum

304 1062 478 1136 (Cal.,
517 1062 615 1147 IV,
649 1063 767 1147 1Q),
800 1078 931 1135 quas
969 1063 1081 1135 jam
1121 1064 1367 1145 exclusas
1403 1063 1685 1136 agnovisse
1710 1064 1914 1121 debue-

303 1168 449 1220 rant,
486 1142 789 1211 secundum
833 1158 1139 1211 iunovatam
1182 1142 1587 1228 dispositionem
1618 1156 1912 1225 Creatoris,

300 1247 435 1302 olim
468 1248 538 1319 de
571 1246 678 1302 hoc.
708 1248 823 1318 ipso
855 1247 930 1319 (5)
958 1246 1295 1317 priedicantis
1322 1263 1418 1319 per
1440 1246 1727 1319 prophetas
1751 1263 1876 1303 suos
1897 1288 1913 1315 ,

301 1349 364 1394 nt
400 1355 497 1409 per
549 1340 744 1395 Isaiam
793 1336 916 1412 ((5.,
958 1338 1141 1407 XLIII,
1188 1338 1318 1410 I9):
1369 1337 1545 1394 Vetera
1586 1341 1916 1407 transierunt,

299 1432 509 1502 inquit;
541 1448 656 1487 ecce
687 1447 817 1486 nova
854 1447 967 1501 quae
994 1449 1085 1504 ego
1114 1449 1250 1487 nunc
1280 1433 1437 1504 facio;
1470 1442 1520 1489 et
1550 1433 1675 1487 alibi
1704 1432 1915 1506 (Jerem.

298 1525 507 1589 XXXI,
537 1524 634 1597 δί)
660 1544 676 1581 2
713 1525 775 1579 Et
806 1527 1073 1597 disponam
1101 1536 1472 1588 testamentum.
1504 1543 1604 1581 non
1639 1520 1787 1598 quale
1812 1527 1920 1583 dis-

298 1622 457 1692 posui
487 1620 561 1673 ad
606 1630 777 1689 patres
802 1631 1015 1691 pesti-os,
1056 1637 1169 1675 cum
1210 1623 1326 1677 illos
1353 1622 1639 1683 eduxissent
1683 1606 1746 1677 de
1786 1633 1922 1678 terra

2016 431 2354 475 convenerunt
2371 420 2450 495 (7)
2479 421 2530 475 in
2558 437 2716 475 unum
2731 420 2972 476 adversus
2994 420 3272 478 Dominum
3302 436 3348 479 et
3370 427 3611 479 adversus

2016 512 2274 570 Christum
2319 514 2428 588 ejus
2470 513 2634 587 (Ibid.
2662 557 2679 583 ,
2711 517 2732 569 I
2758 556 2773 582 ,
2794 513 2877 584 2).
2912 515 2980 570 Et
3015 516 3222 587 utique,
3242 518 3287 573 si
3317 518 3451 573 alius
3480 517 3614 574 deus

2017 604 2401 676 praedicaretur
2416 623 2443 659 a
2469 606 2649 673 l’aulo,
2668 607 2809 661 nulla
2829 607 3149 679 disceptatio
3162 617 3305 665 esset
3331 610 3612 671 servanda:

2016 698 2167 770 legis,
2210 715 2400 769 necne,
2452 715 2560 755 non
2601 700 2920 778 pertinentis
2961 701 3168 756 scilicet
3208 702 3277 756 ad
3329 702 3609 758 dominqu

2022 806 2223 846 novum
2244 800 2297 848 et
2317 791 2566 847 annulum
2591 777 2742 863 legis.
2764 790 2880 863 Ipsa
2902 792 3043 846 enim
3095 792 3181 847 dei
3213 794 3424 848 novitas
3446 804 3610 862 atque

2017 880 2299 937 diversitas
2328 881 2640 938 abStulisset
2670 896 2774 937 non
2820 881 2983 937 modo
3025 882 3379 959 quaestionem
3413 885 3611 939 veteris

2021 986 2076 1032 et
2102 977 2289 1032 alienae
2318 974 2476 1048 legis,
2509 991 2692 1031 verum
2724 990 2940 1031 omnem
2969 974 3085 1048 ejus
3111 976 3460 1031 mentionem.
3503 977 3615 1032 Sed

2021 1068 2108 1124 hic
2132 1078 2248 1125 erat
2268 1077 2415 1123 totus
2431 1078 2599 1124 status
2619 1068 2953 1141 quaestionis,
2978 1068 3142 1140 quod,
3161 1083 3282 1125 cum
3308 1070 3449 1126 idem
3475 1071 3613 1126 Deus
3646 1093 3660 1103 ·
3677 1090 3692 1101 ο

2022 1161 2154 1231 legis
2184 1162 2235 1216 in
2277 1162 2490 1217 Christo
2524 1161 2922 1231 przedicaretur,
2954 1160 3056 1232 legi
3089 1161 3203 1231 ejus
3241 1162 3613 1233 derogarctur.

2023 1254 2212 1310 Stabat
2242 1256 2403 1328 igitur
2444 1255 2575 1309 ﬁdes
2620 1270 2836 1325 semper
2897 1255 2950 1309 in
2995 1253 3249 1312 Creatore
3296 1266 3350 1312 ct
3397 1258 3613 1312 Christo

2024 1345 2176 1417 ejus,
2209 1347 2305 1403 sed
2336 1348 2676 1403 conversatio
2704 1356 2758 1402 et
2796 1345 3077 1417 disciplina
3107 1348 3344 1403 nutabat.
3375 1347 3453 1420 (a)
3481 1348 3617 1406 Nam

2024 1448 2079 1493 et
2105 1438 2195 1493 alii
2228 1438 2297 1493 de
2325 1436 2623 1510 idolothyto
2661 1436 2895 1505 edendo,
2923 1439 3012 1493 alii
3050 1438 3117 1493 de
3149 1440 3428 1494 mulierum
3463 1441 3616 1493 Vela-

2028 1540 2232 1599 mcnto,
2259 1530 2353 1586 alii
2375 1528 2441 1588 de
2464 1531 2663 1601 nuptiis
2684 1530 2767 1585 vel
2794 1530 3050 1601 repudiis,
3083 1532 3323 1586 nonnulli
3354 1542 3407 1587 et
3432 1532 3500 1588 de
3522 1548 3621 1606 spe

2027 1622 2458 1688 resurrectionis,
2505 1622 2906 1691 disceptabant;
2953 1622 3019 1677 de
3068 1623 3197 1690 Deo,
3255 1639 3431 1678 nemo.
3456 1623 3614 1689 Nam,

299 1712 569 1784 Egypti;
602 1712 682 1767 sic
710 1722 766 1768 et
805 1729 900 1783 pcr
935 1714 1254 1770 Hieremiam
1298 1712 1510 1788 (Jerem.
1542 1714 1632 1782 IV,
1677 1714 1731 1788 4)
1768 1732 1781 1768 :
1817 1715 1918 1771 Re-
1951 1734 2000 1794 Β
2028 1716 2073 1772 si
2100 1714 2186 1786 (8)
2213 1715 2405 1772 fuisset
2434 1715 2550 1771 haec
2576 1729 2789 1787 quoque
2818 1715 3045 1783 qumstio
3078 1715 3393 1784 disceptata,
3422 1724 3477 1770 et
3506 1717 3620 1786 ipsa

302 1819 491 1862 novate
534 1806 677 1861 vobis
722 1822 964 1861 nouamen
998 1825 1202 1871 novum,
1245 1820 1294 1864 et
1340 1808 1765 1863 circumcidimini
1815 1807 1921 1861 Deo

304 1916 495 1966 uestro,
540 1910 588 1954 et
626 1899 1057 1967 ,circumcidt'tttitti
1096 1902 1346 1971 prwputia
1376 1900 1545 1957 cordis
1571 1900 1743 1954 vestri.
1776 1899 1924 1955 lianc

307 2007 441 2063 ergo
489 1991 965 2047 eircumcisionem
1009 1992 1122 2063 jam
1156 1995 1354 2049 sistens
1393 1991 1682 2063 Apostolus
1729 2000 1783 2046 et
1823 1991 1926 2047 hoc

302 2103 611 2151 novainen,
640 2087 758 2141 illas
784 2102 996 2157 quoque
1023 2094 1314 2142 venustates
1339 2086 1786 2142 caeremoniarum
1814 2068 1928 2139 dis-

301 2180 599 2245 suadebat,
632 2177 703 2233 de
742 2179 933 2248 quibus
960 2178 1099 2233 idem
1124 2176 1380 2233 Conditor
1402 2193 1585 2233 earum
1608 2175 1929 2248 quandocpie

303 2271 619 2328 cessaturis
663 2270 1016 2342 proﬁtebatur
1091 2286 1185 2339 per
1228 2269 1365 2326 Osce
1412 2269 1527 2341 (Os.
1570 2269 1636 2337 Il,
1677 2269 1764 2343 II)
1801 2288 1815 2325 :
1864 2267 1931 2323 Et

304 2375 544 2420 avertam
572 2379 750 2417 omnes
772 2362 1117 2434 fecunditates
1145 2366 1276 2434 ejus,
1323 2372 1370 2418 et
1401 2363 1507 2418 dies
1538 2366 1693 2435 festos
1717 2364 1848 2435 ejus,
1882 2371 1931 2417 et

307 2456 637 2519 neomenias,
680 2465 727 2508 et
752 2454 983 2521 sabbata,
1031 2465 1077 2509 et
1105 2471 1277 2509 omnes
1316 2456 1648 2510 ctcremonias
1677 2456 1807 2527 ejus.
1841 2454 1933 2510 Sic

312 2549 465 2606 enim
497 2557 555 2604 et
582 2563 681 2618 per
707 2544 894 2601 Isaiam
942 2544 1044 2619 (Is.
1072 2546 1112 2613 ι,
1137 2545 1229 2621 η)
1259 2566 1271 2602 :
1305 2546 1615 2602 Neomeuias
1642 2556 1850 2612 uestras,
1887 2554 1937 2601 et

314 2642 553 2707 sabbata,
587 2649 637 2694 et
673 2640 810 2693 diem
840 2657 1084 2711 magnum
1125 2656 1225 2694 non
1257 2641 1513 2695 sustineo:
1544 2640 1696 2711 ferias
1723 2648 1768 2693 et
1790 2639 1932 2710 jeju-

326 2739 492 2802 nium,
527 2747 575 2790 et
614 2735 724 2789 dies
754 2734 906 2804 festos
937 2746 1123 2790 vestros
1165 2735 1272 2789 odit
1307 2734 1483 2789 anima
1522 2750 1653 2788 mea.
1695 2734 1847 2801 Quod
1893 2733 1938 2788 si

323 2839 380 2885 et
419 2826 659 2883 Creator
708 2826 890 2879 omnia
935 2826 1050 2880 hare
1091 2824 1413 2897 jampridem
1463 2834 1830 2892 recusaverat,
1878 2832 1934 2880 et

326 2920 633 2991 Apostolus
663 2932 726 2973 ea
755 2917 865 2986 jam
906 2914 1197 2972 recusanda
1238 2918 1636 2988 pronuntiabat,
1666 2916 1779 2987 ipsa
1815 2931 1944 2971 sen-

326 3013 492 3068 tentia
512 3009 1157 3081 Apostoli,conseutanea
1184 3006 1414 3064 decretis
1434 3007 1725 3076 Creatoris,
1749 3008 1943 3078 probat

2029 1811 2170 1883 apud
2198 1809 2514 1881 Apostolum
2548 1808 2898 1873 inveniretur,
2930 1808 3014 1863 vel
3053 1819 3253 1878 quanto
3289 1809 3620 1881 principalis.

2028 1886 2182 1971 Quod
2229 1901 2273 1955 si
2320 1911 2442 1971 post
2467 1899 2830 1970 apostolorum
2863 1908 3126 1969 tempora,
3168 1900 3490 1967 adultqrium
3530 1918 3625 1957 vc-

2032 1992 2160 2047 ritas
2183 2007 2336 2065 passa
2354 2001 2435 2047 est
2461 1990 2601 2047 circa
2630 1990 2723 2046 Dei
2744 1991 3005 2062 regulam,
3034 2006 3164 2061 ergo
3182 1992 3293 2062 jam
3332 1994 3626 2063 apostolica

2033 2083 2247 2140 traditio
2276 2080 2401 2139 nihil
2433 2098 2587 2156 passa
2610 2093 2691 2139 est
2747 2085 2800 2139 in
2834 2092 3073 2153 tempore
3090 2081 3199 2138 ’suo
3227 2086 3367 2140 circa
3412 2086 3504 2141 Dei
3539 2102 3630 2141 rc-

2032 2175 2230 2249 gulam,
2281 2185 2335 2232 et
2388 2192 2493 2231 non
2526 2176 2630 2231 alia
2661 2175 2997 2246 agnoscenda
3034 2177 3137 2230 erit
3165 2176 3377 2231 traditio
3406 2189 3628 2247 aposto-
3651 2157 3923 2216 θναδιιτυπ

2034 2269 2233 2335 lorum,
2285 2284 2445 2342 quam
2498 2285 2616 2339 qua:
2666 2268 2827 2324 hodie
2880 2269 3021 2340 apud
3070 2270 3306 2340 ipsorum
3356 2270 3730 2327 Ecclesias'”

2042 2360 2238 2415 editur.
2296 2358 2502 2415 Nullam
2552 2370 2730 2415 autetn
2775 2360 3051 2432 apostolici
3098 2376 3290 2417 census
3334 2361 3632 2428 Ecclesium

2037 2453 2302 2522 invenias,
2334 2470 2452 2525 qua:
2491 2470 2598 2510 non
2643 2454 2697 2509 in
2739 2454 2993 2511 Creatore
3023 2453 3406 2534 christianizet.
3441 2462 3546 2512 Aut
3590 2459 3637 2512 si
3683 2521 3705 2530 ι
3735 2523 3748 2530 ﬁ

2039 2549 2121 2603 Ine
2150 2556 2309 2603 erunt
2346 2564 2374 2602 a
2406 2534 2699 2619 primordio
2729 2557 3015 2619 corruptae,
3041 2563 3161 2620 quae
3192 2559 3351 2604 erunt
3376 2550 3635 2621 integra)?

2039 2639 2291 2695 nimirum
2322 2639 2645 2696 adversaria:
2682 2638 2970 2696 Creatoris.
3005 2640 3212 2696 Exhibe
3251 2657 3379 2714 ergo
3405 2643 3640 2714 aliquam

2040 2749 2105 2788 ex
2138 2732 2242 2788 tuis
2259 2733 2533 2804 apostolici
2560 2747 2774 2795 sensus,
2805 2742 2859 2788 et
2875 2732 3166 2789 obduxeris
3185 2733 3278 2808 (ti).
3300 2735 3481 2807 Igitur,
3513 2753 3637 2792 cum

2042 2823 2293 2879 omnibus
2319 2822 2494 2878 modis
2544 2833 2757 2879 constet
2781 2824 2943 2879 alium
2972 2824 3130 2905 deum
3162 2826 3213 2879 in
3243 2828 3422 2896 regula
3455 2843 3639 2883 sacra-
3688 2842 3695 2853 ‘

2042 2915 2211 2971 menti
2232 2916 2383 2971 istius
2407 2932 2511 2970 non
2541 2915 2710 2971 fuisse
2731 2931 2760 2969 a
2782 2915 2998 2971 Christo
3015 2932 3184 2987 usque
3204 2918 3269 2972 ad
3289 2919 3641 2984 Marciouein,

2044 3023 2200 3077 quam
2224 3005 2559 3074 Creatorem,
2594 3007 2723 3062 satis
2746 3008 2855 3076 jam
2883 3016 2939 3061 et
2964 3009 3206 3078 probatio
3235 3023 3414 3065 nostra
3442 3014 3646 3068 numita

326 3122 434 3161 non
458 3105 627 3159 alium
653 3102 822 3157 Deum
845 3101 912 3156 ab
930 3103 1187 3172 Apostolo
1208 3101 1574 3173 praedicatum,
1599 3116 1758 3173 quam
1786 3099 1939 3170 cujus
1968 3124 2010 3183 (ς
2046 3110 2150 3167 est,
2182 3115 2284 3169 qua
2313 3097 2647 3154 ostendimus
2690 3099 2934 3154 n0titiam
2963 3100 3050 3155 dei
3092 3100 3330 3157 haeretici
3372 3120 3437 3160 ex
3465 3106 3646 3161 Evan-

327 3200 548 3256 ilccreta
576 3194 835 3268 cupiebat
858 3191 965 3266 jam
993 3196 1243 3266 agnosci;
1274 3195 1438 3249 falsos
1481 3205 1534 3251 et
1586 3193 1860 3265 apostolos
1890 3202 1945 3247 et

336 3294 536 3348 fratres
567 3300 771 3345 notans
797 3288 848 3341 in
883 3289 979 3343 hac
1006 3303 1216 3353 caussa,
1248 3287 1337 3358 qui
1367 3284 1716 3358 Evangelium
1744 3284 1945 3371 Christi

338 3385 623 3442 Creatoris
670 3380 1025 3437 transferrent
1050 3397 1076 3435 a
1102 3381 1336 3436 novitate
1360 3381 1710 3455 praenuntiata
1732 3395 1760 3434 a
1787 3376 1947 3435 Crea-

330 3488 476 3547 tore,
513 3479 583 3534 αι]
612 3484 936 3533 vetustatem
992 3482 1288 3531 recusatam
1318 3492 1348 3529 a
1385 3474 1644 3532 Creatore
1678 3471 1847 3547 (Cal.,
1875 3471 1897 3528 ι
1930 3514 1946 3542 ,

329 3572 393 3643 6,
422 3572 619 3644 seqq.).

941 3660 1166 3718 CAPUT
1210 3660 1352 3718 XXI.

411 3756 709 3821 Czeterum,
758 3754 803 3810 si
844 3753 995 3825 quasi
1039 3752 1117 3827 (4)
1164 3771 1360 3809 ιιονυηι
1408 3754 1577 3811 Deum
1617 3754 1943 3828 prrcdicans,

268 3886 273 3895 ε
334 3847 547 3903 veteris
582 3847 674 3902 Dei
715 3845 890 3917 legem
920 3845 1169 3915 cupiebat
1215 3844 1522 3912 excludere,
1559 3862 1726 3919 quare
1755 3845 1822 3901 de
1850 3846 1954 3902 deo

86 5884 303 6129 te

337 3940 570 4013 quidem
605 3953 757 3993 novo
780 3935 909 3991 nihil
940 3937 1261 4007 perscribit,
1291 3936 1385 3993 sed
1416 3936 1484 3993 de
1508 3946 1690 3993 vetere
1721 3934 1836 4009 lege
1866 3951 1955 3993 so-

344 4030 777 4098 lummodo,nisi
804 4029 1076 4100 quoniam,
1110 4027 1215 4085 ﬁde
1240 4038 1493 4084 manente
1534 4027 1585 4084 in
1617 4028 1970 4095 Creatorem,

337 4128 460 4184 sola
498 4127 589 4180 lex
631 4122 751 4196 ejus
781 4136 1099 4178 conceSsare
1124 4121 1396 4179 debebat?
1424 4131 1483 4177 ut
1506 4130 1562 4179 et
1588 4121 1835 4177 Psalmus
1864 4119 1956 4178 ille

342 4218 365 4289 (
404 4216 505 4273 Ps.
536 4215 603 4281 Il,
630 4214 665 4270 '5
693 4212 713 4287 )
770 4214 1149 4285 praececinerat
1173 4214 1254 4289 (ὅ)
1292 4232 1304 4268 :
1338 4212 1730 4286 Disrumpamus
1756 4230 1788 4268 a
1817 4212 1959 4269 nobis

339 4311 559 4367 vincula
590 4307 671 4380 t6)
696 4322 888 4375 eorum,
925 4317 971 4361 et
1001 4306 1299 4381 abjiciamus
1318 4323 1491 4362 eorum
1516 4310 1697 4380 jugum
1717 4324 1749 4360 a
1777 4304 1954 4361 nobis:

341 4423 414 4463 ex
458 4418 572 4476 quo
616 4400 824 4457 scilicet
847 4402 1164 4457 tumultuatur
1197 4410 1316 4457 sunt
1341 4410 1532 4473 gentes,
1562 4390 1611 4456 et
1639 4400 1816 4472 populi
1848 4416 1957 4454 ine-

2046 3190 2170 3262 gelii
2190 3200 2242 3247 et
2263 3191 2420 3262 Legis
2442 3191 2780 3262 separatione
2801 3191 3050 3261 cepisse,
3068 3202 3124 3247 et
3143 3193 3383 3250 delinitio
3402 3198 3651 3266 superior
3676 3200 3696 3255 7

2051 3283 2307 3338 instructa
2331 3294 2414 3338 est
2436 3300 2447 3336 :
2473 3299 2578 3349 non
2605 3298 2725 3338 esse
2744 3280 3076 3340 credendum
3112 3285 3271 3340 deum
3304 3304 3463 3357 quem
3486 3289 3648 3344 homo

2052 3376 2120 3433 de
2155 3377 2267 3431 suis
2294 3374 2540 3431 sensibus
2580 3376 2963 3444 composuerit,
2998 3377 3097 3431 nisi
3128 3379 3283 3448 plane
3335 3380 3647 3449 prophetes,

2055 3466 2106 3524 id
2136 3477 2215 3522 cst.
2269 3482 2373 3522 non
2415 3467 2480 3522 de
2507 3464 2617 3521 suis
2643 3465 2913 3523 sensibus.
2942 3467 3095 3536 Quod
3123 3470 3167 3523 si
3198 3448 3653 3542 lllarcioupotcrit

2055 3561 2181 3632 dici,
2218 3560 2435 3618 debebit
2476 3562 2636 3616 etiam
2686 3561 2922 3632 probari.
2969 3560 3109 3616 Nihil
3154 3574 3445 3620 retractare
3486 3581 3649 3635 opor-

2057 3656 2221 3722 tebat,
2250 3656 2321 3729 (ε)
2349 3654 2451 3711 hoc
2474 3655 2614 3710 enim
2641 3670 2817 3711 cuneo
2849 3656 3094 3711 veritatis
3150 3658 3327 3712 omnis
3351 3660 3658 3716 extruditur

2055 3748 2299 3815 haeresis,
2330 3763 2452 3803 cum
2497 3745 2745 3803 Christus
2785 3762 2894 3803 non
2927 3746 3149 3805 alterius
3173 3747 3259 3806 dei
3302 3765 3463 3822 quam
3488 3750 3653 3808 Crea-

2058 3840 2189 3898 toris
2218 3836 2564 3896 circumlator
2594 3838 2914 3894 ostenditur.

2644 3930 2873 3988 CAPUT
2920 3931 3087 3988 XXII.

2131 4024 2238 4083 Sed
2269 4024 2540 4098 quomodo
2568 4023 2805 4105 funditus
2848 4035 3120 4081 evertetur
3160 4024 3239 4099 (9)
3272 4027 3656 4098 Antichristns,

2063 4120 2164 4175 nisi
2193 4119 2403 4174 caaterls
2427 4134 2639 4190 quoque
2665 4118 3042 4191 injectionibus
3069 4119 3184 4190 ejus
3215 4121 3476 4177 elidendis
3508 4124 3657 4181 locus

2063 4212 2241 4278 detur,
2297 4212 2531 4268 relaxata
2579 4213 3046 4284 praescriptionum
3094 4212 3451 4270 defensione?
3483 4219 3655 4277 Acce-

2062 4305 2251 4360 damus
2288 4301 2577 4375 igiturjam
2620 4301 2744 4358 hinc
2776 4303 2842 4358 ad
2872 4301 3041 4374 ipsam
3070 4303 3163 4361 Dei
3195 4321 3477 4374 personam
3506 4348 3521 4373 ,
3573 4307 3658 4363 vel

2062 4397 2240 4470 potius
2262 4396 2503 4450 umbram
2527 4404 2581 4451 et
2606 4395 2919 4466 phantasma
2945 4394 3052 4468 (α),
3075 4397 3365 4454 secundum
3388 4399 3660 4475 C'hristuut

1605 4490 1986 4550 LECTIONES
2019 4487 2324 4549 VARIANT
2328 4482 2435 4543 ES.

478 4584 504 4901 ξ

444 4584 498 4645 1)
531 4585 897 4638 Observandam
916 4580 1021 4636 alii.
1986 4583 2041 4645 D
2127 4582 2199 4643 (6)
2232 4579 2440 4645 Yincula
2462 4591 2490 4629 a
2510 4577 2651 4628 nobis
2670 4575 2861 4645 Pomet.

440 4639 495 4712 ej
532 4648 932 4712 Deprehendens
959 4646 1166 4712 fama.
1263 4709 1274 4712 _
1986 4639 2028 4645 ⁷
2234 4641 2670 4712 Circumvenerunt
2690 4639 2913 4705 Sentler,
2952 4641 3151 4696 Obertlt.

444 4644 498 4774 ἐξ
532 4648 932 4718 Deprehendens
959 4646 1149 4700 Pamet.
2128 4644 2202 4768 f7}
2234 4644 2691 4715 Circumvenerunt.

444 4715 478 4763 5
536 4711 651 4774 Ipso
671 4708 1060 4774 enutt._Semler,
1108 4709 1304 4765 Oberth.
2139 4706 2195 4774 ἓν
2235 4700 2691 4774 §tomiu.Siz_ntler.

446 4764 503 4833 ι)
535 4764 640 4832 dua
664 4770 854 4823 ΡΜ.
1049 4764 1059 4772 ⁷
1120 4764 1129 4765 ί
2130 4764 2204 4833 (9)
2235 4766 2507 4819 Eventetur
2527 4764 2679 4818 Rhea.

445 4834 504 4888 5i
535 4836 869 4886 Prmcinuerat
903 4834 1094 4887 Punici.

1730 4892 2299 4954 COMMENTARIUS.

360 4990 523 5049 latini
560 4988 660 5046 Ms.
705 4988 940 5057 codices,
982 5005 1082 5062 pro
1130 5005 1198 5049 eo
1235 4987 1967 5062 quod_aliihprtedicariinus.
2072 4984 2638 5062 ritatisdel'ensionetn
2665 4995 2888 5062 cuneata
2916 4985 3077 5043 veluti
3101 4988 3235 5042 acie.
3255 4988 3538 5062 Desumpta
3566 4987 3667 5062 hac

361 5062 764 5147 Quibusretiam
798 5056 1073 5147 copSensit
1117 5056 1303 5118 auctor
1336 5056 1473 5147 infra
1511 5056 1606 5117 lib.
1638 5060 1731 5130 IV,
1763 5076 1883 5132 cap.
1914 5062 1968 5127 4,

363 5131 618 5192 adversus
661 5131 828 5187 Marc.
862 5132 999 5189 Pan.

440 5204 597 5262 CAP.
631 5202 776 5258 XXI.
814 5233 887 5244 —
916 5207 989 5274 (a)
1019 5204 1154 5275 Nam
1176 5215 1222 5259 et
1243 5204 1332 5260 aiii
1357 5204 1421 5260 de
1444 5203 1729 5275 idolothyto
1757 5204 1973 5269 edendo,

364 5284 479 5347 etc.
508 5275 717 5331 Alludit
738 5275 804 5330 ad
833 5273 1002 5345 Epist.
1030 5274 1052 5329 I
1076 5278 1315 5344 Apostoli
1345 5277 1411 5330 ad
1440 5273 1767 5336 Corintbios,
1798 5277 1849 5329 in
1875 5291 1976 5347 qua

366 5345 563 5405 contra
601 5347 928 5419 rjusceiuouj
971 5347 1388 5419 disceptationes
1432 5348 1535 5402 late
1587 5347 1861 5416 disputat,
1888 5345 1981 5419 de

328 5472 345 5481 -
368 5416 701 5491 idolothyto,
726 5433 846 5491 cap.
876 5416 1042 5491 X,7de
1070 5416 1353 5491 mulierum
1384 5421 1704 5491 velamento,
1735 5431 1853 5487 cap.
1886 5416 1981 5491 XI,

367 5498 447 5550 do
458 5487 664 5562 nuptiis
676 5490 765 5545 vel
784 5487 1019 5559 repudiis
1033 5504 1149 5562 cap.
1168 5488 1207 5546 V
1219 5488 1285 5556 II,
1304 5488 1436 5546 etde
1448 5504 1543 5562 spe
1560 5489 1986 5562 resurrectionis,

368 5559 637 5636 βαρ-,ΑΧᾏ
705 5630 766 5636 Η
901 5631 912 5636 _
1000 5630 1041 5636 __
1098 5559 1113 5562 ”
1351 5632 1362 5636 Α
1482 5559 1502 5636 '_
1579 5629 1617 5636 _
1716 5559 1851 5636 Pagi.

445 5629 508 5711 "(is
552 5632 637 5689 ει
661 5630 957 5688 obduxeris.
994 5630 1108 5689 Hoc
1139 5636 1244 5698 est,
1284 5632 1547 5688 evinceris.
1579 5629 1756 5694 linea.
1788 5631 1922 5685 Pan.

446 5634 529 5789 te;
560 5703 683 5765 Hoc
714 5702 852 5761 enim
881 5718 1033 5763 cuneo
1074 5704 1318 5764 veritatis.
1347 5703 1460 5764 Hoc
1489 5711 1804 5777 argumento
1823 5702 1890 5760 ad
1914 5718 1922 5745 π

446 5716 501 5789 (εἴ

560 5703 683 5765 Hoc
714 5702 852 5761 enim
881 5718 1033 5763 cuneo
1074 5704 1318 5764 veritatis.
1347 5703 1460 5764 Hoc
1489 5711 1804 5777 argumento
1823 5702 1890 5760 ad
1914 5716 2000 5762 vc-

2076 5059 2355 5127 discipliua
2386 5057 2600 5112 militari
2630 5056 2941 5126 metaphora
2976 5074 3103 5113 usus
3138 5068 3222 5113 est
3251 5064 3367 5127 cap.
3399 5059 3433 5111 2
3460 5057 3675 5127 deﬂe-

2076 5141 2293 5186 surrect.
2318 5130 2523 5183 carnis:
2538 5126 2662 5195 Quo
2688 5144 2845 5181 cuneo
2864 5132 3228 5183 occurrendum
3256 5126 3329 5183 sit,
3347 5129 3503 5182 nobis.
3534 5126 3672 5183 Illud

2079 5202 2211 5256 aciei
2258 5216 2439 5271 genus
2468 5215 2496 5251 a
2545 5198 2785 5271 I’hilippo
2816 5197 3099 5271 Macedone
3142 5200 3411 5254 inventum
3452 5208 3556 5271 est,
3600 5197 3673 5271 ad

2085 5269 2509 5344 perrumpendos
2557 5269 2789 5344 hostium
2840 5269 3055 5344 ordines
3102 5285 3342 5344 qiriinws
3389 5269 3674 5344 confertis-

2085 5337 2271 5398 simos.
2305 5337 2421 5393 Alio
2451 5340 2665 5393 nomine
2690 5355 2889 5394 cuneus
2915 5339 3108 5393 dicitur
3121 5337 3363 5409 phalanx
3395 5349 3446 5395 ct
3482 5337 3676 5406 graecis

2093 5416 2287 5483 εμεςιλοε
2310 5420 2485 5483 ivga“?
2506 5421 2560 5465 ει
2589 5418 2763 5483 (τῖφος)
2796 5411 2871 5483 με
2899 5409 2994 5483 Ρη·

2167 5481 2317 5540 CAP.
2345 5479 2487 5551 XXII
2515 5479 2680 5551 -—(th
2716 5480 2804 5532 γει
2830 5479 2995 5551 potius
3026 5479 3254 5551 umbram
3285 5490 3329 5551 et
3352 5479 3681 5551 phantasma,

2100 5564 2203 5611 etc.
2246 5549 2447 5608 Alludit
2476 5552 2541 5606 ad
2573 5544 3140 5612 errorem'Marcionis,
3170 5549 3311 5617 quod
3353 5544 3597 5601 Christus
3628 5544 3688 5597 in

2104 5626 2471 5698 phantasmate
2529 5621 2687 5698 homo
2729 5618 2802 5698 sit
2842 5616 3035 5698 Iactus,
3075 5616 3257 5698 contra
3307 5632 3464 5686 quem
3522 5626 3694 5679 supra

2106 5686 2214 5772 cgit
2259 5693 2394 5755 libro
2436 5690 2498 5748 de
2541 5690 2702 5750 Carne
2730 5687 2937 5755 Christi,
2969 5703 3083 5760 cap.
3118 5687 3171 5745 5.
3205 5686 3340 5743 Pan.
