4008 6280
373 180 543 281 271.
619 268 632 277 .

1782 217 2249 278 ἹἘΙὶἹύΜΛΑΜ

3565 215 3674 273 ἓῚΞ

372 343 566 413 ipsius,
600 359 693 413 per
720 343 878 415 idque
922 341 1260 397 examinetur
1291 354 1385 410 per
1408 337 1550 410 quod
1570 336 1808 395 Creatori
1840 352 1974 407 pra:-
2000 315 2061 395 Ᾰ·
2080 351 2240 405 quant
2269 315 2411 392 nolle
2435 334 2692 407 prodesse
2732 351 2852 392 cum
2882 335 3088 406 possis?
3117 348 3278 404 quam
3301 331 3526 391 utilitate
3549 350 3672 390 cru-

372 432 564 491 fertur.
589 435 652 491 Et
680 435 860 505 utique
874 431 1253 504 erunttrcgulae
1277 438 1438 486 certae
1455 431 1521 486 ad
1551 428 1971 486 examinandum

373 526 817 584 Dcihonitatem.
851 524 955 582 Sed
989 525 1140 596 prius
1184 533 1268 580 est
1305 533 1359 579 ut
1403 523 1669 579 inveniam
1699 523 1869 587 illam,
1919 533 1973 578 et

373 618 801 690 adprehendam,
855 627 910 673 et
957 617 1029 672 ita
1092 616 1158 672 ad
1210 616 1425 687 regulas
1481 615 1789 686 perducam.
1839 614 1970 671 Cum

372 709 517 765 enim
538 708 911 780 circumspicio
934 716 1194 778 tempora,
1230 721 1491 776 nusquam
1514 714 1598 762 est
1620 722 1648 759 a
1679 692 1972 776 primordio

371 802 743 867 materiarum,
776 810 832 855 et
861 798 943 870 (I)
985 797 1205 853 introitu
1235 811 1566 858 caussarum,
1611 812 1731 851 cum
1780 796 1973 866 quibus

371 890 636 950 debuerat
666 891 896 955 inveniri
927 889 1124 946 exinde
1152 904 1317 960 agens
1344 887 1485 959 quod
1527 886 1611 959 (2)
1641 887 1723 958 agi
1766 886 1969 942 habuit.

370 985 505 1043 Erat
533 986 676 1041 enim
712 984 823 1054 jam
849 991 906 1039 et
934 995 1099 1048 mors,
1130 991 1189 1037 et
1231 981 1668 1056 gglgsmortis
1694 980 1970 1053 delictum,

378 1090 436 1135 et
464 1080 581 1152 ipsa
609 1078 807 1135 malitia
834 1076 1139 1142 Creatoris;
1188 1075 1449 1131 adversus
1491 1091 1649 1145 quam
1688 1072 1974 1129 subvenire

373 1175 597 1231 deberet
626 1172 848 1230 alterius
903 1172 990 1228 dei
1023 1171 1252 1235 bonitas,
1284 1171 1471 1242 primae
1505 1169 1625 1224 huic
1660 1169 1860 1240 regulae
1886 1167 1971 1221 di-

368 1267 512 1325 vinae
543 1264 797 1326 bonitatis
825 1279 1138 1331 occurrens,
1168 1264 1212 1320 si
1243 1279 1301 1319 se
1342 1262 1642 1317 naturalem
1694 1259 1970 1331 probaret,

376 1359 559 1417 statim
590 1373 932 1426 succurrens,
966 1367 1023 1412 ιιι
1068 1372 1259 1413 caussa
1288 1357 1469 1427 capit.
1499 1354 1689 1410 Omnia
1725 1354 1870 1411 enim
1920 1353 1972 1407 in

367 1453 486 1509 Deo
533 1450 797 1507 naturalia
859 1460 914 1505 et
960 1449 1196 1521 ingenita
1246 1463 1366 1505 esse
1409 1445 1702 1513 debebunt,
1734 1442 1814 1501 ‘ut
1864 1444 1975 1500 sint

371 1552 597 1608 aeterna,
634 1539 929 1598 secundum
957 1549 1156 1595 statum
1185 1541 1383 1609 ipsius,
1425 1553 1493 1594 nc
1534 1535 1874 1593 obvenientia
1919 1546 1975 1592 et

364 1645 621 1691 extranea
644 1642 984 1705 rcputeutur,
1010 1647 1073 1687 ac
1098 1647 1193 1702 per
1222 1631 1346 1699 hoc,
1370 1629 1684 1700 temporalia
1715 1640 1767 1685 et
1816 1640 1974 1685 aeter-

1506 1046 1757 1055 m

2089 430 2217 485 ciau-i
2253 428 2371 503 (8)?
2396 446 2554 502 quam
2580 429 2826 501 injuriam
2863 429 3074 487 sinere?
3113 426 3187 501 (b)
3220 428 3413 483 Totum
3441 428 3672 498 denique

2075 521 2347 579 Creatoris
2374 523 2606 595 elogium
2633 523 2684 578 in
2724 523 2872 578 illum
2911 521 3258 586 reseribctur,
3300 520 3392 592 qui
3439 520 3671 576 sanvitias

2076 614 2193 684 ejus
2222 614 2475 671 bonitatis
2518 631 2629 671 suae
2670 630 2820 671 mora
2854 614 3018 684 juvit.
3061 612 3193 668 Nam
3222 612 3275 668 in
3329 612 3482 683 cujus
3507 628 3671 669 manu

2076 717 2160 763 est
2185 706 2313 778 quid
2343 722 2408 763 ne
2437 707 2544 771 liat,
2570 706 2688 778 ejus
2717 705 2829 777 jatn
2880 706 3170 776 deputatur
3196 720 3317 760 cum
3348 705 3432 778 (9)
3460 704 3538 759 Iit.
3568 705 3671 759 Ilo-

2080 815 2169 856 tno
2193 800 2477 855 damnatur
2507 801 2559 854 in
2586 807 2811 855 mortem
2843 798 2941 871 (ε),
2969 798 3040 854 ob
3070 798 3229 855 unius
3258 797 3552 853 arbuscula:
3573 796 3673 853 de-

2079 894 2414 961 libationcm,
2465 904 2520 951 et
2564 892 2759 951 exinde
2782 893 3066 965 proﬁciunt
3102 893 3446 963 delictacum
3474 893 3670 964 pmtti<,

2077 999 2131 1044 et
2158 999 2378 1058 pereunt
2406 988 2516 1060 jam
2542 1002 2732 1044 omnes
2785 987 2873 1057 qui
2906 986 3135 1058 paradisi
3171 986 3377 1043 nullum
3415 988 3670 1058 ccSpitetn

2079 1089 2293 1134 norunt.
2337 1079 2401 1134 Et
2437 1081 2539 1135 hoc
2584 1078 2977 1149 tnclior‘aliqui
3024 1078 3165 1134 Deus
3206 1087 3298 1134 aut
3346 1077 3538 1146 nescit,
3582 1085 3678 1133 aut

2076 1170 2347 1226 sustinet?
2368 1168 2424 1226 Si
2453 1170 2556 1243 (d),
2589 1178 2645 1225 ut
2672 1185 2736 1226 ex
2770 1171 2872 1226 hoc
2899 1170 3090 1226 melior
3120 1170 3454 1227 inveniretur
3473 1180 3676 1242 quanto

2075 1259 2300 1317 Creator
2326 1260 2564 1317 deterior
2608 1260 2916 1328 haberetur,
2953 1260 3087 1315 satis
3127 1270 3182 1318 et
3219 1262 3271 1316 in
3319 1262 3422 1317 isto
3446 1262 3677 1318 consilio

2082 1354 2400 1419 malitiosus,
2423 1355 2510 1426 qui
2533 1364 2587 1409 et
2613 1354 2761 1409 illum
2789 1355 2954 1410 voluit
2972 1366 3253 1411 oneratum
3274 1356 3677 1426 operationibus

2087 1444 2202 1514 ejus
2223 1444 2474 1501 admissis
2494 1445 2631 1516 (10),
2652 1454 2706 1502 et
2730 1447 2986 1501 saeculum
3021 1447 3073 1502 iu
3113 1447 3398 1504 vexatione
3422 1447 3674 1504 detinuit.

2077 1537 2213 1604 Quid
2244 1536 2312 1593 de
2345 1538 2434 1592 tali
2480 1537 2690 1594 medico
2711 1537 2998 1609 judicabis,
3044 1541 3133 1610 qui
3174 1540 3370 1594 nutriat
3422 1541 3677 1597 morbum

2078 1645 2228 1685 mora
2260 1628 2519 1700 praesidii,
2565 1640 2620 1686 et
2667 1630 2960 1700 periculum
3006 1631 3261 1687 extendat
3287 1631 3541 1689 dilatione
3584 1649 3677 1689 re—

364 1729 551 1785 nitatis
579 1727 776 1784 aliena.
804 1726 879 1782 Ita
905 1734 960 1782 et
987 1724 1201 1781 bonitas
1231 1722 1482 1794 perennis
1508 1729 1564 1778 et
1583 1721 1724 1793 jugis
1750 1722 1830 1794 (ὅ)
1856 1722 1968 1777 exi-
1997 1727 2045 1788 Β
2077 1720 2257 1786 medii,
2290 1736 2397 1793 quo
2425 1721 2710 1792 pretiosius
2735 1732 2827 1778 aut
2856 1721 3110 1779 famosius
3134 1724 3322 1780 curet?
3363 1723 3508 1781 Talis
3536 1736 3587 1780 et
3621 1726 3676 1781 in

368 1830 528 1894 getur
549 1822 603 1875 in
630 1820 760 1888 Deo,
776 1835 915 1891 qua),
952 1819 1003 1874 in
1029 1816 1296 1873 thesauris
1323 1815 1646 1871 naturalium
1678 1815 1973 1886 proprieta-

363 1924 482 1971 tum
498 1914 731 1985 reposita
754 1922 809 1968 ct
824 1898 1029 1983 parata,
1051 1908 1395 1966 antecederet
1409 1924 1626 1964 caussas
1646 1917 1699 1965 et
1721 1909 1972 1965 materias

364 2021 516 2071 suas;
547 2015 603 2062 et
630 2005 858 2074 primam
885 2016 1157 2075 quamque
1182 2001 1502 2070 susciperet,
1536 2014 1641 2055 non
1669 1998 1973 2071 despiceret

364 2108 423 2157 et
446 2098 786 2164 destitueret,
816 2096 860 2153 si
890 2093 1262 2151 antecedebat.
1294 2093 1556 2162 Denique,
1587 2107 1693 2148 non
1715 2092 1893 2148 minus
1917 2102 1970 2149 et

367 2190 459 2247 hic
486 2190 566 2262 (4)
621 2188 859 2260 quaeram
899 2203 997 2244 cur
1025 2202 1130 2243 non
1161 2201 1192 2240 a
1224 2174 1517 2257 primordio
1537 2192 1754 2255 operata
1781 2183 1851 2239 sit
1875 2184 1971 2239 bo-

367 2285 509 2342 nitas
536 2283 672 2353 ejus,
706 2297 866 2353 quam
897 2281 965 2336 de
993 2280 1110 2351 ipso
1138 2278 1507 2350 quaesivimus,
1537 2292 1634 2332 cur
1660 2292 1768 2333 non
1806 2294 1835 2332 a
1862 2277 1971 2347 pri-

365 2374 581 2433 mordio
630 2374 702 2429 sit
748 2372 1053 2429 revelatus?
1104 2368 1348 2437 Quidni?
1395 2367 1484 2439 qui
1533 2382 1630 2437 per
1677 2369 1966 2425 bonitatem

365 2466 601 2527 revelari
633 2465 881 2532 haberet,
914 2464 958 2520 si
989 2463 1080 2535 qui
1127 2462 1332 2516 luisset.
1364 2458 1443 2531 (α)
1488 2459 1604 2515 Non
1654 2475 1810 2531 posse
1840 2461 1965 2532 quid

363 2561 482 2617 Deo
507 2575 613 2615 non
641 2558 789 2625 licet,
822 2556 1016 2613 nedum
1049 2553 1386 2611 naturalibus
1416 2554 1528 2610 suis
1560 2553 1702 2626 iungi
1731 2572 1746 2610 :
1779 2571 1895 2626 quae
1920 2555 1966 2613 si

366 2653 727 2716 continentur,
753 2666 861 2721 quo
881 2649 1059 2705 mintts
1088 2656 1332 2711 currant,
1362 2647 1624 2703 naturalia
1655 2661 1762 2703 non
1785 2657 1962 2704 erunt.

368 2745 439 2801 Et
465 2744 633 2800 otium
661 2744 805 2800 enim
835 2757 930 2797 sua
968 2749 1157 2796 natura
1187 2755 1292 2794 non
1324 2740 1504 2794 novit:
1538 2739 1666 2796 hinc
1689 2749 1961 2807 censetur,

365 2839 415 2896 si
442 2847 566 2910 agat
596 2837 698 2910 (5),
737 2835 787 2893 si
814 2850 915 2892 nec
943 2835 1181 2903 noluisse
1208 2832 1477 2890 videbitur
1514 2848 1771 2891 exercere
1810 2833 1965 2890 boui-

366 2942 532 2990 tatem
578 2931 793 2988 interim
839 2939 1045 2986 naturae
1087 2928 1323 2983 nomine.
1353 2925 1548 2983 Natura
1593 2927 1735 2984 enim
1774 2942 1835 2984 se
1882 2928 1961 3000 (6)

363 3042 474 3082 non
507 3035 682 3097 potest
710 3023 874 3090 nolle,
900 3037 1022 3094 quae
1051 3036 1110 3077 se
1143 3021 1215 3076 ita
1246 3019 1446 3092 dirigit,
1487 3030 1545 3075 ut
1572 3021 1617 3076 si
1646 3023 1958 3091 cessaverit,

2075 1814 2235 1869 deum
2279 1812 2565 1869 Marcionis
2611 1813 2833 1870 dicenda
2860 1816 3122 1871 sententia
3152 1827 3254 1882 est,
3288 1817 3411 1872 mali
3440 1820 3676 1890 permis-

2075 1923 2276 1973 sorem,
2301 1907 2511 1978 injuria:
2543 1906 2826 1977 fautorem,
2873 1911 3058 1982 gratia:
3098 1910 3538 1979 lenocinatorcm,
3570 1911 3671 1967 be-

2075 1999 2350 2072 nignitatis
2378 2002 2867 2070 praevaricatorem,
2903 2016 3062 2072 quam
3099 2017 3206 2058 non
3238 2003 3418 2085 statim
3466 2020 3677 2060 caussae

2073 2107 2185 2150 suae
2211 2092 2474 2162 exhibuit,
2506 2093 2681 2165 plane,
2716 2095 2760 2150 si
2790 2103 2977 2152 natura
3003 2096 3198 2169 bonus,
3227 2096 3584 2163 exltibiturus,
3614 2110 3677 2154 et

2074 2203 2180 2242 non
2225 2187 2563 2252 accessione,
2615 2187 2659 2244 si
2710 2188 2923 2260 ingenio
2951 2189 3207 2261 optimus,
3261 2200 3317 2246 et
3355 2206 3461 2246 non
3510 2190 3676 2247 disci~

2071 2280 2240 2352 plina,
2267 2279 2315 2335 si
2341 2281 2409 2335 ab
2431 2296 2547 2336 aevo
2574 2280 2735 2347 Deus,
2771 2289 2827 2337 et
2853 2297 2958 2336 non
2981 2297 3009 2334 a
3037 2280 3287 2348 Tiberio;
3335 2279 3445 2337 imo
3469 2324 3483 2348 ,
3525 2283 3675 2354 quod

2071 2370 2312 2439 verius,
2339 2371 2411 2447 (e)
2457 2390 2488 2428 a
2525 2372 2773 2429 Cerdone
2819 2382 2875 2429 et
2921 2372 3211 2430 Marciane.
3265 2372 3482 2430 Tiberio
3527 2391 3678 2431 nunc

2070 2463 2205 2520 deus
2236 2464 2323 2519 ille
2359 2465 2685 2535 praestiterit,
2715 2473 2775 2520 ut
2801 2464 3025 2536 imperio
3044 2465 3161 2538 ejus
3184 2464 3362 2523 divina
3385 2466 3591 2524 bonitas
3613 2468 3675 2525 in

2070 2556 2229 2613 terris
2257 2555 2614 2614 dedicaretur.

2633 2689 2864 2747 CAPUT
2911 2690 3098 2748 XXIII.

2145 2823 2216 2898 (f)
2246 2824 2419 2881 Aliam
2456 2794 2551 2882 illi,
2574 2826 2815 2899 regulam
2840 2826 3154 2898 praetende;
3198 2828 3338 2885 sicut
3380 2832 3672 2900 naturalia,

2070 2917 2140 2972 ita
2181 2918 2460 2973 rationalia
2488 2934 2608 2974 esse
2646 2919 2843 2976 debere
2869 2920 2986 2993 (ll)
3028 2921 3080 2977 in
3129 2922 3240 2979 Deo
3265 2924 3464 2980 omnia.
3498 2925 3677 2998 Exige

2069 3009 2330 3065 rationem
2371 3009 2648 3077 bonitatis,
2698 3011 2822 3082 quia
2862 3027 2960 3068 nec
2988 3012 3130 3068 aliud
3177 3013 3304 3084 quid
3334 3015 3533 3072 bonum
3574 3017 3679 3073 ha~

366 3133 477 3174 non
504 3117 595 3174 sit.
625 3116 730 3173 Sed
767 3115 998 3169 cessavit
1026 3112 1318 3184 aliquando
1377 3111 1430 3167 in
1461 3111 1565 3168 deo
1595 3112 1878 3170 Marcionis
1901 3114 1969 3170 de
1995 3116 2040 3180 (ζ
2073 3099 2190 3157 beri
2220 3101 2396 3168 liceat,
2428 3101 2568 3173 quod
2608 3117 2714 3158 non
2754 3103 3092 3160 rationaliter
3125 3103 3322 3161 bonum
3354 3107 3441 3173 sit,
3472 3109 3674 3166 nedum

365 3224 537 3283 opere
579 3208 793 3264 bonitas
832 3206 932 3278 (7).
965 3205 1111 3276 Ergo
1154 3220 1261 3259 non
1302 3202 1403 3259 fuit
1431 3204 1688 3260 naturalis
1732 3204 1965 3275 bonitas,

365 3318 488 3376 quae
516 3300 690 3374 potuit
713 3297 1005 3370 aliquando
1031 3310 1298 3363 cessasse,
1331 3296 1474 3367 quod
1504 3298 1829 3354 naturalibus
1860 3316 1966 3356 non

365 3395 515 3453 licet.
565 3395 634 3451 Et
667 3393 712 3449 si
753 3407 858 3447 non
890 3390 996 3446 erit
1023 3388 1304 3455 naturalis,
1330 3388 1440 3459 jam
1470 3403 1570 3444 nec
1603 3400 1804 3446 aeterna
1845 3406 1966 3447 ere-

366 3486 567 3551 denda,
597 3500 697 3542 nec
727 3484 836 3540 Deo
879 3499 1004 3555 par,
1037 3483 1160 3553 quia
1189 3496 1294 3537 non
1320 3490 1545 3547 aeterna,
1576 3480 1704 3537 dum
1733 3498 1839 3539 non
1872 3498 1969 3538 na-

364 3580 596 3638 turalis:
639 3592 758 3649 quae
794 3576 1028 3644 denique
1055 3574 1253 3630 nullam
1281 3573 1364 3629 sui
1392 3575 1840 3644 perpetuitatem,
1874 3586 1968 3632 aut

366 3672 438 3728 de
474 3669 750 3742 praeterito
777 3665 1091 3729 constituat,
1136 3673 1228 3719 aut
1271 3663 1341 3719 de
1388 3662 1568 3720 futuro
1601 3665 1960 3735 repromittat.

367 3765 503 3823 Nam
530 3772 586 3819 et
614 3777 643 3817 a
674 3758 967 3833 primordio
994 3773 1102 3814 non
1130 3756 1247 3821 fuit,
1276 3764 1332 3813 et
1366 3755 1418 3811 in
1451 3756 1613 3813 linem
1641 3758 1761 3813 sine
1799 3758 1965 3816 dubio

368 3876 478 3917 non
505 3858 627 3914 erit.
674 3855 860 3911 Potest
887 3852 1029 3908 enim
1074 3861 1129 3907 et
1158 3839 1267 3906 non
1308 3864 1429 3906 esse
1454 3851 1796 3923 quandoque,
1825 3855 1965 3910 sicut

366 3967 478 4009 non
507 3948 606 4005 fuit
632 3943 939 4017 aliquando.
969 3942 1156 4015 Igitur;
1197 3958 1319 3998 cum
1355 3950 1563 3997 constet
1591 3943 1642 3997 in
1673 3945 1964 4014 primordio

368 4056 616 4101 cessasse
641 4038 938 4096 bonitatem
971 4035 1065 4092 Dei
1093 4035 1238 4095 illius
1267 4033 1289 4108 (
1311 4050 1416 4091 non
1446 4036 1588 4091 enim
1614 4053 1642 4090 a
1669 4038 1966 4108 primordio

365 4131 620 4191 liberavit
647 4126 984 4196 hominem),
1018 4134 1074 4182 et
1106 4126 1381 4180 voluntate
1426 4124 1606 4195 potius
1631 4142 1750 4182 eam
1802 4146 1962 4200 quam

276 4238 285 4243 ‘
366 4224 681 4282 inﬁrmitate
701 4233 966 4286 cessasse,
983 4218 1094 4289 jam
1120 4216 1377 4272 voluntas
1395 4230 1695 4288 suppressa:
1710 4220 1965 4282 bonitatis

356 4315 495 4374 "linis
515 4310 818 4371 invenietur
833 4309 1197 4382 malignitatis.
1211 4306 1350 4378 Quid
1363 4309 1503 4367 enim
1521 4319 1628 4367 tam
1650 4314 1961 4388 malignum,

2073 3204 2131 3250 ut
2159 3196 2274 3266 ipsa
2319 3194 2531 3252 bonitas
2576 3197 2901 3254 irrationalis
2940 3197 3390 3270 deprehendatur.
3438 3201 3676 3261 Facilius

2072 3289 2291 3354 malum,
2325 3272 2411 3344 cui
2445 3289 2669 3346 rationis
2697 3289 2898 3361 aliquid
2923 3289 3172 3359 adfuerit,
3217 3309 3313 3365 pro
3337 3294 3481 3351 bono
3508 3296 3678 3365 halic-

2070 3381 2236 3446 bitur,
2262 3396 2418 3451 quam
2443 3392 2500 3436 ut
2524 3381 2720 3437 bonum
2747 3382 2959 3461 ratione
2982 3382 3253 3440 desertum
3278 3401 3383 3441 non
3406 3402 3505 3458 pro
3526 3389 3677 3444 malo

2063 3473 2356 3544 judicetur.
2396 3472 2546 3545 Nego
2575 3474 2889 3531 rationalem
2919 3474 3210 3533 bonitatem
3250 3477 3335 3533 dei
3362 3478 3673 3547 Marcionis,

2065 3568 2176 3638 jam
2222 3568 2322 3623 hoc
2351 3567 2543 3637 primo,
2575 3567 2716 3638 quod
2749 3568 2801 3623 in
2831 3568 3057 3625 salutem
3088 3573 3408 3642 processerit
3436 3572 3674 3632 hominis

2028 3688 2031 3697 λ
2068 3659 2252 3717 alieni.
2293 3659 2418 3716 Scio
2444 3659 2716 3716 dicturos:
2743 3661 2941 3733 Atquin
2977 3661 3114 3719 hanc
3157 3678 3276 3720 esse
3321 3666 3671 3738 principalem

2069 3762 2125 3810 et
2176 3751 2465 3821 perfectam
2516 3749 2857 3818 bonitatem,
2884 3768 3005 3810 cum
3046 3754 3165 3811 sine
3200 3754 3310 3812 ullo
3349 3755 3532 3813 debito
3585 3750 3671 3813 fa-

2070 3847 2413 3913 miliaritatis,
2444 3844 2495 3901 in
2524 3856 2816 3903 extraneos
2838 3849 3139 3905 voluntaria
3165 3861 3220 3906 et
3244 3849 3411 3907 libera
3434 3852 3671 3909 emundi-

2071 3950 2176 4006 tur,
2201 3939 2495 3995 secundum
2523 3954 2682 4009 quam
2706 3940 2953 3998 inimicos
2982 3958 3196 4014 quoque
3215 3954 3451 4013 nostros,
3481 3957 3533 4003 et
3564 3947 3672 4006 hoc

2070 4033 2287 4088 nomine
2312 4031 2422 4102 jam
2450 4040 2761 4100 extraneos,
2788 4032 3011 4105 diligere
3035 4035 3340 4104 jubeamur.
3363 4037 3497 4095 Cmn
3535 4032 3671 4112 ergo

2067 4142 2173 4183 non
2198 4142 2230 4182 a
2257 4125 2549 4196 primordio
2580 4126 2855 4183 hominem
2887 4128 3145 4199 respexit,
3187 4146 3216 4185 a
3250 4131 3545 4201 primordio
3564 4150 3667 4190 ex-

2071 4229 2341 4285 traneum,
2367 4218 2632 4276 cessando
2661 4219 3034 4291 praejudicavit
3069 4238 3193 4279 cum
3231 4233 3488 4283 extraneo
3530 4227 3668 4284 nihil

2064 4313 2167 4372 sibi
2214 4328 2356 4371 esse.
2383 4312 2670 4381 Caeterum,
2699 4311 3035 4385 disciplinaut
3063 4314 3321 4387 diligendi
3349 4328 3665 4378 extraneum

1606 4428 1986 4496 LECTIONES
2018 4400 2430 4493 vantanms.

427 4522 500 4587 (ι)
533 4522 592 4587 In
613 4516 780 4587 inserit
793 4514 1010 4587 _Se_mler.

358 4650 369 4716 ξ
432 4586 507 4716 iii
535 4576 1219 4716 Eiiqiﬁl‘aeffii'r‘ém'i

359 4663 365 4683 ⁷
452 4663 482 4699 ὂ
535 4663 601 4696 nl.
615 4663 750 4716 Jltgls
769 4663 903 4715 (west
920 4663 971 4691 m
992 4663 1157 4694 rum.

427 4663 504 4830 is?
536 4702 1214 4830 Eataa.t‘s.msaa‘fm‘-

429 4764 504 4892 (ἓίῖ
537 4764 742 4844 Agatur.
766 4766 849 4816 Sic
871 4764 1061 4818 Pamel.

429 4835 482 4896 (ϐ
538 4831 620 4884 Sac
640 4829 744 4881 alii.

1987 4530 2044 4592 Ι)
2079 4527 2106 4538 "
2153 4525 2204 4587 7)
2238 4522 2479 4573 Bonitatis
2499 4518 2662 4572 Paris.
2690 4520 2837 4573 Rhen.

2067 4540 2117 4644 ﬁ
2131 4525 2206 4644 i8)
2243 4585 2510 4636 Utilitatem
2532 4585 2754 4644 cruciare
2782 4583 2837 4635 Ri

2191 4654 2206 4711 )

2153 4525 2204 4587 7)
2238 4525 2479 4573 Bonitatis
2499 4525 2662 4572 Paris.
2690 4525 2837 4573 Men.

2153 4588 2206 4656 ξ)
2243 4585 2510 4656 litilitatem
2532 4585 2754 4656 cruciare
2782 4583 2887 4650 Rig.

2155 4643 2349 4721 {ﬁdem
2371 4647 2519 4721 inser.
2541 4643 2730 4697 Pantel.
2751 4710 2783 4721 ﬂ

2137 4710 2239 4774 (10)
2272 4710 2963 4780 Honoratumpperationibus
2984 4710 3093 4774 ejus
3114 4710 3370 4767 admisisse
3391 4714 3539 4770 Rhea.

2132 4775 2239 4841 (lt)
2270 4771 2474 4824 Debere
2495 4777 2643 4824 0mm.
2668 4769 2822 4824 Seml.
2844 4772 3041 4827 Uberi/1.

1741 4897 2302 4960 COMMENTARIUS.

444 4990 549 5065 (θλ
564 4987 688 5044 Νοη
724 5002 871 5065 posse
895 4985 1022 5065 gitid
1047 4983 1157 5040 Deo
1182 5001 1285 5065 non
1312 4983 1444 5065 licet.
1477 4983 1679 5044 Sensus
1706 5002 1788 5048 est
1814 5011 1827 5047 :
1850 4993 1968 5051 Non

365 5056 633 5134 licet'Deo
661 5056 947 5134 ut‘aliquid
975 5073 1104 5134 near
1110 5057 1298 5128 possit,
1340 5056 1536 5113 nedum
1569 5070 1627 5116 ut
1667 5078 1773 5118 non
1804 5069 1973 5134 possit

367 5131 707 5192 naturalibus
729 5127 850 5184 suis
866 5128 1038 5200 fungi.
1068 5127 1243 5183 Busa.

443 5205 525 5280 (b)
556 5202 737 5280 Totam}
766 5197 987 5280 denique
1013 5199 1266 5255 Creatoris
1286 5197 1513 5280 elogium
1535 5203 1590 5257 in
1617 5203 1762 5258 illum
1788 5209 1972 5280 remi.

370 5270 531 5332 betur.
577 5273 820 5345 Elogium
852 5272 984 5345 dicit
1031 5286 1249 5345 nomen,
1281 5270 1521 5345 titulum;
1552 5281 1606 5329 et
1649 5278 1922 5333 rescribere
1947 5322 1963 5345 ,

368 5347 511 5419 quod
567 5341 809 5419 sequenti
832 5342 1003 5419 “libro
1071 5341 1216 5397 dicet
1276 5341 1628 5419 transcribere.
1678 5347 1784 5419 Sed
1835 5358 1880 5404 et
1925 5341 1970 5406 si

368 5411 677 5481 tiinomiu'e
719 5415 772 5469 in
807 5414 1068 5469 diabolum
1098 5411 1478 5481 transcripseris
1504 5416 1892 5542 malti‘elogimu.

1658 5503 1727 5542 ια.

1658 5503 1727 5544 IG.

440 5562 511 5632 (ρ)
548 5558 716 5632 Iiomq
736 5559 1008 5632 damnatur
1033 5556 1084 5610 iu
1116 5563 1347 5619 mortem,
1374 5563 1479 5632 etc.
1513 5555 1736 5632 Pulchra
1761 5562 1960 5632 peccati

362 5623 640 5705 originalis
682 5629 992 5705 descriptio,
1021 5638 1352 5705 quamquam
1384 5623 1517 5705 ipse
1562 5628 1613 5682 iu
1646 5623 1830 5705 pluran
1872 5647 1962 5686 ηυ.

362 5694 514 5761 mero
538 5700 744 5768 eII'eratt,
785 5708 834 5756 et
864 5694 1078 5765 exinde,
1120 5694 1393 5768 prosiliunt
1432 5695 1586 5767 (sive
1638 5694 1913 5770 proﬁciam!
1938 5744 1956 5772 ,

2077 4994 2149 5051 uti
2196 4993 2396 5067 habent
2424 4990 2592 5067 Vatic.
2625 5006 2675 5045 z.
2705 4988 2803 5067 bis.
2845 4990 3017 5067 cod.)
3068 4993 3206 5049 dicta
3247 5011 3362 5051 cum
3390 4996 3566 5067 pinnis.
3597 5011 3667 5050 eo

2074 5066 2215 5138 quod
2243 5081 2310 5121 ex
2341 5063 2457 5134 ipso
2481 5062 2642 5138 etiam
2680 5061 2786 5138 alia
2812 5061 3224 5138 multa'peccata
3249 5061 3507 5122 oriantur.
3542 5067 3665 5122 Elc-
3762 5079 3775 5093 '

2072 5131 2270 5208 ganter
2296 5131 2473 5190 autem
2500 5131 2654 5208 dixit,
2697 5131 3038 5208 quippmdiii
3065 5136 3264 5191 nullum
3302 5139 3535 5208 cespitem
3563 5154 3660 5190 uo-

2074 5202 2214 5275 i-unt,
2250 5207 2366 5334 lhoc
2407 5214 2491 5263 est
2514 5202 2607 5273 qui
2635 5202 2866 5274 paradisi
2892 5214 3091 5262 terram
3120 5202 3410 5278 numquam
3436 5209 3664 5281 ingressi

2074 5290 2217 5334 sunt.
2293 5294 2384 5334 ΛΠ.

2072 5290 2217 5336 sunt.
2252 5290 2384 5334 PM].

2172 5348 2228 5410 tl)
2272 5349 2347 5407 Si.
2381 5343 2635 5410 Subaudi,
2671 5342 2942 5400 sustinuit.
2986 5347 3116 5405 Eon.

2172 5351 2202 5404 tl
2272 5349 2347 5407 Si.
2381 5348 2635 5410 Subaudi,
2671 5348 2942 5400 sustinuit.
2986 5348 3116 5405 Eon.

2256 5422 2296 5473 Α
2328 5413 2939 5498 Cerdoneet'ﬂlarcione.
2975 5418 3263 5493 Conjungit
3288 5421 3388 5478 hos
3411 5422 3565 5490 duos,
3595 5437 3664 5478 eo

2146 5510 2172 5543 ι.
2233 5490 2499 5545 Cerdottls
2520 5485 2815 5545 discipulus
2843 5486 2999 5544 fuerit
3026 5490 3279 5545 Marcion.
3311 5494 3446 5545 PAII.

2066 5485 2214 5564 quaid
2233 5488 2499 5564 Cerdoujs
2520 5485 2815 5564 discipulus
2843 5486 2999 5564 fuerit
3026 5485 3279 5564 Marcion.
3311 5494 3446 5550 Pw.

2136 5562 2293 5617 CAP.
2318 5556 2588 5635 XXIII.—
2606 5555 2672 5627 (ἴ)
2692 5555 2864 5611 Aliam
2886 5558 2967 5613 illi
2991 5562 3217 5635 regulam
3237 5566 3510 5635 praetende.
3541 5565 3663 5619 Alio

2063 5631 2460 5761 argutule‘nttpn
2487 5629 2658 5700 ipsam
2686 5638 2826 5697 utor,
2856 5637 2912 5686 et
2931 5629 3166 5703 regulam
3197 5629 3437 5693 veritatis
3460 5636 3534 5693 illi
3559 5651 3659 5694 cs-

2063 5721 2094 5761 n
2121 5718 2222 5761 tco.
2294 5719 2326 5759 κ
2400 5717 2453 5757 n.

2062 5717 2222 5777 pttco.
2249 5717 2326 5759 Le
2357 5717 2453 5759 ra.
