4008 6280
263 325 358 383 277

1329 315 1461 375 LIB.
1504 317 1520 372 ι
1560 313 1927 373 Αυνεκευε
1962 290 2387 371 MARCIONEM.

3454 300 3564 358 978

264 442 486 516 Epicuro
539 441 792 507 nolente,
835 437 1141 495 consiliario
1171 434 1438 493 Marciane
1483 434 1587 508 (t).
1627 434 1758 490 Nam
1810 442 1865 489 et
1892 436 1941 495 A
1970 441 2076 488 tem
2098 474 2113 496 .
2143 432 2284 504 quod
2316 447 2420 489 non
2452 431 2599 489 laedit
2624 430 2977 487 voluntatem.
3013 427 3121 512 Aut
3145 426 3189 482 si
3219 424 3321 482 hoc
3351 423 3456 480 erit
3479 422 3564 478 di-

265 535 638 595 adversarium
686 532 782 588 sibi
833 530 1115 589 constituit
1184 530 1355 599 ipsum
1409 527 1539 583 illud
1607 526 1866 582 adversus

268 627 402 702 quod
427 637 483 683 et
513 626 714 689 voluit,
747 634 795 681 et
822 623 1164 694 concupiitet
1195 621 1420 686 curavit,
1454 621 1568 675 sive
1587 619 1863 684 delictum,

1970 525 2108 580 vince
2136 524 2348 581 virtutis
2368 569 2383 591 ,
2411 525 2543 581 sive
2572 523 2827 579 bonitatis
2845 564 2860 587 ,
2889 506 3034 576 nolle
3061 517 3278 591 quidem
3312 514 3429 572 ﬁeri
3457 555 3473 580 ,
3505 524 3563 569 et

1970 614 2253 686 prohibere
2277 614 2394 672 ﬁeri
2420 633 2435 682 ;
2465 631 2572 671 non
2618 613 2820 670 moveri
2848 622 3025 668 tamen
3048 653 3063 677 ,
3098 610 3143 665 si
3175 609 3265 665 fiat
3288 624 3304 673 ;
3331 605 3565 662 dicimus

270 726 376 781 sive
403 731 643 777 mortem
678 738 693 786 ;
738 719 996 789 imprimis
1024 718 1217 791 ipsum
1260 716 1520 772 arbitrum
1561 703 1771 778 eerum,
1812 723 1867 771 et
1964 708 2075 778 jam
2106 720 2308 766 motum
2339 725 2462 766 esse
2507 710 2657 763 illum
2699 707 2789 777 qui
2822 704 3033 760 noluit:
3066 711 3121 758 et
3146 717 3283 757 vane
3308 715 3418 755 non
3450 713 3565 753 mo-

270 814 538 870 dominum
618 811 846 866 hominis
910 809 1243 864 Creatorem.
1303 806 1513 875 Porro,
1568 806 1698 862 nihil
1750 806 1867 861 sine

268 905 609 963 aemulatione
636 903 900 967 decurrat,
927 901 1068 973 quod
1100 902 1215 957 sine
1252 901 1561 956 adversario
1604 915 1708 956 non
1741 899 1861 955 erit.

268 1000 502 1071 Denique
533 999 741 1063 volens,
776 1008 829 1053 et
854 997 1265 1069 concupiscens,
1295 1003 1349 1049 et
1374 1009 1569 1049 curans
1590 993 1864 1049 hominem

268 1091 514 1156 liberare,
543 1091 645 1144 hoc
675 1090 787 1159 ipso
803 1087 911 1158 jam
934 1087 1218 1143 aemulatur
1245 1094 1301 1143 et
1319 1101 1443 1142 eum
1466 1082 1589 1159 αθ)
1607 1101 1714 1157 quo
1735 1085 1868 1141 libe-

267 1195 371 1249 rat;
400 1182 663 1238 adversus
687 1196 807 1236 eum
838 1180 1045 1237 scilicet
1073 1179 1172 1234 sibi
1215 1179 1576 1249 liberaturus;
1607 1186 1664 1234 ct
1691 1193 1752 1234 ea
1798 1177 1868 1233 de

267 1276 456 1347 quibus
515 1274 749 1341 liberat,
800 1274 852 1328 in
905 1272 1008 1329 alia
1054 1272 1399 1327 liberaturus.
1434 1268 1666 1326 Proinde
1720 1270 1864 1326 enim

267 1366 588 1433 simulationi
616 1373 938 1421 concurrant
966 1363 1044 1436 (5)
1076 1378 1295 1419 necesse
1327 1372 1408 1419 est
1457 1363 1715 1429 officiales
1755 1377 1867 1419 sua:

266 1459 317 1516 in
338 1476 396 1515 ea
416 1474 537 1530 qua:
554 1458 857 1524 simulatur,
878 1458 976 1519 ira,
997 1455 1286 1519 discordia,
1311 1456 1513 1518 odium,
1536 1455 1864 1526 dedignatio,

265 1552 580 1623 indignatio,
622 1551 746 1604 bilis
769 1548 872 1622 (4),
910 1548 1164 1617 nolentia,
1190 1547 1415 1604 on‘ensa.
1442 1548 1565 1603 ΙΙωο
1591 1547 1789 1614 omnia,
1820 1546 1868 1603 si

264 1645 586 1701 emutationi
626 1642 913 1707 adsistunt,
949 1642 1225 1697 mmulatio
1260 1650 1436 1696 autem
1468 1641 1743 1696 liberando
1773 1639 1868 1695 ho-

263 1736 384 1791 mini
405 1744 689 1806 procurat;
712 1734 958 1789 liberatio
992 1744 1169 1789 autem
1194 1732 1427 1788 hominis
1456 1732 1698 1802 operatio
1716 1731 1867 1787 boni-

1968 803 2079 858 veri
2105 802 2193 869 ad
2236 802 2432 857 factum
2457 844 2471 866 ,
2504 801 2592 873 qui
2636 810 2812 867 motus
2842 799 2912 852 sit
2955 796 3021 851 ad
3062 811 3168 849 non
3219 791 3516 848 faciendum
3542 831 3558 857 ,

1969 892 2183 964 quando
2202 893 2368 948 noluit
2387 890 2500 948 ﬁeri
2522 910 2535 946 :
2560 889 2794 947 nolendo
2809 888 2950 945 enim
2968 884 3256 958 prohibuit.
3273 882 3390 939 Non
3418 881 3561 937 enim

1968 962 2023 1041 et
2038 983 2329 1057 judicavit?
2347 983 2590 1040 Nolcndo
2609 982 2744 1057 fieri,
2761 990 2813 1036 et
2839 980 3039 1035 idcirco
3068 972 3434 1049 prohibendo;
3458 962 3562 1029 non

1970 1075 2273 1132 faciendum
2299 1078 2443 1133 enim
2462 1075 2741 1147 judicavit,
2763 1084 2816 1130 et
2838 1069 3229 1146 prohibendum
3253 1066 3567 1140 pronuntia-

1969 1173 2066 1230 vit.
2096 1175 2240 1243 Ergo
2266 1182 2322 1227 et
2352 1169 2441 1226 ille
2476 1169 2586 1241 jam
2627 1167 2856 1240 judicat.
2889 1167 2945 1222 Si
2976 1163 3250 1235 indignum
3276 1166 3360 1217 est
3390 1158 3561 1215 Deum

1966 1269 2208 1341 judicare
2230 1310 2243 1331 ,
2272 1275 2363 1320 aut
2382 1263 2426 1318 si
2452 1277 2516 1319 ea
2542 1272 2700 1316 tenus
2725 1259 2945 1332 dignum
2973 1267 3056 1313 est
3081 1256 3249 1311 Deum
3274 1251 3520 1323 judicare
3545 1291 3561 1315 ,

1970 1339 2072 1435 qua
2118 1356 2491 1416 tantummodo
2537 1353 2671 1410 nolit
2700 1361 2749 1408 et
2783 1349 3106 1423 prohibeat;
3135 1362 3241 1401 non
3293 1344 3453 1400 etiam
3484 1339 3564 1413 (6)

1971 1453 2226 1513 defendat
2263 1450 2580 1506 admissum.
2612 1446 2806 1516 Atquin
2834 1442 2969 1498 nihil
2993 1442 3100 1496 Deo
3128 1449 3232 1492 tam
3262 1435 3564 1505 indignum,

1972 1563 2132 1620 quam
2160 1561 2266 1602 non
2292 1542 2484 1613 exequi
2532 1538 2672 1612 quod
2703 1538 2874 1593 noluit
2919 1547 2972 1591 ct
3021 1530 3296 1604 prohibuit
3335 1525 3566 1583 admitti.

1971 1619 2154 1697 lirimo
2174 1682 2188 1703 ,
2219 1636 2359 1708 quod
2380 1634 2755 1707 qualicumque
2779 1626 3059 1685 sententia:
3086 1641 3196 1679 sua:
3223 1633 3276 1678 et
3304 1620 3407 1690 legi
3433 1665 3447 1688 ,
3472 1619 3568 1703 de-

1972 1732 2096 1789 beat
2115 1702 2414 1786 vindictam—
2436 1727 2488 1780 in
2520 1723 2893 1780 auctoritatem
2935 1727 2989 1774 et
3026 1713 3269 1789 obsequii
3324 1702 3559 1767 accessi;

266 1828 381 1885 tatis
411 1839 520 1895 est,
557 1843 665 1882 non
702 1828 896 1921 pqterit
919 1842 978 1881 ea
1019 1827 1232 1881 bonitas
1266 1826 1382 1880 sine
1406 1800 1519 1879 suis
1540 1823 1866 1893 dotibus,~id
1898 1829 1944 1889 Β
1976 1834 2160 1883 tatem.
2213 1819 2497 1888 Secundo,
2523 1816 2646 1890 quia
2682 1813 2933 1869 mniulnm
2963 1812 3033 1866 sit
3061 1822 3284 1864 necesse
3314 1814 3395 1860 est
3423 1800 3566 1875 quod

262 1931 338 1978 est
364 1922 487 1977 sine
531 1916 783 1975 sensibus
806 1928 859 1973 et
876 1918 1178 1984 affectibus,
1199 1933 1445 1988 perquos
1461 1916 1867 1991 administratur

260 2013 514 2069 adversus
533 2011 870 2079 Creatorem;
887 2015 953 2065 ne
966 2011 1044 2065 sic
1057 2026 1267 2082 quoque
1287 2009 1621 2065 inrationalis
1634 2014 1864 2080 proscri-

261 2107 432 2172 batur,
459 2108 505 2162 si
539 2100 723 2161 careat
753 2116 804 2160 et.
828 2105 1073 2161 sensibus
1101 2114 1153 2159 et
1183 2102 1464 2159 aﬂ‘ectibus
1489 2102 1704 2159 debitis.
1733 2102 1860 2159 Haec

264 2201 425 2257 multo
457 2201 679 2271 plenius
702 2197 1051 2255 defendemus
1081 2198 1132 2253 in
1164 2212 1354 2253 caussa
1376 2192 1670 2264 Creatoris,
1688 2196 1740 2253 in
1764 2212 1867 2268 qua

266 2304 315 2352 et
337 2294 760 2364 exprobrantur.

813 2382 1041 2440 CAPUT
1080 2382 1274 2465 sxw.

323 2478 393 2535 At
420 2477 512 2534 hic
566 2475 770 2533 sufﬁcit
815 2475 1279 2546 perversissimum
1327 2475 1491 2532 deum
1553 2474 1762 2547 ostendi
1810 2474 1864 2530 in

262 2568 371 2643 ipso
404 2569 686 2641 praeconio
715 2568 968 2624 solitarim
1012 2568 1300 2639 bonitatis,
1328 2584 1430 2639 qua
1461 2568 1653 2624 nolunt
1680 2568 1730 2624 ei
1764 2566 1865 2623 ad-

259 2665 492 2720 scribere
522 2661 792 2733 ejusmodi
822 2670 999 2717 motus
1037 2663 1231 2726 animi,
1256 2678 1389 2730 quos
1417 2663 1466 2715 in
1494 2658 1753 2717 Creatore
1776 2675 1865 2716 re-

262 2757 624 2827 prehendunt.
649 2756 704 2811 Si
727 2756 870 2811 enim
890 2769 1063 2825 neque
1084 2755 1385 2821 tumulatur,
1406 2769 1577 2825 neque
1596 2754 1864 2821 irascitur,

261 2863 428 2919 neque
458 2847 722 2911 damnat,
754 2862 927 2916 neque
947 2855 1139 2914 vexat,
1164 2856 1348 2916 utpote
1379 2845 1470 2916 qui
1502 2860 1601 2901 nec
1625 2846 1860 2917 judicem

262 2949 473 3011 perstat
496 2983 512 3005 ,
547 2954 656 2994 non
698 2939 910 2993 invenio
934 2937 1202 3008 quomodo
1241 2937 1315 2991 illi
1344 2936 1748 3008 disciplinarum
1779 2952 1866 2992 ra-

265 3034 337 3088 tio
362 3033 671 3095 consistat,
701 3039 754 3085 et
783 3027 998 3101 quidem
1042 3030 1270 3101 plenior.
1299 3030 1469 3096 Quale
1493 3038 1577 3084 est
1601 3029 1743 3083 enim
1769 3071 1784 3094 ,
1813 3038 1871 3083 ut

262 3133 527 3194 praecepta
562 3123 856 3178 constituat
882 3137 986 3177 non
1011 3123 1410 3176 exsecuturus?
1440 3128 1500 3175 ut
1525 3119 1717 3176 delicta
1740 3135 1873 3190 proa

1973 1919 2143 1975 noluit
2190 1914 2443 1981 admitti,
2476 1922 2531 1967 et
2584 1907 2818 1965 nolendo
2867 1904 3159 1978 prohibuit.
3216 1900 3355 1956 Malo
3385 1907 3566 1953 autem

1970 2027 2195 2086 parcere
2223 2010 2387 2065 Deum
2409 2051 2424 2076 ,
2451 2004 2722 2077 indignius
2760 2002 2829 2056 sit
2854 2044 2870 2069 ,
2899 2015 3057 2071 quam
3096 1993 3527 2061 animadvertere
3554 2009 3567 2046 :

1971 2085 2263 2177 etquidem
2310 2102 2421 2157 Deo
2469 2099 2707 2169 optimo,
2741 2094 2830 2167 qui
2880 2108 2983 2147 non
3025 2089 3160 2145 alias
3188 2088 3346 2157 plene
3395 2085 3569 2140 bonus

1971 2200 2060 2267 sit,
2086 2197 2187 2254 nisi
2206 2189 2687 2256 malimmulus,uti
2708 2188 2833 2244 boni
2850 2198 3089 2243 amorem
3110 2180 3233 2236 odio
3260 2177 3384 2243 mali
3410 2191 3571 2232 exer-

1971 2299 2092 2349 ceat
2112 2331 2128 2357 ,
2156 2298 2211 2345 et
2240 2286 2322 2359 (7)
2352 2285 2477 2342 boni
2503 2281 2722 2338 tutelam
2753 2269 3300 2349 expugnationemali
3329 2268 3567 2341 impleat.

2538 2370 2766 2430 CAPUT
2803 2366 3019 2425 XXVII.

2042 2471 2147 2528 Sed
2175 2468 2380 2543 judicat
2404 2466 2560 2540 plane
2582 2464 2779 2528 malum
2813 2456 3047 2515 nolendo
3072 2498 3087 2524 ,
3113 2464 3166 2511 et
3196 2454 3417 2509 damnat
3443 2463 3567 2543 pro-

1971 2564 2208 2624 hibendo
2240 2582 2251 2617 :
2280 2562 2502 2618 dimittit
2528 2567 2707 2614 autem
2733 2570 2839 2612 non
2868 2549 3191 2608 vindicando
3212 2591 3227 2613 ,
3254 2557 3308 2604 et
3338 2542 3570 2602 absolvit

1971 2677 2081 2718 non
2114 2657 2404 2731 puniendo.
2444 2653 2489 2711 0
2544 2654 2710 2708 Deum
2760 2647 3002 2704 veritatis
3051 2639 3568 2714 pr:evaricatoretn.

1971 2730 2255 2811 sententia:
2270 2740 2394 2803 ‘suae
2424 2744 2948 2813 circumscriptorem
2978 2735 3056 2811 (a)
3090 2754 3104 2793 :
3134 2734 3286 2790 timet
3311 2730 3569 2786 damnare

1972 2844 2115 2919 quod
2140 2844 2396 2905 damnat,
2432 2839 2588 2894 timet
2621 2835 2801 2890 odisse
2845 2830 2986 2909 quod
3013 2844 3119 2885 non
3149 2834 3294 2882 amat
3322 2867 3336 2890 ,
3372 2821 3571 2878 factum

1972 2915 2099 2997 sinit
2136 2934 2279 3009 quod
2310 2934 2424 2988 fieri
2453 2946 2558 2987 non
2586 2929 2753 2992 sinit,
2804 2924 3008 2981 mavult
3031 2919 3317 2978 ostendere
3341 2915 3432 2987 qui
3459 2926 3562 2969 no-

1972 3031 2067 3097 lit;
2097 3007 2258 3101 quam
2287 3024 2536 3097 probare.
2570 3020 2684 3076 Hoc
2712 3016 2792 3091 (8)
2821 3017 2925 3073 erit
2948 3014 3161 3072 bonitas
3191 3008 3269 3080 (9)
3305 3007 3632 3101 imaginum

1971 3123 2074 3189 ria,
2115 3098 2410 3188 disciplina
2430 3155 2444 3179 ,
2471 3114 2785 3183 phantasma
2815 3124 2830 3173 ;
2862 3106 2940 3181 (ὁ)
2967 3113 3021 3162 et
3055 3105 3177 3176 ipsa
3205 3098 3567 3155 transfnncto-

260 3215 438 3273 hibeat
478 3231 593 3271 non
643 3214 1007 3270 vindicaturus
1030 3254 1045 3281 ,
1076 3213 1198 3282 quia
1230 3228 1336 3268 non
1366 3211 1741 3283 iudicaturus?
1770 3228 1867 3268 ex.
1896 3223 1942 3287 ρ
1972 3214 2053 3271 ria
2092 3217 2357 3283 praecepta
2383 3249 2400 3274 ,
2439 3218 2631 3261 secura
2674 3200 2871 3257 delicta
2905 3216 2919 3253 :
2953 3193 3164 3260 audite,
3213 3199 3529 3263 peccatores
3550 3227 3566 3251 ,

262 3317 478 3364 traneus
532 3306 741 3362 scilicet
787 3307 855 3361 ab
884 3306 1134 3361 omnibus
1179 3305 1424 3362 sensibus
1470 3305 1777 3361 severitatis
1816 3312 1873 3360 et

261 3398 778 3456 animadversionis.
823 3395 931 3453 Cur
966 3401 1110 3453 enim
1156 3397 1404 3469 prohibet
1446 3382 1696 3463 admitti,
1726 3398 1872 3470 quod

266 3507 371 3548 non
404 3490 661 3547 defendit
688 3490 980 3545 admissum
1008 3489 1034 3544 ?
1058 3505 1178 3545 cum
1203 3490 1374 3545 multo
1394 3490 1597 3546 rectius
1621 3506 1727 3545 non
1752 3502 1873 3561 pro-

260 3582 716 3662 hibuisset-quod
763 3583 1081 3638 defensurus
1128 3598 1232 3639 non
1272 3592 1450 3649 esset,
1490 3598 1649 3654 quam
1679 3591 1873 3639 utnon

260 3678 588 3736 defenderet
619 3678 761 3751 quod
791 3680 1154 3749 prohibuisset
1179 3698 1191 3733 :
1223 3679 1331 3741 imo
1357 3688 1412 3735 et
1452 3680 1761 3750 permisisse
1789 3679 1872 3734 di-

258 3780 409 3829 recto
457 3771 689 3837 debuit,
724 3773 840 3828 sine
881 3786 1068 3826 caussa
1119 3771 1504 3842 prohibiturus,
1531 3779 1590 3827 ut
1635 3786 1740 3825 non
1795 3772 1874 3843 (5)

262 3864 613 3924 defensurus.
648 3864 778 3923 Nam
803 3874 857 3919 et
883 3875 1009 3920 tunc
1036 3865 1194 3921 tacite
1238 3864 1559 3935 permissum
1591 3872 1702 3930 est,
1731 3863 1875 3934 quod

260 3960 380 4016 sine
423 3960 642 4015 ultione
685 3959 1021 4030 prohibetur.
1057 3959 1122 4013 Et
1152 3959 1334 4029 utique
1375 3975 1480 4012 non
1513 3958 1657 4012 aliud
1688 3957 1872 4028 prohi-

264 4050 356 4109 bet
377 4050 640 4117 admitti,
667 4067 827 4122 quam
858 4049 999 4121 quod
1041 4065 1145 4105 non
1193 4058 1339 4104 amat
1383 4050 1521 4105 fieri.
1562 4048 1878 4118 Stupidissi—

265 4158 385 4199 mus
411 4156 561 4214 ergo
587 4142 677 4210 qui
712 4146 818 4195 nun
860 4140 1149 4196 offenditur
1196 4139 1337 4195 facto
1386 4139 1528 4212 quod
1578 4154 1687 4195 non
1735 4148 1881 4199 amat

260 4235 375 4292 ﬁeri
400 4280 416 4305 ,
450 4235 681 4307 quando
709 4234 914 4290 offensa
947 4250 1130 4290 comes
1160 4236 1226 4291 sit
1268 4236 1536 4303 frustratae
1564 4230 1874 4291 voluntatis.

259 4328 367 4384 Ant
389 4329 437 4384 si
491 4325 829 4391 offenditur;
861 4325 1025 4382 debet
1074 4326 1231 4381 irasci
1258 4369 1272 4389 ,
1305 4325 1351 4383 si
1401 4326 1684 4391 irascitur,
1712 4324 1876 4381 debet

260 4420 474 4477 ulcisci.
510 4418 650 4474 Nam
673 4427 727 4472 et
768 4418 900 4475 ultio
946 4416 1149 4473 fructus
1178 4427 1261 4472 est
1291 4418 1385 4472 ira:
1412 4459 1427 4483 ,
1488 4424 1543 4472 et
1599 4416 1677 4471 ira
1727 4415 1879 4471 debi-

265 4521 377 4569 tum
424 4512 696 4587 offensae,
726 4516 781 4566 et
821 4509 1022 4565 offensa
1050 4554 1063 4575 ,
1110 4519 1167 4565 ut
1207 4509 1352 4578 dixi,
1381 4524 1565 4603 eomes
1609 4509 1879 4593 frustratae

264 4604 595 4662 voluntatis.
628 4601 734 4658 Sed
781 4616 885 4657 non
932 4602 1209 4659 ulciscitur
1238 4620 1252 4668 ;
1287 4600 1540 4673 ergo‘nec
1569 4600 1878 4658 offenditur.

1973 3280 2172 3379 quiq—ue
2228 3280 2470 3357 nondum
2519 3297 2622 3351 hoc
2666 3292 2836 3359 estis,
2868 3297 2927 3346 ut
2967 3301 3087 3344 esse
3135 3283 3395 3357 possitis:
3430 3280 3572 3379 Deus

1974 3371 2169 3456 melior
2198 3397 2451 3451 inventus
2475 3398 2590 3457 est,
2620 3387 2709 3458 qui
2741 3400 2844 3441 nec
2887 3380 3199 3444 oﬂ'enditur,
3232 3390 3334 3432 nec
3379 3371 3570 3430 irasci-

1977 3503 2085 3558 tur,
2117 3504 2218 3546 nec
2264 3486 2562 3552 ulciscitur,
2595 3482 2680 3538 cui
2704 3480 2884 3536 nullus
2929 3476 3068 3549 ignis
3110 3472 3361 3541 coquitur
3396 3470 3449 3524 in
3471 3482 3568 3539 ge-

1979 3584 2152 3642 henna
2175 3624 2190 3649 ,
2222 3580 2307 3637 cui
2347 3577 2524 3634 nullus
2553 3574 2797 3630 dentium
2847 3567 3071 3626 frendor
3114 3564 3299 3620 horret
3330 3562 3382 3616 in
3414 3568 3571 3615 exte-

1977 3677 2213 3735 rioribus
2262 3670 2542 3734 tenebris;
2575 3666 2748 3722 bonus
2797 3670 3004 3718 tantum
3042 3667 3155 3724 est,
3182 3654 3414 3724 denique
3440 3665 3569 3722 pro-

1978 3771 2128 3827 hibet
2172 3760 2517 3835 delinquere,
2548 3759 2643 3816 sed
2682 3757 2851 3814 literis
2896 3753 3048 3811 solis.
3106 3750 3163 3804 In
3189 3748 3343 3804 vobis
3368 3755 3451 3802 est
3475 3785 3490 3812 ,
3520 3744 3567 3798 si

1980 3862 2158 3920 velitis
2182 3904 2197 3925 ,
2227 3860 2302 3915 illi
2333 3855 2649 3925 obsequium
2692 3848 3034 3920 subsignare,
3066 3852 3127 3899 ut
3168 3841 3430 3896 honorem
3461 3836 3571 3890 Deo

1944 3971 1947 3974 ‘
1981 3954 2234 4012 habuisse
2270 3946 2600 4005 videamini:
2634 3945 2880 3998 timorem
2922 3938 3066 3993 enim
3091 3947 3199 3989 non
3231 3931 3363 3985 vult.
3400 3930 3576 3998 Atque

1981 4048 2117 4104 adeo
2162 4060 2271 4115 prae
2302 4058 2362 4099 se
2410 4039 2587 4096 ferunt
2625 4033 2956 4092 Marcionita
2979 4072 2996 4098 ,
3023 4027 3166 4101 quod
3206 4025 3375 4081 Deum
3419 4037 3575 4077 suum

1983 4141 2203 4198 omnino
2232 4150 2338 4192 non
2378 4133 2624 4189 timeant.
2653 4128 2826 4185 Malus
2852 4134 3031 4180 autem
3055 4165 3071 4191 ,
3103 4120 3351 4192 inquiunt
3376 4158 3393 4185 ,
3423 4116 3580 4170 time-

1984 4234 2128 4291 bitur
2152 4273 2165 4296 ,
2198 4231 2369 4286 bonus
2418 4234 2596 4282 autem
2637 4222 2908 4292 diligetur.
2944 4215 3120 4273 Stulte
3144 4254 3161 4281 ,
3188 4226 3350 4282 quem
3396 4208 3576 4264 Domi-

1985 4339 2114 4382 num
2163 4320 2637 4392 appellas,.negas
2676 4310 2972 4369 timendum
3003 4326 3017 4375 ;
3050 4320 3172 4362 cum
3228 4306 3332 4359 hoc
3377 4314 3574 4356 nomen

1986 4408 2267 4488 potestatis
2289 4413 2395 4478 sit,
2425 4411 2583 4465 etiam
2628 4403 2901 4462 timendae.
2942 4392 3027 4456 At’
3049 4395 3320 4470 quomodo
3349 4393 3540 4463 diliges
3562 4432 3578 4458 ,

1988 4509 2087 4568 nisi
2121 4508 2312 4563 timeas
2342 4520 2448 4559 non
2498 4497 2766 4573 diligere?
2796 4496 2965 4553 Plane
2994 4507 3094 4549 nec
3123 4498 3276 4561 pater
3305 4493 3429 4541 tuus
3454 4493 3539 4540 est
3562 4524 3579 4547 ,

1942 4624 1953 4670 '_
1988 4604 2043 4658 in
2064 4613 2223 4670 quem
2245 4602 2517 4666 competat
2536 4602 2589 4648 et
2609 4606 2759 4647 amor
2779 4595 3003 4662 propter
3030 4584 3281 4654 pietatem
3300 4619 3315 4643 ,
3341 4584 3396 4632 et
3416 4576 3579 4630 timor

268 4696 377 4757 Sed
407 4714 527 4754 non
555 4694 847 4752 offenditur
871 4712 885 4762 ;
912 4711 1042 4768 ergo
1072 4712 1172 4752 nec
1213 4662 1426 4752 laeditur
1455 4696 1700 4752 voluntas
1726 4695 1844 4767 ejus
1867 4739 1882 4762 ,
1908 4662 1964 4723 D
1990 4662 2208 4766 pro-pter
2252 4662 2569 4761 potestatem
2593 4686 2617 4739 ‘i
2650 4697 2752 4740 nec
2796 4679 3066 4751 legitimus
3092 4673 3343 4731 dominus
3365 4709 3381 4735 ,
3411 4677 3467 4768 ut
3491 4667 3579 4768 di-

268 4807 394 4855 cum
428 4792 495 4847 nt
529 4788 675 4861 quod
708 4788 823 4844 fieri
854 4790 1024 4844 notuit
1054 4807 1068 4843 :
1101 4799 1155 4845 et
1192 4789 1252 4843 fit
1272 4789 1383 4859 jam
1411 4786 1664 4844 delictum
1696 4802 1888 4845 secun-

1990 4760 2124 4859 iigas
2152 4781 2373 4856 propter
2399 4778 2785 4837 humanitatem
2807 4816 2824 4842 ,
2851 4781 2905 4829 et
2944 4773 3137 4827 timeas
3181 4766 3399 4839 propter
3421 4760 3585 4859 disci-

268 4881 398 4942 dum
428 4855 770 4939 voluntatem
797 4880 913 4952 ejus
938 4923 952 4948 ,
983 4880 1104 4953 quia
1129 4896 1238 4937 non
1265 4855 1323 4936 fit
1342 4879 1604 4936 adversus
1635 4880 1886 4936 volunta-
1993 4855 2191 4950 pfin'am
2217 4877 2241 4930 ’ρ
2265 4874 2357 4932 Sic
2384 4872 2619 4946 denique
2646 4866 2890 4944 plagiarii
2916 4864 3234 4936 diliguntur,
3268 4873 3373 4915 non
3421 4855 3584 4911 etiam

1526 4970 1915 5058 LECTIONES
1948 4969 2361 5029 VARIANTES.
2444 5056 2451 5058 Α
2830 4974 2833 4975 ί

358 5066 413 5120 li
447 5064 722 5118 narcionis
735 5060 842 5115 alii.

449 5129 583 5183 Casu)
602 5128 668 5177 de
693 5126 839 5178 κῆαι.
889 5121 1084 5177 Oberlh.

355 5183 413 5249 3)
451 5190 733 5245 Occurrant
751 5186 943 5240 Semler
966 5222 982 5249 ,
1007 5183 1203 5242 Oberth.

396 5248 417 5319 ')
452 5248 810 5319 Ipdignapilis
828 5248 977 5301 Rhea.

359 5309 417 5383 5)
452 5309 653 5366 Non'ut
673 5309 827 5363 Seml.
848 5324 944 5362 non
968 5317 1022 5363 et
1041 5318 1153 5362 Jun.

2165 5060 2307 5112 Enim
2328 5056 2494 5111 Paris.

2168 5123 2235 5175 Ut
2253 5120 2466 5181 Sentiet,
2488 5116 2686 5173 Oberlin.

2160 5186 2279 5236 Haec
2299 5180 2404 5235 alii.

2167 5247 2409 5299 Bonitatis
2429 5242 2611 5297 Rhea“

2058 5060 2113 5316 ξ

2081 5188 2112 5236 8

2081 5188 2112 5236 8

2112 5060 2134 5315 ἑ

1636 5392 2195 5453 COMMENTARIUS.
2282 5448 2291 5463 ,

344 5491 521 5555 CAP.
535 5487 922 5563 XXVll.—(a)
953 5489 1226 5563 Sententia:
1244 5503 1354 5563 cura
1377 5489 1890 5563 circumscriptorem.

279 5560 983 5631 Gimimscriptorem,'id
1032 5571 1153 5628 est,
1211 5562 1622 5628 abrogatorem,
1660 5561 1896 5616 circum-
1999 5566 2158 5631 vocat
2188 5571 2254 5625 pe

693 5631 1165 5715 circumducereet
1203 5632 1472 5715 obliterare
1492 5672 1506 5699 ,
1552 5632 1800 5715 frequens
1816 5633 1902 5713 ju-

274 5701 633 5767 manliis
660 5711 714 5757 et
736 5704 1042 5758 auctoribus
1087 5704 1294 5758 idoneis
1339 5703 1583 5757 verbum.
1612 5701 1901 5758 Cicero'in
2005 5701 2059 5757 vi

2074 5485 2155 5560 (b)
2192 5482 2257 5539 Et
2276 5484 2394 5560 ipsa
2418 5476 3125 5560 tragisfulictoriogrqeeata.
3158 5462 3592 5560 Tra-ust‘un‘ctgria

2307 5533 2572 5607 it'o’cibiis.‘
2591 5533 2694 5606 Est
2720 5533 2897 5602 autem
2931 5533 3323 5609 iureconsultis
3372 5533 3588 5609 perfun-

2766 5617 2824 5694 Iil.
2849 5653 2865 5680 ,
2891 5602 2966 5694 et,
2994 5611 3142 5694 aliud
3191 5602 3395 5694 agendo
3414 5645 3429 5671 ,

2065 5671 2250 5753 delicat
2280 5671 2419 5749 "iiii?
2460 5671 2712 5746 curamus
2753 5693 2812 5739 ut
2851 5671 3091 5753 aliquid
3123 5671 3258 5753 bene
3311 5679 3437 5753 ttat,
3491 5671 3588 5724 sed

278 5746 574 5846 ῗέξέξς
600 5746 1293 5846 οξῖειιηιέἱνεὲὗὲ’“ίείεῖιῖῗῖεἶ
1308 5746 1870 5845 εέιῖἱεῖιῖἑὲἓ’ᾳῖιῖἔίπῖοὰ

2009 5746 2414 5846 {animout-ttat
2436 5746 2988 5846 Lindenperfunctorie
3027 5749 3338 5807 adverbium
3387 5746 3440 5800 in
3471 5754 3594 5796 cre-

276 5849 458 5925 ρωιιὲ.
492 5844 679 5902 Busa.

308 6122 359 6129 -ι

1902 5862 1909 5863 ⁷
2013 5841 2111 5900 bro
2140 5853 2237 5896 usu
2264 5834 2404 5908 apud
2434 5832 2578 5888 illos.
2613 5831 2783 5885 lines.
