4008 6280
340 272 459 333 279
1774 261 2231 325 TERTULLIANI
2348 316 2355 335 ,
3544 261 3656 322 9.80

354 394 630 448 timentur.
659 388 776 447 Non
820 390 962 448 enim
1005 388 1313 455 timehitur,
1343 388 1444 444 nisi
1470 388 1619 460 justa
1645 395 1699 443 et
1728 384 1944 439 ordina-
1975 380 2021 437 A
2044 382 2154 452 jam
2187 397 2286 438 nec
2312 382 2488 454 ipsum
2521 380 2641 438 ﬁdci
2667 380 2785 453 ejus
2811 388 3228 438 sacramentum.
3267 380 3367 437 Cui
3395 381 3538 436 enim
3574 382 3653 437 rei

294 540 326 565 ρ
357 485 433 538 ria
488 483 803 537 dominatio.
845 480 1003 559 ‘Diligi
1053 487 1233 537 autem
1281 474 1461 550 potest
1489 478 1650 534 ctiam
1682 476 1943 533 adultera.
2052 477 2317 547 baptisma
2346 490 2562 548 quoque
2588 475 2727 547 apud
2756 491 2877 565 cut‘n
2903 475 3176 547 exigitur?
3205 475 3262 531 Si
3292 476 3535 531 remissio
3560 475 3655 531 de-

340 574 743 631 Sollicitationc
766 552 907 628 enim
942 579 1193 637 constat,
1223 587 1327 626 non
1355 570 1711 633 auctoritate;
1742 577 1797 623 ct
1819 568 1951 624 adu-
2020 571 2298 634 ,lictorum
2329 579 2443 633 est,
2489 568 2759 639 quomodo
2806 532 3074 624 videbitur
3106 544 3304 623 delicta
3331 567 3602 622 dimittere
3626 607 3644 633 ,

357 666 556 722 latione
579 708 593 731 ,
642 682 745 719 non
798 672 1086 735 potestate.
1128 663 1267 741 Qttid
1312 663 1543 733 denique
1586 661 1929 723 adulantius,
2052 661 2143 735 qui
2170 676 2276 716 non
2310 660 2581 715 videbitur
2608 660 2888 715 retinere?
2914 658 3037 729 quia
3061 659 3357 725 retineret,
3386 657 3658 728 sijudica-

361 774 520 826 quam
548 758 742 813 delicta
770 772 875 813 non
902 742 1288 828 exsequitAgc
1316 756 1516 827 itaque,
1539 754 1629 827 qui
1653 754 1819 811 Deum
1843 766 1950 809 non
2056 762 2156 810 ret.
2189 751 2246 809 Si
2292 751 2561 808 absolutio
2609 752 2800 807 mortis
2842 760 2925 806 est
2954 791 2971 818 ,
2999 748 3271 820 quomodo
3300 749 3602 805 absolveret
3626 764 3658 804 a

363 850 518 905 times
549 849 698 920 quasi
742 847 940 902 bonum
967 889 983 914 ,
1012 846 1139 917 quid
1168 862 1274 902 non
1323 848 1379 902 in
1406 860 1621 903 omnem
1675 845 1951 901 libidinem
2057 856 2231 901 morte
2257 886 2274 912 ,
2306 846 2395 915 qui
2446 858 2555 900 non
2607 842 2849 899 devinxit
2896 842 2963 897 ad
3009 842 3286 897 mortem?
3331 842 3660 898 deviuxisset

360 942 554 998 ebullis
578 942 603 996 ἲ
629 956 897 997 summum
919 982 934 1006 ,
960 939 1103 1012 quod
1132 940 1297 996 sciam
1325 981 1341 1008 ,
1376 941 1604 996 fructum
1632 940 1757 996 vitae
1781 925 1967 996 omni?
2057 939 2201 996 enim
2223 980 2236 1004 ,
2264 938 2310 995 si
2354 952 2383 992 a
2415 936 2709 1009 primordio
2748 935 3078 991 damnasset.
3109 935 3166 992 Si
3197 937 3535 1006 regeneratio
3576 943 3712 990 εει..

358 1038 459 1094 bus
486 1039 575 1110 qui
607 1038 770 1092 Deum
807 1052 912 1091 non
946 1035 1176 1101 timent;
1202 1034 1331 1107 quid
1373 1049 1481 1090 non
1508 1034 1819 1108 frequentas
1846 1043 1955 1089 tam
2061 1030 2328 1095 hominis,
2351 1028 2623 1101 quomodo
2666 1038 2948 1100 regenerat
2993 1028 3083 1098 qui
3143 1043 3248 1081 non
3281 1027 3661 1097 ris-generavit?

356 1130 625 1185 solemnes
649 1127 725 1202 (ιι)
754 1127 1052 1198 voluptates
1092 1126 1221 1182 circi
1266 1126 1489 1183 furentis
1512 1125 1614 1200 (l),
1644 1142 1822 1183 cavea:
1850 1141 1955 1181 δειξ-
2062 1121 2279 1178 lteratio
2314 1123 2589 1202 enimnon
2609 1121 2873 1202 competit
2914 1120 2962 1174 ei
2990 1135 3020 1175 a
3061 1135 3168 1190 quo
3194 1119 3322 1191 quid
3353 1134 3453 1175 nec
3491 1119 3661 1175 semel
3685 1147 3723 1158 -η

359 1221 552 1275 vientis
595 1198 777 1291 (b),yet
807 1234 985 1274 scenae
1010 1218 1339 1274 lascivientis
1361 1198 1624 1291 (c)?quid
1651 1233 1758 1274 non
1798 1226 1854 1272 et
1902 1217 1955 1273 in
2063 1213 2258 1270 factum
2303 1223 2406 1271 est.
2450 1201 2506 1270 Si
2548 1198 2859 1269 consecutio
2897 1220 2981 1266 est
3024 1211 3253 1281 Spiritus
3290 1212 3501 1278 sancti,
3531 1226 3664 1281 quo-

364 1311 825 1380 persccutionihus
875 1310 1055 1365 statim
1105 1311 1283 1366 oblata
1351 1325 1535 1366 acerra
1584 1311 1821 1366 animam
1866 1324 1959 1365 ne-
2063 1304 2225 1362 modo
2248 1306 2495 1378 spiritum
2523 1303 2811 1370 adtribuet,
2842 1304 2932 1375 qui
2956 1303 3190 1359 animam
3219 1317 3326 1357 non
3358 1303 3505 1372 prius
3529 1317 3663 1357 con-

362 1403 578 1472 gatinne
624 1403 848 1458 lucraris
869 1403 893 1457 ?
915 1402 1068 1458 Absit
1092 1445 1108 1471 ,
1141 1402 1319 1473 inquis
1344 1444 1358 1468 ,
1389 1402 1548 1457 absit.
1578 1402 1721 1475 Ergo
1743 1402 1853 1472 jam
1886 1401 1958 1457 ti-
2065 1398 2233 1455 tulit?
2259 1398 2381 1467 quia
2411 1396 2494 1469 (ά)
2538 1395 2825 1451 suﬁ‘ectura
2872 1404 2958 1451 est
3005 1392 3399 1466 quodammodo
3447 1394 3668 1464 spiritus

364 1511 479 1551 mes
524 1495 819 1561 delictum,
862 1504 916 1550 ct
960 1495 1200 1551 timendo
1249 1495 1486 1565 probasti
1539 1495 1688 1551 illum
1738 1495 1956 1562 timeri,
2063 1492 2262 1547 anima.
2293 1491 2477 1563 Signat
2498 1490 2656 1563 igitur
2677 1489 2968 1556 hominem,
3002 1504 3299 1558 numquam
3326 1488 3467 1560 apud
3496 1502 3671 1564 sere:

358 1586 448 1656 qui
494 1585 743 1657 prohibet
787 1585 1055 1643 delictum.
1109 1585 1267 1643 Aliud
1309 1596 1429 1656 est,
1467 1588 1510 1643 si
1551 1588 1737 1646 eadem
1768 1588 1853 1643 dei
1887 1588 1961 1644 tui
2064 1585 2372 1656 signatum;
2402 1583 2542 1639 lavat
2589 1582 2881 1649 hominem,
2913 1596 3204 1654 numquam
3255 1581 3395 1651 apud
3433 1596 3493 1637 se
3535 1582 3669 1637 resi-

361 1679 712 1748 perversitate
737 1721 751 1745 ,
787 1695 944 1749 quem
973 1694 1076 1735 non
1110 1678 1264 1734 times
1285 1719 1302 1746 ,
1336 1679 1591 1735 observas
1617 1721 1631 1745 ,
1660 1694 1763 1753 qua
1791 1688 1845 1735 et
1870 1679 1961 1735 ille
2064 1689 2283 1750 gnatum
2325 1694 2339 1744 ;
2373 1678 2513 1732 lavat
2562 1676 2858 1739 hominem,
2885 1688 3177 1745 numquam
3226 1673 3365 1744 apud
3417 1688 3477 1728 se
3518 1673 3669 1728 coin-

359 1769 502 1841 qttod
546 1785 655 1825 non
699 1770 965 1839 vindicat,
996 1770 1263 1843 prohibet.
1316 1770 1481 1827 Multo
1526 1770 1704 1826 adhuc
1734 1772 1921 1826 vanius
1944 1814 1962 1840 ,
1992 1770 2043 1831 B
2070 1772 2344 1845 qninatum
2367 1787 2383 1837 ;
2409 1768 2555 1843 (e)et
2591 1769 2646 1824 in
2682 1768 2785 1824 hoc
2825 1777 2994 1823 tomm
3039 1767 3229 1823 salutis
3272 1775 3669 1842 sacramentum

358 1875 480 1916 cum
505 1861 834 1933 interrogati,
862 1863 986 1935 quid
1015 1863 1105 1918 ﬁet
1126 1852 1393 1932 peccaturi
1413 1862 1605 1933 cuique
1629 1861 1848 1919 dieillo?
1868 1879 1959 1920 re-
2066 1879 2283 1920 carnem
2314 1863 2505 1934 mergit
2531 1870 2803 1917 exsortem
2822 1859 3051 1915 “salutis.
3080 1859 3193 1915 Nec
3219 1859 3451 1915 rusticus
3474 1869 3669 1915 terram

364 1952 632 2026 spondent
693 1952 772 2028 (ἓ)
814 1953 967 2022 abjici
1014 1952 1163 2008 illum
1194 1948 1345 2025 quasi
1374 1953 1442 2010 ab
1466 1954 1657 2009 oculis.
1690 1953 1880 2027 Nonne
1907 1965 1962 2011 ct
2066 1958 2299 2030 rigabit,
2344 1958 2570 2012 fructum
2618 1971 2723 2011 non
2776 1955 3070 2011 relaturum
3098 1996 3113 2020 ,
3147 1952 3246 2008 nisi
3295 1962 3401 2006 tam
3456 1967 3624 2007 vanus
3651 1994 3666 2018 ,

363 2045 467 2099 hoc
502 2045 703 2115 judicio
746 2046 918 2115 agitur
939 2045 961 2099 ?
982 2044 1253 2115 judicatur
1300 2045 1444 2102 enim
1499 2044 1836 2117 abjicicndus
1859 2089 1874 2113 ,
1907 2058 1964 2105 et
2064 2066 2225 2122 quam
2258 2048 2392 2105 deus
2428 2047 2730 2103 Marcionis.
2764 2044 3025 2109 Proinde,
3056 2059 3154 2100 cur
3184 2041 3263 2117 (6)
3294 2053 3525 2108 tantam,
3554 2043 3670 2099 sive

366 2139 547 2210 utique
567 2137 768 2208 judicio
796 2137 1153 2195 damnationis
1184 2156 1197 2192 :
1228 2139 1329 2195 nisi
1359 2141 1403 2195 si
1431 2140 1482 2195 iit
1511 2139 1592 2214 (5)
1618 2141 1844 2197 salutem
1871 2144 1963 2199 ab-
2063 2144 2331 2200 sarcinam
2356 2184 2370 2206 ,
2402 2143 2515 2198 sive
2540 2141 2800 2211 gloriam,
2832 2137 3211 2194 inﬁrmissima:
3259 2147 3352 2190 aut
3404 2135 3660 2205 indignis-

358 2231 577 2299 jiciatnr
607 2242 871 2305 peccator,
903 2243 958 2287 ut
986 2239 1039 2286 et
1068 2230 1171 2287 hoc
1200 2231 1309 2288 Deo
1348 2233 1552 2304 optimo
1581 2242 1867 2305 competat.
1899 2233 1964 2291 Et
2065 2235 2217 2291 'sima:
2263 2233 2409 2290 carni
2463 2233 2688 2303 imponit
2713 2228 3094 2287 sanctitatem?
3120 2228 3256 2296 Quid
3285 2226 3458 2281 dicam
3488 2234 3667 2281 autem

362 2324 490 2395 quid
522 2324 623 2379 erit
650 2324 808 2393 abjici
834 2366 849 2390 ,
887 2324 985 2379 nisi
1027 2325 1273 2381 amittere
1300 2324 1350 2379 id
1380 2325 1521 2394 quod
1551 2336 1666 2381 erat
1700 2342 1961 2384 consecu-
2066 2328 2132 2384 de
2158 2325 2456 2398 disciplina:
2500 2323 2733 2379 vanitate
2763 2364 2780 2391 ,
2812 2337 2920 2393 qua
2968 2320 3270 2375 sanctiﬁcat
3309 2316 3665 2374 substantiam

368 2429 516 2471 turns
536 2458 551 2479 ,
584 2418 627 2472 si
676 2433 781 2471 non
828 2416 1201 2486 abjiceretur?
1232 2417 1284 2473 id
1310 2427 1393 2474 est
1425 2418 1673 2475 salutem.
1704 2418 1845 2490 Ergo
1870 2437 1961 2476 sa-
2065 2432 2305 2479 sanctam
2327 2421 2351 2472 ?
2376 2418 2510 2489 Quid
2540 2426 2632 2474 aut
2660 2415 2741 2489 (7)
2768 2423 2961 2472 onerat
2986 2414 3251 2470 inﬁrmam
3274 2455 3290 2479 ,
3319 2422 3413 2466 aut
3441 2418 3668 2467 exornat

367 2509 494 2564 lntis
541 2509 594 2564 in
625 2508 1004 2564 detrimentum
1050 2509 1366 2580 abjicietur:
1398 2518 1453 2567 et
1479 2509 1579 2566 hoc
1607 2511 1823 2568 decerni
1855 2528 1960 2568 non
2067 2514 2337 2585 indignam
2366 2513 2390 2567 ?
2418 2510 2556 2581 Quid
2602 2524 2709 2565 non
2749 2508 2921 2565 salute
2966 2515 3273 2563 remnuerat
3294 2547 3311 2572 ,
3341 2520 3499 2575 quam
3529 2516 3664 2559 one-

373 2605 569 2674 poterit
596 2604 697 2661 nisi
725 2604 793 2660 ab
822 2604 977 2671 irato,
1007 2614 1064 2661 et
1089 2604 1314 2673 oﬁ‘cnso,
1344 2614 1731 2665 etcxsccutorc
1756 2606 1960 2677 delicti,
2067 2617 2152 2664 rat
2177 2605 2261 2661 vel
2287 2603 2555 2660 exornat?
2585 2602 2723 2672 Quid
2752 2600 2962 2656 fraudat
2991 2598 3296 2655 mercedem
3324 2597 3524 2667 aperis,
3554 2609 3661 2651 non

376 2695 429 2750 id
457 2705 538 2750 est
553 2695 755 2767 judice.
2066 2697 2369 2771 rependens
2399 2695 2481 2769 (8)
2503 2696 2650 2752 carni
2699 2694 2926 2749 salutem
2951 2694 2975 2747 ?
2997 2691 3137 2777 Quid
3170 2699 3223 2747 ct
3248 2690 3508 2746 honorem
3533 2703 3658 2744 san-

925 2808 1152 2869 CAPUT
1190 2809 1425 2868 XXVIII,
2067 2791 2266 2850 ctitatis
2295 2791 2347 2847 in
2371 2789 2461 2847 illa
2480 2788 2614 2845 mori
2641 2788 2836 2859 patitur
2856 2787 2881 2841 ‘I

438 2922 627 2979 Exitus
660 2930 839 2980 autem
880 2922 951 2978 illi
995 2922 1206 2994 abiecto
1232 2924 1400 2996 quis?
1428 2924 1512 2982 ΑΙ)
1538 2927 1691 2999 igne,
1722 2928 1966 3000 inquiunt
2637 2900 2865 2959 CAPUT
2903 2896 3098 2956 XXIX-

364 3016 637 3074 Creatoris
662 3014 1116 3087 deprehendetur,
1150 3015 1372 3073 Adeone
1404 3019 1607 3075 nullum
1651 3019 1811 3078 habet
1847 3022 1963 3078 ele-
2139 3021 2254 3078 Non
2282 3019 2543 3092 tinguitur
2564 3017 2705 3090 apud
2736 3016 2882 3073 illum
2908 3031 3036 3071 caro
3056 3056 3070 3080 ,
3097 3014 3197 3071 nisi
3228 3013 3378 3085 virgo
3402 3054 3417 3081 ,
3452 3014 3555 3070 nisi
3580 3014 3661 3069 vi-

368 3119 627 3178 mentum,
651 3109 734 3164 vel
766 3109 817 3167 in
849 3109 985 3164 hanc
1008 3122 1251 3165 caussam
1275 3111 1567 3181 provisum,
1588 3128 1696 3184 quo
1716 3124 1964 3185 peccam-
2066 3114 2194 3183 dua,
2227 3114 2329 3170 nisi
2356 3111 2552 3168 caalebs
2575 3151 2592 3179 ,
2619 3111 2719 3166 nisi
2744 3108 2980 3166 divortio
3010 3107 3090 3181 (9)
3118 3106 3377 3178 baptisma
3404 3115 3656 3173 mercata,

367 3219 457 3260 res
481 3218 607 3259 suos
630 3203 712 3259 vel
741 3202 860 3259 sine
885 3203 1087 3259 saevitia
1118 3204 1352 3273 releget,
1378 3220 1445 3261 ne
1468 3206 1586 3264 illos
1608 3207 1769 3266 dedat
1798 3208 1960 3266 Crca-
1990 3212 2037 3275 C
2068 3208 2219 3281 quasi
2268 3221 2375 3262 non
2418 3203 2581 3260 etiam
2629 3200 2957 3273 spadonibus
3003 3216 3070 3256 ex
3119 3199 3319 3269 nuptiis
3360 3208 3502 3254 nata.
3532 3197 3660 3255 Sine

365 3294 511 3350 tori?
540 3293 676 3363 Quid
724 3302 851 3350 tunc
882 3292 1149 3351 Creatori
1171 3293 1367 3361 Credo,
1386 3295 1969 3370 sulpltnratioremgeis
2064 3300 2230 3358 dubio
2260 3314 2331 3354 ex
2361 3295 2706 3353 damnatione
2748 3292 2982 3365 coniugii
3024 3292 3289 3347 institutio
3318 3290 3415 3346 ista
3441 3301 3657 3346 consta-

298 3379 663 3467 ‘_g_c_l_igmam
692 3385 1013 3475 praiparabit
1036 3383 1135 3457 (ι),
1160 3393 1218 3441 ιιι
1243 3384 1570 3456 blasphemis
1597 3389 1708 3446 suis
1734 3390 1961 3449 scilicet:
2066 3396 2163 3451 bit.
2199 3391 2488 3451 Videamus
2511 3404 2579 3444 an
2602 3388 2745 3458 justa
2774 3404 2787 3441 :
2823 3401 2931 3442 non
2960 3386 3112 3457 quasi
3141 3384 3467 3440 destructuri
3498 3383 3660 3440 felici-

368 3478 468 3532 nisi
495 3476 638 3548 quod
691 3476 830 3532 Deus
876 3476 1079 3534 zelotes
1123 3475 1419 3534 fortassean
1453 3478 1823 3538 desertoribus
1859 3484 1959 3539 ad.
2070 3493 2233 3541 tatem
2262 3480 2600 3545 sanctitatis,
2627 3489 2685 3534 ut
2712 3478 2874 3549 aliqui
2911 3477 3221 3542 Nicolaitae,
3250 3486 3547 3532 assertores
3591 3475 3657 3529 li-
3689 3494 3733 3528 ι

362 3569 587 3626 versarii
614 3569 695 3623 sui
727 3578 911 3639 parcat
940 3568 1040 3639 (5).
1071 3568 1118 3624 0
1144 3568 1312 3625 Deum
1343 3583 1723 3644 usquequaque
1748 3589 1961 3646 perver-
2068 3576 2261 3635 bidinis
2324 3585 2485 3645 atque
2549 3572 2820 3638 luxuriat;
2859 3570 2953 3626 sed
3006 3570 3096 3641 qui
3152 3568 3490 3624 sanctitatem
3540 3567 3658 3623 sine

370 3677 511 3726 sum,
536 3661 730 3731 ubique
760 3660 1165 3727 inrationalem,
1195 3660 1249 3715 in
1273 3661 1525 3718 omnibus
1552 3678 1770 3732 vanum,
1796 3676 1958 3739 atque
2066 3667 2369 3739 nuptiarum
2414 3664 2761 3721 damnatione
2812 3661 3119 3719 noverimus
3140 3702 3155 3727 ,
3187 3669 3241 3716 et
3278 3668 3569 3725 sectemur,
3598 3666 3655 3714 ct

365 3754 437 3811 ita
481 3754 749 3810 neminem
777 3754 790 3808 !
822 3752 974 3823 cujus
1003 3766 1108 3808 non
1136 3760 1334 3808 statum
1355 3794 1372 3820 ,
1400 3764 1515 3809 nou'
1549 3756 1913 3815 conditionem
1937 3803 1954 3829 ,
2060 3754 2445 3834 prail'etamus;
2475 3773 2581 3814 non
2629 3766 2687 3812 ut
2723 3755 2864 3812 malo
2889 3755 3087 3813 bonum
3112 3796 3129 3822 ,
3154 3753 3250 3809 sed
3277 3762 3335 3809 ut
3358 3753 3501 3810 bono
3531 3767 3649 3808 me-

364 3862 470 3904 non
498 3855 740 3902 naturam
764 3886 779 3911 ,
816 3860 920 3900 non
964 3844 1129 3902 ullum
1156 3843 1401 3902 ordinem
1436 3846 1593 3905 video
1618 3850 1953 3923 consistere;
2059 3854 2182 3927 lius.
2208 3850 2327 3908 Non
2365 3850 2510 3913 enim
2557 3847 2868 3924 projicimus
2890 3890 2907 3916 ,
2952 3847 3023 3920 (ι’)
3051 3845 3146 3903 sed
3195 3845 3519 3918 deponimus
3558 3859 3657 3900 nu-

1580 3964 1962 4029 LECTIONES
2000 3966 2412 4029 VARIANTES.

421 4058 495 4183 (lg
516 4056 704 4110 Circum
728 4056 952 4107 furentes
972 4056 1124 4128 Πήρη.
1161 4004 1357 4109 Obertlt.
1580 4004 1962 4029 "HV-Nm“
2012 4004 2505 4183 ἠιξὲῑλὲᾷθέιπίί
2544 4057 2742 4122 parcit?
2764 4056 2927 4108 Paris.
2954 4055 3111 4106 Fran.

444 4121 473 4168 Ξ
515 4119 915 4183 _Respondeliunt
957 4120 1093 4169 Latin
1152 4119 1373 4180 illorum,
1405 4120 1708 4183 respondent
1742 4121 1952 4177 Sentior.
2118 4126 2172 4183 (6
2230 4124 2296 4175 Ut
2312 4123 2438 4173 deus
2460 4121 2715 4183 Marcionis
2738 4119 2942 4183 proinde
2962 4122 3111 4170 cum:

574 4120 915 4185 cspondeliunt
957 4116 1093 4169 Latin
1152 4119 1340 4170 illorum
1358 4154 1373 4180 ,
1405 4120 1708 4185 respondent
1742 4121 1952 4177 Sentior.
2118 4114 2193 4185 (6)
2230 4124 2296 4175 Ut
2312 4123 2438 4173 deus
2460 4114 2715 4185 Marcionis
2738 4119 2942 4185 proinde
2962 4132 3073 4169 cum
3096 4115 3247 4170 Seml.
3268 4114 3462 4170 Oberth.

1977 4126 2174 4379 vi

3738 3723 3765 3733 ο

359 4180 456 4232 Dei
477 4180 685 4230 ollarum
708 4180 861 4231 then.
1491 4180 1506 4185 ⁷
2120 4180 2193 4237 f7)
2226 4188 2406 4237 Autem
2429 4181 2634 4235 Semlcr.

2172 4063 2194 4377 ξ

525 4243 627 4316 ἱξίεί
647 4244 694 4292 in
714 4240 1088 4316 Ιυιςηλοὺςνιζι.
1572 4260 1587 4271 ί
1978 4284 2032 4316 η
2227 4247 2624 4316 {te-prehendens
2646 4243 2799 4299 Rhea.

420 4301 493 4371 (ι)
526 4306 822 4369 Prcharavit
846 4301 995 4356 Seml.
1022 4312 1134 4356 .Itm.
1977 4301 2033 4347 υ
2120 4301 2192 4371 (9)
2227 4301 2464 4362 De'vortio
2486 4316 2598 4361 Jun.

606 4398 613 4405 ‘
1702 4391 2263 4453 COMMENTARIUS.

427 4482 509 4558 (ιι)
553 4480 852 4558 Voluptates
888 4482 1012 4558 circi
1044 4481 1278 4551 furentis.
1313 4481 1572 4558 Furorem
1598 4493 1653 4541 et
1682 4486 1944 4544 insaniam
2049 4480 2286 4558 undique
2331 4485 2565 4558 clamant
2597 4499 2868 4558 canones.
2920 4483 3037 4555 ipse
3076 4482 3317 4558 (Tertull.
3351 4481 3646 4558 43:01.38:

353 4552 521 4629 tribui
554 4552 700 4629 cii-cp
725 4566 936 4629 veteres
967 4552 1134 4629 [crine
1161 4568 1348 4629 omnes
1371 4556 1585 4629 docent.
1616 4560 1944 4629 Augustinus
2049 4552 2368 4626 Spectaculis
2386 4556 2565 4629 vestris
2587 4557 2638 4611 in
2656 4566 2859 4629 tantum
2885 4552 3231 4629 renuntiamus
3253 4573 3272 4610 :
3304 4555 3354 4629 i_n
3384 4552 3650 4629 baptismo

356 4627 449 4699 lib.
481 4625 521 4681 ll
551 4626 616 4679 de
640 4623 886 4699 Symboto
923 4623 993 4677 ad
1019 4624 1403 4681 catechumenos
1437 4643 1456 4681 :
1485 4627 1622 4694 Quid
1649 4621 1863 4685 delectat
1889 4631 1942 4686 in
2048 4621 2300 4686 nimirum
2321 4671 2337 4697 ,
2366 4627 2509 4685 unde
2543 4629 2601 4685 S.
2632 4627 3067 4699 Chrysostomns,
3097 4621 3243 4682 Orat.
3273 4626 3360 4691 i9,
3392 4621 3465 4679 ad
3513 4626 3646 4699 Pup.

351 4697 532 4778 circa}l
556 4695 762 4778 auriga:
799 4695 965 4778 videre
990 4698 1522 4778 artantur-populos
1545 4700 1744 4778 insania
1764 4741 1780 4767 ,
1808 4703 1948 4778 furia
2051 4710 2278 4778 testatur
2306 4695 2426 4778 nou
2443 4699 2611 4778 videri
2641 4695 2842 4778 debere
2858 4698 3191 4778 Christianos
3223 4699 3273 4752 in
3305 4708 3541 4778 scena_et
3567 4697 3648 4753 lu-

353 4767 652 4844 anltelantes
668 4768 698 4844 ζ
724 4766 784 4822 Β.
821 4765 1174 4844 llieronymus
1198 4766 1598 4844 adnﬁlarccllum
1622 4787 1636 4826 :
1668 4765 1846 4826 Circus
1867 4774 1936 4827 iit-

2061 4771 2267 4829 iionum
2295 4770 2807 4844 gesticulationibus,
2840 4778 2885 4825 ἓν
2910 4795 3055 4843 suum
3077 4774 3162 4826 καὶ
3186 4786 3347 4844 μέμῶιξ
3379 4773 3644 4831 «mauide.

350 4840 536 4893 :aniat.
570 4838 629 4893 Β.
660 4837 949 4905 Gregorius
970 4832 1220 4893 Nazianz.
1256 4837 1402 4895 Orat.
1428 4838 1499 4895 27
1530 4857 1542 4894 :
1576 4846 1685 4913 πιρὶ
1728 4850 1832 4908 τοὺς
1865 4852 1933 4899 επ·

1865 4852 1948 4899 ἱπ-
2296 4832 2325 4844 ν
2683 4909 2692 4913 _
2754 4832 2846 4913 γ
2984 4832 2991 4834 ἡ
3035 4832 3043 4843 ’
3186 4832 3306 4896 ἘΒ
3334 4841 3426 4895 ΡΒ.

351 4921 518 4972 πικοδς
546 4913 628 4964 καὶ
658 4916 719 4964 τά
753 4915 952 4979 “erepat,
980 4913 1062 4963 καὶ
1090 4914 1151 4965 τὰ
1175 4915 1371 4974 στάδια,
1396 4916 1476 4966 uti
1502 4918 1565 4969 τὸ.
1589 4909 1834 4982 κύνογξσια.
1854 4941 1934 4971 ra-

2115 4914 2268 4971 CAP.
2297 4909 2704 4985 XXVlll.—(d)
2722 4910 3016 4980 Sit/rectura
3045 4912 3504 4985 “(quodammodo
3532 4913 3644 4985 spi-

350 4989 513 5063 εηῦτω
536 4988 954 5063 μεμηνέναι...ὤστι
975 4987 1130 5037 ταῦτα
1152 4985 1395 5063 ποιεῖσθμι
1425 4994 1538 5063 ραν
1566 5001 1579 5037 :
1608 4982 1674 5038 In
1703 4985 1933 5041 circensi-

2059 4986 2171 5063 ritu}
2195 4988 2388 5042 anima.
2420 4982 2712 5063 Tamquam
2734 4986 3009 5063 supposita
3047 4983 3253 5053 spiritui
3281 4982 3642 5063 sustinendo.

348 5052 441 5134 (ms
480 5064 547 5134 et
571 5049 871 5134 spectaculis
890 5092 904 5111 ,
935 5067 1087 5106 curru
1112 5060 1158 5134 et
1186 5049 1529 5134 venationibus
1557 5055 1939 5134 adeginsanie-
2041 5056 2370 5134 sitiet-turam
2414 5049 3644 5134 dicit,qttem_adtnodum_contrariosiguiﬁcatn

348 5123 469 5207 (rat,
494 5132 548 5177 ul
566 5124 660 5207 in.
686 5124 769 5207 iis.
792 5123 949 5207 vitam
992 5132 1179 5207 πει-ενοι.
1219 5123 1364 5180 Ideni
1411 5125 1586 5182 adhuc
1636 5125 1942 5199 Theologus
2042 5123 2698 5207 dieimus_prw_[ccturaat._
2733 5127 2912 5207 Itaque
2937 5124 3279 5207 suﬁ'ectnram
3307 5124 3489 5178 tribuit
3516 5125 3641 5207 atti-

349 5193 599 5276 Citr_ttt.ﬂ5
647 5191 891 5276 iambico.
920 5192 998 5276 με
1537 5267 1551 5276 _
1846 5191 1874 5199 ⁷

2059 5213 2170 5276 atat,
2192 5207 2249 5276 ut
2278 5191 2843 5276 intelligamusdatani
2872 5197 3084 5276 spiritui
3131 5195 3526 5267 praefecturam.
3551 5196 3642 5276 Sic

424 5265 504 5347 (ιζ)
535 5264 711 5320 δαυεω
730 5265 997 5347 sapimus.
1022 5261 1194 5347 cavea
1215 5278 1371 5347 stupe
1388 5280 1485 5337 pro
1515 5267 1723 5347 theatro
1743 5277 1800 5347 et
1829 5284 1945 5347 am-
2047 5261 2183 5324 libro
2207 5271 2275 5347 de
2316 5261 2501 5325 Anima
2525 5311 2541 5336 ,
2572 5269 2811 5324 animum
2854 5261 2989 5324 dixit
3037 5261 3331 5339 auguratum
3361 5280 3481 5321 esse
3526 5270 3641 5320 ani-

350 5333 656 5404 pbitheatro
695 5347 751 5389 ιιι
798 5335 884 5389 hic
934 5335 1181 5391 sumitur.
1215 5333 1319 5391 Sed
1358 5333 1497 5394 hunc
1545 5339 1718 5394 locum
1750 5339 1803 5394 in
1834 5341 1939 5396 vita
2047 5356 2173 5398 mar.
2207 5342 2329 5399 th.

344 5408 403 5462 ὃ.
425 5407 708 5481 Hilarionis
719 5421 788 5462 ex
799 5406 993 5475 pressit
1010 5406 1213 5481 optime
1230 5406 1292 5462 Β.
1323 5406 1608 5479 llieronym
1631 5429 1644 5465 :
1668 5407 1789 5464 Non
1814 5412 1938 5466 circi
2116 5411 2195 5481 (e)
2229 5411 2296 5466 Et
2322 5414 2375 5467 in
2394 5413 2492 5467 lioc
2510 5420 2668 5466 totum
2688 5410 2870 5465 salutis
2888 5416 3254 5465 sacramentum
3282 5423 3486 5461 carnem
3508 5424 3641 5463 nter-

343 5478 600 5555 furoribus
618 5521 632 5542 ,
651 5494 795 5555 non“
814 5493 986 5555 arenae
1032 5477 1280 5555 sanguine
1300 5518 1315 5542 ,
1352 5495 1453 5534 non
1509 5477 1691 5535 theatri
1716 5482 1937 5555 luxuria
2161 5477 2485 5555 Augustinus
2506 5525 2521 5547 ,
2553 5482 2690 5555 libro
2718 5481 2739 5535 Ι
2766 5484 2838 5555 de
2854 5490 3179 5555 peccatorum
3198 5481 3384 5555 meritis
3407 5490 3638 5555 ,_co_n_tra

343 5545 703 5625 delectabatur.
734 5545 897 5602 Vides
919 5545 1260 5625 arcuata—dici
1289 5563 1384 5625 pro
1406 5567 1562 5625 ganea
1585 5591 1600 5616 ,
1626 5550 1767 5607 unde
1795 5552 1935 5624 Apo-
2040 5545 2392 5625 Pelagq'cap.
2422 5545 2530 5608 εις
2561 5551 2768 5625 Optime
2786 5595 2801 5625 ,
2826 5545 3019 5622 inquit,
3044 5549 3229 5625 Punici
3252 5550 3530 5625 Christiani
3547 5551 3639 5604 ba-

337 5620 445 5694 log.
603 5635 773 5694 arente
787 5620 1032 5694 atrocitas
1059 5618 1375 5694 dicitu‘rLlJ:
1406 5621 1503 5677 Pa.
1630 5691 1673 5694 μ
1730 5692 1739 5694 _
1800 5692 1808 5694 Α
1842 5618 1853 5624 ’
2038 5618 2281 5694 plistiam
2305 5618 2476 5694 insunt
2498 5618 2627 5678 nihil
2654 5623 2801 5694 aliud
2829 5618 2983 5694 quam
3002 5620 3216 5694 salutem
3237 5630 3433 5694 uocant.
3468 5621 3590 5675 illo.

412 5691 487 5758 (e)
516 5691 696 5766 Scena:
738 5690 1072 5766 lasciuientis._
1112 5688 1382 5766 Proltibita
1429 5691 1933 5766 erant__Cliristiauis
2107 5693 2262 5750 CAP.
2311 5693 2505 5750 XXIX.
2538 5724 2606 5734 —
2637 5693 2859 5766 (078a!
2900 5691 3212 5766 deminutus
3249 5692 3491 5766 nuptias.
3523 5702 3632 5766 etc.

338 5761 639 5830 spectacula
678 5769 897 5831 pwpter
937 5759 1319 5831 turpitudinem
1346 5771 1400 5817 et
1429 5763 1849 5834 impudicitiam;
1879 5765 1930 5820 id
2035 5763 2255 5837 Nuptias
2282 5766 2533 5839 equidem
2564 5759 3022 5827 non'daninabat,
3055 5761 3164 5816 imo
3199 5761 3251 5815 in
3282 5760 3345 5814 iis
3373 5762 3632 5818 sanctita-
