4008 6280
273 309 372 367 281

1396 307 1524 363 LIB.
1565 306 1610 364 ll
1649 307 2013 368 ADVERSUS
2049 309 2473 368 MARCIONEM.

3480 315 3588 372 9.82

279 427 418 496 ptias
449 443 462 480 :
492 439 607 481 nec
633 422 1020 495 praescribimus
1043 467 1056 490 ,
1079 425 1172 482 sed
1202 427 1485 504 suademus
1512 430 1882 496 sanctitatem;
1912 435 1966 492 Α
1989 428 2097 501 jam
2155 434 2328 488 dicam
2391 433 2548 489 deum
2610 431 2895 488 Marcionis
2928 476 2944 502 ,
2984 447 3107 490 cum
3186 435 3589 491 matrimonium

279 528 572 572 servantes
605 526 664 572 et
697 517 892 571 bonttm
914 558 936 584 ,
955 527 1008 571 et
1051 519 1244 606 melius
1274 536 1372 592 pro
1401 522 1600 577 viribus
1631 523 1888 594 cujusque

279 608 548 662 sectando
578 626 592 672 ;
623 617 752 662 tunc
777 609 1004 678 denique
1027 611 1332 683 eonjugium
1365 613 1557 668 exerte
1591 613 1888 670 defenden-

283 712 359 756 tes
383 717 512 756 cum
565 701 790 756 inimice
833 713 1107 758 accusatur
1154 707 1424 776 spurcitia:
1467 709 1685 764 nomine
1711 709 1763 763 in
1795 708 1889 764 dc-

283 798 652 850 struetionetn
683 795 986 859 Creatoris.
1016 801 1104 868 qui
1159 799 1383 868 proinde
1425 800 1732 871 conjugium
1787 815 1886 870 pro

285 890 358 943 rei
410 888 709 944 honestate
751 888 1052 956 benedixit,
1088 891 1140 945 in
1171 902 1509 948 cremenlum
1538 891 1752 964 generis
1784 893 1888 949 hu-

284 981 459 1046 mani,
498 981 957 1052 quemadmodum
1000 991 1054 1037 et
1103 985 1409 1040 universum
1463 985 1786 1041 conditionis
1834 986 1886 1040 in

285 1077 535 1145 integros
564 1085 618 1130 et
649 1077 819 1130 bonos
847 1091 989 1132 usus.
1024 1077 1138 1132 Non
1168 1079 1292 1134 ideo
1316 1090 1495 1135 autem
1523 1089 1578 1135 et
1597 1080 1702 1136 cibi
1733 1080 1887 1135 dam-

285 1169 584 1232 nahuutur,
616 1170 740 1238 quia
768 1171 1042 1238 operosius
1073 1172 1325 1241 exquisiti
1358 1172 1411 1226 in
1436 1171 1614 1243 gulam
1641 1172 1890 1227 commit-

285 1270 442 1314 tunt:
482 1270 544 1314 tit
588 1261 672 1328 (Ι)
726 1276 823 1315 nec
866 1262 1086 1315 vestitus
1135 1263 1258 1318 ideo
1309 1263 1735 1330 accusabuntur,
1762 1263 1887 1334 quia

284 1354 582 1420 pretiosius
609 1357 901 1426 comparati
953 1357 1002 1410 iu
1049 1355 1399 1410 ambitionem
1427 1364 1750 1410 tumescunt.
1798 1355 1888 1412 Sic

283 1463 381 1502 nec
416 1449 752 1503 matrimonii
785 1464 871 1505 res
898 1449 1020 1503 ideo
1062 1448 1417 1519 deSpuentur,
1447 1449 1570 1520 quia
1621 1450 1888 1519 intempe-

281 1543 497 1597 rantius
528 1542 735 1597 diffusae
765 1544 814 1597 itt
849 1529 1111 1598 luxuriam
1144 1543 1506 1598 inardescunt.
1536 1543 1755 1598 Multum
1788 1541 1889 1599 dif-

282 1635 383 1687 fert
408 1635 558 1689 inter
589 1651 835 1690 caussam
863 1647 913 1691 et
939 1636 1150 1706 culpant
1175 1679 1190 1701 ,
1223 1637 1361 1690 inter
1400 1644 1596 1690 statum
1625 1643 1680 1690 et
1704 1650 1888 1690 exces-

214 1758 258 1772 -.
281 1741 420 1779 smn.
457 1728 539 1781 Ita
587 1727 892 1797 hujusmodi
949 1743 1053 1782 non
1102 1729 1368 1784 institutio
1393 1771 1406 1794 ,
1439 1728 1534 1783 sed
1567 1727 1890 1784 cxorbitatio

1993 534 2050 580 ιιι
2121 527 2318 582 malum
2368 537 2423 583 et
2473 527 2818 600 impudicitia:
2849 529 3120 599 negotiqu
3176 530 3449 598 reprobat,
3494 528 3588 583 ad-

1993 632 2178 673 versus
2203 619 2369 689 ipsam
2393 619 2570 676 facere
2589 622 2952 688 sanctitatem,
2979 622 3065 674 cui
3088 619 3298 676 videtur
3326 621 3546 676 studere
3571 639 3587 677 :

1992 709 2268 764 materiam
2316 712 2457 766 enim
2517 711 2632 783 ejus
2684 711 2905 768 eradit:
2955 713 3080 782 quia
3129 711 3175 768 si
3223 712 3587 793 ﬂii

1989 813 2166 871 _e__ruut.
2214 805 2474 874 sanctitas.
2514 804 2656 860 nulla
2699 813 2801 860 est.
2854 799 3020 860 Vacat
3061 805 3204 858 enim
3250 803 3589 860 abstinentia:

1993 897 2375 960 testimonium,
2406 913 2526 952 cum
2551 899 2759 953 licentia
2787 898 3042 968 eripitur;
3067 899 3320 969 quoniam
3351 898 3418 951 ita
3443 913 3591 968 qua:-

1990 987 2114 1043 dam
2146 987 2197 1041 in
2224 987 2457 1043 diVersis
2488 988 2800 1058 probantur.
2839 989 2989 1047 Sicut
3015 997 3071 1044 et
3097 989 3256 1044 virtus
3283 989 3336 1042 in
3367 989 3588 1057 inﬁrmi-

1994 1089 2096 1133 tate
2140 1080 2404 1149 per/icitur
2441 1079 2529 1152 (II
2580 1079 2701 1135 Cor.
2753 1079 2848 1135 Xll
2870 1122 2886 1148 ,
2924 1079 3003 1152 9)
3030 1121 3044 1145 ,
3077 1081 3155 1135 sic
3185 1089 3241 1136 et
3267 1081 3592 1137 abstinentia

1992 1173 2226 1230 nubendi
2256 1173 2308 1228 itt
2336 1171 2582 1229 facultate
2607 1172 2902 1230 dinoscitur
2927 1173 3028 1246 (5).
3049 1174 3178 1243 Quis
3210 1174 3438 1252 denique
3467 1176 3590 1230 abs-

1992 1266 2167 1320 tinens
2204 1264 2445 1330 dicetur,
2488 1265 2699 1321 sublato
2726 1282 2792 1320 eo
2837 1281 2867 1320 a
2915 1282 3021 1337 quo
3050 1266 3427 1321 abstinendum
3465 1268 3612 1341 ρςιῖτ

1991 1359 2122 1424 Quae
2149 1358 2507 1428 temperantia
2542 1358 2682 1428 gula:
2713 1357 2764 1413 in
2794 1358 2972 1413 fame?
3011 1374 3129 1430 quae
3158 1358 3468 1413 ambitionis
3499 1338 3688 1415 ιιι-δ’ιῦ

1991 1451 2230 1522 pudiatio
2267 1451 2318 1505 in
2356 1448 2638 1520 egestate?
2667 1465 2786 1520 qua:
2813 1449 3048 1506 libidinis
3085 1449 3382 1506 infrteuatio
3413 1451 3465 1504 in
3495 1465 3591 1506 ca-

1993 1543 2287 1600 stratione?
2327 1541 2443 1598 Jam
2486 1558 2612 1597 vero
2654 1553 2950 1614 sementem
2995 1540 3077 1614 (6)
3112 1542 3322 1613 generis
3368 1540 3590 1598 humani

1991 1649 2338 1706 compescere
2369 1636 2420 1689 itt
2456 1644 2623 1690 totum
2655 1613 2771 1708 (7).,
2821 1613 3095 1690 uescioan
3125 1633 3226 1689 hoc
3253 1650 3466 1708 quoque
3494 1652 3591 1706 op-

1995 1731 2122 1785 timo
2152 1730 2262 1785 Deo
2292 1740 2571 1800 congruat.
2599 1729 2884 1796 Quomodo
2913 1729 3057 1784 enim
3082 1730 3286 1784 salvum
3316 1731 3586 1787 hominem

2477 870 2774 880 ὴ..

282 1819 628 1889 νυνι-ιιιηιηιιςι
669 1828 750 1874 est
770 1862 785 1885 ,
813 1819 1105 1875 secundum
1144 1835 1425 1875 censuram
1453 1821 1773 1876 institutoris
1804 1821 1876 1890 ip-
1919 1828 1966 1886 Β
1996 1822 2159 1887 volet,
2190 1837 2346 1891 quem
2377 1830 2519 1875 vetat
2547 1821 2727 1884 nasci,
2757 1821 2825 1874 de
2853 1835 2958 1890 quo
2987 1821 3224 1875 nascitur
3250 1819 3591 1877 auferendo?

282 1914 390 1967 sius
412 1932 426 1978 ;
452 1914 614 1981 cujus
638 1923 720 1968 est
743 1924 845 1968 tam
868 1957 882 1981 ,
907 1913 1128 1970 Crescite
1152 1926 1198 1969 et
1225 1915 1633 1987 multiplicamini
1666 1915 1818 1983 (Gen.
1846 1916 1886 1982 Ι,

280 2006 368 2078 23)
396 2049 408 2069 ,
440 2023 610 2077 quam
640 2018 695 2060 ct
715 2051 727 2071 ,
758 2005 877 2060 Non
914 2007 1224 2062 atlulterabis
1254 2005 1471 2080 (Exod,
1502 2008 1621 2070 XX.
1655 2009 1769 2082 Μ),
1798 2017 1851 2064 et
1871 2051 1886 2075 ,

286 2101 516 2155 [furorem
543 2101 770 2170 proximi
795 2103 865 2154 tui
887 2119 986 2155 non
1014 2104 1335 2172 concupisces
1367 2102 1548 2174 (Lerit.
1580 2102 1680 2158 XX
1701 2145 1715 2168 ,
1751 2103 1843 2172 10)
1869 2119 1889 2160 .'

283 2203 457 2248 morte
500 2193 776 2264 punientis
806 2205 858 2249 et
891 2195 1149 2250 incestam
1173 2195 1286 2267 (:2),
1321 2196 1636 2267 sacrilegam
1660 2241 1674 2263 ,
1724 2205 1888 2268 atque

283 2297 692 2340 monstruosum
723 2286 772 2339 in
799 2287 1062 2341 masculos
1081 2297 1134 2342 et
1159 2288 1208 2342 itt
1236 2287 1467 2358 pecudes
1491 2287 1772 2343 libidinum
1804 2291 1887 2344 iu-

281 2380 512 2434 saniam.
547 2379 658 2434 Sed
687 2389 740 2434 et
767 2380 810 2434 si
843 2380 1074 2435 nubendi
1111 2381 1220 2451 jam
1254 2389 1431 2435 motus
1461 2381 1694 2452 ponitur,
1728 2397 1890 2452 quem

281 2472 500 2540 quidem
536 2472 685 2542 apud
711 2487 806 2526 nos
835 2474 1090 2544 spiritalis
1117 2475 1256 2529 ratio
1281 2517 1296 2541 ,
1327 2474 1606 2530 Paracleto
1632 2485 1886 2543 auctore,

282 2565 563 2626 defendit,
599 2580 762 2618 nuttnt
795 2565 846 2619 in
899 2566 1000 2620 ﬁde
1047 2565 1447 2621 matrimonium
1496 2568 1886 2638 prmscribens;

281 2656 531 2727 ejusdem
582 2657 684 2711 erit
738 2657 950 2712 modum
983 2657 1180 2729 ﬁgere,
1211 2661 1302 2730 qui
1348 2659 1564 2716 modum
1604 2661 1891 2732 aliquando

280 2748 582 2804 dili‘uderat
613 2767 626 2802 :
659 2749 703 2802 is
727 2750 976 2820 colliget,
1011 2752 1100 2821 qui
1127 2751 1326 2822 sparsit
1361 2769 1374 2806 :
1409 2752 1453 2807 is
1483 2752 1656 2808 ccedet
1682 2754 1888 2826 sylvam

280 2842 364 2911 qui
400 2841 679 2913 plantavit
710 2858 724 2907 ;
759 2843 800 2896 is
833 2853 997 2898 metet
1039 2855 1314 2913 segetem,
1346 2847 1434 2916 qui
1483 2847 1803 2904 seminavit:
1845 2851 1890 2906 is

279 2937 416 2990 dicet
441 2979 458 3002 ,
499 2936 758 3006 Superest
785 2947 838 2990 ut
865 2948 912 2992 et
938 2939 1027 3009 qui
1055 2956 1239 2994 uxores
1265 2939 1487 3008 habent,
1516 2942 1589 2997 sic
1617 2943 1717 2998 sint
1743 2947 1890 3015 quasi

278 3044 374 3081 non
405 3029 644 3082 [iubeant
681 3027 733 3100 (l
767 3028 884 3083 Cor.
923 3029 1045 3095 \‘ll,
1076 3029 1169 3103 29)
1194 3074 1207 3093 ,
1249 3032 1403 3102 cujus
1448 3042 1504 3088 et.
1549 3045 1697 3090 retro
1751 3037 1844 3092 fuit
1870 3080 1884 3106 ,

275 3117 499 3175 Crescite
565 3130 613 3174 et
671 3122 1080 3190 multiplicamini
1129 3125 1428 3194 :ejusdem
1487 3127 1649 3192 linis,
1726 3129 1920 3199 cujus

1994 1913 2263 1986 quomodo
2321 1913 2536 1969 habebit
2585 1915 2636 1968 itt
2678 1929 2784 1982 quo
2839 1914 3128 1968 bonitatem
3183 1929 3332 1968 suam
3380 1913 3589 1984 signet,

1993 2024 2150 2078 quem
2174 2023 2294 2064 esse
2321 2025 2424 2063 non
2460 2008 2700 2080 patitur?
2726 2007 2995 2078 quomodo
3018 2008 3208 2075 diligit,
3242 2007 3395 2076 cujus
3422 2008 3590 2076 origi-

1995 2116 2116 2156 nem
2149 2116 2254 2154 non
2287 2102 2470 2154 amat?
2511 2099 2687 2154 Timet
2715 2100 2936 2154 forsitan
2980 2099 3383 2154 redundantiam
3429 2100 3664 2154 δοιώ-’-

1995 2193 2080 2260 lis,
2115 2207 2181 2248 ne
2207 2192 2412 2248 laboret
2444 2192 2626 2263 plures
2656 2191 2959 2260 liberando,
2991 2207 3057 2248 ne
3081 2192 3279 2247 multos
3310 2191 3464 2247 faciat
3482 2192 3592 2248 ha:-

1995 2286 2215 2350 reticos,
2248 2301 2315 2338 ne
2343 2285 2719 2355 geuerosiores
2754 2283 2947 2338 habeat
2986 2283 3322 2339 Marcionitas
3349 2298 3412 2338 cx
3448 2283 3590 2339 Mar-

1995 2378 2226 2435 cionitis.
2271 2377 2386 2432 Non
2429 2377 2532 2431 erit
2577 2376 2860 2432 immanior
2898 2376 2976 2448 (8)
3017 2375 3210 2430 duritia
3262 2375 3587 2446 Pharaonis,

1995 2475 2328 2528 nascentium
2379 2474 2676 2526 enecatrix.
2723 2469 2855 2525 Nam
2895 2470 2983 2525 ille
3016 2469 3221 2524 animas
3247 2470 3461 2535 adimit,
3506 2470 3591 2526 hic

1997 2579 2102 2620 non
2133 2564 2246 2628 dat;
2291 2563 2379 2619 ille
2408 2563 2582 2618 aufert
2609 2563 2675 2617 de
2705 2561 2784 2635 (9)
2815 2562 2916 2616 vita
2940 2603 2955 2626 ,
3004 2561 3090 2617 hic
3121 2577 3226 2617 non
3263 2562 3497 2617 admittit
3525 2565 3578 2618 in

1995 2659 2180 2712 vitam.
2219 2655 2358 2711 Nihil
2402 2655 2543 2723 apud
2588 2656 2775 2710 ambos
2811 2653 2878 2710 de
2909 2654 3202 2710 homicidio
3241 2653 3414 2710 differt
3451 2655 3591 2710 :sub

1995 2761 2222 2820 utroque
2259 2749 2420 2802 homo
2459 2747 2809 2825 interficitur;
2852 2748 2952 2802 sub
2979 2747 3184 2814 altero,
3218 2747 3328 2816 jam
3371 2746 3582 2814 editus,
3612 2745 3644 2769 ‘

1993 2844 2094 2899 sub
2121 2842 2294 2897 altero
2319 2886 2332 2905 ,
2365 2840 2626 2896 edendos.
2673 2840 2869 2895 Gratus
2897 2857 3046 2896 esses
3067 2882 3080 2907 ,
3111 2855 3144 2894 ο
3177 2839 3276 2896 dee
3316 2840 3588 2911 heretice,
3629 2861 3649 2902 τ

1994 2939 2037 2994 si
2067 2952 2217 2994 esses
2257 2937 2310 2991 in
2339 2935 2745 3006 dispositionem
2771 2933 3077 3002 Creatoris,
3125 2934 3264 3004 quod
3302 2949 3504 2988 marem
3533 2945 3590 2992 et

1995 3031 2268 3086 fmminatn
2309 3027 2522 3082 miscuit
2554 3045 2566 3079 :
2593 3028 2776 3096 utique
2818 3027 2960 3082 enim
2996 3035 3051 3080 et
3096 3027 3325 3082 Marcion
3371 3037 3490 3080 tuus
3519 3041 3588 3083 ex

1995 3122 2194 3190 nuptiis
2222 3128 2375 3174 natus
2402 3127 2502 3174 est.
2533 3117 2673 3175 Satis
2700 3119 2814 3173 lucc
2839 3117 2909 3173 de
2948 3117 3050 3173 deo
3071 3117 3376 3183 Marcionis,
3403 3133 3585 3188 quem,

275 3222 324 3266 et
369 3215 620 3268 initium.
681 3213 757 3284 (η)
812 3214 927 3270 Νοη
981 3225 1156 3270 tamen
1202 3227 1256 3270 ιιι
1304 3217 1384 3288 (5)
1437 3220 1738 3274 accusanda
1776 3236 1880 3276 cm-
1912 3225 1957 3286 C
1990 3230 2043 3276 et
2072 3217 2414 3273 deﬁnitiones
2454 3215 2623 3269 unica:
2667 3213 2996 3278 divinitatis,
3030 3223 3084 3268 et
3109 3213 3444 3268 conditiones
3470 3222 3585 3267 sta-

273 3307 416 3362 ditur
448 3308 612 3380 sylva
639 3351 654 3373 ,
703 3324 803 3364 nec
855 3320 912 3364 ut
961 3310 1261 3365 damnanda
1309 3321 1524 3368 secatur
1567 3329 1761 3384 seges,
1791 3315 1886 3371 sed

273 3411 326 3456 ιιι
376 3401 625 3472 tempori
675 3415 772 3455 suo
823 3417 1037 3472 parens.
1097 3404 1185 3457 Sic
1229 3414 1282 3458 et
1322 3405 1572 3460 connubii
1617 3420 1703 3461 res
1733 3449 1747 3471 ,
1779 3424 1885 3462 non

270 3504 324 3548 ut
395 3496 549 3550 mala
589 3536 604 3559 ,
663 3509 906 3550 securem
983 3506 1038 3550 et.
1113 3494 1306 3552 falcem
1379 3497 1614 3554 admittit
1688 3501 1888 3556 sancti-

269 3587 440 3653 tatis,
501 3585 608 3641 sed
681 3598 734 3640 ιιι
789 3596 993 3660 matura
1046 3587 1307 3658 defungi,
1351 3597 1411 3644 ut
1467 3590 1564 3659 ipsi
1616 3592 1885 3648 sanctitati

268 3686 561 3734 reservata
595 3718 610 3744 ,
643 3678 727 3732 cui
773 3677 1032 3734 caedendo
1084 3688 1302 3750 praestat
1340 3689 1394 3736 et
1437 3694 1560 3736 esse
1590 3681 1692 3751 (4).
1732 3682 1886 3739 Unde

1991 3323 2138 3370 tuum
2160 3310 2274 3383 (l0)
2303 3309 2418 3380 ejus
2444 3307 2666 3363 omnino
2691 3321 2797 3362 non
2828 3320 2948 3362 esse
2967 3306 3291 3361 conﬁrmant
3321 3305 3460 3377 (il).
3479 3303 3587 3360 Sed

1990 3416 2044 3462 et
2069 3405 2234 3459 totius
2286 3401 2528 3472 opusculi
2587 3400 2756 3455 series
2812 3400 2863 3453 itt
2917 3398 3026 3454 hoc
3083 3398 3268 3466 utique
3323 3397 3583 3453 succedit.

1990 3496 2246 3563 Proinde,
2271 3495 2313 3572 si
2342 3495 2425 3549 cui
2454 3493 2632 3548 minus
2659 3490 2783 3563 qttid
2817 3491 3060 3547 videmur
3089 3490 3204 3562 (12)
3232 3492 3427 3558 egisse,
3460 3505 3584 3559 Spe-

1991 3602 2069 3647 ret
2094 3599 2422 3646 reservatum
2447 3603 2546 3643 suo
2569 3583 2969 3657 tetnpori,sicut
2992 3594 3045 3640 et
3071 3586 3305 3657 ipsarum
3331 3583 3403 3640 Sc
3415 3583 3580 3656 riptu-

1990 3701 2170 3741 rarum
2196 3683 2671 3750 examinationem,
2701 3681 2892 3753 quibus
2918 3681 3152 3736 Marcion
3183 3681 3362 3736 utitur.

1499 3795 1882 3856 LECTIONES
1924 3801 2339 3858 VABIANTES.

324 3911 400 3969 (1)
438 3912 594 3961 Tunc
619 3910 769 3961 Rhen.
797 3909 992 3962 Oberth.

325 3975 398 4034 (ἐ)
439 3975 697 4034 Incestam
729 3981 782 4022 et
803 3983 918 4024 Jun.

323 4031 398 4098 (ὅ)
438 4037 511 4087 Ut.
531 4031 714 4098 neglig.
736 4036 886 4085 Semt.
913 4034 1108 4098 obertlt.

344 4041 382 4085 3'
438 4041 511 4087 Ut
531 4041 714 4098 neglig.
736 4041 886 4085 Seml.
913 4041 1108 4086 Oberth.

344 4041 398 4162 si
439 4101 802 4162 l’rzestetesse
827 4095 980 4162 Seml.
1007 4105 1260 4162 praestaret
1290 4098 1438 4151 Rhea.

345 4160 398 4226 :5)
436 4160 768 4226 pignoscitur
792 4160 900 4226 Rig.
929 4160 1080 4212 Frim.

344 4223 397 4274 6)
435 4223 640 4274 Semen
662 4229 776 4274 Jun.

2051 3917 2121 3982 (7)
2159 3912 2580 3982 indeletSeml..
2640 3974 2689 3982 __
2782 3973 2794 3982 Ι
2854 3975 2917 3982 __
3087 3975 3098 3982 _

2051 3972 2120 4039 (8)
2158 3977 2422 4028 Humanior
2445 3973 2596 4026 Seml.
2629 3973 2825 4026 Obet'th.
2853 3975 3157 4025 inhumanior
3179 3972 3285 4026 alii.

2051 3983 2102 4039 (8
2158 3983 2422 4028 Hnntattior
2445 3983 2590 4026 Semt.

2051 3983 2372 4106 (Qi‘ASeml.
2401 4039 2590 4106 Ρςιιιιειι

2078 4099 2151 4153 ιιι)
2186 4105 2377 4153 Statum
2402 4100 2545 4151 Rhea.
2589 4099 2786 4151 Obertlt.

2076 4163 2153 4216 ill
2191 4164 2540 4216 Conﬁrmantes
2564 4163 2711 4212 triten.

2079 4227 2152 4278 1?.)
2189 4227 2640 4278 VidebimurFrmt.

1641 4327 2204 4388 COMMENTARIUS.

262 4461 364 4509 tem
394 4451 1043 4525 eomtuendabatauctor,
1074 4453 1168 4510 sed
1187 4455 1493 4525 uuptiarttm
1515 4454 1735 4509 obtentu
1765 4463 1874 4510 tur-

261 4524 574 4598 pitudinem
599 4522 711 4591 jaut
741 4526 1155 4581 invalescentem
1185 4522 1480 4598 rejiciebat.
1515 4525 1590 4580 Le
1621 4525 1718 4598 Pa.

331 4597 410 4665 (a)
447 4594 509 4649 Ν
515 4611 585 4668 on
617 4604 782 4649 tamen
815 4608 868 4650 ut
891 4597 1182 4651 accusanda
1205 4594 1416 4652 creditur
1444 4598 1606 4668 sylva.
1639 4597 1680 4651 A
1711 4596 1871 4652 simili

259 4670 480 4735 nuptias
536 4667 871 4721 damnandus
917 4683 1021 4722 non
1067 4684 1188 4724 esse
1214 4669 1402 4734 docet,
1433 4667 1594 4738 utque
1617 4669 1752 4738 juris
1781 4683 1872 4723 ro-

257 4729 398 4793 mani
445 4741 660 4808 peritus
687 4749 820 4805 erat,
853 4740 921 4794 de
950 4739 1102 4811 sylva
1148 4741 1355 4808 caedua,
1389 4729 1649 4812 iloqititu'r
1676 4739 1744 4796 de
1769 4753 1874 4810 qua
1900 4729 1954 4790 D

1984 4454 2235 4522 frequens
2259 4452 2311 4506 in
2337 4452 2458 4522 jure
2483 4451 2686 4506 mentio
2714 4491 2730 4517 ,
2761 4449 3122 4522 dividiturque
3147 4448 3294 4522 sylva
3319 4447 3497 4504 omnis
3519 4446 3572 4502 in

1982 4521 2220 4579 creduam
2247 4565 2262 4588 ,
2286 4521 2350 4578 et
2371 4539 2473 4577 non
2504 4522 2766 4578 emduam.
2801 4522 2950 4576 Prior
2981 4521 3100 4578 ideo
3133 4521 3374 4576 servatur
3397 4528 3453 4574 ιιι
3477 4533 3578 4574 eac-

1981 4597 2158 4659 datur,
2195 4596 2456 4665 posterior
2489 4593 2727 4665 pastioni
2779 4608 3032 4660 pecorum
3080 4593 3340 4649 destinata
3368 4599 3450 4646 est
3475 4630 3490 4657 ,
3522 4599 3584 4646 et

1982 4667 2139 4738 vulgo
2159 4664 2354 4738 pascua
2393 4664 2611 4722 dicitur.
2643 4664 2720 4720 LE
2759 4665 2860 4721 Pa.

1001 4889 3565 4920 Μ

1166 4999 1643 5112 LIBER
1721 4988 2608 5107 SECUNDUS.

1605 5224 2266 5258 *θ’-’⁵⁵-

250 5352 668 5408 Αιιαυιιειιτωι.
707 5357 777 5385 —‘-
815 5341 859 5398 Ι.
901 5339 1030 5398 Cum
1077 5341 1206 5398 libro
1269 5338 1572 5412 praecedenti
1619 5333 1872 5408 deﬁnierit

321 5437 688 5497 Tertullianus
736 5433 887 5490 deum
936 5433 1218 5490 Marcionis
1260 5432 1426 5487 Deum
1469 5447 1572 5486 non
1614 5445 1754 5492 esse,
1786 5441 1864 5480 re-

319 5534 468 5607 gulis
505 5528 660 5585 certis
695 5527 1138 5600 prmeribentibus
1165 5528 1369 5581 unicam
1398 5540 1505 5580 esse
1531 5523 1866 5586 divinitatem,-

319 5626 424 5680 hoc
456 5621 595 5678 libro
625 5618 788 5674 Deum
816 5618 1106 5676 Creatorem
1135 5619 1287 5689 digne
1311 5616 1475 5673 Deum
1521 5631 1659 5682 esse,
1692 5621 1865 5686 utpote

317 5715 523 5774 item
541 5756 559 5779 ,
589 5729 692 5768 non
717 5715 908 5769 malum
927 5755 944 5781 ,
975 5711 1220 5781 defendit,

249 5805 317 5866 ll.
341 5804 637 5866 Privatim
647 5804 890 5862 invectiva
907 5804 962 5858 in
983 5801 1438 5876 Marcionitas,qui
1456 5817 1550 5858 sua
1569 5802 1862 5858 curiositate

2048 5328 2157 5385 Deo
2184 5330 2437 5401 negotium
2463 5328 2693 5400 faciunt,
2726 5327 2790 5382 de
2818 5325 3031 5381 arbitrio
3080 5337 3255 5378 sensus
3295 5319 3374 5375 sui
3405 5315 3574 5373 Deum

2045 5425 2373 5494 pensitantes.

1970 5517 2056 5575 Ill.
2080 5518 2146 5573 In
2163 5516 2341 5589 primis
2369 5524 2537 5570 autem
2563 5513 2706 5568 docet
2728 5513 2999 5568 bonitatem
3027 5506 3123 5562 Dei
3151 5503 3404 5560 Creatoris
3427 5512 3567 5557 teter-

1997 5627 2006 5634 '
2041 5629 2158 5668 nam
2195 5627 2334 5678 esse,

1966 5705 2057 5761 IV.
2095 5704 2383 5759 Prtesertim
2410 5717 2474 5756 ea:
2497 5699 2716 5754 hominis
2746 5707 2790 5753 et
2818 5694 2993 5752 mundi
3021 5697 3217 5765 {actura
3241 5703 3301 5742 ac
3322 5699 3380 5741 ea
3404 5700 3558 5754 quam

2039 5798 2232 5854 homini
2255 5794 2562 5870 prwscripsit
2587 5793 2739 5862 lege;
