4008 6280
342 333 452 395 983

1763 334 2231 396 TERTULLIANI

3548 330 3656 391 286

278 444 286 449 ’
344 455 413 513 ν.
444 453 630 527 Neque
652 456 785 512 enim
823 455 1026 526 lapsum
1055 453 1276 511 hominis
1304 452 1431 520 Deo,
1454 454 1545 509 sed
1565 454 1722 509 libero
1741 452 1952 507 arbitrio
1979 454 2032 514 A
2057 452 2227 515 XXII.
2262 453 2442 523 Neque
2492 454 2643 511 etiam
2691 452 3085 511 similitudinum
3130 430 3502 524 prohibiturum
3552 447 3653 520 legi

423 550 644 606 hominis
680 546 1075 619 imputandum:

348 640 440 699 VI.
490 640 558 696 Et
585 657 701 696 vero
734 639 828 696 Dei
852 628 1211 696 bonitatem'ac
1235 641 1481 694 rationem
1508 637 1728 692 hominis
1755 638 1849 691 hoc
1874 653 1953 690 re-

424 735 706 808 quisivisse,
728 744 783 790 ut
800 736 1185 790 constitueretur
1210 726 1359 787 homo
1374 726 1519 787 liberi
1544 730 1766 796 arbitrii;
1782 732 1954 796 utpote

422 842 537 883 cum
562 845 652 883 nec
677 827 796 882 boni
821 844 910 882 nec
938 827 1060 880 mali
1085 842 1273 881 merces
1294 825 1415 896 jure
1436 826 1481 879 ei
1508 832 1805 894 pensaretur
1824 864 1839 889 ,
1866 818 1954 894 qui

423 931 512 977 aut
538 921 698 977 bonus
724 930 812 975 aut
839 921 1007 976 malus
1037 920 1330 975 necessitate
1358 917 1536 989 [uisset
1565 919 1824 985 inventus,
1850 935 1950 972 non

423 1015 699 1070 voluntate’
715 1031 734 1070 :
1619 1015 1625 1018 ’

354 1105 464 1163 VII.
484 1104 554 1161 Id
580 1100 747 1178 ipsum
769 1105 920 1162 etiam
933 1103 1132 1178 exigere
1155 1102 1252 1159 Dei
1272 1104 1590 1177 gravitatem,
1618 1102 1770 1175 ﬁdem
1793 1112 1837 1158 et
1855 1120 1950 1175 pa-

427 1200 655 1253 tientiam
684 1214 702 1253 :

356 1290 493 1349 VIII.
524 1292 748 1348 Prorsus
764 1292 935 1364 itaque
952 1288 1146 1347 homini
1161 1291 1400 1347 delictum
1417 1290 1776 1364 imputandum
1805 1305 1953 1363 quem

384 1386 393 1391 ’
426 1385 494 1439 ad
524 1396 654 1440 recte
684 1390 946 1440 vivendum
977 1394 1231 1439 creaverat
1263 1383 1405 1440 Deus
1434 1401 1454 1439 :

354 1475 449 1533 IX.
485 1476 666 1549 Neque
697 1486 965 1549 propterea
986 1477 1093 1532 Deo
1112 1478 1163 1532 id
1184 1478 1561 1549 imputandum,
1586 1478 1721 1548 quod
1742 1478 1956 1551 afﬂatus

428 1569 527 1626 Dei
556 1572 619 1626 sit
642 1574 816 1626 anima
844 1587 957 1642 quae
985 1572 1267 1644 delinquit;
1293 1573 1412 1644 quia
1438 1572 1582 1627 habet
1608 1564 1813 1645 quidem
1843 1572 1957 1627 ani-

428 1679 513 1715 ma
545 1661 664 1717 illas
703 1662 863 1718 lineas
888 1663 984 1717 Dei
1029 1680 1127 1734 qua
1173 1663 1475 1718 immortalis
1502 1706 1517 1731 ,
1560 1680 1660 1731 qua
1690 1664 1844 1718 libera
1878 1665 1958 1719 sui

429 1753 668 1821 arbitrii,
716 1772 818 1825 qua
867 1756 1081 1827 prtescia
1127 1756 1457 1828 plerumque,
1503 1773 1603 1815 aua
1649 1756 1957 1819 rationalis;

2128 551 2382 623 refragari
2398 550 2527 605 ιεηεί
2540 551 2808 620 serpentis,
2833 557 2925 611 aut
2948 546 3203 603 Cherubin
3220 555 3267 602 et
3280 541 3538 615 Strophin
3554 559 3652 597 au-

2127 660 2240 698 reas
2271 644 2476 716 eﬂigies,
2505 659 2619 710 aute
2654 645 2804 715 longe
2831 644 3056 701 diversas
3072 640 3322 709 habebant
3354 655 3567 694 caussas
3588 637 3653 691 ab

2125 737 2514 802 idololatria,de
2532 753 2652 809 qua,
2672 747 2847 793 vetans
2863 734 3248 793 similitudinem
3265 733 3401 802 ﬁeri,
3418 730 3619 799 subjicit
3634 747 3654 786 :

2128 827 2244 885 Non
2294 814 2619 897 adorabitis,
2667 844 2844 898 neque
2889 826 3136 883 servietis
3182 826 3301 889 eis;
3328 824 3486 896 fuisse
3523 822 3657 877 enim

2128 923 2278 977 etiam
2291 922 2593 977 rationalem
2609 920 2701 983 Dei
2724 920 3089 975 institutionem
3111 917 3481 986 sacriﬁciorum
3503 914 3652 987 (avo-

2127 1017 2288 1072 cantis
2317 1015 2380 1070 ab
2405 1014 2605 1087 idolis),
2633 1031 2750 1088 qua:
2775 1026 2943 1070 tamen
2973 1030 3151 1068 rursus
3177 1011 3429 1084 rejecerit.

2057 1109 2250 1167 XXIII.
2273 1108 2396 1166 Non
2421 1119 2554 1165 recte
2580 1111 2736 1176 etiam
2766 1109 2920 1164 levem
2940 1107 3102 1164 Deum
3131 1106 3256 1177 dici,
3285 1121 3398 1161 cum
3421 1102 3657 1176 reprobat

2128 1200 2405 1271 aliquando
2420 1192 2774 1272 probatos,aut
2785 1199 2963 1271 probat
2974 1198 3276 1271 quandoque
3287 1196 3660 1269 reprobandos;

2129 1295 2261 1350 nihil
2288 1296 2420 1349 enim
2448 1278 2612 1365 ntagis
2640 1295 2770 1349 bono
2794 1293 2945 1349 etiam
2981 1291 3152 1365 judici
3178 1290 3444 1346 convenire
3463 1330 3480 1359 ,
3506 1305 3658 1362 quam

2134 1405 2225 1459 pro
2247 1387 2575 1459 praesentibus
2604 1385 2814 1453 meritis,
2845 1394 2891 1445 et
2920 1386 3150 1454 rejicere,
3181 1392 3229 1437 et
3254 1382 3511 1453 allegere:

2058 1472 2248 1557 XXIV.
2261 1477 2488 1535 Proinde
2503 1478 2848 1549 pamitentiam
2870 1474 3176 1548 apudDeum
3194 1475 3659 1546 praveinterpreta-

2131 1575 2175 1626 ri
2202 1571 2536 1637 Marcionem,
2561 1586 2681 1625 nam
2707 1580 2750 1624 et
2772 1570 2824 1623 in
2849 1585 3014 1641 grwco
3039 1584 3164 1623 sono
3182 1556 3378 1640 (utpote
3405 1567 3658 1637 μετᾶνῡιι)

2132 1664 2437 1735 ptenitentiat
2463 1679 2641 1717 nomen
2670 1678 2771 1717 non
2797 1678 2862 1716 ea:
2884 1660 3055 1715 delicti
3084 1659 3399 1732 confessione
3422 1701 3437 1726 ,
3479 1659 3568 1717 scd
3596 1674 3661 1714 ea:

2133 1756 2290 1809 animi
2316 1752 2659 1809 demutatione
2687 1754 3024 1825 compositum
3054 1761 3147 1807 est.

431 1857 598 1903 tamen
624 1857 667 1902 et
693 1849 745 1903 in
776 1849 855 1904 his
886 1851 1051 1921 imago
1083 1848 1345 1903 dumtaxat
1376 1845 1507 1919 Dei,
1554 1864 1657 1903 non
1684 1864 1839 1921 usque
1885 1849 1952 1903 ad
1981 1844 2029 1904 B
2057 1847 2224 1905 XXV.
2247 1846 2355 1903 Nec
2371 1848 2668 1902 absimiliter
2683 1863 2834 1920 prave
2849 1847 2914 1901 ab
2939 1845 3028 1900 illo
3049 1844 3264 1915 intelligi
3280 1843 3410 1899 illud
3432 1842 3659 1910 :Adam,

430 1941 599 2009 ipsum
625 1941 725 1996 vim
755 1924 1055 2015 divinitatis.

360 2031 430 2088 X.
464 2030 644 2104 Neque
682 2034 877 2088 etiamsi
901 2034 953 2087 in
979 2031 1237 2089 diabolum
1265 2034 1684 2091 transcriberetur
1705 2035 1876 2106 culpa,
1903 2042 1960 2088 ut

433 2123 775 2179 instinctorem
803 2123 1001 2189 delicti,
1034 2138 1299 2194 propterea
1328 2125 1382 2179 in
1415 2123 1704 2180 Creatorem
1732 2124 1960 2197 dirigen-

342 2264 351 2269 -
432 2216 587 2283 dam,
620 2216 757 2272 utin
797 2227 1055 2272 auctorem
1097 2217 1322 2283 diaboli,
1352 2228 1525 2289 utpote
1565 2220 1651 2289 qui
1688 2214 1899 2290 angelus
1930 2236 1963 2273 a

433 2309 546 2365 Deo
572 2320 619 2366 et
650 2311 809 2367 bonus
825 2315 996 2385 factus
1020 2311 1106 2378 sit,
1148 2328 1249 2365 non
1276 2309 1507 2365 diabolus
1526 2352 1541 2376 ,
1564 2311 1619 2364 id
1643 2323 1719 2366 est
1741 2310 1960 2367 delator.

366 2401 458 2458 XI.
478 2401 666 2467 Porro,
683 2404 725 2457 si
743 2414 852 2472 post
865 2402 1102 2458 delictum
1124 2403 1343 2458 hominis
1356 2401 1518 2475 iudex
1533 2415 1578 2457 et
1594 2420 1792 2458 severus
1812 2403 1966 2474 fuerit

394 2484 399 2487 ’
438 2495 606 2561 Deus,
639 2513 740 2552 non
774 2498 844 2551 ad
870 2497 1145 2562 malitiam,
1178 2497 1268 2551 sed
1294 2497 1362 2549 ad
1393 2496 1652 2566 justitiam
1682 2497 1965 2567 pertinere;

366 2587 480 2644 Xll.
512 2589 640 2653 Qua:
660 2590 858 2655 iustitia
879 2606 993 2642 cum
1017 2597 1259 2660 perpetuo
1280 2588 1330 2641 in
1352 2586 1459 2642 Deo
1473 2604 1588 2640 cum
1607 2586 1831 2642 bonitate
1848 2605 1967 2643 con-

437 2679 644 2747 spirarit
670 2721 686 2747 ,
715 2697 817 2733 non
859 2688 992 2734 recte
1019 2696 1245 2733 seorsum
1272 2676 1508 2755 deputari
1535 2673 1702 2735 Deum
1736 2678 1929 2755 bonum;
1950 2722 1966 2748 ,

441 2781 487 2826 et
506 2788 735 2827 seorsum
760 2771 927 2827 Deum
940 2771 1143 2842 justum
1166 2787 1186 2837 ;
1235 2772 1245 2779 ’
1914 2751 1929 2765 ί

368 2862 504 2921 XIII.
534 2862 651 2920 Imo
672 2883 784 2921 vero
803 2862 1168 2936 omnejustitia:
1187 2881 1315 2937 Opus
1332 2859 1541 2920 bonit'ati
1565 2865 1659 2921 Dei
1673 2882 1968 2935 procurare,

439 2957 628 3030 quippe
648 2973 764 3012 cum
796 2957 945 3012 timor
974 2956 1164 3029 judicii
1190 2955 1259 3011 ad
1308 2956 1516 3024 bonum,
1542 2958 1643 3011 non
1669 2957 1738 3011 ad
1755 2957 1970 3027 malum,

440 3053 668 3122 conferat
693 3064 711 3104 :

370 3134 513 3200 XIV.
558 3141 620 3198 Si
647 3142 851 3214 quando
877 3141 1212 3214 itaque:Deus
1239 3142 1438 3215 legatur
1464 3142 1687 3198 condens
1711 3145 1848 3199 mala
1866 3187 1881 3213 ,
1912 3145 1977 3200 de

442 3238 592 3292 malis
622 3253 782 3309 paena:
800 3280 816 3304 ,
840 3255 939 3291 non
966 3237 1131 3308 culptv
1149 3279 1165 3304 ,
1192 3236 1411 3310 intelligi
1434 3254 1454 3293 :

372 3328 492 3387 XV.
523 3329 790 3385 Justitiam
838 3331 1051 3403 proinde
1093 3347 1217 3397 esse,
1256 3340 1406 3402 atque
1426 3331 1551 3386 adeo
1572 3332 1841 3389 bonitatem
1861 3331 1975 3404 Dei,

446 3440 559 3495 qua:
586 3422 828 3479 severitas
854 3424 1082 3478 videatur
1103 3441 1124 3491 ;

373 3515 515 3573 XVI.
538 3517 603 3571 Et
618 3507 778 3586 iudici
791 3535 889 3572 non
904 3516 1254 3587 exprobranda
1266 3534 1382 3587 qua:
1392 3518 1599 3583 iustitite
1615 3519 1979 3583 acoidunt,non

410 3608 413 3611 ’
447 3611 609 3682 magis
640 3627 792 3682 quam
820 3610 1014 3665 medico
1044 3613 1355 3683 ferramenta
1381 3627 1495 3682 qua:
1521 3618 1713 3678 secant,
1738 3615 1977 3683 inurunt,

447 3710 714 3771 amputant
741 3711 787 3757 et
813 3702 1140 3756 constrictant
1169 3717 1189 3758 :

377 3792 540 3850 XVII.
573 3791 804 3866 Denique
828 3803 988 3848 totum
1014 3794 1243 3848 ordinem
1268 3792 1367 3849 Dei
1393 3793 1629 3850 bonitatis
1653 3812 1718 3851 ea;
1750 3797 1863 3868 ejus
1889 3796 1985 3852 mi-

449 3888 724 3943 sericordia
744 3888 798 3942 in
817 3898 1063 3955 errantes,
1101 3887 1349 3960 patientia
1384 3888 1440 3944 in
1478 3902 1582 3945 non
1610 3889 1980 3960 resipiscentes,

450 3989 499 4035 et
523 3981 816 4050 pra-stantia
838 3980 893 4035 in
923 3989 1188 4036 merentes.
1422 3972 1426 3989 ’

380 4071 565 4130 XVIII.
594 4072 786 4126 Deinde
810 4072 879 4126 ad
904 4074 1176 4128 antitheses
1192 4073 1393 4130 veniens
1425 4072 1723 4141 Marcionis,
1738 4076 1985 4130 etiamad

453 4169 724 4223 bonitatem
749 4166 840 4222 Dei
859 4171 1106 4239 pertinere
1119 4168 1296 4238 probat
1310 4168 1514 4224 talionis
1525 4184 1746 4239 plenam,
1760 4158 1999 4225 ciborum“

459 4259 841 4315 immundorum
872 4259 1263 4330 prohibitionem
1281 4301 1299 4328 ,
1322 4270 1369 4315 et
1397 4262 1767 4331 sacriﬁciorum
1795 4279 1987 4329 onera;

382 4352 528 4410 XIX.
562 4351 672 4408 Nec
694 4354 862 4409 minus
879 4353 1031 4408 etiam
1069 4353 1257 4425 legales
1292 4370 1516 4425 quasque
1563 4355 1880 4429 disciplinas,
1925 4373 1989 4412 ne

453 4447 532 4502 illi
553 4454 800 4501 mamma
826 4453 1062 4501 vacarent
1085 4462 1117 4502 a
1142 4444 1241 4500 Dei
1265 4458 1537 4515 respectu;

383 4534 505 4605 XX.
548 4532 665 4593 lmo
693 4552 807 4592 vero
835 4539 983 4592 etiam
1014 4538 1250 4608 rapinam
1275 4540 1470 4610 argenti
1499 4540 1792 4597 mandatam
1817 4557 1849 4597 a
1882 4539 1988 4598 Deo

2141 1942 2227 1997 ubi
2260 1957 2319 1998 es
2343 1942 2367 1995 ‘t
2392 1951 2436 1995 et
2465 1940 2595 1995 illud
2633 1941 2700 1994 ad
2743 1940 2870 1995 Cain
2891 1979 2905 2003 ,
2933 1937 3031 1994 Ubi
3062 1946 3145 1992 est
3166 1936 3334 1993 frater
3356 1934 3508 1991 tuus?
3531 1926 3664 1991 Item

2123 2035 2255 2090 illud
2268 2034 2567 2090 deSodoma
2579 2044 2627 2089 et
2640 2032 2944 2096 Gontarrha,
2955 2030 3296 2086 Descendens
3315 2028 3661 2097 videbo,etc.;

2064 2128 2258 2185 XXVI.
2283 2128 2417 2184 Item
2449 2129 2596 2183 etiam
2615 2129 2962 2200 juramentum
2991 2122 3089 2179 Dei
3117 2140 3207 2195 per
3252 2121 3597 2193 semetipsum,
3621 2128 3669 2175 et

2139 2222 2423 2280 verba'illa
2449 2219 2517 2275 ad
2557 2220 2793 2292 Moysen,
2843 2219 2971 2275 Sine
3003 2233 3111 2287 me,
3162 2224 3218 2272 et
3262 2215 3564 2287 indignatus
3591 2214 3669 2269 ira

2141 2316 2445 2388 disperdam
2478 2315 2619 2371 illos.
3006 2330 3007 2333 η

2068 2409 2282 2468 XXVII.
2314 2408 2543 2478 Denique
2564 2406 2792 2474 reliquas
2828 2402 3128 2476 pusillitates
3152 2418 3279 2473 quas
3318 2399 3424 2455 Deo
3473 2397 3675 2466 objicie-

2143 2504 2259 2559 bant
2283 2501 2602 2558 Marcionin
2621 2516 2722 2556 non
2749 2492 2917 2566 tantas
2947 2515 3053 2553 esse
3079 2507 3299 2567 quantas
3327 2495 3479 2550 etiam
3495 2493 3595 2560 ipsi
3619 2493 3674 2547 in

2145 2599 2344 2653 Christo
2370 2601 2593 2669 fatentur
2613 2638 2629 2663 ,
2652 2596 2735 2651 cui
2757 2594 3102 2665 apparitiones
3125 2591 3231 2647 illa:
3266 2589 3459 2646 Veteris
3487 2586 3676 2669 Testa-

2145 2691 2299 2745 menti
2329 2668 2675 2744 adscribendte
2699 2688 2821 2743 sint.
3506 2668 3535 2680 ’

2075 2778 2313 2839 XXVIII.
2370 2779 2634 2835 Postremo
2680 2779 2920 2832 adversus
2973 2775 3289 2833 Marcionem
3346 2774 3477 2830 alias
3553 2787 3680 2828 suas

2147 2875 2422 2929 antitheses
2464 2873 2676 2928 aemulas
2697 2874 2822 2945 facit
2847 2870 2916 2925 ad
2936 2871 3088 2939 linem
3117 2886 3276 2942 usque
3298 2868 3434 2924 libri.
3465 2866 3605 2923 Pnt.

2081 2971 2547 3027 Ancuuenruu.—
2568 2965 2829 3037 Quidquid
2854 2981 2888 3020 a
2917 2963 3023 3019 Deo
3041 2962 3199 3018 Patre
3223 2972 3274 3017 et
3304 2960 3543 3017 Creatore
3566 2963 3688 3030 [ac-

2151 3074 2259 3117 tum
2283 3072 2377 3126 est,
2409 3061 2461 3115 id
2486 3048 2855 3132 sapientissime
2883 3061 3074 3128 factum
3096 3055 3263 3121 docet,
3280 3054 3494 3125 ideoque
3515 3049 3680 3106 Crea-

2152 3164 2311 3209 torem
2341 3150 2503 3206 Deum
2533 3154 2718 3205 bonum
2746 3164 2885 3215 esse,
2918 3163 3021 3201 non
3046 3145 3257 3201 malum.

2590 3228 2829 3299 CAPUT
2870 3237 3155 3296 PRIMUM.
3432 3256 3481 3313 ί·
3540 3274 3545 3281 .

2155 3339 2379 3398 Occasio
2409 3334 2737 3393 reformandi
2771 3329 3311 3403 opusculibujus,cui
3324 3327 3453 3401 quid
3467 3325 3691 3385 accide-

2084 3433 2155 3490 rit
2174 3433 2345 3505 primo
2368 3428 2604 3486 lihellulo
2629 3425 2708 3503 (l)
2735 3425 2936 3501 prmlati
2963 3439 3172 3492 sumus,
3196 3422 3300 3479 boc
3319 3437 3532 3494 quoque
3551 3435 3693 3479 con-

2085 3529 2206 3584 tulit
2237 3526 2392 3583 nobis
2411 3563 2428 3593 ,
2466 3524 2540 3578 uti
2571 3522 2784 3578 duobus
2813 3519 2918 3576 diis
2946 3518 3206 3577 adversus
3231 3516 3558 3573 Marcionem
3588 3530 3689 3571 re-

2084 3617 2382 3677 tractandis
2404 3659 2417 3684 ,
2448 3615 2529 3671 sui
2558 3615 2755 3686 cuique
2785 3612 2996 3668 titulum
3024 3620 3081 3667 et
3109 3610 3357 3666 volumen
3389 3607 3690 3678 distingue-
3755 3618 3767 3629 ο

2085 3724 2268 3767 remus
2308 3724 2405 3780 pro
2442 3707 2684 3762 materia:
2716 3703 3017 3770 divisione,
3062 3701 3293 3758 alterum
3340 3700 3500 3756 deum
3543 3697 3684 3753 deli-

2087 3806 2301 3862 nientes
2325 3801 2547 3858 omnino
2579 3816 2684 3855 non
2716 3814 2860 3867 esse,
2889 3798 3117 3852 alterum
3147 3793 3498 3850 defendentes
3523 3791 3690 3861 digne

2088 3899 2257 3956 Deum
2294 3911 2416 3952 esse
2450 3903 2757 3966 :quatenus
2801 3892 2874 3946 ita
2916 3888 3141 3945 Pontico
3176 3884 3405 3957 placuit,
3450 3882 3687 3939 alterum

2087 3991 2365 4055 inducere,
2390 3988 2619 4043 alterum
2648 3984 2959 4044 excludere.
2992 3981 3111 4038 Non
3139 3976 3287 4038 enim
3314 3984 3527 4050 poterat
3546 3974 3652 4031 redi
3672 4005 3689 4018 -

2090 4082 2256 4139 ﬁcare
2297 4078 2635 4136 mendacium
2676 4076 2792 4132 sine
2831 4073 3179 4130 demolitione
3213 4068 3477 4125 veritatis.
3524 4064 3687 4122 Aliud

2090 4173 2356 4230 subruere
2378 4184 2598 4226 necesse
2625 4166 2843 4232 habuit,
2878 4173 2933 4219 ut
2962 4161 3105 4235 quod
3138 4161 3318 4227 vellet,
3359 4160 3682 4215 exstrueret.

2090 4263 2181 4323 Sic
2209 4263 2440 4320 aediﬁcat
2472 4259 2548 4335 (α)
2578 4260 2668 4331 (ιιιί
2698 4256 2914 4329 propria
2942 4263 3190 4326 paratura
3216 4260 3384 4312 caret.
3415 4249 3687 4321 Oportue-

2090 4370 2173 4415 rat
2200 4368 2379 4412 autem
2408 4356 2461 4411 in
2505 4354 2609 4410 hoc
2636 4353 2809 4408 solum
2847 4350 3201 4419 disceptasse,
3243 4345 3389 4417 quod
3422 4359 3579 4400 nemo
3610 4343 3684 4399 sit

2089 4454 2226 4512 deus
2260 4444 2346 4508 ille
2370 4450 2459 4521 Qui
2490 4446 2730 4504 Creatori
2759 4442 3157 4517 Superducitur;
3212 4451 3272 4496 ut
3298 4437 3437 4496 falso
3466 4436 3569 4494 deo
3594 4435 3689 4492 de-

2092 4547 2273 4621 pulso,
2296 4542 2495 4614 regulis
2515 4540 2675 4598 certis
2701 4548 2758 4596 et
2786 4538 3000 4594 unicam
3030 4545 3085 4593 et
3115 4532 3409 4607 perlectam
3436 4530 3687 4604 praescri-

382 4656 394 4700 ι
464 4628 689 4684 Hebrteis
741 4628 794 4684 in
823 4626 1132 4701 Egyptios;
1176 4629 1339 4702 pluris
1365 4631 1494 4686 enim
1515 4631 1732 4690 valuisse
1776 4651 1971 4692 sexcen-

2103 4638 2346 4697 bentibus
2373 4636 2750 4703 divinitatem,
2784 4632 2917 4689 nihil
2945 4631 3056 4701 jam
3084 4638 3414 4702 quaereretur
3434 4626 3488 4682 in
3516 4625 3689 4681 Deum

460 4732 628 4777 torum
676 4720 894 4777 millium
937 4739 1027 4793 per
1066 4730 1136 4777 tot
1179 4739 1363 4790 annos,
1391 4733 1437 4777 et
1475 4724 1698 4793 ﬁliorum
1729 4728 1988 4799 jacturam

458 4832 582 4887 quos
605 4825 879 4871 merserant
903 4832 923 4870 :
1164 4870 1167 4871 ,

387 4905 533 4964 XXI.
555 4907 769 4962 Nullam
784 4924 899 4965 vero
915 4910 1068 4965 etiam
1095 4910 1497 4966 contrarietatem
1510 4928 1616 4975 esse
1625 4914 1677 4969 in
1697 4913 1803 4971 Deo
1817 4918 1993 4988 prohi-

459 5002 605 5058 bente
631 5002 852 5058 sabbatis
873 5003 1074 5074 operari
1098 5046 1115 5072 ,
1144 5013 1192 5060 et
1211 5004 1416 5075 jubenti
1443 5008 1620 5069 (ream
1661 5007 1983 5080 circumierri

389 5095 411 5167 ἱ
462 5097 614 5152 etiam
640 5096 695 5151 in
722 5093 930 5151 sabbato
946 5112 966 5151 :

2091 4740 2278 4790 verum
2307 4742 2322 4784 ε
2356 4738 2514 4799 (ιιιθιιι
2538 4727 2616 4802 ('2)
2656 4733 2853 4797 quanto
2883 4732 3160 4781 constaret
3188 4736 3309 4778 esse
3330 4763 3345 4787 ,
3374 4718 3453 4775 sic
3472 4731 3690 4789 quoque

2092 4824 2219 4881 dum
2261 4823 2420 4876 alium
2461 4836 2582 4878 esse
2623 4837 2728 4876 non
2775 4827 3018 4884 constat,
3061 4825 3210 4881 tanto
3232 4814 3686 4889 qualemcumque

2093 4919 2212 4976 sine
2242 4915 2610 4971 controversia
2652 4913 2838 4970 haberi
2868 4912 3111 4978 deceret.
3142 4908 3477 4966 adorandum
3512 4907 3690 4977 potius

2094 4998 2660 5084 quam-jndlesndum;
2700 5016 2758 5071 et
2780 4998 3170 5080 demerendum
3201 5002 3371 5072 magis
3396 5013 3555 5071 quam
3585 5012 3691 5053 re—

2100 5101 2476 5167 tractandum,
2523 5101 2609 5157 vel
2648 5116 2816 5173 ,quam
2868 5097 3165 5155 timendum
3204 5096 3275 5153 ob
3319 5093 3685 5153 severitatem.

1632 5215 2011 5279 LECTIONES
2045 5214 2464 5297 VARIAN'I‘ES.

457 5328 530 5394 (Ι)
563 5326 758 5381 Libello
779 5329 970 5382 Parnel.
992 5324 1145 5383 Seml.
1171 5327 1367 5381 Oberth.

2149 5326 2226 5402 (Ξ)
2262 5331 2418 5392 Quem
2440 5329 2589 5383 omitt.
2616 5331 2768 5382 Frm.

1764 5422 2319 5525 conuuuruntvs.

466 5551 620 5609 CAP.
647 5548 843 5620 I.-—(a)
865 5552 965 5619 Qui
981 5551 1190 5621 propria
1206 5557 1449 5623 paratura
1468 5559 1626 5623 caret.
1651 5549 1984 5623 Paratnram,

395 5624 568 5696 Inquit
587 5623 877 5696 Rhenanus
895 5665 920 5696 ,_
960 5632 1016 5696 et
1045 5620 1129 5696 ltic
1161 5620 1656 5696 voeatmaterium.
1690 5621 1780 5676 Sic
1801 5622 1892 5676 lib.
1925 5620 1988 5677 de

395 5690 562 5750 Carne
583 5694 791 5756 Christi.
821 5707 871 5747 c.
896 5694 957 5748 8:
980 5692 1166 5752 Debeo.
1193 5692 1517 5760 inquit;illos
1538 5690 1601 5744 de
1626 5707 1723 5745 sua
1738 5701 1985 5760 paratum

397 5775 755 5835 repercutere;
786 5765 913 5818 item
948 5766 1038 5819 lib.
1068 5762 1367 5835 prmced.c.
1398 5763 1455 5835 II
1487 5777 1502 5835 ξ
1526 5762 1722 5831 nullam
1745 5763 1841 5816 sibi
1859 5780 1985 5830 pra-

398 5829 565 5907 spexit
640 5835 960 5905 agnoscendo
1028 5829 1347 5901 paraturam.
1423 5829 1660 5892 Aduolat.
1719 5829 1983 5903 praeterea

2089 5553 2332 5613 Latinius
2372 5550 2575 5606 similes
2628 5549 2776 5606 locos
2812 5562 2877 5605 ex
2912 5546 3006 5601 lib.
3045 5544 3113 5615 IV
3150 5544 3267 5601 adv.
3302 5542 3560 5615 Marcion.
3586 5543 3691 5615 sub

2090 5610 2339 5682 initium,
2397 5630 2442 5676 et
2489 5628 2685 5674 omnem
2729 5614 3231 5690 paraturanrimpii
3265 5610 3413 5690 atque
3447 5610 3694 5690 sacrilegi

2090 5694 2411 5757 Marcionis;
2452 5701 2506 5747 et
2534 5684 2746 5745 rursum
2780 5689 2970 5744 eadem
3001 5687 3093 5743 lib.
3122 5700 3174 5741 ε.
3204 5687 3277 5741 2:
3306 5684 3489 5740 habuit
3513 5684 3690 5755 tuique

2088 5763 2434 5825 αναιοηιὲοαω
2464 5771 2780 5835 paraturam.
2812 5762 2951 5817 Dant.
3536 5784 3559 5795 -η
3596 5768 3617 5785 ιε
