4008 6280
1618 105 1635 156 1

284 422 390 482 285

1398 422 1525 480 LIB.
1568 420 1609 477 li
1646 419 2007 511 aovsnsus
2036 376 2468 482 ‘MARCIONEM.

3470 424 3579 483 286

290 539 428 608 Quid
460 539 615 595 enim
641 542 868 612 amplius
898 540 1099 597 homini
1130 539 1492 597 necessarium
1513 582 1526 603 ,
1568 554 1726 611 quam
1752 552 1879 593 cura
1907 539 1961 598 A
1985 550 2075 596 aut
2093 542 2161 596 ad
2184 558 2332 612 quem
2360 543 2709 600 consultavit?
2742 554 2830 600 aut
2854 544 2990 599 viam
3018 542 3307 600 intellectus
3334 508 3385 599 el
3409 546 3578 600 scien-

288 631 342 686 in
372 632 543 686 Deum
570 646 779 699 verum,
811 635 864 688 in
895 649 1085 704 quem,
1128 643 1189 689 ut
1214 633 1288 690 ita
1312 632 1538 688 dixerim
1560 674 1574 699 ,
1601 630 1878 697 inciderat,

293 725 413 796 quia
442 724 586 783 alius
615 725 754 783 Deus
780 741 885 782 non
912 737 1051 801 erat,

912 818 1138 876 CAPUT
1176 817 1241 875 ll.

366 910 444 985 (α)
490 911 561 968 At
597 927 740 969 nunc
780 914 1052 985 negotium
1097 915 1297 984 patitur
1334 913 1474 970 Deus
1513 913 1880 983 omnipotens,

289 1003 546 1061 dominus
573 1016 629 1059 et
655 1006 904 1063 conditor
942 1006 1336 1073 universitatis;
1376 1005 1496 1062 ideo
1525 1016 1726 1062 tantum
1769 1005 1885 1075 opi-

290 1114 419 1165 nor,
466 1099 591 1166 quia
636 1114 667 1153 a
712 1099 1007 1169 primordio
1056 1108 1214 1154 notus
1265 1109 1379 1167 est,
1434 1100 1557 1171 quia
1591 1114 1882 1170 numquam

289 1191 477 1258 latuit,
510 1191 633 1261 quia
661 1207 878 1262 semper
904 1192 1096 1256 illuxit,
1133 1193 1296 1249 etiam
1324 1202 1449 1250 ante
1482 1193 1769 1250 Romulum
1802 1195 1885 1265 ip-

289 1300 405 1341 sum
429 1327 445 1352 ,
480 1284 679 1340 nedum
707 1295 830 1341 ante
861 1286 1136 1342 Tiberium
1170 1303 1183 1338 :
1210 1287 1310 1342 nisi
1338 1286 1479 1358 quod
1509 1287 1641 1342 soils
1670 1284 1887 1342 htereti-L

288 1377 364 1432 cis
389 1377 640 1448 cognitus
668 1393 773 1433 non
805 1388 908 1443 est,
939 1378 1031 1449 qui
1061 1380 1111 1435 ei
1144 1380 1421 1450 negotium
1453 1381 1653 1434 faciunt
1682 1399 1694 1435 :
1720 1395 1888 1451 prop-

291 1477 432 1524 terea
460 1468 628 1523 alium
660 1468 823 1524 Deum
851 1469 1220 1527 existimantes
1255 1472 1683 1542 praesumendum
1704 1515 1721 1538 ,
1763 1474 1885 1544 quia

287 1576 446 1631 quem
492 1568 709 1617 constat
748 1575 907 1629 esse,
967 1564 1369 1632 reprehendere
1415 1565 1586 1635 magis
1632 1575 1881 1636 possunt,

288 1669 446 1722 quam
488 1654 688 1723 négare
724 1655 793 1710 de
823 1637 1048 1710 arbitrio
1085 1671 1279 1713 sensus
1304 1658 1386 1712 sui
1424 1658 1756 1727 pensitantes
1802 1657 1885 1734 (l)

290 1744 458 1801 Deum
486 1746 654 1817 aliqui
687 1762 700 1800 :
734 1745 959 1816 proinde
973 1756 1134 1818 atque
1163 1748 1206 1802 si
1236 1762 1414 1803 caecus
1445 1748 1529 1802 vel
1561 1748 1635 1822 (ὁ)
1672 1749 1889 1804 liuitan-

291 1838 431 1891 tibiis
457 1838 665 1903 oculis,
716 1838 839 1894 ideo
857 1839 1020 1895 alium
1051 1840 1221 1896 solem
1254 1855 1584 1910 praesumere
1618 1840 1746 1896 velit
1780 1842 1884 1897 mi-

1991 634 2076 689 tia:
2104 636 2219 705 (ιιιίὲ
2245 637 2603 691 demonstravit
2635 639 2679 691 ci
2697 637 2723 691 .9
2755 637 2853 693 Cui
2883 646 2938 694 et
2966 636 3041 708 (ο)
3071 638 3362 708 Apostolus
3389 636 3578 693 condi-

1985 736 2097 784 cet:
2121 727 2166 783 0
2191 730 2503 801 profundum
2522 730 2813 786 divitiarum
2835 739 2879 785 et
2896 732 3092 802 sophia:
3110 729 3246 784 Dei!
3273 740 3325 784 ut
3352 731 3577 786 iniuries-

1986 821 2215 894 tigabtlia
2243 821 2445 892 judicia
2469 824 2580 894 ejus
2600 865 2613 890 ,
2656 824 2836 892 utique
2867 823 2958 878 Dei
2992 822 3188 893 judicis
3217 864 3233 891 ,
3265 832 3313 876 et
3360 823 3582 878 iuinves-

1988 914 2218 986 ligabiies
2248 916 2341 970 vita
2365 915 2516 986 ejus!
2542 916 2725 986 utique
2754 914 3055 971 intellectus
3082 927 3133 971 et
3163 915 3418 984 scientiae,
3449 931 3582 987 quas

1987 1006 2034 1061 ei
2080 1021 2239 1062 nemo
2268 1009 2583 1062 monstravit
2615 1021 2628 1060 :
2666 1007 2763 1062 nisi
2802 1002 2937 1062 forte
2979 1006 3065 1062 isti
3096 992 3350 1064 censores
3391 1006 3585 1063 divini-

1990 1100 2145 1163 tatis,
2187 1097 2426 1155 dicentei
2459 1119 2471 1154 :
2503 1099 2591 1153 Sic
2621 1113 2727 1153 non
2766 1097 2951 1154 debuit
2985 1097 3169 1165 Deus;
3212 1106 3265 1154 et
3303 1100 3381 1155 sic
3415 1098 3583 1171 magis

1988 1190 2371 1262 debiliuquasi
2399 1203 2681 1263 cognoscat
2711 1192 2904 1263 aliquis
2930 1208 3049 1263 quae
3078 1193 3184 1247 sint
3212 1193 3262 1246 in
3298 1190 3437 1259 Deo,
3472 1190 3575 1248 nisi

1987 1285 2207 1356 spiritus
2253 1285 2367 1340 Dei.
2421 1285 2604 1339 Mundi
2652 1294 2821 1339 autem
2867 1282 3103 1338 habentes
3151 1283 3430 1354 spiritum,
3482 1300 3583 1337 non

1989 1388 2318 1449 agnoscentes
2372 1379 2426 1434 in
2474 1377 2729 1449 sapientia
2786 1373 2881 1431 Dei
2929 1393 3020 1446 per
3067 1375 3368 1446 sapientiam
3417 1372 3581 1429 Deunt

1988 1470 2043 1543 (l
2076 1470 2216 1537 Con,
2275 1470 2313 1535 l,
2346 1468 2413 1524 21
2447 1471 2504 1540 ),
2533 1468 2888 1523 consuitiores
2917 1466 3132 1522 sibimet
3158 1465 3404 1523 videntur
3434 1460 3570 1521 Deo.

1989 1562 2273 1631 Quoniam,
2303 1562 2442 1616 sicut
2489 1558 2748 1632 sapientia
2792 1557 2975 1614 mundi
3017 1558 3240 1614 stultitia
3285 1566 3375 1614 est.
3416 1572 3581 1629 penes

1990 1632 2160 1710 Deum
2192 1696 2213 1721 ,
2242 1654 2313 1708 ita
2342 1662 2396 1708 et
2424 1652 2683 1723 sapientia
2743 1651 2836 1705 Del
2867 1650 3090 1706 stultitia
3122 1662 3203 1706 εει
3230 1648 3395 1722 penes
3422 1644 3575 1705 i'nuu-

1987 1749 2139 1805 duui.
2182 1746 2287 1804 Sed
2318 1762 2417 1803 nos
2445 1746 2645 1801 scimus
2672 1745 2885 1800 stultum
2919 1742 3012 1798 Dei
3043 1743 3323 1811 sapientius
3362 1742 3585 1797 homini-

1992 1842 2103 1907 bus,
2122 1851 2169 1895 et
2184 1839 2464 1896 invalidum
2491 1838 2580 1892 Dei
2605 1837 2821 1913 ualidius
2841 1837 3125 1892 hominibus
3148 1834 3204 1907 (1
3226 1834 3369 1903 Cor.,
3393 1834 3438 1905 Ι,
3456 1833 3571 1908 25).

246 1926 484 1984 7tiorem
517 1938 566 1983 et
599 1930 990 1998 salubriorem;
1018 1932 1140 2003 quia
1170 1946 1332 2004 quem
1360 1932 1558 1999 videat,
1592 1947 1697 1988 non
1726 1934 1886 1989 videt.
1920 1931 1969 1992 B
2001 1935 2067 1990 Et
2095 1934 2165 1988 ita
2201 1933 2339 1988 Deus
2370 1941 2496 1986 tunc
2525 1931 2758 1986 maxime
2786 1945 3011 2000 magnus
3035 1971 3052 1997 ,
3094 1945 3215 1985 cuin
3249 1928 3455 1985 homini
3493 1947 3588 2000 pu-

291 2020 488 2077 Uuicus
516 2023 600 2077 sol
624 2031 730 2091 est,
753 2039 787 2079 ο
812 2024 990 2092 homo,
1015 2027 1103 2096 qui
1132 2018 1390 2082 mundum
1415 2027 1557 2084 hunc
1582 2037 1883 2099 temperat;

288 2123 340 2167 et
380 2114 603 2185 quando
643 2129 747 2169 non
783 2124 955 2184 putas,
983 2118 1217 2187 optimus
1242 2126 1297 2174 et
1319 2119 1497 2185 utilis;
1540 2129 1595 2174 et
1635 2135 1755 2174 cum
1790 2120 1884 2175 tibi

289 2207 463 2261 acrior
482 2216 540 2262 et
569 2205 837 2272 infestior,
873 2209 954 2264 vel
979 2210 1138 2272 etiam
1166 2211 1436 2267 sordidior
1466 2222 1629 2284 atque
1658 2226 1884 2281 corrup-

292 2300 413 2376 tior,
447 2300 649 2354 rationi
679 2310 853 2356 tamen
880 2316 991 2355 sua:
1016 2317 1111 2371 par
1130 2312 1230 2357 est.
1263 2303 1395 2358 Eam
1424 2313 1478 2361 tu
1509 2306 1552 2360 si
1580 2306 1887 2377 perspicere

290 2406 392 2446 non
420 2391 575 2446 vales
601 2389 706 2465 (Ξ),
733 2392 844 2462 jam
868 2408 970 2448 nec
997 2393 1155 2449 ullius
1175 2392 1253 2467 (3)
1282 2397 1503 2452 alterius
1532 2399 1680 2459 solis.
1727 2398 1772 2453 si
1798 2400 1887 2468 qui

290 2476 502 2551 fuisset,
524 2484 711 2540 radios
729 2486 996 2567 sustinere
1019 2489 1309 2557 potuisses,
1332 2489 1517 2560 utique
1539 2491 1761 2562 majoris
1781 2491 1884 2567 (1).

286 2574 414 2632 Nam
438 2579 532 2649 qui
567 2578 620 2633 in
647 2576 727 2651 (ὅ)
753 2566 1060 2635 inferiorem
1100 2580 1260 2636 deum
1292 2583 1530 2651 caacutis,
1559 2584 1686 2653 quid
1715 2586 1766 2640 in
1790 2566 1886 2641 su-

288 2668 597 2726 bliniiorem
620 2671 645 2723 ?
689 2670 827 2738 Quin
858 2673 1035 2742 potius
1071 2671 1372 2730 inlirniitati
1412 2685 1518 2732 tum
1549 2678 1744 2747 parcis,
1786 2694 1887 2735 nec

288 2761 336 2815 in
377 2763 686 2834 periculum
725 2765 1032 2822 ostenderis
1060 2806 1076 2831 ,
1146 2766 1351 2823 habens
1389 2769 1548 2825 deum
1588 2781 1793 2827 certum
1832 2781 1885 2829 et

286 2854 688 2923 indubitatum,
735 2864 789 2912 et
827 2855 930 2912 huc
962 2858 1079 2929 ipso
1119 2859 1251 2915 satis
1292 2861 1499 2929 visum,
1540 2878 1660 2918 cum
1694 2864 1744 2919 id
1771 2865 1885 2935 pri-

284 2963 426 3004 mum
455 2950 814 3020 conSpexeris
842 2966 964 3006 eum
995 2966 1139 3019 esse,
1169 2969 1328 3023 quem
1363 2971 1471 3010 non
1498 2957 1660 3024 scias,
1694 2958 1794 3013 nisi
1819 2974 1884 3014 ex

284 3051 432 3111 parte
470 3056 586 3113 qua
622 3042 790 3097 voluit
832 3043 968 3114 ipse.
1010 3043 1116 3100 Sed
1150 3044 1317 3101 Deum
1359 3047 1575 3117 quidem
1617 3057 1673 3103 ut
1709 3051 1888 3106 sciens

284 3147 385 3188 non
417 3146 634 3205 negas,
681 3142 737 3188 ut
767 3135 1013 3191 nesciens
1051 3144 1314 3192 retractas
1344 3153 1358 3203 ;
1420 3138 1526 3194 iuio
1569 3147 1623 3194 et
1660 3153 1881 3198 accusas

281 3226 429 3296 quasi
469 3225 695 3294 sciens;
746 3242 904 3297 quem
948 3228 993 3283 si
1021 3229 1219 3297 scires,
1266 3245 1371 3286 non
1404 3246 1729 3301 accusares,
1776 3235 1885 3290 imo

1991 2027 2178 2093 silius;
2208 2034 2263 2080 et
2305 2034 2430 2079 tunc
2472 2024 2703 2079 maxime
2744 2023 3016 2094 Optimus,
3066 2036 3190 2077 cum
3237 2021 3437 2077 homini
3482 2036 3587 2077 non

1991 2122 2164 2178 bonus
2191 2136 2204 2187 ;
2233 2129 2288 2176 et
2331 2131 2456 2175 tunc
2494 2118 2726 2185 maxime
2754 2132 2893 2171 unus
2915 2160 2930 2183 ,
2979 2132 3099 2172 cum
3134 2115 3336 2170 homini
3361 2115 3469 2170 duo
3500 2122 3592 2170 aut

1990 2216 2193 2289 plures.
2237 2213 2391 2283 Quod
2431 2213 2473 2269 si
2513 2227 2542 2266 a
2577 2210 2870 2281 primordio
2915 2210 2996 2281 (ά)
3034 2211 3184 2264 homo
3213 2208 3454 2262 animalis
3488 2222 3590 2263 non

1991 2308 2239 2377 recipiens
2263 2320 2377 2376 qua:
2401 2313 2516 2359 sunt
2544 2303 2752 2369 spiritus
2784 2300 2824 2374 (l
2850 2300 2994 2367 Corn,
3022 2299 3068 2354 ΙΙ
3087 2343 3099 2363 .
3126 2300 3193 2356 14
3215 2299 3233 2372 )
3257 2341 3271 2368 ,
3303 2299 3583 2355 stultitiam

1977 2399 2320 2458 ‘existimavit
2351 2399 2446 2453 Dei
2474 2398 2644 2467 legem
2669 2436 2685 2462 ,
2718 2402 2777 2450 ut
2805 2410 2962 2464 quam
2996 2392 3284 2448 observare
3314 2390 3578 2462 neglexit:

1993 2496 2068 2564 (e)
2092 2492 2319 2562 ideoque
2350 2506 2450 2545 non
2482 2487 2712 2543 habendo
2744 2487 2903 2542 fidem
2924 2529 2938 2551 ,
2979 2486 3131 2539 etiam
3158 2484 3293 2554 quod
3322 2484 3584 2540 videbatur

1991 2584 2174 2641 habere
2198 2583 2491 2654 ademptum
2517 2590 2588 2635 est
2614 2580 2691 2634 illi
2709 2578 2943 2651 (Mutila,
2977 2576 3106 2642 XIII,
3138 2575 3228 2643 12;
3258 2575 3414 2645 Luc.,
3445 2575 3582 2642 Vill,

1994 2677 2063 2735 18
2092 2677 2141 2750 ),
2176 2675 2403 2745 paradisi
2434 2673 2603 2744 gratia
2647 2681 2701 2728 et
2763 2670 3097 2726 familiaritas
3127 2669 3219 2726 Dei
3241 2710 3256 2735 ,
3298 2684 3396 2740 per
3424 2685 3584 2740 quam

1991 2771 2171 2826 omnia
2205 2768 2297 2823 Dei
2328 2766 2667 2837 cognovisset
2689 2806 2705 2833 ,
2746 2764 2789 2819 si
2818 2760 3091 2819 obedisset
3122 2781 3135 2817 :
3169 2760 3296 2832 quid
3327 2763 3519 2816 mirum
3543 2761 3588 2816 si

1991 2860 2291 2920 redhibitus
2314 2858 2554 2913 materize
2579 2872 2710 2921 sum,
2738 2864 2793 2911 et
2819 2856 2871 2909 in
2893 2855 3219 2924 ergastulum
3255 2862 3411 2908 terrae
3435 2852 3588 2908 labo-

1990 2955 2173 3012 randie
2204 2954 2502 3023 relegatus,
2544 2951 2616 3021 (θ’)
2656 2949 2709 3004 in
2738 2949 2853 3019 ipso
2883 2963 3047 3016 opere
3081 2960 3248 3015 prono
3287 2952 3345 3001 et
3384 2944 3590 3001 devexo

1989 3048 2057 3104 ad
2090 3057 2324 3110 terram,
2371 3054 2682 3113 usurpatum
2721 3057 2785 3094 ex
2830 3039 2915 3093 illa
2951 3038 3203 3109 Spiritum
3242 3035 3426 3092 mundi
3469 3036 3589 3091 uni-

1990 3155 2147 3197 verso
2184 3137 2368 3210 generi
2400 3151 2499 3191 suo
2538 3131 2794 3200 tradidit,
2840 3132 2917 3206 (g)
2948 3132 3227 3187 dumtaxat
3270 3126 3489 3186 animali
3530 3140 3591 3186 et

1991 3226 2279 3299 haeretico,
2311 3243 2417 3285 non
2448 3227 2877 3298 recipienti~quae
2907 3231 3031 3299 sunt
3056 3221 3190 3279 Dei?
3221 3222 3306 3294 (Ii)
3338 3224 3443 3278 Aut
3466 3224 3588 3294 quis

280 3331 378 3373 nec
406 3326 764 3376 retractares.
802 3320 1061 3378 Reddens
1091 3320 1286 3378 nomen
1314 3326 1411 3391 illi,
1437 3342 1599 3399 negas
1631 3298 1879 3385 substan-
1909 3325 1954 3389 C
1987 3326 2252 3385 dubitabit
2303 3330 2478 3395 ipsum
2520 3321 2645 3377 illud
2694 3320 2822 3375 Δότε
2878 3298 3132 3374 delictum
3175 3317 3401 3372 literesin
3457 3330 3579 3386 pro-

280 3411 406 3469 liam
438 3414 722 3481 nominis,
767 3414 818 3473 id
852 3426 936 3472 est
975 3417 1431 3488 magnitudinem,
1473 3436 1579 3492 qua
1614 3420 1695 3495 (6)
1742 3424 1885 3480 Deus

276 3503 498 3571 dicitur,
569 3520 674 3561 non
726 3516 928 3565 tantam
976 3525 1097 3565 eam
1149 3504 1481 3582 agnoscens,
1535 3527 1787 3589 quautam
1836 3521 1883 3576 si

274 3596 442 3655 hoino
482 3598 830 3656 omnifariam
870 3617 1029 3660 nosse
1069 3606 1374 3675 potuiSset,
1424 3609 1737 3680 magnitudo
1774 3624 1881 3670 non

277 3704 444 3751 esset.
480 3694 659 3751 Isaias
682 3695 794 3766 jam
820 3706 930 3754 tum
960 3696 1040 3773 (7)
1082 3701 1380 3770 apostolus,
1405 3706 1740 3776 prospiciens
1765 3710 1883 3765 hic»

269 3790 437 3843 retica
464 3787 678 3843 corda:
709 3787 853 3857 Quis,
886 3791 1061 3863 inquit
1090 3791 1110 3866 (
1136 3791 1216 3848 Is.
1246 3793 1359 3860 XL,
1393 3796 1484 3864 i3,
1519 3796 1651 3869 14),
1685 3815 1881 3872 cogno-

271 3884 339 3941 uit
366 3898 590 3940 sensum
620 3880 862 3953 Domini,
896 3895 986 3941 aut
1012 3887 1125 3958 quis
1162 3888 1243 3944 illi
1275 3890 1601 3948 consiliarius
1631 3893 1709 3968 (8)
1742 3897 1838 3968 fuit
1857 3900 1884 3955 γ

1989 3419 2238 3478 nuntiare
2258 3459 2271 3484 ,
2320 3415 2459 3488 quod
2494 3431 2586 3485 per
2612 3413 2929 3469 electionem
2961 3425 3073 3465 sum
3105 3410 3281 3480 potius
3307 3424 3464 3480 quani
3498 3408 3580 3463 di-

1987 3517 2124 3572 vinae
2153 3514 2433 3570 sententiae
2466 3507 2737 3564 admisit?-
2763 3507 2864 3561 nisi
2902 3503 3040 3575 quod
3078 3502 3248 3558 Adam
3286 3517 3579 3572 numquam

1989 3611 2152 3685 ligulo
2192 3625 2289 3666 suo
2328 3607 2462 3663 dixit
2498 3623 2510 3658 :
2551 3623 2569 3656 ι
2617 3601 2732 3657 Νοιι
2774 3599 3068 3672 prudenter
3101 3595 3368 3652 deiiuxisti
3409 3610 3516 3650 me.
3552 3613 3571 3649 ι

1986 3684 2278 3765 Confessus
2301 3712 2384 3758 est
2410 3684 2814 3760 scductinnem;
2859 3708 2963 3748 non
2995 3688 3285 3746 occultavit
3319 3686 3583 3744 seductri-

1988 3818 2107 3861 cem
2140 3819 2152 3856 :
2181 3798 2326 3856 rudis
2357 3791 2644 3851 admodum
2675 3788 2757 3861 (9)
2790 3787 3074 3842 lucreticus
3105 3785 3225 3841 fuit.
3256 3781 3373 3839 Non
3403 3782 3580 3837 obau-

1986 3900 2116 3967 diit;
2146 3913 2252 3953 non
2281 3904 2457 3950 tamen
2483 3882 2878 3958 biasphemavit
2901 3878 3242 3945 Creatorem,
3271 3890 3371 3932 nec
3398 3890 3582 3946 repre-

1519 4032 1898 4114 LECTIONES
1926 4006 2339 4101 veniamus.

354 4145 402 4199 ll
437 4146 710 4199 Pensitant
732 4145 885 4197 Latin.
904 4152 1016 4197 Jun.

349 4204 400 4260 2i
437 4204 630 4259 Valeas
651 4206 754 4260 alii.

438 4271 592 4347 illius
608 4269 769 4347 Semll;
795 4268 991 4323 Obertlt.

325 4332 400 4464 (Δ)
438 4336 662 4398 Majores
682 4332 785 4405 alii.

323 4399 378 4463 (ὅ
437 4397 504 4450 In
529 4394 662 4449 abest
685 4400 791 4483 Iug.
826 4402 983 4450 renet.

379 4145 403 4464 1

2046 4153 2119 4262 ta
2154 4152 2524 4262 taetrae

2047 4198 2097 4269 ’θ’
2154 4198 2687 4287 iiiéﬁi'irii‘iiiiiéjima.
2715 4208 2867 4258 Fran.
2893 4207 2998 4269 ipse
3032 4202 3132 4266 jam
3154 4198 3309 4253 Rhea.

2046 4198 2119 4410 ἓξὲξ
2154 4281 2274 4340 Quis
2295 4276 2601 4348 consiliarius
2625 4284 2732 4334 eius
2770 4264 2960 4321 Pamel.
2986 4260 3140 4319 Seml.
3167 4262 3309 4317 Obert

2068 4345 2099 4395 9
2154 4342 2327 4395 Adhuc
2347 4336 2463 4392 olim
2485 4336 2635 4402 legeb.
2662 4331 2794 4385 Edd.

2068 4345 2099 4395 9

2154 4259 2274 4340 ubi;
2287 4259 2738 4340 consiliariusejgs
2765 4259 2960 4340 _Pamél.
2986 4259 3140 4319 Sensi.
3167 4259 3367 4317 Oberth.

2154 4331 2327 4395 ldhuc
2347 4336 2463 4392 olim
2485 4336 2635 4402 legeb.
2653 4331 2794 4385 'Edtl.

2100 4153 2119 4407 1

1648 4507 2206 4573 COMMENTARIUS.

328 4639 501 4699 CAP.
533 4636 767 4719 ll.—‘(a)
794 4637 1018 4719 ᾼιλιιιηε
1046 4640 1303 4719 negotium
1329 4639 1523 4707 patitur
1541 4639 1681 4719 Deus
1702 4646 1873 4719 pmtti-
1896 4650 1949 4710 D
1976 4651 2101 4707 bum
2132 4650 2403 4707 transtulit
2426 4690 2440 4713 ,
2469 4648 2605 4719 quod
2628 4644 2827 4700 videtur
2854 4642 3067 4708 habere,
3096 4653 3192 4710 pro
3222 4652 3288 4695 eo
3316 4636 3458 4711 quod
3490 4648 3571 4696 est

297 4724 465 4775 olens,
507 4720 617 4763 etc.
655 4708 814 4777 Quasi
851 4710 1029 4765 dicere
1055 4711 1215 4766 vellet
1246 4710 1357 4765 Deo
1395 4713 1673 4779 negotium
1698 4708 1870 4773 facere

307 4780 706 4841 arcioniiaruni
751 4781 1100 4837 temeritatem
1139 4793 1192 4836 et
1229 4780 1530 4842 audaciam.
1575 4786 1662 4844 oui
1706 4786 1868 4844 Deum

257 4800 706 4842 larcmtuiarutii
751 4800 1100 4837 temeritatem
1139 4800 1192 4836 et
1229 4800 1530 4842 auaacmm.
1610 4801 1662 4839 ιιι

257 4858 426 4913 alium
440 4855 521 4908 ali
543 4853 910 4920 omnipotente
934 4850 1035 4906 sibi
1061 4852 1457 4909 cuiilinxeruut.
1489 4800 1686 4912 LE‘LB.

328 4929 417 4997 (b)
462 4922 817 4997 [fluitantibus
847 4922 1006 4997 oculis
1035 4924 1193 4997 alium
1223 4924 1385 4997 solent
1412 4942 1733 4994 prtesuntere.
1780 4929 1869 4988 Sic

256 4980 443 5124 ubi};
479 4980 861 5065 L‘ippientibus,
891 4995 1042 5047 etiam
1068 4995 1346 5066 singularis
1368 4980 1581 5054 lucartia
1601 4980 1868 5056 numerosa

256 5080 349 5124 ιιι.
434 5082 516 5122 l6.

254 5080 349 5124 est.
382 5080 516 5124 κισ.

252 5138 413 5267 use)
445 5134 730 5265 ἳροςιοιιιι
753 5135 980 5218 condieet
1006 5151 1023 5190 :
1056 5135 1102 5189 0
1131 5137 1464 5205 profundum.
1486 5147 1596 5196 etc.
1619 5140 1681 5195 B.
1716 5143 1861 5213 Apo-

364 5225 438 5267 ιη
484 5222 644 5263 λιιωω
693 5215 995 5267 consentit,
1035 5207 1161 5262 dum
1202 5205 1378 5267 (Rom.
1415 5208 1479 5267 ΙΙ)
1511 5210 1621 5266 ait:
1656 5211 1702 5266 0
1735 5230 1854 5267 aroa

364 5205 438 5267 tis
462 5205 644 5283 Esaiae
693 5207 995 5283 consentit,
1035 5207 1178 5283 dum“
1202 5205 1378 5280 (Rom.
1411 5208 1479 5283 ll)
1511 5210 1621 5283 ait:
1656 5211 1702 5266 0
1733 5205 1854 5282 pro.

252 5280 529 5355 fundum!
554 5288 662 5333 etc.
682 5293 698 5340 ;
721 5277 773 5355 iu
798 5278 990 5355 graecis
1013 5288 1115 5342 est,
1148 5280 1184 5333 ὦ
1209 5277 1380 5355 μέρος.
1411 5277 1487 5336 ιιι
1511 5281 1605 5337 Pa.

329 5354 417 5427 ((ι)
452 5349 646 5427 .ﬂomo
687 5349 940 5404 animalis.
990 5349 1325 5427 YU‘XIXQLEL
1360 5355 1541 5409 statim
1583 5353 1851 5425 explicat,

252 5422 360 5495 mi
384 5422 648 5495 recipiens
673 5436 786 5490 qua:
806 5431 923 5495 sunt
950 5422 1179 5495 spiritus.
1216 5422 1334 5479 Rio.

322 5494 407 5580 tet
442 5486 798 5580 Mentire
831 5486 1262 5580 uteie/tiens
1291 5496 1598 5580 “iuriam:
1622 5494 1856 5580 Pulchre

249 5560 503 5643 θξῖιξῖρξᾈ
527 5560 818 5643 Mytilene.
848 5560 963 5643 _Vll[
994 5582 1009 5618 :
1037 5563 1139 5643 Qui
1167 5566 1300 5618 enim
1330 5565 1478 5643 habet
1498 5605 1512 5628 ,
1554 5565 1754 5643 dabitur
1777 5569 1845 5632 ei,

584 5630 944 5719 hauet-uetiam
969 5628 1104 5719 quod
1130 5644 1277 5719 putat
1300 5651 1356 5689 se
1384 5635 1565 5716 habere
1588 5628 1850 5719 auferetur

249 5708 317 5788 ab
454 5704 593 5788 [diu
623 5704 783 5788 simili
811 5704 877 5760 ad
907 5704 1168 5788 Attium-iii
1194 5705 1453 5788 referens,
1481 5707 1587 5767 cui,
1611 5704 1722 5788 non
1750 5710 1847 5763 Ita-

249 5720 427 5834 qua.
540 5720 593 5761 tu
623 5720 783 5788 sunt”
811 5720 877 5760 au
907 5720 987 5759 Mt
1006 5722 1167 5759 linunt
1194 5720 1453 5769 reterens,
1481 5721 1587 5767 cut,
1618 5725 1722 5761 non
1750 5720 1846 5763 Ita-

248 5778 311 5835 ιε
352 5720 642 5853 ’σῖιζςηδ
683 5789 830 5853 etiam
856 5775 1298 5853 qitoduidebatur
1337 5777 1519 5853 (tubere
1555 5778 1846 5853 ademptum

246 5858 327 5905 at
350 5892 369 5915 ,
401 5844 601 5921 iiéi'ii'pe
640 5844 1068 5921 paradisi'gratia
1094 5891 1106 5914 ,
1141 5860 1186 5921 et
1228 5847 1559 5921 [attulitritas
1592 5844 1721 5921 Dei,
1759 5869 1849 5921 per

248 5936 419 5978 nam
442 5917 618 5975 omnia
647 5917 741 5974 Dsi
766 5919 1073 5990 cognovisset
1089 5960 1105 5989 ,
1136 5920 1178 5974 si
1204 5918 1472 5976 obedisset.
1501 5918 1602 5976 Ubi
1628 5920 1694 5977 ad
1723 5917 1845 5978 ver-

1974 4739 2168 4793 grtnce.
2197 4730 2222 4778 ὃ
2254 4726 2382 4777 διαχεῖ
2403 4718 2547 4789 ἔχειν.
2583 4718 2717 4773 PA“.

3594 1552 3621 1732 1

3613 1929 3647 2188 1

2047 4794 2115 4867 (f)
2147 4794 2213 4849 In
2249 4796 2359 4865 ipso
2389 4782 2539 4863 opere
2573 4805 2733 4861 prono
2761 4795 2807 4842 et
2838 4786 3026 4842 deuexo
3071 4782 3140 4838 ad
3169 4791 3375 4838 terram.
3414 4782 3601 4839 Dixen

1974 4868 2298 5000 Γωϐῗέῗιιιὲἓ
2317 4908 2367 4986 in
2391 4941 2554 4985 terras
2574 4933 2765 5000 animis,
2796 4935 2848 4979 et
2867 4927 3142 5000 ctnlestium
3165 4926 3363 5000 inanes!
3393 4923 3503 5000 Ilio.

2046 4988 2711 5065 (nguuuaxatanimali
2754 4988 2830 5065 rt
2882 4991 3138 5045 Itwretico.
3203 4990 3383 5065 Itaque
3430 4988 3568 5065 alios

2009 5058 2253 5141 sy‘ii‘hicos
2290 5070 2448 5133 facit,
2482 5068 2617 5141 a_lios
2646 5062 2950 5141 haereticos,
2983 5074 3038 5114 ut
3068 5058 3413 5141 et0principio
3440 5058 3564 5113 libri

2009 5083 2253 5141 εγιξιιιοος
2290 5083 2411 5124 taeit
2433 5112 2448 5133 ,
2482 5083 2617 5121 alios
2647 5083 2950 5125 Itmreucos,
2983 5083 3038 5114 Ill
3068 5083 3413 5141 Cl.lll'llll2l|tlu
3441 5083 3560 5113 iiurt

1960 5083 2041 5193 De
2086 5139 2435 5210 Monogmnia.
2487 5137 2554 5192 Et
2601 5133 3093 5210 taiiieii__Atlaiiium
3139 5142 3311 5210 ipsum
3333 5143 3560 5210 ,“qiiem

1948 5198 2273 5283 'psychicuiii
2302 5220 2629 5283 vocat,_mo_x
2660 5204 2949 5283 appellabit
2970 5198 3315 5283 ‘hsereticitui.
3345 5198 3485 5254 Plut.

2031 5269 2112 5356 (li)
2130 5282 2228 5335 Aut
2249 5281 2359 5350 quis
2380 5269 2624 5356 dubitabit
2660 5269 2983 5356 ips'untillnd
3007 5271 3133 5356 ᾼάω
3159 5269 3420 5356 deligunt,
3447 5279 3556 5356 etc.

1959 5341 2132 5408 Etiam
2162 5341 2351 5406 notaui
2378 5349 2570 5419 dignus
2597 5341 2799 5419 estlhic
2826 5346 3001 5419 locus,
3027 5341 3171 5412 quod
3207 5341 3409 5419 initium
3440 5353 3558 5419 oin-

1958 5425 2041 5479 nis
2072 5424 2339 5477 lueret-eos
2366 5409 2650 5492 avadzimi
2677 5416 2878 5492 delicto
2903 5409 3152 5472 deducat,
3175 5418 3369 5492 (utpote
3391 5449 3404 5469 .
3437 5409 3548 5492 sio-

1956 5496 2032 5549 uti
2075 5493 2337 5562 sequitur,
2364 5489 2614 5562 quodper
2640 5487 3069 5562 electiouenisnte
3094 5481 3439 5562 pothtanuam
3466 5480 3522 5533 di
3533 5508 3553 5519 ε

1956 5548 2087 5619 uiuae
2107 5548 2593 5616 se'iiteittiie'adiiiis‘it
2610 5572 2629 5620 ;
2657 5557 2709 5610 iii
2732 5570 2846 5632 quo
2865 5552 3067 5632 adludit,
3089 5548 3154 5606 ad
3183 5548 3548 5632 definitionem

1958 5636 2242 5695 limreseus,
2277 5636 2343 5688 de
2372 5646 2470 5702 qua
2497 5619 2887 5702 latesupraljh.
2910 5623 2973 5702 de
3001 5620 3318 5702 Pi'wsfript.,
3341 5631 3461 5687 cap.

1956 5689 2195 5760 Placeret
2234 5689 2455 5772 pruiude
2488 5700 2653 5772 magis
2690 5689 2819 5750 illud
2855 5689 3356 5772 [ινιιιιι-Λμιιίιξηιιιξ,
3395 5689 3547 5772 rudis

1953 5755 2127 5829 Initia}
2147 5755 2409 5829 litui-etiam
2433 5771 2547 5842 fuit,
2576 5755 2771 5842 “(uoco
2799 5755 2940 5842 quoii
2960 5778 3023 5842 es
3048 5755 3545 5842 Glll‘DlCIlsiit'DdlCe

1953 5848 2223 5900 substituit
2249 5829 2561 5903 Rheua'iius,
2584 5829 2725 5893 rudis
2753 5829 3049 5899 admodum,
3082 5830 3180 5885 nisi
3211 5829 3313 5883 hoc
3336 5829 3546 5894 reperi-

1953 5925 2103 5975 retur
2130 5917 2184 5975 iu
2204 5915 2377 5974 Vatic.
2399 5910 2436 5965 2
2458 5911 2560 5971 Ms.
2591 5907 2747 5966 codd.
2776 5908 2911 5962 Ρη.
2970 5974 2975 5975 ί
3012 5945 3049 5975 δ,
