4008 6280
318 246 424 306 987

321 462 582 533 optimum
635 463 931 531 invenerat,
988 475 1043 519 et
1093 465 1207 537 ipse
1253 464 1299 520 si
1341 464 1476 521 forte
1501 463 1736 536 judicem
1774 463 1914 520 fece-

325 562 409 609 rat
435 568 465 610 a
491 555 806 625 primordio.
1617 557 1621 560 ’

937 693 1165 751 CAPUT
1204 692 1294 749 ΙΙΙ.
1358 733 1370 745 ,

399 828 566 900 Igitur
592 829 864 900 oportebit
897 829 1139 885 ineuntes
1170 827 1625 884 examinationem
1660 828 1712 883 in
1745 828 1914 884 Deum

331 932 517 978 uotum
538 966 553 990 ,
595 923 639 977 si
670 923 926 994 qmeritur
950 922 1002 976 in
1039 936 1141 992 qua
1178 921 1485 977 conditione
1508 922 1589 976 'sit
1623 930 1783 977 notus
1803 964 1816 987 ,
1845 921 1916 976 ab

328 1015 581 1085 operibus
617 1014 733 1084 ejus
769 1013 1008 1084 incipere
1038 1029 1157 1085 quae
1189 1014 1361 1085 priora
1393 1025 1515 1069 sunt
1559 1014 1775 1069 homine
1796 1057 1812 1081 ,
1858 1025 1914 1069 ut

335 1108 514 1162 statim
555 1122 676 1163 cum
723 1107 838 1178 ipso
880 1115 1155 1177 comperta
1197 1106 1406 1162 bonitas
1449 1107 1600 1177 ejus,
1642 1118 1695 1162 et
1730 1106 1923 1163 exinde

330 1200 619 1254 constituta
651 1209 809 1270 atque
840 1200 1147 1271 praescripta
1167 1243 1182 1266 ,
1213 1200 1447 1270 aliquem
1475 1215 1692 1255 sensum
1723 1216 1917 1271 sugge-

329 1300 415 1345 rat
438 1291 592 1346 nobis
620 1291 947 1362 intelligendi
973 1333 990 1357 ,
1030 1292 1258 1363 qualiter
1295 1308 1525 1363 sequens
1552 1310 1732 1349 rerqu
1771 1293 1921 1349 ordi-

332 1384 480 1439 natio
506 1384 757 1440 evaserit.
788 1385 1021 1441 Possunt
1049 1395 1229 1441 autem
1260 1387 1505 1458 discipuli
1536 1387 1821 1445 Marcionis
1848 1405 1926 1445 re-

329 1489 718 1549 cognoscentes
756 1479 1050 1536 bonitatem
1095 1482 1185 1537 Dei
1217 1484 1422 1548 nostri,
1465 1482 1677 1553 dignam
1710 1499 1925 1555 quoque

329 1570 444 1627 Deo
472 1586 766 1643 agnoscere
790 1588 883 1643 per
908 1574 1128 1630 eosdem
1153 1576 1361 1644 titulos,
1387 1591 1481 1645 per
1497 1592 1633 1646 quos
1652 1577 1922 1648 indignam

327 1666 663 1723 ostendimus
698 1669 750 1723 in
777 1667 881 1723 dco
925 1668 1161 1724 illorttm.
1191 1671 1308 1726 Jam
1338 1672 1441 1727 hoc
1473 1672 1643 1742 ipsum
1671 1672 1754 1743 (2)
1782 1672 1925 1743 quod

1741 251 2197 311 TERTULLIANI

298 364 512 453 ‘hendit
525 375 829 436 auctorem,
850 382 1008 442 quem
1036 383 1064 423 a
1091 366 1385 441 primordio
1418 370 1500 425 sui
1523 369 1719 425 bonum
1747 381 1801 425 et
1832 367 1911 443 (t)
1940 369 1992 426 Α

3516 254 3626 316 988

2633 370 2865 438 CAPUT~
2903 371 2991 429 IV.
3030 442 3037 443 ί

2090 553 2277 625 Igitur,
2296 567 2419 609 eum
2441 554 2816 625 cognoscendo
2834 553 2946 609 Deo
2967 553 3239 610 hominem
3259 554 3628 626 prospexisset

2022 645 2232 700 bonitas
2285 646 2378 701 Dei
2414 645 2614 723 ipsiys,
2642 647 2803 702 etiam
2836 645 2938 702 hoc
2964 645 3236 718 praecepit»
3274 660 3374 701 suo
3399 644 3627 713 addidit,

2022 736 2163 808 quod
2199 738 2349 808 prius
2386 738 2719 806 domicilium
2749 737 2950 793 homini
2992 746 3353 793 commentata
3380 747 3483 801 est,
3523 738 3627 794 ali-

2021 845 2180 902 quam
2227 829 2562 901 postmodum
2612 831 2806 886 molem
2838 829 3126 885 maximam
3150 872 3164 895 ,
3199 829 3539 900 postmodum
3570 837 3628 885 et

2023 925 2315 994 majorem,
2341 933 2401 979 ut
2426 925 2478 979 in
2502 933 2980 996 magnatamquam
3010 924 3062 978 in
3086 924 3297 979 minore
3319 923 3631 994 proluderet

2024 1027 2183 1088 atque
2210 1018 2524 1087 perliceret:
2557 1025 2613 1072 et
2638 1017 2707 1071 ita
2728 1016 2796 1072 de
2818 1016 2960 1072 bono
2988 1016 3101 1081 Dei,
3126 1015 3178 1070 id
3206 1025 3288 1071 est
3312 1015 3385 1085 de
3410 1030 3628 1105 magnp,

2026 1111 2091 1165 ad
2143 1110 2402 1180 optimum
2441 1125 2654 1182 quoque
2682 1109 2819 1181 ejus,
2849 1109 2901 1164 id
2929 1118 3014 1165 est
3052 1108 3118 1164 ad
3148 1110 3319 1180 majus
3349 1109 3631 1165 habitacu-

2026 1202 2134 1257 lum
2189 1211 2617 1272 promoveretur.
2663 1202 2893 1257 Adhibet
2961 1202 3111 1273 operi
3160 1201 3302 1257 bono
3367 1202 3630 1271 optimum

2026 1295 2185 1349 etiam
2252 1294 2586 1360 ministrum,
2635 1309 2938 1350 sermonem
2968 1308 3172 1349 suum:
3219 1291 3294 1365 (b)
3341 1291 3630 1362 Eructavit,

2028 1374 2216 1457 inquit,
2243 1386 2362 1459 (Ps.
2382 1385 2564 1451 XLIV,
2590 1385 2645 1458 l)
2668 1401 2756 1440 cor
2772 1403 2938 1440 meum
2957 1387 3038 1458 (5)
3056 1401 3338 1440 sermonem
3357 1386 3629 1454 Optimum.

2030 1482 2295 1551 Agnoscat
2323 1478 2446 1534 hinc
2474 1479 2706 1550 primum
2737 1478 2965 1534 fructum
2998 1478 3284 1549 optimum,
3322 1480 3505 1549 utique
3525 1492 3631 1549 op-

2031 1573 2174 1628 tima:
2197 1573 2425 1638 arboris,
2454 1572 2687 1628 Marcion
2720 1590 2734 1627 :
2766 1573 3211 1644 imperitissimus
3239 1571 3473 1628 rusticus
3508 1572 3633 1643 qui-

2031 1664 2153 1720 dem
2199 1667 2250 1720 in
2289 1666 2505 1725 malam,
2532 1664 2725 1721 bonam
2760 1664 3015 1729 inseruit;
3039 1665 3132 1721 sed
3158 1680 3263 1720 non
3287 1664 3484 1719 valebit
3513 1665 3631 1721 bla-

331 1760 555 1815 materia
583 1769 668 1816 est
696 1762 980 1832 agnitionis
1005 1779 1116 1818 sua:
1136 1805 1152 1831 ,
1187 1778 1290 1819 non
1320 1764 1460 1835 apud
1491 1765 1653 1820 alium
1695 1766 1917 1833 invenit,
1950 1763 2000 1824 B
2027 1759 2284 1831 Spbemiae
2310 1759 2557 1815 surculus
2586 1757 2684 1832 (ε),
2716 1767 2923 1814 arescet
2953 1772 3074 1813 cum
3101 1772 3199 1813 suo
3220 1744 3443 1824 artiilee,
3472 1764 3531 1813 et
3557 1757 3631 1814 ita

329 1852 425 1906 scd
453 1852 522 1908 de
550 1867 648 1907 suo
676 1854 777 1908 sibi
808 1853 953 1910 fecit.
996 1854 1173 1910 Prima
1196 1855 1427 1927 denique
1460 1857 1667 1913 bonitas
1696 1858 1920 1913 Creato-

333 1945 428 2009 ris,
457 1960 560 2016 qua
589 1961 649 2002 se
674 1946 812 2002 Deus
835 1947 1003 2003 noluit
1026 1949 1079 2003 in
1102 1950 1575 2029 atternum‘latcre,
1606 1951 1655 2006 id
1683 1961 1765 2006 est
1819 1968 1925 2008 non

332 2050 454 2093 esse
482 2037 703 2108 aliquid,
736 2040 821 2095 cui
848 2040 990 2095 Deus
1018 2052 1451 2112 cognosceretur.
1482 2044 1616 2110 Quid
1648 2045 1791 2100 enim
1819 2055 1924 2099 tam

332 2131 728 2203 bonum,qnam
761 2135 944 2189 notitia
978 2144 1034 2190 et
1064 2135 1264 2191 fructus
1291 2136 1424 2191 Dei?
1459 2136 1615 2202 Nam,
1652 2138 1750 2192 etsi
1784 2153 1924 2193 non-

174 2221 215 2277 ἰ.
258 2222 275 2280 .'
303 2258 309 2264 -
333 2222 461 2278 dum
493 2226 818 2295 apparebat,
851 2225 952 2280 hoc
982 2227 1179 2281 bonum
1209 2242 1328 2283 esse
1351 2271 1365 2294 ,
1399 2229 1519 2299 quia
1553 2229 1788 2284 nondum
1812 2238 1930 2284 erat

331 2316 614 2386 quicquam
652 2315 738 2371 cui
767 2325 1084 2386 appareret;
1127 2317 1220 2374 sed
1263 2318 1404 2375 Deus
1436 2320 1750 2389 prtescicbat
1789 2320 1919 2390 quid

335 2407 460 2463 boni
503 2408 865 2478 appariturum
911 2418 1055 2464 esset
1089 2428 1102 2464 :
1136 2419 1188 2464 et
1226 2410 1348 2465 ideo
1379 2410 1455 2482 (a)
1496 2412 1547 2467 in
1594 2429 1745 2471 suam
1782 2429 1930 2468 sum-

339 2513 481 2553 mam
510 2499 778 2553 eommisit
818 2499 1150 2566 bonitatem,
1192 2504 1481 2573 apparitori
1526 2505 1650 2559 boni
1693 2506 1932 2577 negotia-

346 2593 558 2660 tricem,
589 2610 696 2648 non
720 2597 902 2664 utique
932 2597 1291 2668 repentinam,
1322 2613 1421 2654 nec
1449 2597 1760 2654 obventitiae
1786 2601 1935 2657 boui-

345 2685 509 2749 tatis,
565 2699 663 2739 nec
705 2685 1072 2755 provocatitia:
1112 2687 1492 2757 animationis,
1541 2692 1690 2760 quasi
1740 2692 1933 2747 exinde

339 2775 696 2847 censegulam,
724 2792 831 2848 quo
858 2780 1022 2849 cmpit
1059 2781 1289 2851 operari.
1325 2782 1380 2837 Si
1406 2782 1548 2837 enim
1583 2782 1694 2852 ipsa
1734 2786 1938 2839 consti-

342 2867 442 2922 tuit
468 2868 712 2937 initium,
754 2868 948 2926 exinde
984 2887 1092 2941 quo
1118 2873 1282 2944 erepit
1311 2874 1563 2944 operari,
1614 2890 1718 2930 non
1751 2875 1937 2931 habuit

342 2959 552 3015 initittm
602 2961 733 3031 ipsa
770 2977 892 3018 cum
933 2963 1078 3021 fecit.
1116 2965 1271 3020 lnttio
1314 2976 1493 3027 autem
1538 2966 1715 3035 facto,
1764 2969 1830 3024 ab
1872 2985 1937 3027 ea

343 3054 506 3108 etiam
534 3054 675 3110 ratio
699 3063 999 3127 temporum
1025 3068 1143 3114 nata
1175 3068 1279 3126 est,
1315 3068 1499 3130 utpote
1525 3063 1719 3133 quibus
1745 3063 1937 3120 distin-

2031 1870 2092 1911 se
2119 1855 2273 1910 bona:
2316 1852 2524 1909 arboris
2554 1862 2744 1907 natura
2789 1852 3091 1908 testabitur.
3125 1851 3354 1922 Adspice
3394 1850 3459 1906 ad
3487 1866 3636 1906 sum-

2032 1964 2196 2015 mam,
2250 1947 2421 2018 qualia
2472 1961 2651 2003 scrmo
2698 1930 3102 2002 fr°uctiiicaverit
3136 1945 3238 2002 :Et
3283 1946 3416 2001 dixit
3443 1944 3583 2002 Deus
3616 1962 3636 2002 :

2033 2038 2177 2104 Fiat;
2200 2050 2245 2094 et
2264 2043 2455 2111 factum
2476 2048 2548 2093 est
2574 2080 2590 2107 ,
2613 2049 2659 2093 ct
2681 2038 2804 2092 vidit
2819 2036 2959 2094 Dens
2976 2039 3094 2109 quia
3116 2036 3299 2092 bonum
3329 2036 3510 2109 (Gem,
3538 2035 3592 2109 l)
3615 2056 3630 2094 :

2033 2148 2138 2188 non
2183 2132 2334 2203 quasi
2384 2131 2627 2186 nesciens
2671 2130 2899 2198 bonum,
2949 2130 3050 2185 nisi
3090 2129 3331 2195 videret,
3360 2127 3455 2184 sed
3502 2127 3630 2200 quia

2036 2227 2254 2290 bonum,
2289 2224 2409 2279 ideo
2436 2222 2643 2288 videns,
2677 2224 2947 2277 bonorans
2999 2231 3053 2277 et
3076 2222 3417 2293 consignans,
3445 2230 3498 2276 et
3525 2220 3636 2276 dis-

2035 2338 2275 2395 pungens
2325 2321 2616 2375 bonitatem
2660 2332 2885 2387 operum
2934 2316 3245 2388 dignatione
3293 2324 3632 2387 conspectus.

2035 2416 2124 2474 Sic
2149 2426 2203 2472 et
2243 2414 2594 2471 benedicebat
2633 2428 2752 2483 quae
2802 2413 2937 2468 bene
2973 2411 3220 2475 iaciebat,
3251 2419 3310 2465 ut
3352 2409 3449 2465 tibi
3476 2410 3635 2465 totus

2037 2511 2176 2566 Deus
2205 2504 2692 2569 commendaretur,
2724 2504 2917 2571 bonus,
2945 2511 3000 2557 et
3027 2501 3208 2558 dicere
3235 2511 3287 2557 et
3310 2500 3506 2557 facere.
3528 2499 3637 2555 Ma-

2037 2604 2267 2659 ledicere
2287 2601 2462 2657 adhuc
2484 2612 2664 2654 sermo
2686 2613 2791 2651 non
2819 2605 2992 2661 norat,
3014 2596 3134 2666 quia
3159 2609 3258 2649 nec
3279 2594 3419 2649 male
3440 2594 3635 2649 facere.

2036 2696 2350 2755 Videbimus
2377 2709 2618 2760 caussas,
2638 2708 2757 2764 quae
2785 2691 2887 2746 hoc
2913 2706 3126 2762 quoque
3142 2704 3171 2744 a
3192 2689 3303 2763 Deo
3321 2696 3632 2767 exegerunt.

2040 2789 2257 2846 Interirn
2283 2786 2514 2843 mundus
2538 2801 2602 2841 ex
2627 2785 2782 2839 bonis
2798 2783 3045 2838 omnibus
3069 2782 3330 2844 constitit,
3354 2781 3483 2836 satis
3503 2795 3641 2851 prte-

2040 2891 2344 2938 monstrans
2371 2888 2625 2950 quantum
2645 2877 2768 2931 boni
2793 2884 3071 2947 pararetur
3096 2875 3193 2941 illi,
3235 2874 3322 2928 cui
3373 2872 3452 2947 (6)
3506 2886 3645 2944 pra:-

2044 2975 2329 3044 parabatur
2380 2970 2482 3027 hoc
2529 2978 2721 3026 totum.
2766 2968 2897 3035 Quis
2947 2967 3178 3036 denique
3237 2965 3430 3036 dignus
3488 2964 3644 3019 ineo-

2042 3069 2154 3124 lere
2203 3066 2292 3122 Dei
2346 3078 2529 3134 opera,
2580 3077 2739 3134 quam
2786 3061 2954 3132 ipsius
3006 3060 3181 3131 imago
3225 3069 3279 3115 et
3309 3056 3645 3115 similitudo?

346 3146 572 3217 gnendis
600 3155 655 3203 et
683 3150 952 3217 notandis,
978 3151 1153 3207 sidera
1181 3161 1237 3210 et
1258 3153 1537 3210 luminaria
1568 3157 1805 3214 cmlestia
1828 3155 1940 3215 dis-
1966 3155 2012 3219 C
2047 3163 2176 3219 Eam
2221 3175 2431 3232 quoque
2472 3157 2685 3213 bonitas
2731 3163 2787 3212 et
2837 3153 3053 3225 quidem
3083 3152 3395 3225 operantior
3426 3158 3646 3222 operata

350 3240 522 3310 posita
554 3249 677 3296 sunt
702 3260 715 3295 :
741 3240 909 3299 Erunt
937 3245 1102 3310 enim,
1137 3248 1305 3317 inquit
1335 3246 1509 3320 (Gem,
1533 3250 1576 3317 1,
1601 3251 1714 3324 id),
1739 3254 1793 3307 in
1819 3263 1943 3307 tem-

358 3348 505 3402 pora,
542 3343 589 3388 et
623 3350 817 3390 menses
840 3377 855 3403 ,
895 3347 943 3392 et
979 3355 1161 3393 annos.
1210 3341 1349 3412 Ergo
1379 3357 1478 3397 nec
1509 3352 1719 3414 tempus
1760 3345 1945 3404 habuit

348 3435 473 3481 ante
517 3436 749 3498 tempus,
776 3444 896 3500 quae
946 3429 1069 3486 fecit
1114 3440 1367 3501 tempus;
1400 3435 1538 3490 sicut
1587 3452 1685 3492 nec
1735 3438 1942 3495 initium

351 3528 479 3575 ante
501 3519 733 3586 initium,
759 3537 878 3593 qua:
905 3516 1182 3580 constituit
1203 3525 1433 3582 initium.
1463 3530 1637 3600 Atque
1656 3531 1724 3585 ita
1753 3547 1944 3588 carens

354 3621 413 3667 et
452 3612 644 3670 ordine
686 3615 818 3670 initii
863 3626 917 3672 et
953 3618 1112 3671 modo
1157 3622 1441 3691 temporis,
1486 3621 1553 3678 de
1593 3624 1851 3683 immensa
1892 3638 1947 3684 et

356 3704 805 3763 indcterminabili
835 3718 992 3765 aetate
1016 3711 1355 3779 censebitur,
1401 3728 1499 3770 nec
1529 3717 1725 3785 poterit
1754 3735 1948 3790 repen-

256 3838 260 3842 .
359 3799 466 3856 tina
502 3799 586 3855 vel
616 3799 905 3856 obveulitia
935 3811 989 3858 et
1018 3804 1363 3873 provocatitia
1388 3807 1659 3877 reputari,
1701 3824 1806 3866 non
1848 3812 1947 3866 ha-

355 3888 489 3946 bens
520 3891 662 3955 unde
697 3902 1008 3965 reputetur,
1040 3894 1090 3950 id
1117 3906 1199 3951 est
1242 3897 1474 3968 aliquam
1535 3902 1794 3972 temporis
1821 3917 1949 3974 Spe-

356 3982 529 4049 ciem;
559 3983 651 4038 sed
674 3995 727 4040 et
759 3985 838 4057 (5)
869 3997 1091 4054 aeterna,
1117 3997 1171 4044 ct
1196 3989 1307 4045 Deo
1333 3990 1585 4065 ingenita,
1615 4001 1667 4047 et
1696 4004 1950 4066 perpetua

362 4076 733 4146 prmsumeuda
755 4120 770 4144 ,
802 4094 867 4133 ac
898 4095 993 4150 per
1014 4080 1115 4135 hoc
1140 4081 1248 4136 Deo
1274 4081 1430 4153 digna
1454 4126 1469 4150 ,
1503 4084 1816 4143 sull'undens
1838 4088 1949 4160 jam

361 4166 486 4222 hinc
525 4168 813 4226 bonitatem
862 4170 948 4227 dei
1001 4171 1316 4239 Marcionis,
1365 4191 1470 4230 non
1524 4175 1646 4232 dico
1686 4180 1853 4235 initiis
1896 4192 1952 4239 et

364 4260 731 4331 temporibus,
771 4262 863 4318 sed
896 4262 1010 4335 ipsa
1035 4264 1232 4320 malitia
1267 4268 1526 4323 creatoris
1554 4272 1907 4340 posteriorem
1931 4319 1948 4347 ,

362 4353 406 4411 si
438 4362 613 4412 tamen
639 4355 835 4412 malitia
862 4356 1033 4428 potuit
1059 4372 1088 4412 a
1113 4357 1349 4415 bonitate
1380 4362 1641 4418 committi
1664 4363 1768 4437 (4).

2048 3264 2132 3312 est
2157 3296 2170 3322 ,
2201 3270 2307 3310 non
2336 3250 2596 3323 imperiali
2625 3248 2810 3312 verbo,
2840 3246 2934 3303 scd
2967 3245 3213 3302 familiari
3258 3261 3418 3301 manu
3440 3287 3456 3312 ,
3482 3245 3645 3300 etiam

2049 3348 2216 3404 verbo
2255 3345 2564 3401 blandiente
2613 3341 2934 3412 praemisso:
2984 3338 3262 3394 Faciamus
3301 3339 3550 3394 hominem
3578 3338 3650 3393 ad

2049 3439 2325 3512 imaginem
2354 3446 2400 3490 et
2419 3433 2808 3490 similitudinem
2844 3440 3071 3485 nostram
3096 3428 3276 3501 (Gem,
3308 3429 3348 3497 I,
3377 3428 3448 3486 26
3470 3429 3513 3501 ).
3541 3428 3651 3484 Bo-

2051 3532 2188 3587 nitas
2222 3528 2395 3590 dixit,
2428 3527 2639 3582 bonitas
2684 3524 2836 3579 tinxit
2872 3522 3144 3579 hominem
3197 3520 3276 3595 (7)
3321 3520 3389 3577 de
3420 3521 3569 3588 limo,
3596 3521 3653 3577 in

2053 3635 2253 3680 tantam
2282 3618 2631 3676 substantiam
2672 3617 2853 3689 carnis
2878 3632 2943 3672 ex
2976 3630 3080 3671 una
3107 3608 3329 3670 materia
3370 3622 3451 3669 tot
3478 3612 3655 3685 quali-

2053 3717 2247 3774 tatibus
2272 3721 2622 3771 exstructam.
2652 3711 2872 3767 Bonitas
2901 3707 3105 3764 intlavit
3147 3706 3226 3781 (8)
3260 3707 3517 3774 animam,
3546 3721 3656 3762 non

2052 3819 2357 3874 mortuam,
2412 3807 2508 3864 sed
2569 3807 2767 3860 vivam.
2832 3804 3052 3859 Bonitas
3103 3801 3346 3873 prterecit
3391 3800 3659 3857 universis

2055 3902 2290 3961 fruendis
2306 3908 2469 3974 atque
2485 3897 2795 3972 regnandis,
2815 3899 2975 3955 etiam
3000 3894 3451 3968 cognominandis
3469 3893 3655 3968 (Gem,

2056 3994 2123 4064 ll,
2156 3994 2234 4068 7).
2284 3994 2504 4049 Bonitas
2549 3991 2785 4059 amplius
2825 3989 3046 4068 delicias
3095 3988 3296 4059 adjecit
3344 3986 3567 4055 homini,
3600 3995 3665 4042 ut

2059 4065 2378 4162 quamquam
2412 4086 2575 4140 totius
2620 4077 2767 4139 orbis
2812 4065 3111 4151 possidens,
3162 4081 3215 4135 in
3266 4077 3655 4135 ammnioribus

2058 4188 2377 4246 moraretur,
2440 4176 2520 4252 (tt)
2565 4175 2853 4231 translatus
2880 4173 2931 4228 in
2955 4170 3279 4244 paradisum,
3309 4171 3420 4240 jam
3442 4179 3569 4226 tunc
3593 4167 3666 4224 de

2058 4273 2258 4330 nnmdo
2300 4275 2353 4327 in
2399 4269 2719 4327 Ecclesiam.
2752 4265 2956 4322 Eadem
3007 4264 3223 4321 bonitas
3251 4272 3307 4320 et
3333 4262 3664 4334 adjutorium

2056 4367 2376 4441 prospexit,
2433 4377 2502 4419 ne
2528 4360 2653 4434 quid
2700 4375 2805 4417 nou
2847 4357 2973 4415 boni
3010 4375 3025 4414 :
3057 4356 3179 4414 Non
3205 4366 3277 4414 est
3302 4356 3467 4426 enim,
3490 4354 3666 4428 inquit

1612 4504 1906 4566 LECTION
1912 4513 1992 4571 ES
2031 4505 2446 4568 VARIANTES.

2184 4627 2204 4879 ἐ

431 4613 502 4693 ill
538 4613 750 4693 Et"???
772 4615 880 4693 eniti:
899 4624 1075 4693 ἵεηετ·
1988 4630 2041 4690 1)
2132 4627 2203 4693 (δ)
2228 4625 2461 4693 Verbum
2478 4622 2598 4693 add.
2623 4617 2731 4672 alii.

430 4674 505 4805 iii
537 4674 783 4805 ἒνῗθηὲέὶΨ
798 4676 955 4793 ἓθᾶιῗῖς
995 4741 1193 4797 οὺθνιΙι.

2228 4686 2640 4802 Ἦδπῖῗὲἐίηίὲῗέὲι
2663 4740 2819 4805 Serui.
2843 4740 3037 4796 Oberth.

432 4695 505 4865 ti;
537 4695 783 4815 me
995 4741 1193 4797 ουοηιι.

432 4800 483 4865 (ι
539 4800 857 4856 Conumttere
877 4805 979 4858 alti.

2130 4695 2204 4880 (ἓξ
2230 4695 2640 4802 Ἠὲέἔιῗὲἐξιῑὲῗὲξι
2663 4740 2797 4796 Sent!
2843 4754 2850 4791 .

2153 4816 2183 4866 8
2241 4813 2295 4865 lu
2319 4810 2439 4864 add.
2465 4804 2616 4864 Seml.
2654 4804 2850 4860 Obertlt.

1735 4915 2299 4976 COMMENTARIUS.

444 5051 597 5123 CAP.
624 5048 790 5108 lll.—-
810 5050 888 5123 (a)
927 5052 995 5109 In
1020 5071 1166 5111 suam
1202 5056 1453 5110 summam
1477 5055 1727 5109 commisit
1763 5054 1960 5111 bonita-

374 5133 490 5198 tem.
534 5121 834 5198 Commisit,
863 5121 965 5198 hoc
995 5136 1075 5181 est
1114 5126 1380 5198 reposuit,
1442 5136 1683 5196 tempore
1717 5142 1818 5183 suo
1851 5127 1962 5183 sci-

373 5194 497 5266 licet
519 5196 890 5266 promendmn.
930 5197 1049 5255 Rw.
1179 5194 1193 5198 ⁷
1464 5236 1467 5237 ν

447 5264 488 5340 β
520 5264 602 5320 ῙΡ.
630 5267 796 5340 ιγί.-
817 5268 898 5340 (b)
926 5266 1208 5334 Eructavit,
1233 5267 1422 5339 inquit,
1436 5282 1729 5340 cecinerim
1764 5269 1967 5340 verbum

376 5326 644 5406 oplimtmt.
668 5326 868 5395 Eodem
884 5326 1056 5394 'modo
1077 5326 1283 5396 initium
1309 5326 1600 5395 'Ps.'XLlV
1619 5355 1775 5403 supra
1789 5339 1972 5394 citavit

379 5408 472 5483 lib.
501 5409 618 5463 adv.
648 5409 1033 5483 Hermogenem,
1060 5426 1187 5483 cap.
1217 5412 1306 5477 t8,
1340 5426 1436 5480 pro
1458 5428 1524 5466 eo
1549 5409 1688 5483 quod
1709 5409 1974 5466 editiones

380 5478 560 5546 belua,
591 5496 673 5546 gr.
703 5491 757 5536 et
775 5478 1071 5546 cli'aldaica,
1095 5478 1149 5536 ei.
1179 5478 1354 5537 latium
1379 5497 1567 5537 omnes
1590 5480 1799 5536 bonum.
1836 5483 1974 5536 Plut.

452 5552 525 5623 (c)
565 5550 907 5621 Blaspliemia:
934 5553 1189 5618 surculus,
1219 5561 1324 5606 etc.
1356 5553 1446 5609 Sic
1476 5561 1622 5608 recte
1661 5550 1974 5623 Rhenanus,

382 5622 479 5690 pro
520 5638 586 5694 eo
610 5623 751 5694 quod
779 5632 930 5677 antea
957 5624 1364 5694 erat,surculus;
1398 5625 1654 5690 accipitur
1691 5622 1833 5694 enim
1866 5636 1978 5694 pro

382 5691 638 5773 palmite,
668 5693 736 5749 de
763 5709 869 5763 quo
897 5692 1352 5773 _s_c§ibitur_Joam_
1374 5694 1464 5760 IV,
1489 5693 1549 5773 εἰ
1578 5706 1683 5761 quo
1724 5691 1982 5773 adludere

385 5766 597 5824 videtur
622 5778 809 5826 auctor
836 5786 851 5823 :
886 5763 1118 5823 dliitetur
1144 5768 1284 5837 foras
1310 5766 1438 5820 sicut
1463 5763 1676 5835 palntes,
1690 5770 1737 5816 et
1764 5772 1976 5819 arescet.

2067 5058 2163 5115 Est
2207 5069 2333 5112 vero
2365 5052 2493 5109 illud
2530 5048 2997 5112 Tertullianicum,
3037 5043 3244 5115 adspice
3283 5043 3353 5099 ad
3393 5059 3670 5111 summam,

2069 5144 2168 5199 pro
2201 5142 2267 5183 eo
2287 5124 2429 5201 quod
2450 5122 2846 5201 vulgodicitur.
2868 5121 2923 5174 in
2963 5116 3462 5201 sumntanﬂetineri
3490 5123 3675 5201 autem

2069 5186 2248 5325 paleis}
2276 5186 2671 5266 fructi/immitia
2704 5202 2796 5248 aut
2815 5192 2931 5262 lege
2955 5204 3077 5246 cum
3108 5187 3275 5244 Vatic.
3303 5188 3358 5265 i,
3385 5186 3675 5258 fructiﬁca-

2073 5287 2117 5325 tu
2149 5313 2161 5325 .
2238 5285 2330 5325 Αιι.

2152 5361 2230 5436 (d)
2269 5359 2571 5436 Translata
2595 5358 2648 5436 in
2669 5354 2986 5436 paradisum,
3009 5354 3131 5436 iant
3150 5350 3371 5436 tuucnde
3392 5348 3583 5433 mundo
3622 5349 3679 5405 in

2080 5420 2384 5489 Ecclesium.
2415 5431 2577 5486 Libro
2604 5420 3026 5491 de'Pmniteatia,
3080 5423 3212 5478 dixit
3253 5420 3527 5475 Ecclesium
3567 5436 3677 5476 esse

2079 5506 2257 5558 inuno
2288 5513 2337 5557 et
2357 5503 2536 5557 altera.
2572 5499 2667 5554 llic
2694 5499 2852 5567 igitur
2887 5495 3147 5567 Mantum
3172 5491 3680 5567 AetEvamtransla-

2082 5585 2165 5630 tos
2192 5575 2352 5629 fuisse
2365 5574 2438 5627 ait
2454 5573 2508 5628 in
2523 5569 2688 5642 parad
2693 5560 2937 5642 i§um,_de
2950 5563 3159 5642 mundo
3169 5565 3220 5617 in
3237 5560 3562 5642 Ecclesiam,
3582 5560 3650 5642 a_d
3661 5588 3681 5601 -

2082 5645 2284 5701 dictum
2312 5660 2340 5699 a
2369 5644 2479 5699 Deo
2511 5630 2813 5711 paradisum
2843 5635 3095 5711 Ecclesia:
3117 5633 3456 5711 signiﬁcans}
3490 5630 3683 5689 Eccle-

2084 5699 2217 5773 siam
2249 5730 2375 5773 vero
2395 5699 2662 5785 jam'tnne
2690 5708 2853 5784 fuisse
2874 5708 2926 5763 in
2952 5719 3059 5762 uno
3086 5713 3139 5763 et
3165 5699 3351 5760 altero.
3413 5699 3533 5757 Rue.
