4008 6280
264 271 367 330 289
1000 320 1004 331 .
1278 298 1291 308 ι
1356 271 1490 332 LIB.
1528 275 1573 332 11
1610 272 1974 336 ADVERSUS
2010 275 2433 334 MARCIONEM.
2740 282 2749 293 '
3462 283 3571 343 290

264 388 439 459 (Gem,
466 388 534 456 ll,
571 385 683 462 18),
714 386 900 444 bonum
925 387 1088 444 solum
1128 404 1232 445 esse
1260 388 1534 446 hominem.
1584 390 1661 466 (a)
1708 390 1860 449 Scie-
1888 398 1941 458 Α
1964 401 2022 449 et
2048 396 2358 463 potentiam.
2388 393 2497 450 Nec
2524 368 2849 451 immorabor
2878 396 3004 454 huic
3030 398 3275 467 articulo,
3294 412 3569 471 praeeunte

264 480 352 563 bat
382 479 457 535 illi
486 494 682 537 sexum
714 479 914 547 Mariae,
966 489 1019 536 et
1055 480 1308 554 deinceps
1335 483 1593 541 Ecclesiae
1622 485 1865 556 profutu-

263 587 397 628 rum.
430 570 538 628 Sed
564 582 620 630 et
649 587 812 643 quam
840 574 1016 644 arguis
1046 573 1240 646 legem,
1267 591 1427 645 quam
1468 576 1519 631 iu
1546 587 1861 635 controver-

264 664 366 720 sias
392 672 634 736 torques,
665 664 879 721 bonitas
904 665 1162 737 emgavit,
1214 665 1288 739 (b)
1328 668 1619 726 consulens
1658 671 1861 727 homini
1913 674 1925 681 ”

262 773 362 829 quo
385 757 501 815 Deo
525 757 850 824 adbzereret,
882 773 949 815 ne
973 775 1079 815 non
1108 770 1217 816 tam
1248 760 1403 827 liber,
1433 778 1590 833 quam
1619 762 1861 835 adjectus

263 849 549 917 videretur,
579 850 877 921 mquandus
900 850 1110 907 latnulis
1149 854 1260 909 suis
1285 855 1496 909 caneris
1519 856 1858 925 animalibus,

263 942 449 998 solutis
470 958 499 996 a
527 942 639 999 Deo
675 952 732 1000 et
758 959 823 999 ex
855 942 1066 1000 fastidio
1116 943 1197 1018 (l)
1246 944 1452 1011 liberis;
1501 947 1597 1002 sed
1628 956 1687 1003 ut
1714 949 1861 1005 solus

262 1033 417 1092 homo
442 1037 784 1108 gloriaretur,
813 1037 954 1108 quod
980 1037 1127 1093 solus
1148 1039 1339 1110 dignus
1362 1038 1549 1096 fuisset
1568 1043 1656 1112 qui
1684 1041 1858 1112 legem

269 1144 301 1184 a
324 1128 432 1185 Deo
451 1137 726 1196 sumeret,
756 1138 915 1200 utque
941 1130 1138 1186 animal
1162 1118 1449 1198 rationale;
1478 1132 1779 1189 intellectus
1806 1145 1861 1191 et

271 1221 508 1280 scientiae
534 1237 724 1293 capax,
754 1223 866 1293 ipsa
893 1237 1106 1294 quoque
1134 1222 1379 1280 libertate
1414 1225 1659 1280 rationali
1684 1226 1857 1282 conti-

269 1323 503 1380 neretur,
525 1313 576 1372 ei
596 1313 994 1387 subjectus,qui
1019 1314 1325 1385 subjecerat
1341 1316 1416 1371 illi
1445 1318 1621 1372 omnia
1644 1316 1688 1390 (1
1711 1316 1858 1388 Con,

262 1406 373 1475 XV,
399 1407 472 1463 28
500 1405 541 1478 ).
593 1405 757 1477 Cujus
800 1406 933 1478 legis
969 1407 1329 1463 observandae
1394 1409 1676 1464 consilium
1700 1450 1717 1476 ,
1767 1409 1861 1465 bo-

268 1499 402 1556 nitas
429 1499 634 1570 pariter
658 1498 980 1570 adscripsit:
1013 1497 1129 1565 Qun
1158 1499 1242 1554 die
1264 1509 1433 1559 autem
1464 1500 1687 1568 ederitis,
1718 1519 1861 1557 mor-

259 1594 610 1649 temoriemini
668 1592 844 1666 (Gen.,
876 1592 944 1659 ll,
978 1593 1092 1665 l7).
1146 1593 1535 1664 Benignissime
1572 1596 1715 1650 enim
1763 1595 1861 1652 de-

258 1685 574 1740 monstravit
598 1684 802 1740 exitum
842 1684 1303 1754 transgressionis,
1343 1700 1410 1740 ue
1440 1684 1737 1755 ignorantia
1769 1703 1861 1758 pe-

1968 485 2280 542 definitione
2319 488 2480 542 etiam
2527 487 2694 558 ipsius
2721 486 2920 544 Christi
2964 488 3160 559 (Jonn.
3180 531 3196 556 ,
3228 492 3298 559 Χ,
3332 493 3427 565 25)
3458 510 3471 546 :
3502 509 3568 550 ex

1964 580 2216 650 operibus
2240 578 2588 653 (d).iueund:e
2613 581 2954 651 probationes
2985 579 3088 654 (5).
3105 581 3278 653 Opera
3298 584 3571 641 Creatoris

1973 682 2261 745 utrumque
2283 683 2545 730 testantur
2566 684 2619 731 et
2646 674 2937 730 bonitatem
2962 675 3097 745 ejus,
3124 692 3226 746 qua
3251 677 3409 745 bona,
3432 678 3571 734 sicut

1969 765 2343 831 ostendimus;
2376 776 2430 822 et
2460 767 2754 838 potentiam
2797 784 2902 839 qua
2950 776 3131 834 tanta;
3176 779 3230 823 et
3259 770 3473 840 quidem
3501 786 3568 826 ex

1977 858 2165 915 nihilo.
2191 858 2346 924 Nam,
2369 860 2471 915 etsi
2495 876 2560 916 ex
2582 860 2757 931 aliqua
2784 860 3025 926 materia,
3043 872 3095 916 ut
3119 862 3335 932 quidam
3363 863 3567 931 volunt,

1969 951 2078 1007 hoc
2110 951 2227 1021 ipso
2272 958 2451 1007 tamen
2483 968 2549 1008 ex
2578 951 2744 1007 nihilo
2766 992 2783 1017 ,
2813 951 2939 1007 dum
2972 968 3078 1008 non
3107 954 3159 1008 id
3187 952 3405 1010 luerunt
3428 955 3569 1025 quod

1964 1052 2114 1098 sunt.
2146 1043 2427 1099 Postremo
2452 1085 2470 1112 ,
2522 1044 2603 1099 \cl
2642 1045 2721 1100 sic
2762 1059 2951 1114 magna
2972 1084 2987 1109 ,
3016 1045 3144 1100 dum
3177 1045 3353 1101 bona:
3382 1047 3464 1101 Vel
3490 1047 3572 1103 sic

1966 1134 2108 1190 Deus
2140 1145 2357 1205 potens,
2387 1135 2511 1191 dum
2540 1136 2720 1191 omnia
2750 1136 2934 1207 ipsius,
2963 1137 3102 1193 unde
3123 1147 3179 1193 et
3205 1139 3567 1210 otnnipotcus.

1966 1228 2042 1284 De
2074 1229 2412 1299 prmscieutia
2454 1246 2580 1284 vero
2625 1229 2750 1301 quid
2795 1229 3019 1285 dicam?
3059 1248 3176 1301 qua:
3207 1242 3383 1289 tantos
3411 1234 3570 1292 habet

1967 1327 2163 1384 testes,
2237 1330 2468 1391 quantos
2530 1322 2653 1377 fecit
2712 1321 3016 1392 prophetas.
3072 1322 3402 1396 Quamquam
3448 1328 3569 1396 quis

1964 1411 2319 1481 praescieutim
2351 1412 2536 1468 titulus
2563 1414 2617 1468 in
2642 1413 2881 1469 omnium
2909 1424 3152 1484 auctore,
3181 1431 3284 1488 qua
3317 1419 3566 1476 universa

1965 1502 2146 1573 utique
2175 1503 2510 1575 disponendo
2542 1506 2791 1575 pra‘sciit,
2828 1517 2883 1562 et
2913 1510 3242 1578 prmseieudo
3281 1511 3563 1583 disposuit,

1962 1606 2109 1651 certe
2132 1595 2302 1666 ipsam
2334 1602 2814 1671 transgressionem
2841 1617 2856 1667 ;
2887 1618 3048 1673 quam
3078 1605 3179 1659 nisi
3228 1609 3560 1676 praescisset,

1964 1702 2065 1742 nec
2095 1688 2397 1744 cautionem
2434 1691 2553 1760 ejus
2580 1691 2882 1763 delegasset
2907 1695 3007 1749 sub
3033 1707 3176 1751 metu
3224 1700 3432 1755 tuortis.
3461 1700 3567 1771 lgi-

170 1782 177 1791 '
259 1777 406 1833 riculi
436 1778 819 1850 negligentiam
856 1778 1069 1849 juvaret
1094 1772 1359 1846 obsequii.
1402 1781 1596 1845 Porro,
1640 1783 1687 1837 si
1727 1783 1859 1853 legis
1889 1798 1937 1858 B
1967 1788 2052 1833 tur
2077 1779 2121 1834 si
2150 1789 2205 1835 et
2242 1779 2534 1837 fueruutin
2579 1783 2690 1839 Deo
2735 1785 2850 1840 ista:
2898 1785 3199 1856 facultates,
3231 1806 3345 1862 pra:
3370 1793 3565 1863 quibus

258 1870 593 1943 imponendae
615 1872 752 1927 ratio
790 1873 1099 1944 prmeessit,
1127 1875 1452 1945 sequebatur
1474 1876 1640 1931 etiam
1668 1876 1853 1932 obser-
1969 1871 2102 1928 nihil
2133 1874 2255 1929 mali
2282 1875 2499 1931 evenire
2538 1874 2742 1932 homini
2762 1887 2865 1933 .aut
2919 1881 3181 1949 potuisset
3220 1894 3312 1939 aut
3346 1885 3565 1942 debuis-

258 1963 460 2031 vandm,
493 1974 551 2020 ut
578 1979 737 2035 ptena
775 1964 1191 2036 transgressiouj
1235 1964 1670 2033 adscriberetur;
1702 1984 1859 2037 quam
1970 1975 2074 2029 set,
2102 1974 2159 2021 et
2193 1966 2544 2022 nihilominus
2568 1970 2769 2037 evenit;
2799 1970 3076 2028 videamus
3105 1982 3159 2029 et
3182 1973 3413 2033 ltominis
3438 1994 3570 2033 cono

1965 2055 2244 2123 ditionem,
2298 2072 2366 2113 ne
2418 2073 2513 2129 per
2559 2058 2703 2114 illam
2755 2060 2929 2131 potius
2969 2064 3228 2132 evenerit,
3280 2067 3421 2136 quod
3474 2085 3569 2137 per

1968 2147 2136 2204 Deum
2163 2149 2380 2207 evenire
2408 2166 2513 2206 non
2560 2152 2750 2221 potuit.
2779 2152 3034 2210 Liberum
3061 2165 3116 2212 et
3146 2155 3219 2231 (e)
3247 2158 3327 2214 sui
3357 2136 3564 2218 arbitrii
3586 2136 3822 2239 ἴλην,

1967 2248 2022 2294 et
2044 2255 2154 2295 sua:
2182 2244 2463 2311 potestatis
2492 2242 2709 2299 invenio
2735 2243 3007 2301 hominem
3033 2264 3063 2302 a
3101 2249 3209 2304 Deo
3238 2250 3564 2322 institutum,
3590 2240 3846 2327 4223‘:ng

260 2066 432 2113 tamen
459 2058 685 2114 evenire
714 2056 901 2125 noluit,
930 2058 1021 2128 qui
1052 2066 1177 2113 ante
1204 2057 1471 2127 praedixit.
1494 2059 1737 2128 Agnosee
1769 2059 1863 2130 lgi-

260 2157 341 2206 tur
365 2150 663 2208 bonitatem
707 2149 798 2207 Dei
840 2154 1006 2205 nostri
1058 2149 1306 2215 interim,
1341 2149 1424 2205 vel
1467 2148 1746 2221 hucusque
1793 2166 1859 2207 ex

260 2243 505 2314 operibus
535 2240 716 2308 bonis,
748 2257 812 2297 ex
840 2240 1308 2299 benedictionibus
1338 2241 1493 2298 bonis
1516 2283 1530 2307 ,
1575 2258 1641 2299 ex
1687 2242 1863 2298 indul-

259 2335 463 2405 gentiis,
505 2350 575 2392 ex
607 2333 954 2405 providentiis
976 2377 992 2401 ,
1023 2351 1090 2390 ex
1118 2335 1322 2407 legibus
1347 2343 1402 2393 et
1431 2335 1858 2406 prmmonitioni-

259 2426 355 2485 bus
399 2426 482 2501 (2)
536 2427 697 2485 bonis
720 2436 774 2484 et
803 2427 1069 2498 benignis.

853 2518 1083 2576 CAPUT
1125 2518 1190 2574 v.
1658 2584 1665 2589 ,

324 2614 439 2671 1am
467 2614 602 2672 hinc
629 2613 697 2670 ad
721 2614 1047 2685 quaestiones
1059 2628 1268 2672 omnes.
1288 2611 1421 2687 (c)0
1439 2614 1516 2687 (3)
1531 2629 1864 2686 canes,quos

258 2707 393 2766 foras
410 2707 706 2780 Apostolus
720 2705 1706 2780 expellit(Apoe.,XXII,15),latrantes
1719 2705 1860 2779 in(4)

259 2800 419 2857 Deum
448 2794 697 2857 veritatis
721 2800 734 2854 l
760 2799 876 2855 haec
896 2810 1023 2856 sunt
1046 2801 1567 2873 argumentationum
1597 2814 1718 2855 ossa
1746 2815 1866 2871 qum

258 2896 535 2953 obroditis.
558 2894 616 2952 Si
636 2896 776 2952 Deus
790 2895 1295 2967 bonusetprtescius
1312 2894 1492 2960 futuri,
1515 2905 1570 2950 et
1589 2895 1863 2951 avertendi

256 2988 375 3043 mali
417 2999 617 3059 potens
640 3029 656 3055 ,
683 3003 780 3043 cur
807 2987 1077 3044 hominem
1103 3029 1119 3056 ,
1152 2997 1207 3043 et
1246 2985 1461 3059 quidem
1491 2987 1778 3058 imaginem
1806 2998 1862 3044 et

254 3081 661 3138 similitudinem
704 3096 877 3147 suam,
922 3081 1032 3137 imo
1060 3089 1117 3137 et
1142 3080 1499 3136 substantiam
1545 3094 1719 3145 suam,
1765 3096 1862 3150 per

1969 2331 2173 2388 nullam
2206 2332 2372 2405 inagis
2419 2334 2704 2407 imaginem
2733 2346 2788 2392 et
2816 2337 3219 2396 similitudinem
3250 2341 3345 2399 Dei
3375 2344 3428 2399 in
3476 2344 3567 2402 illo

1966 2423 2420 2494 animadvertens,
2467 2441 2627 2498 quam
2677 2427 2941 2499 ejusmodi
2982 2440 3153 2488 status
3181 2431 3430 2491 formam.
3462 2435 3569 2495 Ne.

1967 2530 2074 2585 que
2110 2516 2256 2572 enim
2297 2517 2432 2573 facie
2459 2528 2513 2574 et
2538 2520 2908 2590 corporalibus
2946 2522 3139 2591 lineis,
3173 2534 3280 2581 tam
3312 2528 3471 2584 variis
3512 2531 3564 2587 in

1967 2623 2166 2678 genere
2194 2608 2447 2676 humano,
2476 2611 2543 2666 ad
2574 2610 2897 2670 uniformem
2932 2614 3097 2671 Deum
3126 2632 3416 2688 expressus
3436 2632 3563 2691 est;

1966 2699 2062 2756 sed
2093 2700 2145 2754 in
2173 2716 2236 2756 ea
2262 2702 2583 2770 substantia,
2607 2719 2766 2775 quam
2798 2705 2866 2759 ab
2905 2707 3021 2777 ipso
3046 2707 3158 2765 Deo
3186 2713 3364 2778 traxit,
3396 2713 3447 2769 id
3483 2725 3569 2771 est

1966 2794 2161 2850 anima:
2189 2792 2291 2867 (6),
2322 2795 2387 2850 ad
2416 2796 2640 2853 formam
2670 2798 2763 2853 Dei
2794 2801 3169 2870 respondentis
3199 2803 3303 2877 (7),
3333 2816 3389 2863 et
3416 2810 3565 2866 arbi-

1966 2888 2054 2943 trii
2081 2888 2162 2943 sui
2193 2887 2439 2945 libertate
2476 2898 2532 2944 et
2571 2900 2834 2961 potestate
2862 2893 3106 2964 signatus
3126 2907 3227 2952 est.
3258 2898 3411 2955 llutrc
3456 2912 3569 2958 sta-

1970 2990 2078 3035 tum
2106 2980 2223 3051 ejus
2262 2979 2599 3037 conﬁrmavit
2622 2982 2780 3038 etiam
2812 2986 2920 3053 ipsa
2951 2986 3070 3054 lex,
3107 2996 3231 3045 tunc
3275 3006 3303 3043 a
3333 2991 3444 3069 Deo
3472 3008 3567 3063 po-

1967 3076 2084 3131 sita.
2117 3075 2232 3130 Non
2286 3076 2428 3130 enim
2483 3085 2769 3146 poneretur
2820 3077 2908 3133 lex
2958 3081 3007 3134 ei
3049 3081 3139 3151 qui
3180 3098 3287 3138 non
3344 3084 3566 3145 haberet

253 3174 438 3230 anima:
466 3173 680 3230 scilicet
704 3188 947 3241 censum,
972 3187 1160 3243 passus
1184 3181 1266 3227 est
1287 3170 1391 3227 labi
1413 3171 1481 3226 de
1496 3171 1755 3243 obsequio
1775 3173 1854 3229 le-
1887 3190 1931 3253 ρ
1958 3170 2281 3242 _obsequium
2316 3167 2553 3223 debitum
2582 3169 2685 3239 legi
2712 3169 2762 3224 in
2789 3185 2885 3226 sua
2922 3164 3183 3241 potestate
3211 3192 3224 3228 :
3252 3192 3352 3232 nec
3379 3193 3566 3237 rursus

252 3266 331 3338 gis
353 3267 405 3321 in
430 3273 692 3333 mortem,
719 3265 1146 3321 circumventum
1164 3280 1207 3320 'a
1231 3263 1493 3320 diabolo?
1520 3263 1576 3319 Si
1623 3265 1766 3320 enim
1796 3274 1853 3322 et

251 3359 418 3414 bonus
445 3358 545 3430 qui
575 3357 795 3414 evenire
840 3357 945 3414 tale
978 3357 1108 3430 quid
1153 3358 1354 3427 nollet,
1382 3366 1435 3414 et
1474 3358 1730 3429 prmscius
1760 3359 1851 3430 qui

249 3459 571 3507 eventurum
592 3465 699 3505 non
728 3449 1018 3521 ignoraret,
1041 3458 1096 3505 et
1123 3459 1312 3520 potens
1337 3450 1428 3519 qui
1451 3449 1722 3521 depellere
1751 3464 1850 3505 va-

249 3539 402 3610 leret,
430 3542 587 3598 nullo
611 3540 771 3597 modo
799 3541 1092 3607 evenisset,
1117 3541 1260 3613 quod
1289 3530 1397 3598 sub,
1414 3540 1497 3599 his
1523 3542 1691 3598 tribus
1712 3557 1849 3598 eon-

246 3632 544 3692 ‘ditionibus
596 3632 790 3689 divinae
855 3632 1155 3704 maiestatis
1199 3634 1418 3690 evenire
1482 3651 1590 3690 non
1644 3644 1853 3706 posset.

247 3726 398 3794 Quod
424 3728 471 3784 si
500 3728 706 3794 evenit,
742 3724 1044 3783 absolutum
1074 3735 1214 3783 este
1239 3729 1513 3784 contrario
1555 3729 1722 3785 Deum
1756 3744 1854 3794 ne,-

245 3834 350 3891 que
376 3819 587 3877 bonum
617 3818 965 3886 credendum,
997 3835 1172 3890 neque
1197 3822 1502 3891 praescium,
1542 3836 1717 3893 neque
1744 3837 1856 3893 po—

248 3920 448 3969 tentem
484 3929 501 3967 :
537 3909 800 3982 siquidem
830 3911 882 3965 in
914 3921 1170 3982 quantum
1198 3910 1329 3967 nihil
1357 3913 1463 3968 tale
1488 3914 1780 3981 evenisset,
1812 3915 1856 3970 si

249 4003 370 4061 talis
405 4003 560 4060 Deus
581 4045 597 4071 ,
629 4001 681 4058 id
723 4011 807 4058 est
834 4002 1005 4059 bonus
1028 4044 1044 4071 ,
1072 4013 1127 4059 et
1156 4005 1431 4074 praescius,
1461 4014 1513 4061 et
1540 4015 1734 4078 potens
1757 4048 1770 4073 ,
1806 4007 1858 4062 in

247 4103 450 4152 tantum
512 4094 632 4151 ideo
674 4095 895 4162 evenit,
922 4094 1043 4165 quia
1080 4111 1185 4150 non
1231 4096 1351 4152 talis
1391 4097 1551 4161 Deus.
1597 4097 1679 4154 Ad
1712 4098 1850 4166 haec,

254 4187 399 4259 prius
427 4197 521 4245 est
552 4187 680 4242 istas
707 4185 915 4257 species
939 4186 993 4243 in
1021 4186 1285 4244 Creatore
1311 4189 1622 4267 defendere,
1652 4207 1771 4261 qua:
1797 4192 1851 4247 in

245 4280 463 4340 dubium
506 4291 794 4349 vocantur;
825 4280 1117 4338 bonitatem
1158 4283 1314 4353 dico,
1346 4293 1400 4341 et
1437 4285 1849 4356 praescicutiam,

1960 3263 2307 3321 comminatio
2350 3261 2537 3316 mortis
2582 3264 2996 3334 transgressioni
3041 3265 3463 3339 adscriberetur,
3516 3274 3563 3329 si
3598 3290 3635 3306 ὀ

1957 3372 2066 3413 non
2093 3367 2148 3411 et
2172 3362 2513 3424 contemptus
2544 3353 2678 3425 legis
2708 3356 2759 3409 in
2787 3354 2993 3410 arbitrii
3017 3356 3559 3419 libertatemhomini

1955 3452 2321 3522 deputarctur.
2344 3447 2434 3503 Sic
2463 3456 2517 3502 et
2544 3448 2595 3502 in
2620 3448 2849 3519 posteris
2881 3449 3085 3521 legibus
3111 3451 3386 3511 Creatoris
3412 3457 3565 3516 inve-

1958 3545 2078 3599 nias
2109 3584 2125 3610 ,
2158 3541 2508 3613 proponentis
2552 3550 2676 3596 ante
2723 3540 2996 3598 hominem
3039 3544 3235 3600 bonum
3264 3556 3320 3603 et
3341 3550 3563 3618 malum,
3592 3592 3603 3595 -

1956 3636 2120 3691 vitam
2140 3645 2192 3689 ct
2205 3644 2429 3688 mortem
2454 3631 2653 3705 (Deut.,
2671 3631 2940 3705 XXXJS)
2961 3652 2974 3687 :
2995 3633 3090 3691 sed
3117 3652 3216 3693 nec
3236 3638 3369 3695 alias
3394 3651 3564 3698 totum

1959 3726 2203 3782 ordinem
2226 3723 2520 3793 disciplina:
2548 3740 2642 3794 per
2663 3735 2924 3794 praecepta
2955 3725 3568 3801 dispositum,avocamc

1963 3822 2075 3877 Deo
2098 3829 2151 3875 et
2168 3819 2405 3873 minante
2434 3827 2489 3872 et
2512 3817 2830 3873 exhortante
2859 3818 2961 3891 (8),
2980 3821 3081 3881 nisi
3099 3824 3230 3878 etad
3249 3825 3567 3898 obsequium

1965 3920 2021 3967 et
2049 3911 2115 3966 ad
2154 3918 2522 3980 contemptura
2553 3909 2724 3964 libero
2752 3918 2807 3967 et
2835 3912 3136 3970 voluntario
3163 3915 3363 3974 homini
3398 3919 3498 3992 (9).

2591 4001 2820 4060 CAPUT
2858 4004 2951 4062 Vl.

2029 4094 2135 4152 Sed
2163 4094 2412 4166 quoniam
2443 4110 2507 4150 ex
2536 4095 2639 4151 hoc
2658 4095 2768 4166 jam
2798 4097 3269 4171 intelligimurwo
3291 4113 3567 4167 struentes
3616 4148 3619 4153 ν

1955 4188 2176 4245 liberam
2221 4187 2450 4242 hominis
2490 4197 2807 4257 potestatem
2837 4192 3042 4249 arbitrii
3084 4198 3205 4264 sui,
3235 4208 3294 4254 ut
3342 4202 3484 4272 quod
3514 4203 3566 4258 ei

1953 4283 2154 4349 evenit,
2185 4296 2289 4336 non
2316 4282 2446 4345 Deo,
2474 4281 2570 4337 sed
2591 4280 2692 4353 ipsi
2718 4282 2913 4341 debeat
2938 4288 3252 4360 exprobrari
3279 4308 3295 4360 ;
3338 4310 3406 4351 ne
3426 4302 3481 4352 et
3511 4305 3565 4352 tu

1486 4398 1869 4458 LECTIONES
1911 4394 2324 4454 VARIANTES.

341 4510 388 4632 Β
420 4504 1127 4632 iﬁ'ﬁﬁuiﬁz‘éabm‘m
1158 4570 1354 4626 Oberth.
1885 4511 1940 4573 Β
2134 4500 2791 4632 ἒὲὂῖῗιῗὲἷῖιξεὲέιὶέθ

341 4512 356 4563 l
420 4510 651 4574 Fastigio
672 4510 839 4582 Paris.
865 4510 1020 4560 Fran.
1885 4511 1940 4573 D
2031 4510 2103 4632 (6;
2140 4510 2359 4583 {inimum
2391 4510 2565 4576 _Semt.’
2593 4510 2791 4556 Obertli.

248 4588 255 4611 ε
422 4572 937 4627 Prmutiatiombus
974 4569 1127 4624 Seml.
1158 4570 1354 4626 Oberth.
2048 4571 2077 4618 7
2134 4567 2431 4632 bpondentis
2453 4563 2602 4617 Seml.
2628 4564 2818 4620 Pamel.

247 4618 275 4665 '-
332 4640 362 4687 3
420 4637 465 4688 Ο
494 4634 647 4687 omitt.
672 4629 826 4685 Seml.
1055 4667 1062 4673 -
2049 4632 2099 4693 8)
2135 4630 2197 4681 Et
2219 4629 2349 4680 abest
2386 4625 2538 4679 Seml.
2566 4631 2910 4685 exhortantive
2932 4632 3123 4688 Pantel.

248 4698 261 4761 l
338 4701 364 4749 t
422 4699 486 4749 In
510 4694 661 4749 omitt.
687 4698 843 4747 Fran.
2051 4696 2101 4757 9)
2139 4693 2347 4746 Homine
2379 4686 2569 4744 I’amel.
2602 4695 2770 4745 Venet.

247 4768 271 4824 ι
355 4765 377 4825 )
399 4760 719 4814 Probationis
739 4756 895 4813 Sentl.
914 4756 1109 4812 θῦσαι.
1978 4768 1979 4771 ‘

248 4698 261 4761 ι
302 4686 387 4825 δέ)
422 4686 486 4749 ιη
678 4698 843 4769 rm.

240 4768 271 4824 ε,
355 4765 377 4828 )
399 4761 719 4814 Probattoms
739 4756 895 4813 Sentl.
914 4756 1109 4812 Oberth.

1978 4768 1979 4771 η
2030 4686 2101 4758 (9)
2139 4693 2347 4746 Homine
2379 4686 2569 4744 Pantel.
2602 4695 2770 4745 Venet.

1626 4859 2185 4922 COMMENTARIUS.

310 4986 392 5062 (a)
433 4987 642 5046 Sciebat
657 4988 759 5062 _illi
794 5000 993 5062 sanun
1016 4985 1235 5062 Marine,
1268 4994 1317 5041 et
1345 4983 1856 5062 deincep§__Eeelesin3

308 5054 603 5131 ofitlurum.
634 5058 885 5131 Etenim
915 5058 1081 5131 Maria
1122 5059 1273 5131 virgo
1312 5056 1517 5131 peperit
1556 5054 1854 5121 Christum,

376 5132 529 5188 intnn
569 5130 816 5186 salutem.
843 5128 997 5186 Unde
1039 5139 1093 5184 et
1134 5128 1393 5185 Ecclesia
1419 5128 1567 5197 virgo
1594 5167 1611 5194 ,
1658 5141 1856 5198 Sponsa

244 5201 486 5274 Christi,
497 5204 638 5274 parit
655 5199 1012 5274 Christianos.
1032 5200 1152 5274 lin;2

264 5312 271 5315 -
318 5271 403 5347 (b)
442 5268 734 5347 Consulens
761 5272 1095 5347 hotiiini‘qno
1126 5270 1237 5326 Deo
1260 5270 1562 5347 adhaereret.
1592 5268 1854 5325 Prmclara

243 5342 544 5415 cogitatio,
592 5342 865 5415 hominem
915 5342 979 5397 ad
1032 5344 1196 5415 Deum
1242 5343 1540 5415 pertinere,
1593 5350 1857 5415 quatenus

244 5412 521 5479 mindatis
541 5428 574 5470 a
604 5414 715 5484 Deo
742 5414 947 5484 legibus
983 5413 1226 5469 adhaeret
1266 5412 1538 5484 religionis
1564 5412 1855 5468 observan-

244 5484 625 5615 ῆθῶιικιιιθ,
654 5483 773 5541 Btc.
803 5483 820 5484 ί
1377 5483 1384 5484 ⁷

254 5622 331 5639 η.
384 5594 479 5639 Μ-.
507 5553 652 5639 νεῖ
679 5553 832 5639 (9.0
867 5563 1201 5639 cameﬁuquos
1239 5557 1378 5638 [oras
1413 5555 1717 5639 Apostolus,
1744 5563 1850 5639 etc.

240 5622 469 5700 Mc
495 5627 565 5700 ad
590 5622 718 5684 illud
744 5626 912 5697 Apoc.
942 5622 1111 5700 ζΧΙΙζ
1158 5622 1283 5700 {oris
1308 5622 1480 5700 canes.
1510 5629 1682 5698 Atque
1716 5627 1853 5700 adeo

346 5695 505 5769 {llic
533 5696 684 5769 locus
723 5695 911 5754 contra
954 5695 1270 5763 Erasmum,
1312 5710 1385 5757 et.
1414 5698 1548 5754 alios
1590 5695 1850 5769 quosdam

374 5767 739 5845 Apocalypsin
765 5769 961 5826 audent
997 5784 1196 5842 negare
1218 5769 1440 5827 Joannis
1468 5767 1730 5842 Apos'toli.
1775 5767 1849 5825 De

238 6074 275 6123 ,ε
542 6064 597 6121 υ

1957 4977 2299 5058 quoaliquid
2333 4994 2493 5058 supra
2544 4980 2775 5058 diximus
2821 4981 2917 5058 lib.
2957 4977 3035 5040 de
3062 4986 3386 5058 Prwscr.,et
3428 4994 3565 5053 intra

1958 5053 2051 5125 lib.
2076 5051 2150 5125 _lV
2171 5051 2314 5125 _adv.
2356 5051 2525 5106 Marc.
2558 5066 2621 5125 ac
2652 5054 2702 5107 in
2731 5055 3029 5125 Scorpinco.
3064 5058 3201 5115 Plut.

2033 5122 2248 5209 ιιιιβπ
2295 5125 2535 5209 orsa“?!
2558 5124 2817 5209 incede
2838 5122 3374 5209 ,Ρνοέξηιέρηεεκρεηη
3411 5136 3563 5209 ,ιιεηιο

1957 5194 2323 5250 deﬁnitionem
2363 5194 2579 5248 Christo
2618 5194 2895 5264 adscribit,
2929 5198 3118 5254 alludit
3160 5204 3226 5256 ad
3250 5204 3375 5259 illud
3401 5206 3557 5263 Joan.

1959 5267 2029 5322 10
2048 5284 2070 5343 :_
2098 5264 2267 5343 Opera
2295 5279 2407 5331 qua:
2423 5280 2519 5343 ego
2562 5266 2717 5343 facio,
2750 5268 2801 5320 in
2828 5268 3030 5343 nomine
3052 5342 3059 5343 ί
3080 5269 3259 5343 (Patris
3305 5277 3421 5343 mei,
3452 5279 3561 5332 lucc

1956 5334 2295 5422 testimonium
2325 5334 2584 5422 perhibent
2622 5340 2686 5422 (Le
2714 5354 2823 5403 me,
2850 5346 2896 5391 et
2923 5341 2969 5392 si
2992 5342 3118 5394 milii
3146 5360 3246 5397 non
3278 5334 3426 5401 vultis
3453 5365 3560 5403 cre-
3630 5411 3651 5422 ’

1960 5409 2097 5469 dere,
2130 5405 2365 5469 operibus
2390 5405 2598 5459 credite.
2634 5406 2769 5461 Plut.

2034 5475 2111 5551 (e)
2152 5475 2249 5532 Sui
2276 5475 2474 5551 arbitrii
2498 5485 2544 5527 et
2564 5492 2673 5530 sua:
2694 5479 2972 5551 potestatis,
3000 5490 3105 5535 etc.
3131 5483 3325 5538 Ea'fuit
3345 5485 3560 5544 bmrcti-

1956 5546 2144 5606 eorum
2199 5546 2545 5617 quorumdam
2586 5548 2832 5617 (vesania,
2891 5557 2947 5600 ut
2998 5551 3221 5605 liberum
3285 5555 3555 5613 timum..."

1957 5630 2194 5678 creatum
2222 5618 2389 5673 fuisse
2416 5616 2677 5684 negarint.
2711 5617 2867 5672 Tales
2898 5619 3045 5676 fuere
3085 5620 3319 5677 Marcion
3356 5636 3409 5680 et
3451 5628 3556 5681 Va-

1955 5693 2210 5749 lentinus.
2244 5689 2368 5744 Post
2399 5695 2675 5755 peccatum
2703 5704 2830 5743 vero
2853 5687 3028 5748 adhuc
3050 5694 3370 5753 remansisse
3396 5696 3555 5756 liber-

1957 5773 2119 5821 tatem
2143 5775 2267 5818 mox
2302 5756 2565 5834 probabit.
2611 5755 2688 5815 Le
2716 5758 2811 5815 Pu.
2996 5790 3017 5821 ν
