4008 6280
350 134 453 194 291

1764 124 2225 187 TERTULLIANI

3545 125 3655 201 eos

350 254 477 310 hinc
501 253 611 324 jam
637 221 912 326 Opponas,
944 264 1049 306 non
1093 248 1165 304 ita
1196 247 1345 304 illum
1375 244 1581 302 institui
1609 243 1859 301 debuisse
1896 245 1943 299 si
1973 243 2026 305 Α
2053 244 2243 314 prium,
2274 240 2384 313 jam
2420 249 2614 312 sponte
2642 241 2882 313 praestari
2914 241 2981 298 ab
3011 242 3269 311 homine;
3303 244 3555 314 quoniam
3600 254 3657 300 et

351 346 574 403 libertas
601 357 653 403 et
680 352 922 418 potestas
947 341 1151 396 arbitrii
1178 340 1401 396 exitiosa
1433 338 1609 394 futura
1639 346 1783 392 esset
1809 354 1823 402 ;
1850 335 1952 392 hoc

352 455 568 511 quoque
594 440 740 510 prius
760 433 1041 492 defendam
1074 432 1143 487 ita
1170 431 1375 497 institui
1400 430 1680 495 debuisse,
1703 445 1810 499 quo
1837 427 1948 483 lor—

352 532 457 591 tius
486 528 878 591 commendem,
910 536 964 581 ct
993 524 1065 579 ita
1090 524 1409 589 institutum,
1438 530 1490 585 et
1518 520 1678 592 digne
1707 521 1815 576 Deo
1867 520 1953 574 in-

354 624 620 687 stitutum,
647 623 854 691 potiore
881 629 1096 674 ostensa
1121 631 1185 670 ea
1206 629 1391 671 caussa
1419 630 1536 685 quae
1556 613 1625 668 ita
1650 613 1772 668 fecit
1798 612 1953 667 insti-

354 720 452 773 tui.
483 716 700 773 Bonitas
743 714 835 771 Dei
868 723 923 769 et
968 713 1116 771 iratio
1154 708 1268 781 ejus
1318 708 1443 763 huic
1470 723 1683 779 quoque
1715 707 1956 765 instituto

354 813 854 887 patrocinabuntur,
884 811 935 866 in
957 808 1209 864 omnibus
1232 805 1603 877 conspirantes
1624 803 1765 875 apud
1789 803 1956 859 Deum

353 919 620 964 nostrum.
645 905 754 962 Nec
775 905 909 962 ratio
936 904 1079 961 enim
1103 903 1220 958 sine
1249 900 1486 966 bonitate
1520 898 1654 953 ratio
1705 906 1959 966 ἤιέ-Μ

358 1000 572 1068 Mes
621 1000 736 1056 sine
804 996 1014 1053 ratione
1079 995 1322 1068 bonitas,
1368 993 1469 1047 nisi
1524 993 1659 1047 forte
1691 990 1959 1064 (a)peues

358 1095 518 1148 deum
545 1088 847 1156 Marcionis,
878 1088 1266 1144 inrationaliter
1291 1086 1491 1140 bonum
1513 1127 1527 1152 ,
1555 1084 1693 1139 sicut
1721 1083 1959 1139 ostendi-

304 1174 307 1181 ’
359 1200 499 1239 mus.
526 1180 821 1252 Oportebat
849 1180 1014 1234 Deum
1056 1180 1354 1249 cognosci:
1396 1178 1594 1233 bomnn
1635 1174 1738 1230 hoc
1781 1175 1962 1245 utique

359 1287 413 1332 et
458 1272 1077 1345 rationale.,0portebat
1122 1272 1342 1343 dignum
1386 1270 1586 1341 aliquid
1633 1283 1789 1333 esse,
1819 1266 1964 1338 quod

362 1369 529 1424 Deum
561 1366 943 1438 cognosceret:
972 1363 1100 1436 quid
1124 1374 1229 1419 tam
1251 1363 1469 1434 dignum
1498 1360 1731 1432 prospici
1759 1369 1958 1430 posset,

361 1477 520 1533 quam
548 1459 622 1534 (b)
668 1461 841 1532 imago
873 1459 967 1514 Dei
998 1467 1053 1513 et
1092 1457 1435 1513 similitudo?
1472 1456 1690 1533 Euhoe
1737 1453 1960 1520 bonum,

361 1536 479 1610 sine
521 1552 685 1609 dubio
707 1596 721 1617 ,
748 1562 805 1609 et
831 1552 1111 1607 rationale.
1143 1548 1439 1619 Oportebat
1465 1549 1627 1618 igitur
1678 1546 1966 1619 imaginem

302 1063 523 1072 “—

2056 337 2158 391 hoc
2178 337 2313 390 ratio
2338 334 2593 391 bonitatis
2622 336 2860 406 exigeret
2885 336 3186 391 voluntarie
3208 336 3525 392 exercenda:
3549 354 3569 401 ς·
3589 353 3658 393 ex

2055 428 2304 485 libertate
2329 427 2538 483 scilicet
2567 428 2779 484 arbitrii
2798 444 2906 484 non
2936 428 3153 485 favente
3181 428 3504 484 institutioni
3548 430 3655 503 (2),

2057 537 2163 577 non
2211 522 2477 578 serviente
2504 539 2519 576 :
2546 531 2608 577 ut
2649 522 2719 579 ita
2762 522 2979 579 demum
3012 523 3182 579 bonus
3210 526 3530 582 consisteret
3556 525 3658 581 ho-

2058 630 2182 681 mo,
2232 617 2276 670 si
2333 614 2627 671 secunddm
2682 616 3072 672 institutionem
3129 616 3388 686 quidem,
3441 621 3537 674 sed
3574 634 3658 675 .ex

2058 707 2331 763 voluntate
2383 709 2493 778 jam
2549 709 2724 765 bonus
2769 708 3139 775 inveniretur,
3192 711 3344 781 quasi
3401 712 3489 767 de~
3536 710 3660 781 pro-

2060 800 2286 869 prietate
2356 808 2607 857 naturas:
2669 800 2894 871 proinde
2958 812 3020 856 ut
3076 812 3131 857 et
3198 806 3384 858 contra
3458 803 3659 860 malum

2064 889 2236 961 (nam
2293 901 2350 948 et
2396 893 2528 949 illud
2577 894 2759 964 utique
2798 894 2942 950 Dens
2995 893 3365 967 providebat)
3421 894 3500 967 (3)
3548 896 3661 951 for-

2063 993 2167 1048 tior
2215 990 2377 1046 homo
2434 987 2796 1060 przetenderet
2847 986 2927 1059 (ι)
2955 1028 2970 1053 ,
3021 988 3157 1044 liber
3204 989 3412 1044 scilicet
3454 998 3509 1044 et
3550 1003 3663 1044 sua:

2063 1083 2379 1157 potestatis:
2407 1080 2486 1153 (ά)
2537 1081 2682 1152 quia,
2711 1081 2754 1134 si
2785 1089 2995 1137 careret
3038 1079 3139 1136 hoc
3178 1081 3326 1150 jure,
3362 1089 3421 1135 ut
3461 1080 3662 1151 bonum

2064 1192 2276 1247 quoque
2298 1189 2403 1230 non
2432 1174 2708 1230 voluntate
2729 1172 2924 1238 obiret,
2956 1171 3049 1228 sed
3074 1174 3411 1238 necessitate,
3449 1188 3666 1249 usurpa-

2065 1269 2188 1325 bilis
2216 1270 2376 1324 etiam
2409 1268 2551 1323 malo
2592 1266 2800 1324 futurus
2820 1275 2965 1323 esset
3000 1282 3067 1323 ex
3103 1266 3411 1323 inﬁrmitate
3436 1268 3664 1335 servitii,

2069 1361 2292 1433 proinde
2315 1368 2373 1417 et
2401 1362 2543 1416 malo
2570 1359 2710 1415 sicut
2736 1360 2875 1414 bono
2903 1356 3155 1415 famulus.
3188 1350 3322 1415 ’l‘ota
3354 1374 3482 1431 ergo
3501 1360 3663 1417 liber-
3691 1403 3719 1426 .

2071 1466 2150 1511 tas
2176 1455 2382 1513 arbitrii
2419 1454 2475 1508 in
2516 1463 2807 1527 utramque
2837 1462 3044 1522 partem
3075 1465 3330 1507 concessa
3361 1461 3443 1507 est
3482 1453 3584 1519 illi,
3612 1460 3672 1508 nt

2069 1548 2152 1604 sui
2198 1547 2449 1602 dominus
2501 1552 2813 1601 constanter
2843 1556 3257 1613 occurreret,et
3295 1547 3437 1601 bono
3478 1558 3671 1616 sponte

361 1654 418 1701 et
446 1643 850 1701 similitudinem
873 1641 990 1708 Dei,
1023 1641 1178 1697 liberi
1206 1640 1408 1695 arbitrii
1461 1649 1517 1695 et
1542 1653 1652 1693 sua)
1679 1637 1964 1708 potestatis
1992 1643 2042 1705 B
2071 1641 2336 1698 servando
2355 1682 2370 1708 ,
2411 1649 2466 1696 et
2508 1640 2651 1696 malo
2674 1626 2867 1710 sponte
2896 1639 3112 1695 vitando
3138 1658 3151 1693 :
3179 1641 3429 1710 quoniam
3457 1650 3509 1696 et
3539 1641 3674 1697 alias

310 1735 332 1776 ⁷
362 1736 606 1800 institui,
638 1736 691 1790 in
720 1751 823 1808 qua
867 1734 969 1790 hoc
999 1735 1192 1804 ipsum,
1244 1732 1421 1803 imago
1449 1739 1504 1786 et
1530 1730 1824 1785 similitudo
1872 1729 1966 1786 Dei

365 1829 745 1900 deputaretur;
773 1827 975 1881 arbitrii
1027 1825 1234 1881 scilicet
1280 1824 1496 1879 libertas
1522 1833 1578 1879 et
1605 1830 1881 1893 potestas:
1914 1821 1970 1876 in

365 1923 528 1991 quam
555 1936 668 1976 rem
685 1935 747 1975 ea
765 1918 1059 1975 substantia
1082 1916 1284 1972 homini
1307 1908 1705 1971 accommodata
1726 1924 1830 1982 est,
1850 1927 1973 1984 quae

370 2015 534 2085 hujus
570 2021 741 2069 status
770 2021 935 2087 esset,
966 2011 1194 2067 adﬂatus
1222 2011 1341 2084 Dei,
1384 2010 1565 2079 utique
1592 2007 1747 2063 liberi
1769 2017 1823 2062 et
1861 2008 2007 2062 suai‘

371 2107 672 2179 potestatis.
700 2105 805 2163 Sed
830 2116 885 2162 ει
907 2105 1040 2161 alias
1060 2104 1219 2175 quale
1239 2112 1355 2158 erat
1376 2113 1435 2157 ut
1457 2104 1622 2157 totius
1643 2100 1826 2156 mundi
1853 2114 1976 2171 pos-

371 2198 553 2255 sidens
581 2197 764 2262 homo,
795 2213 900 2255 non
926 2197 977 2249 in
1012 2195 1198 2263 primis
1225 2193 1390 2249 animi
1411 2193 1493 2248 sui
1525 2192 1865 2261 possessione
1892 2205 1977 2246 re-

371 2304 583 2366 gnaret,
617 2292 846 2365 eligam)
878 2289 1148 2361 dgniipus,
1176 2287 1259 2343 sui
1289 2284 1566 2340 famulus?
1596 2284 1773 2343 Habes
1817 2282 1980 2354 igitur

372 2397 428 2443 et
450 2386 742 2442 bonitatem
766 2382 859 2437 Dei
877 2394 1172 2453 agnoscere
1188 2394 1256 2435 ex
1276 2377 1604 2448 dignatione,
1633 2384 1689 2431 et
1712 2376 1979 2430 rationem

373 2486 440 2535 ex
488 2479 857 2551 dispositione.
903 2476 1028 2532 Sola
1066 2489 1206 2529 nunc
1247 2474 1456 2528 bonitas
1501 2471 1787 2542 deputetur
1811 2512 1826 2537 ,
1862 2488 1981 2541 qua:

377 2586 580 2630 tantum
609 2573 808 2627 homini
833 2570 1019 2642 largita
1047 2570 1138 2635 sit,
1169 2568 1222 2623 id
1257 2577 1341 2623 est
1388 2566 1594 2621 arbitrii
1651 2566 1976 2622 libertatem.

383 2666 543 2722 Aliud
583 2665 681 2720 sibi
724 2665 862 2719 ratio
892 2661 1140 2718 defendat
1177 2661 1230 2715 in
1275 2658 1537 2730 ejusmodi
1570 2659 1982 2714 institutionem.

385 2755 520 2814 Nam
576 2758 748 2813 bonus
793 2762 980 2810 natura
1032 2753 1168 2808 Deus
1216 2753 1363 2807 solus
1390 2748 1634 2822 (Matt/1.,
1676 2749 1821 2816 XIX,
1849 2748 1983 2824 l7).

380 2853 480 2921 Qui
510 2852 651 2907 enim
679 2849 819 2923 quod
850 2858 934 2904 est
957 2850 1073 2904 sine
1101 2847 1251 2902 initio
1283 2846 1475 2911 habet,
1509 2860 1613 2899 non
1655 2844 1989 2899 institutione

382 2945 544 3001 habet
586 2943 715 3000 illud
741 2986 754 3009 ,
783 2941 875 2998 sed
917 2950 1127 2998 natura.
1159 2940 1333 2996 Homo
1373 2949 1551 2994 autem
1591 2940 1681 3010 qui
1731 2947 1874 2994 totus
1921 2952 1987 2994 ex

619 2354 783 2365 —-————'

1316 2349 1553 2360 _....———

2077 1736 2306 1807 positum
2350 1734 2623 1789 hominem
2652 1731 2978 1802 sub'judicio
3010 1730 3145 1796 Dei,
3172 1732 3246 1803 (e)
3284 1734 3567 1803 oportebat
3586 1733 3676 1803 ju-
3720 1770 3725 1776 -

2075 1841 2220 1886 stum
2248 1828 2380 1884 illud
2419 1826 2635 1883 el‘licere
2664 1823 2730 1882 de
2755 1825 2960 1881 arbitrii
2991 1825 3072 1879 sui
3102 1826 3309 1881 meritis
3330 1867 3342 1889 ,
3373 1826 3525 1883 liberi
3571 1826 3677 1882 sci-

2076 1921 2219 1977 licet.
2238 1920 2526 1987 Cteterum,
2547 1933 2647 1975 nec
2669 1917 2793 1973 boni
2820 1933 2919 1974 nec
2946 1917 3070 1972 mali
3096 1926 3305 1974 merces
3324 1917 3449 1989 jure
3482 1935 3676 1989 pensa-
3698 1937 3918 1993 βμυος

2078 2022 2228 2070 retur
2251 2014 2302 2068 ei
2349 2011 2442 2084 qui
2479 2020 2571 2067 aut
2603 2011 2775 2067 bonus
2802 2022 2893 2066 aut
2921 2013 3091 2067 maliis
3129 2014 3450 2069 necessitate
3486 2014 3677 2070 fuisset

2081 2105 2347 2170 inventus,
2383 2119 2487 2160 non
2518 2104 2808 2160 voluntate.
2838 2104 2893 2159 ln
2926 2104 3026 2159 hoc
3048 2114 3104 2161 et
3133 2106 3217 2161 lex
3247 2107 3537 2162 constituta
3573 2117 3676 2174 est,

2081 2214 2188 2257 non
2229 2198 2519 2254 excludens
2540 2240 2557 2266 ,
2598 2197 2691 2254 sed
2736 2199 2969 2269 probans
2995 2198 3296 2261 libertatem
3325 2200 3392 2254 de
3421 2201 3682 2271 obsequio

2082 2299 2274 2360 sponte
2305 2289 2629 2360 praestando,
2662 2288 2747 2344 vel
2779 2289 3202 2360 transgressione
3222 2299 3410 2359 sponte
3440 2292 3686 2347 commit-

2087 2382 2242 2438 tenda
2268 2400 2282 2449 ;
2313 2382 2385 2438 ita
2414 2384 2466 2437 in
2495 2393 2782 2452 utrumque
2819 2384 3033 2447 exitum,
3063 2383 3284 2439 libertas
3326 2388 3494 2455 patuit
3534 2387 3681 2443 arbi-

2087 2474 2195 2529 trii.
2237 2473 2414 2545 Igitur,
2452 2475 2497 2529 si
2533 2486 2587 2530 et
2618 2475 2825 2530 bonitas
2852 2484 2908 2531 et
2936 2476 3073 2531 ratio
3115 2478 3205 2532 Dei
3238 2478 3507 2536 invenitur
3544 2482 3684 2537 circa

2089 2568 2390 2623 libertatein
2437 2567 2645 2623 arbitrii
2683 2582 2997 2625 concessam
3036 2568 3276 2636 homini,
3302 2587 3409 2625 non
3449 2582 3681 2643 Oportet,

2090 2662 2287 2717 omissa
2317 2663 2487 2732 prima
2510 2661 2820 2718 deﬁnitione
2848 2662 3100 2718 bonitatis
3125 2674 3283 2734 atque
3305 2665 3530 2721 rationis
3567 2684 3688 2738 qua:

2090 2766 2216 2812 ante
2244 2771 2458 2812 omnem
2491 2764 2773 2812 tractatum
2815 2757 3186 2813 constituenda
3211 2768 3326 2827 est,
3371 2768 3492 2831 post
3535 2759 3692 2817 factis

2092 2847 2444 2922 praejudicare
2478 2865 2585 2904 non
2618 2851 2687 2905 ita
2742 2850 2910 2906 Deum
2965 2851 3242 2907 instituere
3280 2852 3531 2908 debuisse
3564 2856 3689 2926 quia

2094 2943 2253 2998 aliter
2276 2958 2434 3013 quam
2462 2943 2628 2998 Deum
2658 2943 2874 3000 deceret
2898 2946 3106 3011 eVasit;
3139 2946 3236 3001 sed
3282 2948 3523 3017 dispectc
3566 2949 3691 3019 quia

382 3039 722 3097 institutione
741 3045 846 3104 est,
894 3035 1098 3092 habens
1122 3034 1358 3102 initium,
1406 3048 1528 3088 cum
1575 3032 1726 3087 initio
1769 3032 1989 3087 sortitus
2015 3034 2060 3099 C
2095 3035 2164 3089 ita
2193 3036 2435 3092 debuerit
2477 3037 2786 3103 instituere,
2807 3037 2956 3093 salvo
2983 3052 3051 3094 eo
3079 3038 3220 3109 quod
3247 3039 3544 3111 dispectum
3570 3053 3653 3096 e5t
3672 3083 3690 3111 ,

382 3141 468 3187 est
493 3130 717 3186 formam
760 3142 863 3199 qua
909 3136 1089 3184 esset:
1120 3135 1280 3196 atque
1309 3126 1378 3179 ita
1412 3140 1517 3179 non
1571 3124 1842 3178 naturain
1896 3122 1993 3179 bo-

386 3237 516 3278 num
544 3220 837 3291 dispositus
879 3228 983 3283 est,
1033 3217 1129 3273 sed
1158 3217 1491 3272 institutione
1518 3231 1534 3281 ;
1560 3229 1665 3269 non
1713 3229 1871 3270 suum
1900 3214 1996 3268 ha-

389 3319 523 3375 bens
552 3316 726 3387 bonus
752 3328 892 3381 esse,
923 3312 1047 3384 quia
1092 3328 1197 3367 non
1229 3320 1415 3366 natura
1446 3309 1498 3364 in
1532 3309 1731 3363 bonum
1761 3308 1992 3378 disposi-

390 3418 476 3465 tus
497 3416 598 3475 est,
640 3405 735 3467 sed
776 3403 1132 3470 institutione,
1179 3402 1475 3465 secundum
1506 3400 1866 3456 institutorem
1897 3400 1989 3455 bo-

391 3518 521 3559 num
548 3542 563 3568 ,
596 3501 801 3557 scilicet
826 3499 1090 3555 honorum
1119 3496 1477 3552 conditorem.
1506 3494 1575 3551 Ut
1614 3509 1744 3565 ergo
1790 3493 1994 3549 bonum

388 3596 499 3666 jam
544 3610 701 3651 suum
733 3594 958 3649 haberet
1001 3592 1197 3657 homo,
1237 3590 1631 3659 emancipatum
1674 3589 1777 3645 sibi
1804 3603 1832 3642 a
1863 3589 1996 3656 Deo,

2097 3140 2288 3186 caetera
2316 3129 2619 3201 explorare.
2643 3130 2907 3191 Cteterum
2933 3129 3086 3186 facile
3110 3142 3192 3187 est
3217 3132 3553 3190 offendenles
3578 3146 3693 3190 sta-

2100 3221 2193 3277 tim
2234 3223 2285 3277 in
2327 3223 2559 3277 hominis
2587 3223 2831 3289 ruinam,
2864 3232 3149 3295 antequam
3189 3225 3546 3295 conditionem
3576 3227 3695 3298 ejus

2099 3310 2450 3384 inspexerint,
2471 3314 2524 3368 in
2538 3325 2810 3369 auctorem
2834 3316 3032 3371 referre
3048 3316 3190 3385 quod
3215 3316 3428 3382 accidit,
3446 3318 3567 3390 quia
3597 3334 3697 3377 nec

2098 3406 2331 3461 auctoris
2346 3405 2647 3461 examinata
2672 3406 2742 3462 sit
2765 3407 2922 3462 ratio.
2957 3405 3213 3478 Denique,
3233 3419 3283 3464 et
3314 3410 3523 3465 bonitas
3551 3410 3644 3467 Dei
3663 3428 3697 3468 a
3744 3400 3755 3405 ’

2099 3497 2395 3568 primordio
2428 3510 2649 3569 operum
2686 3507 2964 3569 perspecta
2984 3541 2999 3567 ,
3038 3500 3379 3571 persuadebit
3411 3503 3480 3575 (ι’)
3507 3492 3640 3558 nihil
3667 3518 3700 3560 a
3725 3547 3752 3567 .

2102 3589 2346 3645 deomali
2367 3590 2589 3645 evenire
2618 3590 2875 3660 potuisse,
2908 3599 2963 3647 et
2990 3591 3208 3648 libertas
3234 3593 3463 3650 hominis
3493 3597 3702 3667 recogi-

396 3696 452 3742 et
477 3687 634 3742 lieret
660 3685 958 3765 proprietas
991 3683 1103 3754 jam
1127 3682 1255 3737 boni
1296 3682 1348 3736 in
1380 3679 1615 3747 homine,
1649 3690 1703 3737 et
1741 3680 2001 3752 quodam—
2103 3690 2211 3737 tata
2236 3696 2297 3738 se
2332 3681 2511 3750 potius
2537 3696 2682 3737 ream
2703 3680 2950 3738 ostendet
2970 3682 3073 3753 (5),
3103 3684 3243 3755 quod
3267 3686 3381 3756 ipsa
3402 3686 3694 3743 commisit.

398 3778 560 3837 :nodo
604 3787 816 3842 natura,
847 3776 918 3833 de
938 3776 1295 3857 9institutione
1346 3773 1613 3845 adscripta
1642 3782 1725 3829 est
1748 3774 1821 3829 illi
1847 3774 2000 3844 quasi

400 3873 658 3944 libripens
710 3867 792 3945 (l)
839 3869 1163 3941 emancipati
1218 3884 1247 3922 a
1293 3867 1403 3923 Deo
1450 3867 1573 3922 boni
1626 3865 1722 3939 (ε),
1782 3866 2001 3926 libertas

2698 3774 2946 3847 .carur
2982 3775 3095 3832 vn.

2178 3870 2288 3926 Hac
2329 3867 2640 3925 deﬁnitione
2680 3868 2858 3923 omnia
2903 3868 3016 3924 Deo
3049 3869 3194 3925 salva
3225 3879 3384 3938 sunt;
3415 3880 3468 3927 et
3509 3879 3701 3929 natura

399 3974 455 4021 et
504 3974 740 4036 potestas
789 3963 1030 4031 arbitrii,
1078 3977 1199 4034 qua:
1237 3959 1477 4018 elliceret
1517 3959 1738 4025 bonum,
1792 3970 1853 4016 ut
1879 3978 2004 4032 pro-
2106 3965 2380 4029 bonitatis,
2403 3973 2457 4019 et
2485 3963 2620 4018 ratio
2643 3962 3030 4034 diapositionis,
3063 3973 3117 4020 et
3138 3964 3494 4037 praescientia:
3520 3976 3574 4022 et
3607 3982 3704 4038 po-

1635 4074 2021 4139 LECTIONES
2056 4077 2474 4138 VARIANTES.
2732 4072 2763 4085 “

468 4194 545 4314 iii
576 4184 1265 4309 ἒξὲῗὶεθηῗὲιῖεξθᾶηηξῗῗῖθᾶἔέί

490 4247 543 4309 2i
576 4247 897 4309 lnstitiitionis
911 4249 1102 4303 Pamel.
1125 4250 1310 4300 arbitrii
1327 4247 1523 4300 favente
1540 4250 1833 4309 institutioni
1857 4254 2007 4306 που-

404 4308 736 4374 wer.'arbitrii
756 4330 771 4379 ;
794 4329 903 4366 nam
925 4314 1124 4366 favente
1146 4313 1434 4364 institutioni
1457 4309 1630 4376 conjic.
1662 4308 1833 4365 Seml.‘

2196 4253 2246 4327 ἑ)
2269 4253 2615 4327 Σωφάνεα
2633 4264 2748 4327 «πέντε

2196 4315 2247 4379 5)
2265 4316 2493 4368 Ostendit
2515 4315 2704 4371 Pamet.
2728 4319 2881 4387 Senjl.

2168 4189 2240 4383 ξ)
2277 4191 2343 4241 Ut
2357 4190 2475 4242 add.
2502 4190 2653 4243 Seml.
2681 4194 2876 4246 abet-th.

2196 4256 2246 4319 4)
2281 4253 2615 4305 Pertenderet
2633 4264 2748 4305 Jun.

2196 4319 2247 4379 5)
2265 4316 2493 4368 Ostendit
2515 4315 2704 4371 Pamet.
2728 4319 2876 4383 Senjl.

2030 4299 2084 4365 D

1779 4419 2332 4479 COMMENTARIUS.

480 4537 735 4599 CAP.VI.
760 4565 821 4577 —-
850 4534 944 4609 (τι)Δ
971 4534 1136 4591 Penes
1168 4534 1332 4609 Deum
1357 4533 1634 4609 Marcionis
1655 4574 1670 4600 ,
1699 4544 1805 4589 etc.
1833 4534 2002 4609 ΔΙῖῑάᾕο

412 4615 567 4671 culus
597 4604 874 4666 videbatur
896 4604 1149 4670 Marcion,
1181 4608 1271 4676 qui
1296 4606 1410 4661 haec
1440 4606 1547 4660 Deo
1569 4604 1905 4675 denegando,
1939 4607 2006 4663 de

2107 4537 2182 4626 tio
2209 4536 2346 4626 haec,
2372 4552 2530 4626 quam
2561 4539 2778 4624 adhibet
2811 4557 2841 4597 e
2882 4540 3024 4626 Iure,
3058 4546 3379 4626 sumiturab
3397 4555 3710 4626 emancipa-

2111 4609 2278 4694 tione,
2310 4625 2431 4679 qua:
2457 4611 2762 4694 imaginaria
2796 4609 3028 4694 venditio
3054 4609 3489 4694 crsit,‘liebatque
3512 4609 3712 4694 ρει-’ὧς

415 4687 607 4764 quibus
658 4680 827 4764 mde
864 4680 994 4764 egit,
1042 4675 1211 4734 Deum
1250 4675 1406 4731 faciat
1437 4677 1632 4731 bonum
1667 4678 1926 4731 rationem
1957 4678 2008 4734 ci
2110 4688 2170 4764 et
2207 4675 2432 4764 libram,
2472 4675 2696 4764 hochest
2738 4688 3087 4754 praesentibus
3122 4675 3358 4764 quinque
3390 4675 3715 4756 iesti'bu's‘e't

420 4749 569 4811 delra
579 4752 772 4807 bendo.
804 4749 883 4805 Le
910 4750 1006 4805 Pa.

491 4824 570 4899 (b)
606 4822 788 4890 Imago
826 4832 871 4899 et
900 4819 1176 4899 siritilintdo
1208 4817 1349 4899 Dei,
1375 4826 1479 4899 etc.
1526 4817 1890 4899 Longc_aliter
1930 4820 2015 4875 hic

2114 4750 2435 4821 libripende.
2472 4751 2546 4806 Le
2587 4753 2682 4808 Pa.

2192 4818 2276 4892 (tl)
2325 4820 2458 4886 Quia
2487 4825 2531 4877 si
2558 4835 2748 4879 careret
2772 4826 2867 4881 hoc
2886 4829 3023 4899 jure.
3055 4829 3181 4884 Mira
3211 4845 3577 4894 correctorum
3627 4857 3720 4897 va-

419 4889 708 4983 ξηιίιςίίηεξη.
726 4889 801 4983 i=5-
819 4892 1216 4983 ξξῑιξεέξξξιάὲξξξφ,
1248 4890 1382 4983 1ξεί
1412 4890 1688 4983 ἓξε.ηψ.ιει
1713 4889 2018 4983 ἕξιξξιξὶξεξ
2120 4889 2282 4983 res
2310 4904 2571 4983 serae.
2600 4907 2803 4983 ,αυςτεέρ
2856 4889 3032 4983 qia-ea,
3063 4902 3238 4970 obiret,
3267 4889 3716 4983 _..,,.,.;,;';,p-,;_

421 4961 604 5030 homo,
637 4967 1036 5033 interpretatur,
1064 4961 1370 5033 qnatnalibi
1419 4961 1607 5033 soleat,
1639 4973 1692 5015 et
1722 4963 2016 5031 praesertim

396 5070 401 5075 ~
426 5043 518 5097 lib.
550 5039 612 5092 de
643 5030 841 5106 Baptis.
867 5030 1188 5106 cap._5,'urh_i
1218 5030 1285 5086 de
1314 5046 1380 5086 eo
1399 5031 1594 5106 aliquid
1624 5035 2016 5106 annotavimns,

426 5114 566 5169 sicut
580 5103 760 5174 etiam,
785 5103 1052 5177 quomodo
1079 5104 1309 5159 adllatus
1341 5103 1430 5156 l)ei
1461 5105 1666 5158 dicatur
1696 5103 1895 5170 anima,
1928 5105 2023 5158 ibi-

428 5186 564 5239 dem.
620 5181 754 5235 ΡΑιι.

2124 4973 2276 5041 num,
2301 4975 2366 5041 et_
2383 4966 2574 5041 melius
2599 4966 2723 5037 legit
2743 4964 2997 5041 Rigaltius
3021 4964 3236 5029 careret:
3264 4964 3466 5034 Ln'l’n.

2199 5034 2273 5104 (e)
2306 5033 2599 5117 .Oporlebat
2648 5033 2847 5117 iustum
2896 5042 3027 5096 illud
3076 5047 3295 5115 efﬁcere.
3351 5048 3501 5106 Facit
3548 5053 3721 5112 etiam

2128 5105 2278 5191 locus
2306 5106 2414 5191 iste
2433 5122 2527 5191 pro
2555 5105 2757 5163 meritis
2784 5126 3028 5191 operum,
3062 5105 3196 5191 sicut
3219 5128 3273 5171 et
3297 5117 3429 5177 illud
3456 5105 3722 5191 quodsi-3:

2129 5177 2307 5256 qtliIILI‘ll'
2322 5177 2624 5256 iﬁteteruyt
2654 5196 2743 5233 nec
2780 5177 2900 5256 boni
2930 5177 3020 5238 nec
3046 5186 3169 5243 mali
3192 5205 3412 5256 manes,
3575 5177 3720 5253 PA}.

505 5252 581 5325 (e)
623 5250 783 5316 Quasi
812 5248 1053 5325 libripcna
1074 5246 1376 5325 emancian
1401 5262 1433 5299 ιι
1474 5244 1580 5325 Pco
1628 5246 1761 5325 boni.
1809 5244 2024 5325 Abalie;
2112 5256 2137 5277 κ

432 5315 579 5382 natio
606 5315 783 5376 rerum
813 5315 1062 5387 mancipi,
1095 5335 1213 5389 quae
1242 5315 1442 5371 scilicet
1466 5315 1590 5385 jure
1614 5321 1814 5389 pptinio
1844 5317 2024 5389 haberi

431 5413 497 5451 ac
527 5393 784 5465 possideri
815 5387 1126 5465 potuerant,
1149 5390 1306 5465 {iebat
1332 5403 1430 5465 per
1445 5402 1518 5465 aes
1535 5396 1588 5441 et
1615 5387 1822 5465 libram.
1848 5387 2030 5465 Itaque

434 5459 1094 5537 adhibebatur'libripens
1142 5461 1304 5537 quasi
1338 5459 1553 5537 arbiter
1588 5459 2023 5537 flla'l-lCileiOl't‘iS.

437 5526 589 5608 Ejus.
612 5526 1052 5608 formtt|a__exstat
1088 5526 1227 5601 apud
1266 5528 1548 5608 Boethium
1588 5528 1650 5608 in.
1681 5526 1875 5608 Topica
1918 5526 2026 5608 Cic.

441 5596 561 5671 liis.
576 5636 646 5651 ——
665 5606 824 5677 Quasi
844 5604 1083 5679 libripem
1103 5596 1410 5676 emancipati
1437 5615 1471 5655 α
1499 5596 1610 5653 Deo
1631 5597 1767 5656 boni.
1782 5596 2032 5656 Transla-

2190 5246 2269 5328 ⁸(Ι)
2311 5244 2463 5328 Nihil
2502 5267 2531 5301 a
2563 5248 2671 5328 Deo
2712 5252 2833 5328 muli
2875 5257 3071 5328 evenire
3117 5244 3373 5327 potuisse,

2131 5318 2309 5398 etiam.
2337 5318 2438 5372 hoc
2465 5331 2519 5374 et
2539 5322 2792 5398 quidquid
2824 5324 2997 5393 capite
3029 5318 3382 5396 pra'cedenti',
3422 5318 3729 5395 et'duo‘bus

2132 5389 2394 5466 capitibus
2416 5389 2768 5466 sequentibus
2799 5389 3076 5461 tractatur,
3121 5411 3304 5455 contra
3344 5389 3731 5466 Quirinal—Ei

2133 5459 2389 5586 p'llipsit’jp'i‘
2415 5459 2578 5516 Deum
2613 5462 2879 5521 malorum
2905 5459 3176 5525 auctorem
3203 5467 3383 5529 facere
3402 5459 3729 5541 nouit—arcti;

3829 3106 3859 3117 φ
