4008 6280
24 2387 192 2434 ditias.

54 6022 125 6119 1

184 2902 211 2919 κ

148 6084 247 6119 ιι.

3071 112 3107 135 κ

264 205 379 265 993
1422 206 1554 268 LIB.
1593 204 1638 263 ll
1681 203 2043 264 ADVERSUS
2081 203 2503 267 MARCIONEM.
3489 208 3598 269 294

281 306 474 382 tentias
504 325 695 395 copia.
731 322 957 396 Exigere
984 285 1172 380 tamen‘
1187 338 1218 379 a
1250 322 1360 379 Deo
1397 322 1562 378 debes
1589 320 1667 396 (l)
1695 290 1747 378 et
1777 337 1899 392 gra-
1929 308 1981 380 Α
2007 320 2321 389 obstitisset,
2346 337 2486 376 nunc
2514 321 2609 377 tibi
2636 321 2908 377 insusurra
2937 337 3037 395 pro
3066 321 3324 387 Creatore
3344 333 3396 379 et
3424 325 3602 396 gravi-

281 420 513 474 vitatem
558 433 833 473 summam
863 426 917 474 et
945 414 1101 472 Iidem
1129 416 1450 488 praecipuam
1479 414 1531 470 in
1559 414 1702 470 omni
1744 414 1895 469 insti-

285 508 500 565 tutione
552 508 711 579 ejus,
766 514 826 563 ut
867 506 1081 563 desinas
1122 512 1365 576 qnazrere
1411 520 1477 560 an
1528 504 1636 560 Deo
1686 504 1901 560 nolente

286 602 532 673 potuerit
557 599 693 673 quid
731 601 969 656 evenire.
999 598 1215 655 Tenens
1241 600 1382 655 enim
1406 598 1722 670 gravitatem
1751 607 1804 654 et
1832 597 1900 652 Ii-

287 694 416 751 dem
464 695 562 750 Dei
594 693 760 761 boni,
789 693 885 749 sed
926 690 1280 747 rationalibus
1319 687 1745 747 institutionibus
1786 689 1904 760 ejus

288 787 687 854 vindicandas,
722 803 822 843 nec
864 782 994 842 illud
1043 783 1363 851 miraberis,
1413 782 1559 856 quod
1601 784 1739 839 Deus
1793 799 1901 838 non

291 882 668 940 intercesserit
693 864 953 938 adversus
988 895 1050 936 ea
1086 894 1205 950 quae
1225 877 1397 934 noluit
1425 879 1673 944 evenire,
1696 885 1755 932 ut
1769 892 1904 932 con-

290 981 540 1033 servaret
596 986 662 1029 ea
715 986 834 1043 qua:
872 970 1035 1026 voluit
1067 969 1170 1049 (2).
1199 956 1255 1027 Si
1296 970 1439 1025 enim
1488 968 1656 1024 semel
1702 968 1905 1023 homini

295 1066 622 1138 permiserat
646 1063 848 1120 arbitrii
879 1064 1180 1120 libertatem
1210 1070 1267 1118 et
1293 1070 1634 1132 potestatem,
1656 1069 1711 1118 et
1747 1061 1906 1132 digne

292 1159 644 1231 pcrmiSerat,
671 1157 810 1213 sicut
838 1156 1192 1220 ostendimus,
1225 1155 1407 1225 utique
1434 1151 1690 1209 iruendas
1719 1167 1811 1209 eas
1838 1168 1905 1209 ex

294 1252 416 1324 ipsa
466 1248 823 1306 institutionis
874 1246 1190 1302 auctoritate
1251 1245 1600 1316 permiserat;
1652 1243 1908 1300 fruendas

294 1353 482 1399 autem
522 1350 785 1414 quantum
806 1340 859 1395 in
885 1339 1022 1410 ipso,
1055 1338 1349 1394 secundum
1376 1338 1572 1408 ipsum,
1605 1337 1657 1393 id
1705 1345 1789 1393 est
1818 1351 1903 1393 se-

296 1434 540 1492 eundum
566 1434 762 1500 Deum,
793 1431 844 1487 id
866 1439 947 1488 est
978 1430 1030 1486 in
1077 1431 1313 1487 bonum:
1338 1431 1457 1500 quis
1482 1429 1626 1484 enim
1653 1427 1911 1484 adversus

297 1544 363 1586 se
404 1527 681 1599 permittet
725 1524 958 1595 aliquid?
1007 1533 1265 1595 quantum
1295 1537 1424 1579 vero
1450 1523 1504 1578 in
1536 1522 1752 1580 homine
1773 1564 1790 1590 ,
1819 1536 1910 1579 se-

298 1614 538 1678 cundum
584 1627 765 1674 motus
802 1617 1066 1674 libertatis
1109 1618 1275 1688 ipsius
1308 1615 1439 1685 Quis
1494 1615 1637 1672 enim
1670 1630 1774 1671 non
1811 1615 1912 1673 hoc

2009 422 2170 469 tatem
2192 457 2207 482 ,
2239 424 2289 469 et
2337 400 2677 484 patientiam,
2710 424 2764 471 et
2791 404 2951 470 fidem
2975 456 2990 481 ,
3026 400 3451 475 institutionibus
3490 416 3600 474 suis

2006 507 2217 576 functo,
2244 517 2301 564 ut
2323 518 2375 564 et
2403 506 2749 564 rationalibus
2775 517 2829 564 et
2853 508 3027 564 bonis.

2609 600 2837 659 CAPUT
2875 590 3013 658 VIII.

2076 694 2262 771 Neque
2286 696 2426 753 enim
2466 696 2532 752 ad
2573 697 2856 753 vivendum
2897 684 3236 753 solummodo
3275 695 3606 769 produxerat

2011 786 2313 855 hominem,
2348 776 2407 845 ut
2449 804 2555 844 non
2603 788 2669 844 ad
2716 799 2862 845 recte
2911 789 3314 856 vivendum,in
3354 801 3605 862 respectu
3698 802 3717 815 ‘

2006 884 2211 940 scilicet
2271 881 2365 938 Dei
2417 882 2655 955 legistiue
2693 882 2828 954 ejus.
2859 879 3023 963 Igitur
3051 884 3239 940 vivere
3278 883 3495 957 quidem
3529 883 3605 948 illi

2010 973 2125 1045 ipse
2166 972 2520 1044 praestiterat,
2556 970 2694 1029 facto
2719 972 2770 1028 in
2799 971 3032 1028 animam
3055 974 3228 1029 vivam
3253 990 3268 1041 ;
3300 983 3446 1047 recte
3476 989 3606 1041 vero

2009 1066 2190 1121 vivere
2217 1062 2586 1130 demandarat,
2616 1065 2892 1122 admonito
2922 1066 2973 1121 in
3004 1065 3137 1137 legis
3165 1065 3500 1138 obsequium.
3528 1062 3608 1125 Ita

2013 1172 2117 1213 non
2148 1159 2198 1214 in
2226 1169 2452 1215 mortem
2476 1159 2779 1215 inStitutum
2810 1158 3082 1214 hominem
3112 1158 3322 1231 probat,
3348 1160 3436 1230 qui
3465 1175 3610 1215 nunc

2011 1249 2162 1321 cupit
2186 1249 2239 1304 in
2271 1250 2434 1305 vitam
2464 1251 2789 1315 restitutum,
2819 1249 3013 1304 malens
3044 1249 3321 1318 peccatoris
3361 1250 3611 1319 paeniten-

2014 1341 2137 1395 tiant
2157 1384 2171 1408 ,
2209 1358 2363 1411 quant
2401 1352 2611 1397 mortem
2632 1341 2660 1414 χ(
2683 1339 2897 1408 Ezech.,
2929 1337 3115 1407 XVIII,
3145 1339 3262 1415 25).
3292 1341 3476 1414 Igitur,
3501 1342 3611 1398 sic—

2015 1444 2071 1490 ut
2121 1432 2261 1489 Deus
2296 1433 2497 1511 homini
2536 1435 2661 1490 vitze
2717 1441 2912 1490 statum
2939 1432 3185 1500 induxit,
3221 1434 3292 1489 ita
3317 1431 3479 1489 homo
3504 1432 3610 1490 sibi

2016 1527 2206 1581 mortis
2232 1536 2426 1582 statum
2454 1526 2688 1582 adtraxit
2717 1545 2728 1579 :
2760 1534 2815 1582 et
2840 1525 2943 1580 hoc
2968 1541 3074 1580 non
3105 1541 3200 1596 per
3227 1526 3609 1596 inﬁrmitatem,

2015 1616 2169 1673 sicuti
2202 1632 2301 1673 nec
2323 1633 2417 1689 per
2437 1617 2815 1690 ignorantiam,
2842 1600 3059 1688 nequid
3083 1618 3289 1673 auctori
3316 1619 3610 1689 imputare-

300 1721 525 1784 ιιι-κειται
550 1711 626 1779 ei,
654 1712 742 1767 cui
762 1709 889 1781 quid
915 1709 1083 1764 semel
1116 1708 1215 1763 frui
1249 1716 1489 1778 praestat,
1521 1718 1577 1763 ut
1600 1725 1694 1777 pro
1727 1709 1908 1765 animo
1938 1714 1986 1774 B
2015 1717 2120 1765 tur.
2150 1707 2285 1763 Nam
2328 1710 2427 1765 etsi
2466 1710 2689 1780 angelus
2714 1709 2806 1781 qui
2835 1709 3083 1775 seduxit,
3115 1709 3209 1766 sed
3251 1709 3387 1766 liber
3421 1722 3474 1766 et
3502 1726 3616 1766 suae
3635 1701 3666 1723 '

305 1815 362 1863 et
403 1803 630 1859 arbitrio
674 1818 776 1858 suo
815 1798 1057 1856 fruatur?
1080 1798 1250 1870 Igitur
1286 1814 1621 1870 consequens
1673 1808 1789 1855 erat
1834 1801 1912 1855 uti

252 1956 281 1985 ,
308 1899 451 1957 Deus
480 1895 762 1953 secederet
786 1908 816 1950 a
846 1893 1097 1950 libertate
1136 1886 1304 1948 semel
1345 1900 1599 1948 concessa
1658 1891 1902 1959 homini,

308 1990 364 2047 id
412 1998 497 2046 est
548 1988 857 2044 contineret
900 1986 952 2040 in
1005 1984 1297 2054 semetipso
1325 1992 1380 2040 et
1408 1983 1798 2054 przescientiam
1854 1992 1914 2040 et

304 2081 720 2153 [impotentiam
751 2092 924 2142 suam,
940 2077 1018 2148 (a)
1049 2089 1144 2146 per
1162 2089 1296 2147 quas
1320 2074 1690 2130 intercessisse
1712 2074 1913 2144 potuis-

304 2182 423 2237 set,
451 2188 561 2245 quo
591 2171 768 2227 minus
794 2160 955 2225 homo
987 2168 1126 2223 male
1164 2162 1411 2223 libertate
1438 2182 1532 2222 sua
1565 2166 1665 2221 frui
1691 2166 1913 2238 adgres-

305 2281 405 2323 sus
424 2308 438 2333 ,
469 2268 525 2321 in
558 2264 859 2335 perieulum
890 2262 1183 2317 laberetur.
1226 2259 1284 2317 Si
1312 2261 1457 2316 enim
1487 2260 1912 2328 intercessisset,

306 2357 627 2417 rescidisset
650 2356 854 2412 arbitrii
886 2354 1221 2419 libertatem,
1251 2368 1410 2424 quam
1441 2353 1652 2409 ratione
1678 2364 1733 2409 et
1759 2353 1914 2409 boni-

310 2462 427 2509 tate
460 2450 802 2518 permiserat.
836 2445 1109 2516 Denique,
1156 2454 1280 2515 puta
1326 2445 1736 2512 intercessisse,
1790 2453 1918 2517 puta

310 2542 606 2600 rescidisse
650 2540 799 2595 illutn
842 2538 1052 2595 arbitrii
1097 2537 1397 2593 libertatem
1445 2537 1571 2593 dum
1610 2548 1827 2594 revocat
1850 2539 1920 2596 ab

322 2635 548 2702 arbore,
582 2632 711 2688 dum
745 2632 916 2701 ipsum
941 2629 1018 2700 (ὁ)
1039 2629 1561 2699 circumscriptorem
1587 2629 1862 2685 colubrum
1887 2645 1917 2685 a

314 2739 622 2799 congressu
666 2723 901 2780 [tentiam
954 2730 1138 2787 arcet,
1186 2732 1366 2776 nonne
1409 2721 1736 2777 exclamaret
1784 2721 1923 2776 Mar-

317 2824 449 2880 cion
477 2840 493 2877 :
529 2822 606 2893 (ε)
633 2820 680 2876 0
701 2820 975 2891 dominum
1015 2818 1241 2885 futilem,
1272 2820 1595 2886 instabilem,
1626 2820 1919 2889 inﬁdelem,

306 2915 716 2974 reseindentem
758 2928 878 2985 quae
913 2912 1175 2967 instituit!
1206 2910 1318 2968 Cur
1344 2911 1664 2982 permiserat
1692 2912 1921 2968 liberum

2021 1800 2298 1870 potestatis
2327 1801 2420 1871 qui
2449 1801 2703 1856 seductus
2744 1809 2859 1865 est;
2902 1801 2995 1856 sed
3027 1801 3218 1872 ,imago
3243 1811 3297 1856 et
3321 1788 3616 1858 similitudo

2018 1891 2151 1959 Dei,
2186 1892 2376 1948 fortior
2420 1894 2611 1964 angelo
2636 1911 2651 1961 ;
2679 1893 2774 1949 sed
2801 1893 3030 1949 adﬂatus
3058 1896 3147 1950 Dei
3175 1897 3485 1966 generosior
3510 1894 3621 1968 spi-

2018 1985 2124 2038 ritu
2155 1984 2450 2050 materiali,
2486 2001 2592 2055 quo
2628 1985 2802 2055 angeli
2841 1987 3261 2043 constituerunt.
3305 1988 3406 2057 Qui
3457 1989 3617 2061 facit,

2020 2076 2191 2147 inquit
2242 2076 2261 2151 (
2285 2074 2379 2131 Ps.
2407 2074 2536 2142 CIII,
2569 2077 2604 2133 5
2632 2084 2673 2148 ),
2700 2079 2913 2148 spiritus
2971 2080 3177 2150 angelos
3211 2078 3423 2151 (Helm,
3448 2081 3489 2148 1,
3514 2082 3545 2136 ’1
3573 2080 3618 2156 ),

2018 2166 2101 2242 (d)
2133 2179 2179 2224 et
2204 2170 2527 2241 adparitores
2544 2170 2808 2241 ﬂammam
2834 2171 2988 2244 ignis.
3022 2170 3155 2240 Quia
3209 2187 3308 2229 nec
3352 2170 3619 2231 universi-

2019 2270 2181 2316 tatem
2222 2261 2425 2318 homini
2454 2264 2771 2334 subjecisset
2816 2263 3029 2319 inlirmo
3053 2264 3405 2335 dominandi,
3431 2276 3487 2323 et
3514 2283 3623 2325 non

2019 2357 2215 2428 potiori
2257 2358 2495 2429 angelis,
2544 2357 2737 2428 quibus
2786 2355 2922 2412 nihil
2974 2358 3078 2414 tale
3122 2358 3381 2429 subjecit;
3414 2359 3494 2417 sic
3523 2376 3624 2418 nec

2023 2449 2155 2520 legis
2186 2448 2393 2519 pondus
2419 2449 2785 2520 imposuisset,
2815 2449 2859 2503 si
2880 2449 3062 2520 gravis
3088 2448 3172 2505 lex
3204 2450 3439 2507 invalido
3465 2452 3626 2509 susti-

2023 2541 2226 2607 nendi;
2271 2556 2375 2597 nec
2421 2557 2581 2612 quem
2622 2526 2983 2597 excusabilem
3011 2542 3175 2597 sciret
3205 2544 3422 2598 nomine
3452 2542 3625 2599 imbe-

2022 2635 2299 2702 cillitatis,
2344 2649 2469 2690 eum
2518 2633 2601 2707 (5)
2647 2632 2967 2691 deﬁnitione
3006 2637 3195 2691 mortis
3244 2638 3625 2705 convenisset;

2024 2737 2328 2796 postremo,
2360 2741 2467 2782 non
2498 2726 2745 2783 libertate
2764 2767 2778 2791 ,
2813 2740 2913 2782 nec
2945 2736 3205 2796 potestate
3227 2728 3432 2783 arbitrii
3463 2728 3626 2784 fecis-

2024 2828 2110 2874 set
2150 2817 2603 2885 inIirnntm,'sed
2648 2817 2827 2887 potius
2856 2815 3163 2874 defectione
3201 2834 3407 2874 earum.
3454 2822 3631 2891 Atque
3718 2844 3725 2859 ε

1980 2936 1990 2943 ε
2026 2909 2163 2967 adeo
2193 2910 2443 2967 eumdem
2492 2910 2766 2965 hominem
2791 2951 2807 2976 ,
2853 2909 3096 2965 eamdem
3127 2910 3480 2966 substantiam
3508 2912 3627 2967 ani-

310 3008 605 3065 arbitrium
624 3048 641 3071 ,
670 3005 718 3060 si
746 3004 1070 3062 intercedit?
1099 3020 1199 3060 cur
1226 3004 1540 3070 intercedit,
1571 3005 1616 3059 si
1646 3005 1923 3074 permisit?
2028 3018 2164 3070 mae,
2192 3002 2440 3057 eumdem
2465 2996 2596 3056 Adae
2621 3008 2818 3055 statum
2842 3041 2859 3064 ,
2891 2999 3079 3055 eadem
3105 3000 3310 3056 arbitrii
3339 3002 3558 3058 libertas
3577 3011 3633 3059 et

317 3102 504 3173 Eligat
526 3099 618 3156 ubi
647 3099 994 3169 semetipsum
1019 3098 1224 3155 erroris
1251 3106 1435 3165 natet,
1467 3097 1520 3151 in
1546 3096 1884 3154 institutione
1904 3141 1920 3167 ,
1951 3104 1995 3168 ο
2028 3103 2298 3167 potestas,
2331 3095 2591 3149 victorem
2640 3091 2805 3149 efﬁcit
2843 3092 3004 3149 hodie
3044 3094 3112 3150 de
3153 3093 3342 3150 eodem
3390 3096 3628 3165 diabolo,

312 3208 393 3252 an
413 3197 468 3250 in
499 3192 843 3249 rescissione.
875 3190 1064 3246 Nonne
1092 3199 1219 3245 tunc
1246 3189 1415 3260 magis
1444 3189 1701 3260 deceptus
1725 3206 1789 3244 ex
1821 3192 1927 3244 im-
2029 3200 2151 3244 cum
2178 3185 2472 3251 secundum
2502 3186 2818 3256 obsequium
2843 3187 3021 3257 legum
3058 3186 3175 3257 ejus
3202 3183 3627 3244 adtitinistratur.

314 3285 666 3360 pmcientia
695 3284 859 3340 futuri
879 3282 1173 3350 videretur,
1200 3297 1325 3338 cum
1351 3282 1687 3339 obstitisset?
1711 3293 1766 3340 et
1785 3284 1927 3365 quod
2667 3276 2896 3334 CAPUT
2937 3277 3029 3333 ΙΧ.

311 3379 481 3452 quasi
510 3379 764 3450 ignorans
786 3378 1059 3448 quomodo
1094 3390 1386 3432 evasurum
1417 3384 1562 3432 esset
1592 3376 1926 3446 indulserat,
2102 3373 2328 3445 Quoquo
2369 3380 2570 3436 t:unen,
2598 3372 2798 3444 inquis,
2830 3371 2990 3427 modo
3020 3371 3317 3429 substantia
3358 3373 3634 3432 Creatoris

314 3472 451 3544 quis
478 3483 587 3526 nou
611 3468 851 3525 diceret?
889 3467 1001 3525 Sed
1028 3467 1130 3524 etsi
1161 3468 1470 3537 praascierat
1496 3467 1635 3524 male
1656 3467 1929 3525 hominem
2032 3468 2210 3526 delicti
2254 3482 2422 3537 capax
2471 3466 2774 3532 invenitur,
2816 3481 2940 3523 cum
2990 3466 3222 3524 adflatus
3262 3468 3355 3524 Dei
3382 3510 3395 3534 ,
3438 3468 3491 3524 id
3548 3480 3637 3527 est

317 3550 672 3623 institutidne
686 3577 781 3617 sua
801 3574 1044 3628 usurum,
1072 3561 1200 3632 quid
1232 3573 1338 3616 tam
1361 3560 1581 3633 dignum
1611 3560 1742 3625 Deo,
1768 3577 1929 3632 quam
2030 3562 2232 3625 anima,
2268 3561 2320 3615 in
2364 3560 2581 3616 homine
2609 3559 2851 3630 deliquit.
2882 3558 2992 3617 Nec
3037 3569 3211 3631 potest
3238 3578 3345 3617 non
3375 3561 3442 3618 ad
3469 3563 3635 3636 origi-

308 3656 603 3731 gravitas,
633 3668 794 3726 quam
832 3653 968 3710 ﬁdes
1005 3653 1397 3710 institutionum
1427 3652 1931 3725 qualiumcumque?

322 3749 571 3806 Vidisset
638 3747 802 3804 homo
859 3748 905 3805 si
948 3762 1054 3803 non
1097 3745 1236 3803 bene
1278 3746 1644 3817 dispunxisset
1679 3748 1758 3819 (5)
1789 3749 1932 3820 quod

316 3846 474 3902 bene
495 3848 811 3913 acceperat;
834 3848 893 3895 ut
916 3841 1031 3911 ipse
1058 3838 1139 3913 (4)
1168 3838 1269 3910 legi
1302 3854 1426 3894 reus
1446 3839 1633 3896 fuisset
1662 3841 1747 3896 cui
1776 3842 1933 3898 obse-

319 3937 420 4008 qui
450 3932 735 3999 noluisset,
765 3944 874 3987 non
903 3943 961 3986 ut
982 3932 1255 4003 legislator
1280 3932 1396 4002 ipse
1416 3930 1658 3987 fraudem
1689 3932 1792 4005 legi
1818 3945 1931 3989 sure

322 4030 572 4092 faceret,
598 4040 708 4082 non
735 4023 962 4081 sinendo
989 4025 1356 4095 praescriptum
1386 4026 1505 4095 ejus
1546 4024 1778 4095 impleri.
1806 4025 1933 4083 Haec

325 4119 650 4194 dignissime
688 4128 1035 4189 peroraturus
1064 4118 1116 4172 in
1140 4117 1473 4185 Creatorem,
1506 4119 1550 4174 si
1583 4118 1752 4176 libero
1782 4118 1931 4176 arbi-

324 4217 439 4274 trio
478 4213 717 4270 hominis
736 4228 803 4270 ex
834 4212 1166 4285 providentia
1194 4222 1249 4269 et
1278 4212 1548 4285 potentia,
1575 4228 1710 4284 quas
1739 4216 1929 4286 exigis,

2035 3653 2209 3709 nalem
2250 3653 2332 3725 (6)
2371 3667 2636 3708 summam
2684 3651 2875 3709 referri
2915 3655 3190 3725 corruptio
3221 3656 3503 3726 partionis.
3552 3650 3639 3726 Ad

2036 3748 2140 3804 hoc
2166 3745 2565 3819 interpretanda
2602 3748 2707 3802 erit
2742 3747 2973 3818 qualitas
3002 3749 3214 3802 animae.
3249 3749 3306 3804 in
3336 3750 3525 3820 primis
3557 3760 3640 3807 te-

2038 3843 2290 3905 nendum,
2318 3840 2391 3912 (e)
2416 3839 2556 3911 quod
2598 3855 2771 3912 graeca
2798 3841 3071 3912 Scriptura
3100 3843 3349 3911 signavit,
3381 3841 3640 3901 adflatum

2039 3935 2345 4001 nominans,
2379 3948 2485 3988 non
2512 3934 2781 4003 spiritum.
2806 3933 3036 4004 Quidam
3065 3936 3208 3990 enim
3251 3934 3318 3991 de
3344 3952 3522 4008 graeco
3552 3937 3637 3994 in-

2037 4035 2398 4098 terpretantes
2422 4067 2436 4090 ,
2467 4040 2572 4093 non
2621 4027 2911 4097 recogitata
2957 4014 3258 4083 differentia
3278 4072 3292 4093 ,
3324 4045 3423 4086 nec
3453 4039 3643 4089 curata

2036 4121 2362 4194 proprietate
2399 4117 2687 4173 verborum
2713 4158 2728 4184 ,
2766 4133 2865 4190 pro
2896 4116 3118 4189 adﬂatu,
3149 4121 3384 4191 spiritum
3414 4133 3639 4194 ponunt,

2008 4202 2092 4272 'et
2142 4214 2271 4269 dant
2318 4210 2589 4267 haereticis
2636 4212 2973 4268 occasionem
3020 4210 3269 4284 spiritum
3310 4215 3404 4272 Dei
3442 4216 3643 4274 delicto

760 4348 775 4357 ‘
1280 4384 1281 4387 η
1581 4327 1963 4394 LECTIONES
1999 4329 2167 4392 VARI
2178 4327 2414 4384 ANTES.

422 4447 475 4501 1)
496 4444 669 4501 Habes
684 4451 798 4497 Jun.

498 4507 664 4559 Noluit
683 4502 850 4559 Paris.

422 4574 455 4623 ὅ
498 4577 835 4637 Depunxnsset
848 4567 1040 4625 Paul.
1081 4566 1239 4621 Sanl.
1272 4564 1468 4619 obertlt.

2130 4501 2181 4620 δῖ
2205 4501 2531 4581 (Ζυῃῇραηῶι.
2557 4501 2710 4557 Seml.
2731 4505 2932 4577 pbertlt.

2128 4572 2160 4620 6
2206 4569 2463 4620 Ommem
2494 4571 2665 4620 Venet.
2689 4578 2793 4620 Rw.

1958 4452 2014 4513 D
2103 4442 2181 4638 gi}
2201 4444 2269 4497 Ut
2290 4445 2383 4509 ipsi
2407 4442 2507 4511 Rig.
2535 4440 2690 4495 Latin.
2715 4450 2772 4496 ut
2794 4443 2928 4498 abest
2945 4446 3136 4499 Pamel.
3161 4444 3317 4502 Seml.

2130 4510 2160 4559 5
2205 4506 2323 4558 Cum
2351 4502 2531 4557 Pamel.
2557 4501 2710 4557 Seml.
2737 4505 2932 4560 oberllt.

2128 4572 2160 4620 6
2206 4569 2463 4634 Originem
2494 4571 2665 4620 Venet.
2689 4566 2793 4634 Rig.

2206 4569 2463 4634 Originem
2494 4571 2665 4620 Venet.
2689 4566 2793 4634 Rig.

1711 4669 2273 4729 COMMENTARIUS.

404 4778 568 4851 CAP.
609 4788 722 4845 VII.
749 4787 914 4860 —’(a‘)
965 4787 1068 4843 Per
1117 4801 1247 4857 quas
1280 4785 1622 4860 intercessisse
1648 4789 1933 4860 potuisset.

334 4862 747 4924 Intercedebant
764 4858 960 4915 tribuni
978 4859 1455 4914 senatusconsultis
1479 4858 1619 4925 apud
1645 4858 1935 4925 Romanos,

334 4939 468 4994 dum
524 4935 813 4990 obstabant
872 4946 940 4986 ne
981 4931 1190 4986 ﬁerent.
1248 4928 1340 4986 Sic
1382 4938 1436 4985 et
1492 4945 1655 4999 mox,
1705 4930 1769 4986 Si
1811 4932 1946 4986 enim

336 5005 724 5093 ὶαιενςεξρξιςι.
770 5003 949 5083 Busa.
1045 5086 1065 5093 Δ
1099 5073 1110 5083 ε

318 5130 343 5155 ,
413 5079 496 5151 (b)
526 5075 800 5132 Calabrum
817 5073 1329 5154 circumscriptorem.
1346 5068 1459 5126 Hoc
1477 5077 1561 5130 est
1580 5071 1945 5142 deceptorem.

334 5147 637 5214 Juvenalis,
668 5146 785 5203 Sat.
816 5142 933 5207 XV,
961 5143 1211 5212 pupillum
1240 5143 1450 5214 adjnra
1477 5153 1828 5198 vocantem...
1851 5145 1948 5198 cir-

336 5221 779 5290 cumscriptorem.
807 5215 939 5290 I‘iam
971 5214 1436 5284 circumserib'ere,
1459 5215 1621 5269 etiam
1645 5216 1946 5271 circumve-

335 5295 460 5353 nire
488 5285 773 5353 signiﬁcat.
809 5285 981 5340 linea.
1731 5310 1736 5323 .
1764 5338 1775 5345 ,

411 5361 491 5438 (e)
585 5360 853 5438 dominam
866 5356 1091 5438 Iulium,
1110 5363 1213 5411 etc.
1249 5354 1502 5438 Faciebat
1527 5356 1670 5437 enim
1701 5356 1936 5438 Marcion

338 5426 514 5495 De'ttt'n
542 5426 984 5489 irrationabiliter
1034 5427 1234 5499 bonum
1256 5468 1270 5490 ,
1302 5434 1359 5499 n_t
1395 5426 1561 5481 videri
1597 5436 1790 5498 potest,
1815 5443 1934 5499 cap.

335 5508 374 5568 6
401 5505 566 5568 huius
584 5503 677 5559 lib.
710 5510 768 5557 et
795 5500 915 5555 aliis
943 5499 994 5553 in
1027 5499 1179 5563 locis.
1216 5497 1293 5559 Ls
1321 5496 1414 5552 Ps.

401 5506 677 5636 Ἢιὶι).
710 5510 768 5557 et
795 5506 915 5555 aliis
944 5506 994 5553 in
1027 5506 1179 5581 locis.
1216 5506 1293 5559 Le
1323 5506 1414 5552 Ps.
1585 5569 1596 5580 .
1673 5571 1684 5581 .

398 5572 447 5637 ε
544 5568 869 5644 .‘m—(d)
880 5568 1287 5644 Et_adparrtore_s
1300 5568 1562 5644 ﬂammam
1578 5584 1730 5644 ignis.
1747 5569 1940 5644 Parum

332 5652 573 5711 mea
602 5638 894 5717 me:
932 5638 1104 5717 Epist.
1136 5639 1202 5696 ad
1234 5638 1668 5717 ijebrwos,_cap._
1701 5641 1720 5695 ι
1761 5641 1944 5717 (quod

640 5709 1082 5788 ﬁtnuiius),'an
1129 5727 1195 5770 ex
1241 5709 1383 5769 Psai.
1432 5709 1565 5771 CIII.
1610 5709 1945 5772 Licet'enim

2018 4808 2019 4811 η
2048 4800 2201 4869 vocet
2220 4790 2678 4869 APOS!01IIS_‘tt_t_J_ﬂ¢
2703 4780 3289 4869 916)¢,_seu_liammam
3316 4797 3454 4869 ignis
3471 4840 3484 4865 ,
3512 4800 3648 4857 illud

2048 4862 2177 4935 citat
2204 4875 2235 4915 θ
2262 4861 2475 4916 Psalmo
2511 4862 2637 4926 CIII,
2665 4861 2820 4935 versu
2852 4862 2904 4927 5,
2927 4864 3013 4919 ubi
3038 4866 3281 4935 habetur,
3308 4861 3647 4929 et'gministros

2051 4932 2163 5012 1gp;
2215 4934 2385 5012 ignem
2432 4932 2779 5012 menmium“)
2820 4949 2996 5003 graeco
3022 4946 3103 5012 est
3145 4944 3239 5009 πῦρ
3268 4932 3459 5012 ἐλέγου·
3516 4942 3647 4999 Mihi

2051 5004 2261 5082 videtur
2292 5004 2393 5059 hoc
2435 5005 2486 5059 in
2532 5007 2647 5082 loco
2673 5003 3108 5082 vulgataversio
3129 5003 3305 5082 magis
3344 5003 3647 5082 congruere

2053 5077 2254 5148 textui,
2302 5092 2458 5145 quam
2508 5078 2681 5131 versio
2720 5074 3054 5131 Tertulliani.
3086 5079 3211 5134 Sive
3227 5074 3428 5136 'autcm
3448 5074 3641 5148 'legas,

2051 5147 2312 5216 ﬂammam
2341 5148 2493 5218 ignis,
2518 5148 2634 5218 sive
2662 5147 2830 5215 ignem
2855 5157 3118 5218 urentent.,
3145 5150 3364 5216 perinde
3403 5162 3502 5207 est.
3524 5147 3673 5214 ’ναὶ

2054 5196 3647 5295 agitansmassas:aliaaiaiibssEmissa?"

2052 5299 2281 5342 urentem
2307 5303 2402 5342 seu
2423 5288 2770 5357 ﬂammantem
2793 5297 2937 5343 recte
2961 5301 3158 5347 verles.
3194 5293 3270 5349 Ls
3300 5288 3395 5349 1‘11.

2115 5358 2267 5413 CAP.
2297 5357 2384 5411 IX.
2410 5388 2482 5400 -
2511 5357 2583 5429 (e)
2619 5358 2770 5422 Quod
2783 5373 2954 5431 grwca
2974 5359 3244 5431 Scriptura
3269 5363 3505 5431 signavit,
3532 5374 3640 5421 etc.

2043 5429 2210 5485 Riecte
2235 5443 2405 5497 grzeca
2437 5443 2539 5482 vox
2583 5439 2704 5488 moi
2730 5429 2795 5482 ad
2828 5429 3121 5498 marginem
3162 5429 3413 5486 adnotata
3473 5448 3555 5488 est
3609 5453 3644 5492 a

2048 5500 2310 5575 Rhodano
2332 5540 2346 5565 ,
2375 5498 2455 5575 ad
2472 5514 2631 5567 quam
2660 5499 2747 5552 hic
2782 5497 2973 5575 alludit
3009 5510 3232 5568 auctor;
3262 5517 3382 5575 nam
3404 5517 3469 5575 ea
3510 5505 3644 5575 legi-5

2050 5568 2165 5635 tur,
2186 5568 2382 5642 Cenes.
2412 5566 2474 5642 II,
2490 5566 2598 5624 non
2628 5582 2756 5625 vero
2792 5573 2996 5635 πνεῦμα;
3026 5587 3190 5642 quare
3219 5566 3451 5642 proinde
3477 5566 3643 5632 (ξιίἔηί

2050 5643 2332 5723 interpres
2368 5640 2562 5723 latinus
2594 5648 2752 5723 recte
2795 5640 3091 5723 transtulit_
3120 5640 3433 5723 spirantium
3482 5644 3601 5723 vita:
3618 5688 3639 5723 ,

2052 5710 2194 5789 quod
2224 5710 2472 5788 adﬂatum
2488 5720 2693 5782 auctor,
2723 5723 2831 5769 non
2856 5721 2988 5769 vero
3009 5710 3264 5788 spiritum.
3284 5710 3420 5774 Pu.
3552 5710 3645 5797 ἧς,

3587 5887 3738 5913 .,,-.‹
