4008 6280
400 240 510 304 295
1815 246 2283 314 TERTULLIANI
3601 254 3711 316 296

400 377 740 448 infuscandi,
782 380 833 437 id
897 386 980 438 est
1030 381 1206 453 ipsum
1254 382 1462 451 Deum;
1510 389 1567 440 et
1602 392 1859 455 usurpata
1888 385 2000 456 jam

2115 367 2173 439 (1
2200 367 2345 435 σοι’..
2378 367 2462 436 Vl,
2488 368 2525 424 2
2556 368 2597 441 ),
2627 369 2674 426 si
2704 369 2757 426 in
2790 368 2883 427 Dei
2933 367 3054 444 lege
3100 373 3423 440 constiterit,
3454 374 3598 445 quod
3648 374 3701 429 in

400 475 629 543 qumstio
670 481 775 529 est.
806 471 1250 545 lutelligeitaque
1290 473 1543 530 adflatum
1583 474 1849 532 minorem
1889 476 2001 547 spi-

2115 459 2406 531 primordio
2436 460 2623 517 noluit.
2657 462 2766 524 Hoc
2792 463 2965 534 ipsum
2996 479 3125 536 ergo
3157 468 3326 536 potuit
3353 466 3583 523 adﬂatus
3609 466 3704 522 Dei

311 579 371 609 ρο
400 565 508 621 mu
533 581 655 622 esse
684 562 788 637 (ι),
817 566 916 619 eis;
943 563 1013 620 de
1031 565 1221 635 spiritu
1244 565 1439 622 accidit
1458 605 1475 633 ,
1509 575 1567 622 ιη
1591 569 1837 624 aurulam
1862 568 1999 638 ejus,
2107 552 2411 611 admittere.
2444 553 2642 622 Potuit,
2673 555 2767 612 sed
2799 572 2903 612 non
2929 557 3133 612 debuit.
3163 558 3408 614 Potuisse
3427 561 3570 615 enim
3603 560 3703 614 ha-

404 671 517 711 non
564 664 743 711 tamen
788 654 1053 725 spiritum.
1081 653 1213 710 Nam
1248 664 1303 712 et
1330 671 1460 712 aura
1493 668 1652 713 vento
1680 657 1871 725 rarior,
1903 659 2003 714 etsi

2115 645 2263 717 huit},
2307 662 2401 717 per
2427 648 2741 705 substantia:
2787 650 3100 715 exilitatem,
3133 667 3238 722 qua
3294 650 3545 719 adﬂatus,
3595 668 3703 709 non

402 745 475 803 de
519 754 681 802 vento
725 761 889 813 aura,
944 764 1051 803 non
1097 757 1274 804 tamen
1319 758 1513 805 ventus
1552 766 1702 806 aura,
1746 752 1828 822 (α)
1856 750 2007 822 Capit
2109 740 2329 812 spiritus
2358 759 2372 800 :
2401 757 2507 797 non
2554 742 2806 800 debuisse
2847 754 3050 810 autem,
3082 761 3180 815 per
3220 747 3424 802 arbitrii
3469 756 3706 817 potesta-

400 837 564 893 etiam
604 838 887 910 imaginem
929 838 1149 909 spiritus
1188 838 1368 896 dicere
1396 841 1605 898 ﬂatum.
1641 841 1776 898 Nam
1801 851 1858 913 et
1884 843 2007 900 ideo

402 927 570 1007 homo
590 930 764 1002 imago
790 929 906 996 Dei,
935 929 988 985 id
1011 940 1094 986 est
1120 932 1340 1002 spiritus
1363 949 1378 987 :
1400 933 1543 991 Deus
1570 934 1714 992 enim
1762 934 2004 1007 spiritus.

402 1020 586 1094 Imago
620 1037 749 1093 ergo
778 1022 1018 1093 spiritus,
1049 1022 1208 1080 ﬂatus
1237 1024 1342 1099 (2).
1374 1026 1565 1094 Porro,
1593 1026 1770 1099 imago
1798 1029 2008 1085 veritati

403 1132 514 1172 non
560 1131 941 1187 usquequaque
983 1116 1372 1188 aquuabitur.
1422 1121 1582 1177 Aliud
1629 1131 1713 1178 est
1748 1122 1892 1179 enim
1917 1138 2008 1179 se-

402 1211 639 1265 cundum
671 1210 952 1269 veritatem
982 1225 1136 1278 esse,
1166 1212 1311 1268 aliud
1343 1214 1513 1284 ipsam
1544 1216 1825 1271 veritatem
1864 1230 2006 1273 esse.

407 1304 500 1359 Sic
523 1313 579 1359 et
617 1302 878 1367 adﬂatus,
909 1318 1031 1358 cum
1075 1304 1250 1376 imago
1287 1305 1358 1361 sit
1397 1306 1635 1377 spiritus,
1681 1324 1785 1364 non
1835 1316 2012 1377 potest

401 1396 476 1453 ita
509 1397 791 1468 imaginem
825 1395 916 1452 Dei
942 1411 1261 1468 comparare
1290 1400 1371 1471 (5)
1394 1441 1409 1463 ,
1440 1408 1498 1455 ut
1533 1401 1654 1471 quia
1695 1401 1924 1468 veritas,
1957 1399 2009 1456 id

401 1501 486 1545 est
510 1491 750 1561 Spiritus,
789 1489 839 1544 id
862 1499 947 1545 est
975 1489 1135 1559 Deus,
1166 1492 1283 1547 sine
1312 1491 1507 1548 delicto
1537 1501 1641 1557 est,
1674 1491 1796 1549 ideo
1824 1500 1880 1547 et
1909 1486 2009 1547 ad-

407 1583 588 1650 ﬂatus,
609 1583 659 1639 id
682 1591 765 1639 est
780 1582 976 1653 imago,
1002 1597 1107 1637 non
1134 1582 1382 1640 debuerit
1414 1584 1698 1640 admisisse
1730 1584 2007 1640 delictum.

407 1677 469 1733 lu
499 1678 600 1733 hoc
622 1677 725 1733 erit
774 1681 950 1753 imago
991 1677 1166 1735 minor
1191 1678 1417 1735 veritate
1436 1719 1451 1745 ,
1480 1686 1534 1734 et
1569 1677 1796 1734 adﬂatus
1821 1678 2010 1748 spiritu

2112 841 2244 899 tem,
2274 849 2379 904 qua
2422 834 2591 901 liber,
2633 851 2740 891 non
2759 851 2999 902 servus;
3031 836 3327 894 adsistente
3355 838 3588 909 amplius
3614 840 3712 897 de-

2111 927 2505 984 monstratione
2569 944 2677 985 non
2742 929 3087 1000 delinquendi
3143 931 3244 988 sub
3297 934 3714 989 comminatione

2114 1020 2417 1088 moriendi,
2448 1036 2550 1092 qua
2595 1021 3000 1079 snbstrucretur
3035 1023 3348 1080 substantiae
3386 1026 3631 1092 exilitas,
3659 1037 3716 1082 et

2112 1121 2390 1182 regeretur
2409 1116 2691 1171 sententia:
2720 1114 2957 1171 libertas.
2986 1116 3169 1186 Itaque
3191 1133 3298 1171 non
3327 1132 3423 1188 per
3449 1117 3577 1174 illud
3601 1120 3711 1189 jam

2113 1203 2281 1260 videri
2314 1214 2490 1275 potest
2513 1206 2689 1261 anima
2715 1206 3025 1277 deliquisse,
3044 1206 3188 1279 quod
3221 1209 3293 1264 illi
3323 1224 3445 1265 cum
3474 1209 3583 1266 Deo
3612 1210 3712 1266 ad-

2114 1296 2224 1354 fine
2253 1308 2357 1364 est,
2384 1313 2484 1368 per
2503 1296 2757 1354 adﬂatum
2790 1317 2804 1353 :
2832 1299 2925 1355 sed
2954 1315 3047 1371 per
3073 1300 3200 1355 illud
3227 1301 3373 1372 quod
3398 1302 3715 1359 substantia:

2114 1391 2362 1457 accessit,
2387 1391 2438 1446 id
2459 1400 2543 1447 est
2593 1406 2687 1462 per
2713 1390 2939 1448 liberum
2965 1394 3282 1461 arbitrium;
3305 1412 3336 1452 a
3365 1396 3474 1454 Deo
3498 1397 3712 1468 quidem

2115 1483 2455 1540 rationaliter
2476 1483 2843 1551 adtribututn;
2876 1485 2945 1541 ab
2973 1485 3192 1545 homine
3218 1505 3368 1557 vero,
3401 1506 3504 1560 qua
3545 1491 3717 1547 voluit

2114 1574 2391 1645 agitatum.
2411 1575 2563 1645 Quod
2589 1576 2633 1631 si
2656 1575 2727 1632 ita
2751 1591 2810 1632 se
2832 1577 3052 1641 habent,
3078 1581 3255 1636 omnis
3279 1581 3390 1651 jam
3417 1583 3507 1638 Dei
3530 1582 3718 1655 dispo-

2115 1667 2243 1723 sitio
2266 1673 2334 1723 de
2359 1668 2483 1723 mali
2525 1669 2943 1740 exprobratione
2974 1682 3247 1743 purgatur.
3278 1673 3530 1731 Libertas
3569 1676 3714 1739 enim

400 1769 644 1854 inferior,
679 1771 882 1828 habens
907 1774 1026 1829 illas
1058 1772 1244 1843 utique
1271 1772 1439 1826 lineas
1480 1769 1606 1837 Dei,
1635 1786 1739 1842 qua
1780 1770 2006 1826 immor-

2115 1763 2322 1820 arbitrii
2353 1780 2459 1819 non
2486 1764 2535 1820 ei
2559 1764 2774 1835 culpam
2805 1779 2957 1820 suam
2989 1776 3226 1837 resiluet,
3256 1785 3286 1823 a
3314 1784 3421 1840 quo
3443 1770 3566 1825 data
3597 1780 3714 1837 est,

392 1862 524 1931 .talis
550 1865 745 1932 anima,
778 1882 884 1937 qua
931 1866 1098 1922 libera
1138 1874 1196 1922 et
1240 1864 1323 1918 sui
1369 1862 1601 1927 arbitrii,
1629 1878 1733 1934 qua
1783 1862 2007 1934 praescia

400 1954 737 2027 plerumque,
766 1973 872 2029 qua
896 1948 1194 2024 rationalis,
1222 1970 1393 2025 capax
1420 1955 1726 2011 intellectus
1751 1965 1807 2011 et
1830 1956 2009 2012 scien-

403 2047 536 2103 tia::
570 2057 824 2127 tamenet
850 2048 929 2122 (4)
962 2051 1015 2106 in
1049 2049 1131 2108 his
1158 2049 1357 2119 imago,
1399 2056 1456 2104 et
1494 2063 1600 2103 non
1642 2064 1811 2119 usque
1836 2048 1905 2104 ad
1932 2051 2010 2122 ip-

401 2158 519 2198 sam
550 2143 655 2199 vim
678 2144 1008 2211 divinitatis;
1037 2147 1116 2200 sic
1140 2160 1241 2201 nec
1270 2159 1441 2213 usque
1469 2144 1541 2225 ad
1581 2144 1947 2217 integritatem
1976 2162 2008 2201 a

400 2235 631 2302 delicto;
661 2239 789 2310 quia
842 2238 945 2294 hoc
985 2238 1085 2294 soli
1130 2237 1243 2294 Deo
1290 2236 1455 2305 cedit,
1483 2235 1537 2291 id
1576 2244 1661 2293 est
1684 2237 1926 2304 veritati;
1953 2246 2012 2296 et

400 2325 507 2385 hoc
534 2329 707 2385 solum
741 2329 958 2401 imagini
984 2345 1093 2384 non
1118 2329 1262 2384 licet.
1278 2329 1431 2385 Sicut
1470 2328 1615 2384 enim
1643 2328 1844 2409 imago,
1881 2345 2007 2386 cum

400 2436 591 2479 omnes
638 2422 811 2483 lineas
859 2423 1129 2494 exprimat
1172 2421 1436 2489 veritatis,
1460 2422 1511 2477 vi
1542 2422 1628 2493 (5)
1670 2431 1848 2478 tamen
1894 2423 2009 2494 ipsa

401 2528 575 2588 caret,
607 2534 714 2574 non
754 2517 962 2575 habens
1000 2525 1205 2573 motum
1238 2530 1254 2584 ;
1286 2519 1356 2572 ita
1401 2525 1456 2572 et
1495 2516 1671 2571 anima
1699 2515 1876 2587 imago
1902 2517 2013 2587 spi-

402 2610 560 2679 ritus,
587 2609 759 2667 solam
805 2610 914 2665 vim
963 2608 1083 2680 ejus
1132 2609 1441 2681 exprimere
1470 2623 1576 2663 non
1603 2606 1791 2675 valuit,
1821 2606 1874 2663 id
1903 2618 2006 2676 est,

402 2720 512 2761 non
559 2704 901 2777 delinquendi
931 2704 1258 2762 fmlicitatem
1297 2701 1399 2775 (6).
1431 2702 1702 2759 Cancrum
1732 2717 1840 2758 non
1866 2711 2013 2758 esset

399 2797 605 2861 anima,
636 2796 730 2853 sed
753 2796 1005 2867 spiritus;
1041 2811 1142 2852 nec
1168 2795 1355 2863 homo,
1381 2794 1471 2867 qui
1511 2794 1745 2850 animam
1787 2794 2010 2849 sortitus

399 2896 503 2955 est,
533 2887 627 2944 sed
657 2888 824 2946 Deus.
854 2887 926 2942 Et
974 2887 1110 2942 alias
1145 2897 1350 2955 autem,
1393 2901 1501 2942 non
1549 2900 1713 2942 omne
1740 2884 1881 2956 quod
1915 2885 2011 2940 Dei

399 2980 528 3048 erit,
559 2978 695 3035 deus
740 2978 1058 3035 habebitur:
1105 2988 1163 3035 ut
1198 2978 1512 3050 expostules
1563 2978 1732 3034 Deum
1757 2987 1814 3034 et
1842 2976 2013 3034 adﬂa-

406 3082 543 3141 tum,
575 3071 628 3129 id
674 3081 758 3129 est
783 3088 1006 3129 vacuum
1038 3087 1071 3125 a
1095 3072 1309 3137 delicto,
1353 3071 1479 3143 quia
1510 3070 1605 3127 Dei
1650 3071 1721 3127 sit
1756 3070 2006 3127 adﬂatus.

2114 1856 2211 1912 sed
2249 1871 2280 1911 a
2317 1871 2426 1927 quo
2439 1872 2580 1937 ,non
2601 1866 2661 1913 ut
2687 1856 2876 1921 debuit
2897 1858 3270 1916 administrata
3299 1872 3403 1917 est.
3433 1862 3587 1930 Quod
3614 1863 3717 1920 de-

2113 1947 2277 2020 nique
2305 1947 2504 2003 malum
2534 1947 2808 2005 adscribcs
2832 1950 3069 2006 Creatori
3099 1950 3179 2025 (7)
3198 1952 3222 2004 ?
3251 1953 3295 2008 si
3327 1952 3579 2009 delictum
3611 1954 3715 2010 ho-

2082 2041 2274 2096 'minis
2298 2082 2313 2104 ,
2345 2057 2448 2096 non
2477 2040 2581 2097 erit
2621 2041 2752 2109 Dei,
2802 2041 2943 2111 quod
2982 2051 3069 2098 est
3114 2043 3386 2101 hominis:
3430 2061 3529 2102 nec
3573 2046 3716 2102 idem

2114 2131 2394 2188 habendus
2413 2142 2497 2189 est
2519 2131 2701 2188 delicti
2727 2142 2916 2189 auctor
2961 2135 3051 2205 qui
3081 2136 3353 2192 invenitur
3374 2136 3712 2207 interdictor,

2115 2223 2226 2282 imo
2272 2235 2329 2280 et
2373 2225 2783 2282 condemnator.
2824 2227 2879 2284 Si
2931 2244 3078 2283 mors
3124 2231 3357 2297 malum,
3410 2247 3510 2288 nec
3565 2249 3718 2290 mors

2112 2319 2485 2377 comminatori
2537 2334 2672 2386 suo,
2712 2321 2807 2376 sed
2846 2325 3203 2393 contemptori
3234 2324 3394 2381 faciet
3424 2326 3711 2393 invidiam,

2114 2421 2174 2467 ut
2195 2413 2426 2469 auctori.
2452 2412 2865 2489 contemnendo
2893 2416 3037 2472 enim
3063 2432 3181 2474 eam
3214 2416 3375 2487 fecit;
3398 2435 3504 2474 non
3532 2420 3719 2492 utique

2113 2507 2377 2576 futuram,
2404 2509 2451 2566 si
2478 2522 2583 2565 non
2610 2510 3041 2580 contempsisset.

2747 2601 2975 2660 CAPUT
3026 2602 3092 2659 Χ.

2188 2694 2316 2763 Sed,
2347 2694 2448 2751 etsi
2480 2692 2558 2768 (8)
2587 2694 2657 2751 ab
2698 2695 2916 2752 homine
2938 2697 2990 2752 in
3012 2696 3285 2753 diabolum
3313 2697 3389 2771 (ὁ)
3419 2700 3715 2769 transcrip-

2114 2789 2256 2844 seris
2292 2788 2418 2844 mali
2471 2789 2738 2861 elogium,
2767 2789 2902 2844 utin
2935 2787 3015 2860 (9)
3067 2791 3437 2847 instinctorem
3491 2790 3715 2858 delicti;

2115 2882 2195 2943 uti
2225 2881 2304 2937 sic
2329 2896 2547 2953 quoque
2570 2882 2622 2937 in
2641 2882 2953 2939 Creatorem
2982 2883 3181 2956 dirigas
3200 2874 3434 2955 culpam,
3457 2893 3514 2939 ut
3530 2894 3718 2940 aucto-

2116 2988 2231 3031 rem
2275 2973 2511 3041 diaboli,
2542 2975 2635 3047 qui
2686 2974 2815 3031 facit
2858 2976 3078 3046 angelos
3129 2977 3529 3048 spiritus:crgo
3572 2976 3717 3049 quod

2114 3066 2344 3123 factusa
2373 3065 2484 3122 Deo
2529 3077 2645 3133 est,
2672 3067 2724 3123 id
2765 3077 2849 3123 est
2891 3066 3151 3138 angelus,
3206 3068 3259 3123 id
3305 3068 3409 3125 erit
3454 3068 3572 3140 ejus
3622 3069 3717 3140 qui

399 3163 514 3222 Nec
540 3175 597 3221 tu
632 3167 775 3222 enim
808 3166 854 3221 si
885 3165 937 3221 in
981 3165 1166 3221 tibiam
1208 3164 1444 3231 ﬂaveris,
1496 3162 1769 3219 hominem
1820 3163 2005 3219 tibiam
2033 3159 2080 3223 C
2115 3159 2276 3223 fecit;
2306 3160 2448 3231 quod
2489 3171 2671 3217 autem
2713 3161 2889 3217 lactus
2914 3177 2944 3217 a
2979 3161 3091 3217 Deo
3132 3176 3239 3217 non
3269 3170 3388 3229 est,
3413 3161 3464 3216 id
3494 3172 3578 3216 est
3601 3162 3722 3216 dia-

408 3260 629 3326 l'cceris,
681 3274 1003 3332 quamquam
1029 3257 1098 3314 de
1142 3258 1319 3314 anima
1372 3265 1458 3312 tua
1504 3255 1758 3321 ﬂaveris,
1785 3256 1922 3311 sicut
1959 3264 2016 3311 et

408 3351 554 3408 Deus
578 3336 646 3408 de
674 3351 865 3422 Spiriltl
894 3366 1015 3407 suo.
1044 3350 1305 3421 Denique,
1336 3364 1457 3405 cum
1507 3348 1789 3405 manifeste
1816 3346 2008 3418 Scrip-

413 3456 534 3503 tura
563 3446 758 3517 dicatt(
786 3444 994 3512 σαπείη
1026 3445 1091 3513 Il,
1122 3445 1155 3500 7
1182 3444 1202 3518 )
1266 3444 1426 3501 ﬂasse
1471 3442 1639 3500 Deum
1704 3443 1757 3498 in
1822 3442 2010 3498 faciem

404 3539 664 3606 hominis,
692 3549 748 3594 et
774 3537 972 3596 factum
995 3537 1267 3593 hominem
1317 3537 1369 3591 in
1410 3535 1643 3591 animam
1674 3535 1871 3601 vivam,
1902 3548 2011 3590 non

408 3631 465 3685 in
492 3628 739 3701 spiritum
762 3628 1147 3685 vivificatorem
1170 3670 1185 3695 ,
1214 3627 1488 3699 separavit
1511 3642 1629 3682 eam
1650 3642 1682 3682 a
1707 3626 2014 3682 conditione

400 3721 642 3777 factoris.
676 3718 822 3790 Opus
861 3720 1005 3777 enim
1043 3719 1188 3775 aliud
1220 3718 1290 3773 sit
1319 3732 1542 3774 necesse
1567 3725 1654 3773 est
1673 3717 1749 3774 'ab
1777 3718 2009 3782 artiﬁce,

412 3814 472 3871 id
507 3823 592 3883 est
654 3814 875 3871 inferius
902 3813 1129 3870 artifice.
1154 3811 1267 3870 Nec
1294 3826 1486 3868 urceus
1514 3812 1659 3868 enim
1686 3810 1859 3867 factus
1885 3826 1917 3866 a
1944 3810 2011 3866 ﬂ-

403 3910 555 3982 gulo,
587 3910 700 3981 ipse
726 3908 829 3965 erit
871 3908 1108 3981 ﬂgulus;
1142 3908 1213 3963 ita
1251 3922 1350 3964 nec
1380 3905 1610 3963 adﬂatus
1637 3907 1807 3963 factus
1840 3921 1869 3960 a
1900 3905 2012 3976 Spi-

399 4003 529 4070 ritu,
562 4000 685 4058 ideo
738 4001 843 4057 erit
884 4000 1126 4072 spiritus.
1174 3999 1352 4071 Ipsum
1390 3998 1533 4071 quod
1575 3999 1775 4066 anima,
1806 3999 2011 4054 vocita-

398 4102 490 4150 tus
529 4102 607 4149 est
657 4092 836 4148 ﬂatus.
867 4091 1003 4149 Vide
1049 4092 1211 4149 etiam
1241 4108 1312 4149 ne
1347 4090 1417 4148 de
1458 4090 1659 4147 adﬂata
1705 4090 2015 4147 conditione

401 4185 684 4241 transierit
757 4184 810 4239 in
882 4184 1118 4254 aliquam
1190 4183 1599 4241 diminutiorem
1674 4183 2009 4255 qualitatem.

397 4277 582 4348 Ergo,
638 4276 851 4348 inquis,
905 4275 1102 4332 dedisti
1155 4276 1351 4332 anima:
1412 4275 1781 4331 infirmitatem
1846 4289 2011 4347 supra

397 4379 670 4442 negatam.
699 4368 887 4437 Plane,
927 4384 1062 4426 cum
1100 4368 1243 4425 illam
1289 4368 1462 4440 exigis
1486 4367 1597 4425 Deo
1623 4382 1828 4441 parem,
1852 4366 1904 4423 id
1931 4376 2016 4424 est

398 4464 583 4521 delicti
613 4463 929 4530 immunem,
980 4462 1104 4520 dico
1161 4461 1451 4519 infirmam.
1482 4462 1617 4519 Cum
1659 4476 1788 4518 vero
1817 4459 1885 4518 ad
1913 4478 2013 4518 an~

2117 3250 2272 3307 holus
2293 3291 2309 3317 ,
2336 3250 2390 3307 id
2421 3259 2506 3306 est
2531 3251 2773 3317 delator,
2806 3259 3054 3322 superest
3097 3262 3153 3308 ut
3195 3252 3310 3322 ipse
3336 3266 3457 3307 sese
3488 3251 3717 3320 fecerit,

2115 3341 2411 3398 deferendo
2426 3342 2505 3407 de
2535 3343 2687 3409 Deo;
2725 3351 2780 3400 et
2806 3342 3021 3414 quidem
3054 3342 3243 3399 l'alsum
3276 3361 3289 3398 :
3321 3344 3523 3414 primo,
3571 3343 3717 3414 quod

2117 3437 2260 3493 Deus
2285 3436 2406 3492 illos
2434 3452 2503 3494 ex
2534 3438 2680 3493 onmi
2699 3437 2842 3510 ligno
2857 3436 3020 3494 edere
3039 3439 3317 3505 vetuisset,
3342 3438 3538 3494 dehinc
3559 3441 3719 3510 quasi

2116 3530 2363 3586 morituri
2424 3546 2530 3587 non
2591 3540 2812 3598 essent,
2875 3531 2921 3587 si
2978 3530 3254 3597 edissent;
3317 3532 3507 3596 tertio,
3560 3533 3717 3602 quasi

2117 3605 2259 3679 Deus
2295 3622 2400 3678 illis
2439 3622 2720 3679 invidisset
2758 3621 3111 3680 divinitatem.
3142 3623 3295 3680 Unde
3320 3624 3480 3695 igitur
3510 3624 3718 3680 malitia

2117 3714 2384 3772 mendacii
2411 3723 2467 3771 et
2491 3714 2715 3772 fallacia:
2744 3715 2797 3771 in
2827 3714 3095 3784 homines,
3118 3724 3173 3773 et
3190 3714 3424 3771 infamia:
3444 3717 3497 3772 in
3520 3715 3721 3771 Deum?

2116 3823 2148 3863 a
2178 3809 2289 3864 Deo
2315 3808 2501 3881 utique
2528 3824 2659 3875 non,
2690 3808 2780 3878 qui
2815 3817 2872 3864 et
2895 3808 3146 3879 angelum
3176 3822 3242 3864 ex
3282 3808 3450 3863 forma
3487 3822 3720 3879 operum

2115 3903 2381 3960 bonorum
2431 3902 2663 3959 instituit
2712 3903 2934 3958 bonum.
2997 3901 3234 3971 Denique
3285 3900 3722 3973 sapientissimus

2116 3996 2353 4052 omnium
2381 3996 2583 4064 editur,
2608 4004 2895 4068 antequam
2934 3980 3208 4060 diabolus;
3247 3994 3350 4050 nisi
3391 3994 3586 4049 malum
3631 4003 3723 4049 est

2115 4088 2398 4158 sapientia.
2474 4087 2546 4144 Et
2610 4087 2664 4143 si
2727 4087 2946 4144 evolvas
3014 4086 3312 4143 Ezechielis
3377 4085 3718 4158 prophetiam

2118 4178 2360 4255 (Euan,
2390 4178 2630 4247 XXVIII,
2663 4178 2774 4251 l2),
2801 4179 2956 4237 facile
2983 4178 3380 4249 animadvertes
3417 4187 3524 4233 tam
3554 4177 3717 4233 insti-

2119 4275 2324 4331 tutione
2370 4273 2569 4329 honttm
2623 4272 2872 4344 angelum
2920 4271 3090 4338 illum,
3139 4286 3298 4342 quam
3348 4280 3540 4341 sponte
3585 4283 3717 4324 cor-

2114 4376 2353 4438 ruptum.
2388 4363 2442 4420 In
2477 4379 2704 4436 persona
2747 4363 2863 4437 (10)
2889 4364 3031 4439 enim
3069 4362 3324 4434 principis
3342 4360 3465 4427 Sor,
3496 4360 3564 4416 ad
3592 4359 3715 4416 dia-

2115 4459 2296 4516 bolum
2334 4456 2745 4529 pronuntiatur:
2787 4453 2857 4510 Et
2887 4458 3055 4528 factus
3087 4465 3158 4510 est
3189 4470 3353 4511 sermo
3392 4452 3601 4507 Domini
3642 4452 3719 4505 ad

395 4557 577 4628 gelum
625 4567 965 4633 provocatur,
1012 4557 1289 4615 fortiorem
1337 4556 1629 4614 delendam
1672 4572 1895 4614 necesse
1921 4565 2007 4614 est
2030 4556 2084 4617 D
2111 4570 2212 4622 me,
2251 4552 2458 4615 dicens:
2502 4549 2630 4606 Filii
2659 4549 2901 4618 hominis,
2929 4564 3071 4605 tunae
3096 4549 3358 4620 planctum
3380 4563 3534 4618 super
3562 4546 3717 4617 prin-

396 4652 677 4708 domiuum
731 4651 1129 4720 universitatis;
1156 4652 1241 4708 cui
1265 4650 1376 4723 jam
1415 4652 1590 4724 angeli
1622 4651 2002 4708 administrant
2102 4648 2263 4720 cipem
2284 4644 2646 4710 διεκπαῖσαι
2683 4644 2730 4699 ei
2768 4642 2884 4716 (ll)
2921 4661 2934 4699 :
2968 4641 3093 4699 ch
3125 4642 3247 4697 dicit
3276 4640 3526 4697 Dominus
3568 4658 3581 4694 :
3628 4638 3718 4695 Tu

398 4744 426 4818 (
457 4742 642 4813 Helm,
673 4742 732 4813 l,
764 4744 831 4802 14
861 4743 924 4816 ):
966 4742 1055 4816 qui
1103 4744 1265 4800 etiam
1292 4741 1517 4816 angelos
1557 4741 1893 4815 iudicaturus
1921 4751 2006 4799 est
2109 4738 2488 4811 resignacnlnnt
2524 4735 2876 4793 siniilitndinis
2922 4735 3054 4809 (qui
3097 4735 3307 4794 scilicet
3346 4734 3712 4807 integritatem

1636 4851 2019 4913 LECTIONES
2052 4849 2470 4910 VABIANTES.

392 4997 424 5061 Γ
464 4993 540 5061 (1)
566 4991 973 5061 SpiritumSeml.
1009 4991 1203 5061 obetjtlt.

393 5050 427 5124 ᾗ
464 5050 675 5127 (3)9221.
719 5053 1151 5127 ιιξίιειιιιξλιωηει.
1192 5050 1343 5108 Seml.

487 5120 539 5185 5)
564 5121 869 5185 Qempariare
896 5120 1116 5172 Ciaccon.

395 4997 424 5061 Γ
492 4997 513 5049 1
566 4994 802 5060 Spiritum
824 4993 973 5047 Serui.
1009 5002 1052 5044 Ol

395 5067 427 5124 ξ
488 5062 519 5110 2
566 5056 675 5110 Det.
719 5059 1052 5127 adﬂatusj'at

427 5190 438 5216 '
564 5121 869 5236 l(ﬂigﬁtdare
896 5120 1052 5172 Cum

395 5185 442 5309 εἴ
489 5249 522 5298 8
564 5245 679 5298 Vita
700 5244 873 5314 conjic.
898 5243 1052 5317 εωῃι.

566 5308 868 5361 Facultatem
890 5320 1048 5372 comic

566 5303 868 5361 Facultat'em
890 5304 1067 5372 coniic.
1091 5303 1276 5359 mmet.

2267 5047 2395 5110 Non,
2419 5049 2592 5099 inserit
2612 5045 2765 5110 Seml.
2792 5045 2920 5110 nunc
2938 5056 3054 5100 Jun.

2192 5107 2245 5162 9)
2273 5108 2327 5159 In
2349 5107 2480 5161 abest
2501 5107 2653 5162 Seml.
2681 5107 2833 5161 Point.

2196 5169 2275 5226 l0)
2302 5171 2568 5224 Personam
2591 5172 2744 5225 Semt.
2765 5169 2957 5226 Obertlt.

2191 4988 2218 5035 7
2263 4983 2519 5037 Discribes
2547 4986 2714 5036 Venet.
2739 4981 2841 5051 nig.
2865 4984 3123 5036 describes
3143 4982 3324 5036 Pamel.
3350 4981 3500 5037 Seml.

2190 5049 2221 5099 8
2267 5047 2392 5110 Non,
2419 5049 2592 5099 inserit
2612 5045 2765 5098 Seml.
2792 5060 2920 5099 tione
2938 5056 3054 5100 Jun.

2192 5113 2224 5161 9
2273 5108 2327 5159 In
2349 5109 2480 5161 abest
2501 5107 2653 5162 Seml.
2681 5107 2833 5161 Point.

2196 5173 2275 5239 to)
2297 5171 2568 5239 feminam
2591 5172 2744 5225 Semt.
2765 5169 2957 5226 Obertlt.

2166 5233 2213 5301 (ι
2227 5233 2271 5299 ι)
2297 5233 2356 5286 Ei
2376 5233 2498 5286 add.
2517 5241 2618 5287 Lat.

1755 5418 2316 5481 COMMENTARIUS.

336 5536 343 5549 '
407 5623 419 5626 _
480 5553 557 5626 (ει)
596 5551 749 5626 cant
798 5549 948 5626 ειίαιξι
995 5538 1531 5626 immensarum
1568 5534 2007 5626 ἐίςξνςεβιεκέἓξ
2110 5536 2340 5626 “CAP:
2381 5534 3725 5626 xxi-(1?).Irr'wrivie'aaat‘finiam-Ala“

405 5606 501 5681 hic‘
526 5606 687 5678 vides.
701 5619 968 5693 quomodo
994 5606 1157 5693 verbo
1178 5613 1317 5693 capit
1343 5606 1684 5693 tttatur..lloc
1711 5616 1817 5693 est,
1844 5606 2006 5693 lla-tus
2109 5611 2465 5693 proprietates
2481 5606 3163 5693 opinesldiabololribuas:
3190 5623 3252 5693 ea
3274 5618 3355 5693 9-5.1
3376 5606 3521 5690 enim
3553 5609 3726 5693 huius

402 5676 681 5767 gibbi'vie‘ll
712 5676 1202 5767 etianLimagincm
1230 5676 1475 5756 épil‘ilus,
1520 5680 1635 5738 sive
1685 5686 1867 5750 potest
1895 5676 1999 5734 dici
2109 5676 2257 5767 vocis
2290 5679 2458 5767 ill‘tlli'o
2509 5679 2860 5767 tertulliano.
2914 5679 3032 5736 Lib.
3089 5679 3108 5733 ι
3142 5678 3259 5734 adv.
3294 5676 3726 5738 Marcioncm—itn

406 5751 579 5838 iniago
603 5763 834 5835 spiritus.
862 5751 1052 5818 Πεεαῖ
1098 5800 1137 5834 _,
1261 5751 1278 5756 “
2108 5765 2240 5809 usus
2277 5759 2380 5809 est.
2411 5751 2492 5812 Ls
2524 5751 2619 5808 Pa.
