4008 6280
356 208 462 265 299

953 315 1178 373 CAPUT
1216 313 1330 370 Xll.

432 442 505 497 Ita
562 440 636 511 (η)
688 438 730 493 si
778 438 1006 511 societas
1042 443 1089 488 et
1138 429 1466 499 conspiratio
1502 424 1754 482 bonitatis
1794 428 1954 493 atque

355 532 576 603 jostitia:
617 502 1006 599 separationem
1036 538 1221 579 earum
1251 536 1356 576 non
1386 526 1560 590 potest
1590 530 1816 586 capere,
1844 528 1955 584 quo

359 639 454 677 ore
479 621 773 677 constitues
804 617 1171 673 diversitatem
1203 613 1433 669 duorum
1460 611 1682 665 deorum
1716 608 1771 662 in
1795 619 1953 676 sepa-

360 717 596 781 ratione,
630 729 871 771 seorsum
901 713 1164 783 deputans
1188 709 1350 765 deum
1384 707 1605 769 bonmn,
1634 715 1688 760 et
1710 718 1953 760 seorsum

357 808 517 863 deum
556 806 800 876 justum?
840 804 955 859 Illic
997 802 1242 859 consistit
1269 796 1491 866 bonum,
1520 797 1609 854 ubi
1653 806 1708 852 et
1729 796 1953 865 justum.

362 910 399 954 Λ
448 901 741 971 primordio
785 899 1017 968 denique
1062 903 1273 949 creator
1314 903 1421 947 tant
1452 890 1643 955 bonus,
1694 903 1854 960 quam
1902 896 1957 943 et
2010 918 2016 930 -

352 993 554 1062 justus,
601 990 799 1061 pariter
840 996 896 1042 et
926 994 1213 1055 utrumque
1254 982 1545 1053 processit.‘
1582 980 1802 1036 Bonitas
1841 977 1957 1049 ejus

361 1091 578 1152 operata
610 1090 693 1136 est
720 1078 998 1140 mundum.
1030 1076 1234 1147 juStitia
1264 1073 1534 1129 modulata
1582 1079 1666 1128 est
1697 1070 1791 1143 (b),
1836 1084 1956 1141 qua:

356 1176 517 1231 etiam
560 1186 669 1229 tmn
711 1172 968 1228 mundum
1009 1170 1270 1242 judicavit
1319 1185 1385 1225 ex
1436 1167 1590 1223 bonis
1631 1165 1953 1234 faciendum,

354 1269 478 1337 quia
524 1282 644 1321 cum
694 1265 948 1319 bonitatis
977 1263 1202 1318 consilio
1242 1244 1519 1333 judicavit.
1549 1259 1777 1317 Iustitia:
1822 1273 1958 1331 opus

355 1370 458 1429 est,
480 1360 620 1430 quod
636 1359 775 1414 inter
793 1359 965 1413 lucem
983 1366 1034 1411 et
1055 1354 1308 1410 tenebras
1329 1354 1597 1424 separatio
1618 1350 1955 1423 pronuntiata

352 1462 455 1520 est,
490 1453 629 1508 inter
673 1452 813 1507 diem
855 1461 907 1506 et
938 1459 1170 1514 noctem,
1205 1448 1349 1502 inter
1388 1446 1584 1501 cmlum
1631 1453 1685 1499 et
1733 1453 1948 1506 terram,

352 1549 495 1602 inter
531 1560 723 1616 aquam
771 1543 1101 1613 superiorem
1141 1549 1197 1596 et
1237 1539 1571 1604 inferiorem,
1618 1538 1757 1591 inter
1795 1535 1958 1590 maris

351 1647 550 1694 coetum
592 1645 648 1692 et
676 1634 845 1690 aridae
890 1634 1109 1700 molem,
1144 1633 1284 1687 inter
1326 1630 1608 1686 luminaria
1653 1628 1855 1699 majora
1901 1635 1959 1683 et

353 1731 583 1797 minora,
624 1730 815 1784 diurna
856 1736 1018 1797 atque
1058 1736 1343 1788 nocturna,
1373 1723 1513 1778 inter
1542 1737 1745 1777 marem
1771 1730 1824 1775 et
1852 1719 1949 1776 fte-

353 1825 572 1888 minam;
604 1822 743 1876 inter
766 1820 1016 1874 arborem
1042 1816 1329 1889 agnitionis
1352 1817 1541 1870 mortis
1566 1822 1621 1869 et
1641 1814 1782 1879 vitm,
1814 1812 1954 1868 inter

350 1919 537 1974 orbem
566 1926 621 1973 et
660 1914 987 1986 paradisum,
1021 1913 1161 1968 inter
1200 1910 1459 1982 aquigena
1491 1918 1545 1964 et
1573 1907 1839 1979 terrigena
1879 1904 1952 1980 (ι’)

349 2010 620 2066 animalia.
652 2007 841 2063 Omnia
885 2016 943 2061 ut
970 2005 1181 2060 bonitas
1218 2002 1483 2072 concepit,
1516 2001 1587 2056 ita
1611 1999 1816 2071 justitia
1843 1998 1953 2055 dis-

351 2102 527 2157 tinxit.
561 2100 754 2154 Totum
788 2098 893 2154 hoc
932 2096 1172 2168 judicato
1200 2095 1519 2165 dispositum
1551 2101 1606 2149 et
1645 2093 1948 2148 ordinatum

349 2203 450 2250 est.
505 2192 694 2248 Omnis
747 2192 901 2253 sitos,
957 2187 1170 2244 habitus
1225 2187 1653 2253 elementorum,
1706 2183 1949 2251 ell'eetus,

350 2294 547 2351 motus,
607 2291 801 2349 status,
856 2290 1027 2347 ortus,
1075 2294 1300 2334 occasus
1348 2277 1704 2350 singulorum,
1756 2275 1950 2345 judicia

347 2386 473 2435 sunt
487 2375 787 2440 Creatoris;
815 2390 883 2429 ne
906 2381 1057 2443 putes
1078 2386 1199 2425 cum
1219 2370 1412 2425 exinde
1427 2368 1664 2439 judicem
1682 2366 1951 2425 definien-

347 2470 506 2539 dum,
532 2483 638 2538 quo
660 2466 856 2521 malum
881 2464 1074 2533 capit,
1099 2472 1260 2533 atque
1288 2462 1357 2515 ita
1385 2460 1644 2530 justitiam
1672 2460 1737 2515 de
1761 2470 1950 2515 caussa

349 2562 473 2617 ntali
519 2561 770 2616 oil‘usces.
810 2557 904 2613 His
946 2557 1088 2612 enim
1119 2555 1292 2611 modis
1319 2554 1650 2609 ostendimus
1679 2569 1800 2608 cum
1828 2566 1950 2609 cum

346 2654 582 2709 auetrice
610 2650 849 2706 omnium
881 2649 1120 2704 bonitate
1151 2646 1415 2717 prodisse,
1441 2653 1498 2700 ut
1526 2653 1581 2701 et
1610 2644 1780 2715 ipsam
1806 2644 1952 2714 inge-

348 2747 514 2801 nitam
536 2743 648 2799 Deo
663 2752 715 2797 et
734 2740 1054 2805 naturalem,
1072 2754 1170 2793 nec
1194 2737 1545 2792 obrentitiam
1568 2735 1947 2807 deputandam,

346 2854 467 2911 qua:
515 2838 567 2894 in
602 2834 827 2893 Domino
871 2834 1085 2889 inventa
1114 2833 1185 2887 sit
1222 2830 1532 2886 arbitratrix
1559 2842 1782 2899 operum
1811 2826 1947 2900 ejus.

947 2941 1181 3001 CAPUT
1224 2940 1365 2997 XIII.

418 3042 655 3107 Atenim,
688 3049 745 3109 ut
776 3038 974 3094 malum
1015 3046 1203 3107 postea
1232 3034 1430 3105 erupit,
1466 3043 1625 3104 atque
1672 3028 1795 3088 inde
1833 3031 1943 3104 jam

345 3138 509 3208 cmpit
555 3136 764 3191 bonitas
802 3132 896 3188 Dei
923 3147 1042 3186 cum
1074 3130 1384 3186 adversario
1410 3142 1589 3199 agerc,
1621 3126 1764 3183 aliud
1808 3142 1941 3199 quo-

344 3244 449 3300 que
479 3227 562 3300 (Δ)
604 3225 874 3297 negotium
908 3222 1095 3295 eadem
1146 3222 1235 3275 illa
1277 3219 1483 3291 justitia
1517 3219 1608 3274 Dei
1653 3228 1810 3275 nacta
1860 3228 1945 3274 est

338 3325 449 3394 jam
477 3320 771 3378 secundum
808 3316 1180 3373 adt‘ersionem
1223 3311 1519 3384 dirigendae
1559 3312 1843 3377 bonitatis,
1886 3321 1944 3367 ut

342 3415 575 3486 seposita
617 3412 865 3467 libertate
903 3408 1020 3480 ejus
1049 3406 1143 3481 (e),
1174 3422 1277 3477 qua
1318 3414 1375 3462 et
1413 3405 1551 3461 ultro
1590 3404 1731 3462 Deus
1771 3408 1943 3462 bonus

343 3524 443 3580 pro
471 3507 679 3563 meritis
707 3506 968 3576 cujusque
997 3511 1271 3573 pensetur,
1304 3500 1479 3573 dignis
1506 3499 1781 3570 offeratur,
1814 3502 1944 3558 indi-

343 3602 462 3671 gnis
487 3600 803 3669 denegetur,
838 3596 1061 3667 ingratis
1099 3593 1405 3661 auferatur;
1441 3594 1663 3665 proinde
1692 3596 1943 3651 omnibus

342 3694 552 3751 aemulis
592 3690 912 3747 vindicetur.
944 3689 1019 3743 Ita
1063 3703 1223 3745 omne
1254 3687 1357 3743 hoc
1387 3687 1609 3758 justitia:
1639 3703 1775 3759 opus
1812 3704 1940 3759 pro-

342 3785 547 3842 curatio
585 3782 840 3840 bonitatis
876 3790 979 3845 est,
1012 3779 1154 3850 quod
1192 3777 1482 3849 judicando
1512 3779 1753 3847 damnat,
1798 3779 1940 3851 quod

341 3877 647 3935 damnando
677 3877 850 3949 punit,
879 3874 1044 3945 quod,
1072 3872 1345 3939 utdicitis,
1370 3872 1552 3941 saevit;
1581 3874 1760 3946 utique
1778 3875 1937 3943 bono,

342 3989 449 4029 non
492 3972 632 4027 malo
664 3968 890 4041 proiicit.
926 3964 1166 4037 Denique
1205 3965 1365 4021 timor
1387 3965 1573 4037 judicii
1618 3966 1684 4022 ad
1718 3966 1942 4038 bonum,

338 4078 445 4120 non
470 4063 537 4118 ad
562 4061 761 4117 malum
801 4057 1028 4115 confert.
1070 4057 1190 4115 Non
1221 4056 1367 4115 enim
1409 4057 1710 4116 sufﬁciebat
1737 4061 1944 4119 bonum

1790 192 2015 249 'I‘lSllTl'
2028 190 2252 247 LLIANI

1974 296 2029 365 Α
2058 320 2151 372 per
2177 304 2524 374 semetipsum
2552 301 2940 369 commendwi,
2967 300 3077 372 jam
3106 300 3205 355 sub
3236 301 3549 357 adversario
3578 303 3659 357 la-

3556 188 3661 244 500

2062 399 2276 454 berans.
2306 398 2439 453 Nam
2463 396 2564 453 etsi
2590 395 3014 452 commendabile
3042 410 3136 463 per
3160 395 3506 465 semetipsum
3532 410 3662 462 ,non

2061 502 2238 547 tamen
2275 501 2331 548 et
2357 490 2750 557 conservabile,
2778 489 2901 560 quia
2927 488 3281 558 expugnabile
3302 488 3414 558 jam
3443 503 3538 558 per
3563 489 3660 544 ad-

2059 585 2374 650 versarium,
2431 582 2530 637 nisi
2578 582 2659 637 vis
2706 581 2885 651 aliqua
2936 588 3194 651 praeesset
3245 579 3490 647 timendi,
3540 596 3661 651 quze

2059 673 2259 731 bonum
2300 672 2463 730 etiam
2514 673 2759 728 nolentes
2787 682 3064 742 appetere,
3105 679 3160 726 et
3198 670 3474 729 custodire
3512 686 3663 728 com.

2058 767 2302 838 pelleret.
2341 764 2634 829 C(eterum,
2669 774 2746 820 tot
2775 763 3044 820 illecebris
3073 763 3197 817 ntali
3235 763 3665 833 expugnantibus

2059 861 2279 924 bonum,
2341 859 2462 931 quis
2529 858 2658 913 illud
2712 864 3009 927 appeteret,
3062 856 3205 926 quod
3257 856 3477 926 impune
3528 871 3665 911 con-

2066 950 2368 1008 temneret?
2397 949 2530 1018 Quis
2566 947 2883 1014 custodiret,
2922 946 3068 1016 quod
3093 948 3211 1001 sine
3246 947 3487 1017 periculo
3510 949 3669 1003 amit~

2061 1044 2235 1100 teret?
2276 1043 2436 1115 Legis
2477 1041 2720 1109 (Matth,
2753 1041 2986 1111 \"Il,15)
3035 1042 3160 1095 mali
3205 1041 3338 1095 viam
3384 1042 3562 1108 latam,
3611 1052 3668 1098 et

2059 1138 2229 1194 multo
2245 1136 2662 1208 frequentiorem
2681 1152 2693 1188 :
2714 1149 2893 1189 nonne
2914 1148 3105 1188 omnes
3121 1134 3211 1188 illa
3229 1132 3537 1189 laberentur
3558 1135 3662 1203 (l),

2059 1229 2104 1285 si
2136 1228 2265 1284 niltil
2306 1229 2359 1285 in
2384 1229 2473 1283 illa
2502 1226 2820 1282 timeretur?
2867 1225 3162 1280 Horremus
3189 1226 3454 1300 terribiles
3492 1227 3667 1282 minas

2060 1322 2362 1388 Creatoris,
2386 1332 2440 1378 et
2467 1320 2553 1376 vix
2582 1336 2610 1375 a
2643 1319 2785 1375 malo
2806 1319 3119 1374 avellimur:
3152 1319 3298 1389 quid,
3330 1319 3374 1374 si
3404 1318 3535 1374 nihil
3566 1320 3669 1373 mi-
3695 1307 3715 1358 7

2061 1416 2322 1472 naretur?
2371 1415 2518 1471 Hanc
2561 1414 2824 1483 justitiam
2866 1412 3064 1466 malum
3110 1410 3295 1477 dices,
3344 1427 3464 1481 qua:
3521 1413 3666 1466 malo

2062 1523 2169 1565 non
2199 1506 2379 1563 favet?
2433 1506 2581 1561 lianc
2609 1505 2809 1561 bonum
2840 1503 3081 1573 negabis,
3123 1517 3240 1573 quae
3268 1503 3410 1558 bono
3438 1504 3515 1574 (2)
3538 1518 3668 1574 pro-

2059 1603 2255 1675 spicit?
2286 1599 3012 1675 MEQMppor-tet
3037 1597 3105 1674 (ﬂ)
3147 1598 3313 1652 Deum
3342 1597 3511 1664 velles
3548 1595 3664 1670 (4);

1988 1697 2033 1756 Β
2042 1696 2324 1769 _qua_legt_
2300 1694 2489 1750 malles
2515 1692 2833 1772 exwliret?
2856 1691 2957 1748 sub
2984 1706 3092 1761 quo
3115 1689 3308 1745 delicta
3336 1690 3669 1761 gauderent?

2122 1759 2324 1769 ——__

2058 1788 2142 1843 cui
2170 1786 2414 1842 diabolus
2442 1784 2729 1840 illnderet?
2764 1782 2910 1838 illum
2935 1782 3132 1838 bonum
3154 1781 3424 1851 jndicares
3460 1782 3661 1850 Deum,

2056 1880 2147 1953 qui
2175 1880 2446 1934 hominem
2475 1886 2656 1947 posset
2703 1876 2871 1947 magis
2911 1875 3110 1929 malmn
3155 1874 3333 1930 facere
3380 1878 3669 1931 securitate

2054 1973 2261 2029 delicti?
2286 1971 2416 2040 Quis
2438 1970 2561 2027 boni
2582 1978 2793 2035 auctor,
2823 1968 2926 2022 nisi
2949 1968 3045 2043 qui
3064 1975 3120 2021 et
3140 1967 3384 2023 exactor?
3408 1967 3661 2035 Proinde,

2054 2068 2175 2140 quis
2196 2066 2320 2122 mali
2348 2074 2658 2130 extraneos,
2687 2061 2788 2117 nisi
2823 2061 2913 2131 qui
2941 2071 2997 2113 et
3023 2058 3309 2114 inimicus?
3330 2059 3460 2127 Quis
3489 2060 3681 2129 inimi-~

2054 2176 2172 2227 cus,
2203 2159 2305 2215 nisi
2331 2158 2500 2230 quiet
2526 2155 2885 2226 expugnator?
2907 2153 3038 2221 Quis
3061 2161 3413 2223 expugnator,
3441 2152 3539 2206 nisi
3569 2154 3661 2224 qui

2055 2260 2110 2307 et
2130 2251 2385 2323 punitor?
2425 2248 2514 2305 Sic
2538 2255 2684 2303 totus
2708 2246 2858 2301 ‘Deus
2884 2245 3057 2299 bonus
3082 2253 3187 2308 est,
3220 2243 3347 2298 dum
3381 2260 3477 2314 pro
3521 2245 3665 2298 bono

2054 2343 2234 2398 omnia
2264 2350 2364 2397 est.
2397 2338 2487 2395 Sic
2525 2337 2760 2407 denique
2787 2335 3150 2405 omnipotens.
3196 2337 3320 2403 quia
3363 2344 3416 2389 et
3439 2332 3663 2405 juvandi

2055 2444 2111 2490 et
2152 2431 2380 2488 laedendi
2406 2441 2618 2500 potens.
2647 2427 2821 2483 Minus
2846 2436 2949 2491 est,
2982 2424 3352 2481 tantummodo
3382 2426 3659 2494 prodesSe,

2054 2529 2310 2599 quianon
2341 2524 2487 2580 aliud
2525 2522 2655 2593 quid
2693 2522 2869 2593 possit
2893 2536 3052 2591 quam
3080 2520 3352 2588 prodesse.
3396 2518 3471 2574 De
3516 2519 3661 2589 ejus-

2055 2620 2199 2676 modi
2234 2634 2338 2690 qua
2363 2616 2558 2673 ﬁducia
2579 2617 2781 2671 bonum
2802 2630 3034 2684 sperem,
3058 2613 3103 2667 si
3126 2612 3228 2668 hoc
3247 2614 3419 2668 solum
3446 2613 3661 2683 potest?

2054 2712 2326 2784 quomodo
2351 2709 2671 2766 innocentia:
2699 2707 3004 2763 mercedem
3032 2716 3225 2774 secter,
3261 2707 3305 2760 si
3342 2721 3448 2761 non
3470 2717 3523 2761 et
3563 2722 3662 2761 no-

2054 2808 2248 2862 centia:
2271 2815 2509 2877 spectem
2533 2802 2651 2875 (5)?
2673 2801 2918 2858 Diffidam
2942 2817 3161 2859 necesse
3182 2813 3285 2867 est,
3311 2818 3376 2859 ne
3399 2817 3499 2858 nec
3518 2803 3657 2860 alte-

2054 2917 2170 2956 ram
2188 2909 2395 2970 partem
2420 2904 2796 2955 remuneretur
2811 2895 2910 2968 (6),
2930 2898 3018 2967 qui
3043 2910 3326 2968 utramque
3349 2913 3451 2953 non
3469 2898 3657 2953 valuit.

2057 2993 2239 3066 Usque
2263 2992 2399 3049 adeo
2420 2991 2628 3063 jnstitia
2657 2990 2820 3046 etiam
2846 2989 3126 3060 plenitudo
3150 3000 3234 3045 est
3258 2990 3552 3046 divinitatis
3579 2991 3662 3054 ip-

1970 3087 2017 3151 C
2050 3087 2162 3142 sius
2177 3084 2438 3142 exhibens
2455 3084 2619 3140 Deum
2635 3080 2952 3154 perfectum,
2967 3092 3017 3138 et
3036 3091 3263 3153 patrem,
3284 3093 3336 3137 et
3357 3082 3655 3142 dominum:

2050 3189 2275 3252 patrem,
2322 3177 2643 3243 clementia;
2694 3175 3001 3243 dominum,
3053 3176 3365 3248 disciplina;
3419 3187 3653 3247 patrem,

2050 3282 2312 3346 potestate
2356 3271 2583 3336 blanda;
2631 3268 2932 3333 dominum.
2982 3284 3203 3325 severa:
3257 3277 3480 3340 patrem,
3528 3269 3659 3325 dili-

2046 3368 2279 3440 gendum
2322 3364 2439 3435 pie;
2472 3363 2770 3429 dominum,
2811 3362 3107 3418 timendum
3150 3363 3494 3419 necessarie:
3528 3362 3657 3417 dili-

2048 3460 2307 3533 gendum,
2340 3456 2462 3528 quia
2490 3455 2643 3510 malit
2671 3454 3114 3520 misericordiam,
3149 3469 3305 3524 quam
3331 3456 3656 3511 sacrificium

2046 3551 2164 3628 (Ps.
2198 3550 2285 3616 Vl,
2314 3549 2377 3614 6;
2410 3546 2622 3613 Euam,
2655 3544 2892 3613 XXXIII,
2924 3544 3049 3617 ll);
3095 3557 3150 3601 et
3181 3546 3498 3613 timendum,
3527 3549 3655 3618 quia

2046 3645 2180 3700 nolit
2216 3650 2527 3715 peccatum:
2573 3637 2925 3708 diligendum,
2958 3638 3078 3709 quia
3107 3638 3259 3693 malit
3285 3639 3654 3708 pcenitentiam

2045 3736 2364 3811 peccatoris,
2394 3748 2551 3805 quam
2595 3741 2860 3798 mortem;
2905 3742 2959 3786 et
3005 3732 3318 3797 timendum,
3352 3733 3474 3804 quia
3520 3734 3657 3789 nolit

2048 3839 2355 3905 peceatores
2374 3828 2457 3884 sui
2474 3828 2584 3897 jam
2609 3840 2715 3881 non
2740 3824 3085 3896 ptenitentes.
3109 3825 3236 3880 Ideo
3256 3826 3340 3881 lex
3365 3836 3655 3896 utrumque

2046 3924 2253 3989 definit,
2285 3921 2478 3993 Diliges
2513 3917 2702 3981 Deum.
2748 3926 2804 3973 et
2836 3916 3053 3972 Timebis
3080 3915 3270 3975 Deum.
3301 3918 3458 3975 Aliud
3489 3919 3653 3976 obse-

2049 4016 2221 4074 eutori
2246 4012 2544 4087 proposuit,
2576 4008 2725 4066 aliud
2744 4008 3094 4067 exorbitatori
3125 4007 3223 4081 (g).

1536 4149 1920 4215 LECTIONES
1961 4147 2372 4217 VARIANTES.

428 4266 472 4318 li
498 4266 684 4316 Omnes
706 4261 1029 4313 illam-rentur
1044 4258 1230 4311 Pamet.
1255 4258 1405 4311 Seml.

422 4321 472 4390 2)
496 4329 603 4379 Non
625 4325 794 4390 inserit
820 4324 964 4390 altera.
990 4322 1095 4373 Sed
1116 4330 1227 4390 tunc
1249 4321 1559 4376 omiucndum
1583 4326 1806 4390 negabis.

428 4270 446 4318 ι
498 4266 684 4316 Omnes
706 4266 1029 4313 illam-rentur
1044 4266 1230 4311 Pamet.
1255 4266 1379 4311 Seml

422 4330 453 4379 2
496 4329 603 4379 Non
625 4325 794 4377 inserit
820 4324 964 4374 Rhea.
990 4322 1095 4373 Sed
1116 4330 1227 4374 tunc
1249 4321 1379 4373 omiu

425 4396 454 4443 5
502 4391 609 4441 Non
629 4386 760 4441 abest
781 4385 937 4440 RIten.
964 4395 1114 4437 Frau.
1138 4387 1240 4439 Lat.
1264 4393 1379 4437 Jun.

423 4457 451 4505 t
497 4452 591 4505 Vel
612 4465 703 4516 pro
726 4449 883 4503 velles
904 4450 1009 4500 Lat.
1034 4457 1147 4500 Jun.

423 4449 472 4516 4)
497 4452 591 4505 Vel
612 4465 703 4516 pro
726 4449 883 4503 velles
904 4450 1009 4500 Lat.
1034 4457 1147 4500 Jun.

2106 4262 2178 4334 (5)
2206 4262 2437 4335 Speciem
2457 4257 2608 4314 Seml.
2631 4259 2800 4313 Rhein:
2834 4255 2969 4313 nullo
2990 4271 3135 4313 sensu
3156 4252 3299 4324 atque
3319 4259 3460 4312 etiam
3480 4268 3653 4318 contra

1958 4324 2014 4384 D
2037 4324 2360 4391 επὲηὶριατία·

2102 4382 2190 4458 (6)’
2201 4390 2508 4441 Remuneret
2522 4382 2629 4438 alii.

1731 4536 2269 4593 IOMMENTARIUS.

1731 4536 1791 4591 ‘0
2252 4578 2269 4593 .

408 4628 563 4687 CAP.
579 4622 865 4701 XII.—-(a)
899 4622 984 4701 Ita
1011 4625 1056 4678 si
1075 4625 1287 4685 societas
1305 4633 1350 4679 et
1363 4613 1671 4696 conspiratio
1687 4536 2395 4701 ὁϊηὶῗιῗὲΝΤιῂῐιζᾞδρτουι
2426 4636 2659 4684 mentem
2682 4628 2907 4699 quisque
2937 4643 3089 4683 suam
3117 4628 3183 4684 ad
3218 4627 3310 4685 Dei
3345 4628 3643 4687 bonitatem

335 4713 487 4772 atque
508 4700 720 4772 iustitiae
733 4696 1104 4772 separatioueni
1120 4712 1293 4772 earum
1316 4712 1415 4749 non
1437 4707 1597 4772 potest
1617 4713 1817 4772 capere.
1836 4699 1926 4757 Sic
2029 4696 2283 4758 advertit.
2306 4700 2431 4755 RIG.

336 4765 818 4828 et'cm‘endandum
844 4767 1046 4821 censuit
1076 4765 1482 4842 Latinius-quod
1510 4765 1923 4842 vulgo'legitur,

334 4845 862 4914 separatioueearum
888 4852 987 4890 non
1018 4846 1178 4914 potest
1206 4835 1395 4892 carere.
1427 4835 1486 4891 In
1517 4835 1806 4910 exc'mpla'ri
1842 4835 1929 4898 Pi-

335 4909 553 4972 tstaito
580 4911 803 4981 legitur:
834 4909 1204 4981 separatioaem
1228 4924 1401 4981 eorum
1428 4922 1531 4981 non
1559 4909 1719 4979 potest
1739 4928 1930 4970 carere.

334 4985 494 5041 Liber
514 4978 715 5048 Ursini,
741 4978 982 5053 Septimii
1004 4980 1199 5053 stylum
1236 4978 1471 5053 exhibet.
1504 4978 1697 5053 uadi
1722 4985 1935 5041 societas

333 5068 380 5111 et
407 5055 715 5125 conspiratio
742 5051 978 5107 bonitatis
1006 5050 1158 5121 atque
1173 5050 1390 5125 justitite
1418 5052 1737 5122 separatione
1759 5071 1936 5113 eorum

331 5145 433 5184 non
457 5120 617 5197 potest
643 5140 866 5197 currere,
892 5138 990 5197 quo
1016 5120 1123 5188 ore,
1151 5130 1256 5197 etc.
1296 5120 1408 5197 lito.

404 5192 486 5271 (li)
511 5197 722 5271 Justit_ia
748 5194 1011 5271 modulata
1035 5202 1140 5271 est.
1159 5192 1465 5271 Legendum
1500 5195 1776 5271 crederent
1817 5212 1931 5252 mo-

331 5264 506 5324 derata
529 5278 621 5327 est.
648 5266 718 5321 Et
743 5264 985 5337 quamvis
1015 5265 1173 5318 nullis
1198 5264 1468 5337 codicibus
1498 5264 1687 5335 fretus,
1720 5270 1772 5324 itt
1802 5283 1932 5324 con-

326 5340 562 5410 jiciendo
589 5334 795 5410 tantum
826 5335 1169 5410 affirmarent.
1202 5334 1281 5390 Ls
1305 5335 1407 5410 fit.

404 5411 480 5484 (e)
494 5410 646 5484 hlater
665 5408 915 5479 aquigrua
939 5417 986 5484 et
1010 5407 1281 5484 terrigena.
1304 5406 1606 5484 Delectatur
1626 5406 1692 5461 iis
1708 5408 1927 5484 vocibus

330 5477 799 5552 quaz'Grtecornm‘
824 5495 918 5552 usu
947 5477 1275 5552 derivantur,
1303 5478 1452 5546 quasi
1478 5478 1683 5533 diceret
1708 5482 1927 5550 ὑδρογινῆ

327 5548 382 5607 et
403 5568 570 5624 γημνῆ
586 5560 855 5624 Ῑῷν-ςὼωνε
881 5548 1079 5624 ’με-Ρη.

399 5618 482 5677 (Σεὶ
495 5623 553 5676 Ρ.
585 5620 721 5676 ΧΙιΙ.
750 5651 816 5660 -—
838 5620 917 5687 (ιι)
954 5618 1223 5686 Negotium
1261 5626 1409 5672 noctu
1427 5627 1498 5670 est
1522 5619 1634 5687 jam
1651 5619 1925 5674 secundum

328 5695 424 5747 adv
454 5695 670 5749 t'sionem
688 5691 964 5763 dirigeudu’
988 5689 1243 5744 bonitatis.
1270 5689 1378 5744 Hoc
1398 5698 1500 5757 cst,
1526 5689 1817 5762 dirigenda:
1834 5692 1929 5747 bo—

2103 4776 2180 4842 (e)
2205 4770 2274 4827 Ut
2299 4770 2518 4844 seposita
2541 4768 2926 4844 libertateejus.
2958 4769 3046 4844 Sic
3072 4771 3270 4826 habent
3290 4771 3640 4844 exemplaria,

2042 4859 2140 4901 nec
2166 4841 2491 4901 inc0n¢inne
2516 4841 2875 4913 explicabitur
2914 4841 2969 4897 in
2998 4843 3139 4899 hunc
3168 4857 3417 4898 sensum:
3452 4841 3525 4899 'Ut
3550 4858 3642 4900 se-

2117 4915 2212 4970 sita
2234 4912 2434 4969 divina:
2459 4912 2713 4985 bonitatis
2742 4913 3081 4981 liberalitate,
3111 4930 3214 4985 qua
3244 4924 3297 4968 et
3328 4914 3469 4969 ultro
3499 4913 3644 4972 Deus

2076 5002 2212 5042 onus
2232 4985 2457 5057 est,jam
2479 4982 2657 5040 divina
2685 4984 2771 5040 illa
2804 4985 3012 5043 bonitas
3036 4982 3140 5055 pro
3151 4984 3358 5042 meritis
3379 4986 3640 5057 cujusque

2039 5067 2311 5127 pensetur.
2344 5055 2464 5112 Βία.

2114 5128 2177 5213 (f)
2209 5126 2332 5213 Nola
2371 5126 2569 5213 qualem
2615 5136 2821 5213 oportet
2850 5126 3018 5182 Deum
3048 5126 3641 5213 nuetl‘esglnd’ithteano

2036 5196 2251 5269 legitur,
2286 5196 2500 5269 Qualem
2537 5207 2734 5268 oportet
2775 5198 2939 5254 Deum
2980 5199 3175 5254 velles?
3208 5198 3391 5266 Quales
3434 5200 3636 5268 malles,

2031 5268 2328 5339 expediret?
2356 5268 2473 5325 RIG.
2718 5338 2725 5339 ί
2782 5336 2793 5339 Α
2812 5337 2825 5339 Α
3380 5336 3385 5339 Δ
3668 5276 3675 5280 ·

2108 5338 2184 5413 (g)
2219 5340 2374 5394 Aliud
2403 5338 2745 5413 exorbitatari.
2776 5336 3096 5413 Morigerum
3136 5348 3190 5397 et
3228 5336 3479 5413 rebellem
3520 5341 3636 5398 sive

2033 5408 2431 5481 delinquentcm
2462 5408 2546 5481 his
2574 5410 2814 5476 vocibus,
2847 5408 3149 5475 obiccutori,
3189 5421 3241 5466 et
3281 5412 3632 5479 exmbitatori,

2033 5480 2212 5535 notat.
2234 5480 2508 5537 Vocabulo
2537 5481 2820 5536 exorbitare
2851 5484 3012 5536 utitur
3037 5483 3087 5536 in
3118 5482 3334 5536 Exhort.
3369 5481 3437 5534 at!
3458 5493 3584 5537 rust.
3618 5498 3636 5541 :

2030 5550 2119 5625 qui
2156 5552 2218 5625 tle
2257 5552 2575 5625 monogamia
2600 5551 2873 5625 e_a_:orbitat,_
2914 5562 2968 5606 et
2998 5553 3268 5625 .«ipottti:
3313 5553 3373 5625 Si
3412 5570 3442 5606 η
3490 5553 3639 5609 nullo

2033 5622 2346 5691 desciverunt
2364 5620 2390 5674 .’
2406 5620 2449 5674 si
2472 5624 2522 5676 in
2544 5622 2684 5676 nullo
2701 5620 3130 5677 exorbitaverunt?
3151 5622 3402 5679 Sidonius
3423 5634 3511 5691 cp.
3541 5628 3562 5678 1
3583 5626 3634 5688 l,

2032 5692 2128 5750 lib.
2165 5690 2306 5752 Vill:
2352 5691 2533 5749 Vereor
2572 5693 2863 5766 hujusmodi
2911 5710 2941 5748 a
2986 5694 3249 5750 catholica:
3276 5692 3400 5767 ﬁdei
3442 5690 3634 5769 regulis
