4008 6280
378 299 484 360 505

1802 300 2265 360 TERTULLIANI
2306 346 2307 349 η

3579 304 3688 367 5οι

376 419 579 474 bonum
607 418 777 475 currit
822 418 978 474 bona:
1003 417 1329 482 severitatis,
1359 419 1473 474 sive
1499 417 1598 483 ira,
1630 417 1746 473 sive
1769 418 1988 472 :emula-
2012 420 2214 490 Acum
2260 419 2459 489 pariter
2494 432 2754 489 agnoscas
2799 417 3073 476 hominem
3118 434 3147 474 a
3182 419 3291 476 Deo
3340 418 3582 475 inflatum
3630 422 3687 479 in

376 512 473 580 tio,
500 512 615 568 sive
643 511 865 567 saevitia.
901 510 1086 565 Debita
1105 510 1247 566 enim
1270 511 1450 565 omnia
1480 509 1596 565 haec
1622 517 1752 565 sunt
1778 509 1978 565 severi-

277 643 304 668 κ
377 603 502 659 tatis
532 603 634 675 (l),
661 603 800 659 sicut
826 591 1093 659 severitas
1130 601 1366 658 debitum
1396 611 1482 658 est
1514 601 1757 672 justitiam.
1786 600 1975 657 Vindi-

373 693 544 751 canda
572 694 675 750 erit
705 693 783 766 (9.)
811 696 1110 765 procacitas
1152 695 1327 750 aetatis
1369 693 1747 750 verecundiam
1775 693 1977 750 deben-

374 787 464 843 tis.
487 788 664 859 Atque
685 787 755 842 ita
789 803 894 843 non
929 794 1182 858 poterunt
1211 778 1292 858 ('5)
1316 784 1479 857 judici
1510 784 1825 857 exprobrari
1852 801 1974 856 qua:

367 878 535 950 judici
578 880 834 937 accidunt
875 880 978 951 (4),
1023 879 1262 935 carentia
1326 887 1384 935 et
1425 879 1539 950 ipsa
1591 880 1748 952 culpa
1774 924 1790 945 ,
1833 883 1976 938 sicut

371 981 427 1028 et
457 972 536 1045 (5)
558 971 751 1045 jndex.
795 971 933 1041 Quid
957 972 1137 1039 enim,
1185 972 1232 1027 si
1264 970 1532 1028 medicum
1564 973 1781 1042 quidem
1823 974 1974 1031 dicas

369 1080 492 1121 esse
519 1064 741 1129 debere,
771 1062 1095 1120 ferramenta
1125 1078 1255 1120 vero
1278 1063 1397 1132 ejus
1437 1079 1683 1133 accuses,
1706 1065 1849 1136 quod
1881 1081 1971 1121 se-

367 1166 512 1224 cent,
535 1164 586 1211 et
615 1157 848 1223 inuraut,
879 1163 935 1211 et
952 1165 1250 1226 amputent,
1274 1166 1329 1213 et
1347 1157 1737 1213 constrictent?
1755 1158 1970 1229 quando

365 1249 484 1305 sine
510 1250 1043 1327 instrinrlgntqagis,
1056 1252 1312 1328 medicus
1347 1266 1468 1327 esse
1497 1270 1603 1308 non
1642 1254 1829 1329 possit.
1861 1253 1970 1311 Sed

366 1358 558 1398 accusa
606 1344 745 1401 male
768 1354 1067 1410 secantem,
1115 1345 1422 1415 importune
1461 1357 1852 1417 amputantem,
1885 1357 1965 1402 te-

365 1450 513 1492 mere
540 1436 863 1502 innrente‘m,
890 1447 1048 1508 atque
1073 1437 1145 1494 ita
1174 1437 1496 1494 ferramenta
1513 1453 1728 1511 quoque
1748 1439 1887 1510 ejus,
1911 1448 1969 1496 ιιι

362 1531 503 1587 mala
530 1531 846 1598 ministeria,
877 1532 1235 1603 reprehende.
1267 1532 1501 1588 Proinde
1528 1541 1613 1588 est
1644 1533 1811 1598 etiim,
1841 1549 1965 1589 cum

361 1624 529 1681 Deum
577 1624 791 1695 quidem
828 1624 1062 1694 judicem
1112 1624 1373 1690 admittis,
1403 1638 1500 1680 eos
1542 1639 1669 1680 vero
1705 1635 1882 1681 motus
1910 1634 1966 1682 et

359 1731 572 1779 sensus,
608 1730 704 1786 per
744 1730 884 1784 quos
905 1715 1132 1785 judicat,
1161 1714 1417 1772 destruis.
1448 1715 1611 1771 Deum
1640 1731 1741 1771 nos
1764 1730 1793 1770 ει
1830 1716 1964 1771 Pro-

341 1310 651 1323 ...Ε

672 1316 843 1325 ι...-

1182 1321 1375 1329 un.—

2080 512 2315 567 animam
2343 512 2543 576 vivam,
2572 526 2679 566 non
2711 510 2878 567 Deum
2900 510 2969 568 ab
3005 510 3246 576 homine,
3290 511 3423 577 satis
3456 527 3683 582 pervero

2077 618 2195 660 sum
2219 615 2322 670 σει,
2355 603 2487 659 utin
2532 602 2645 660 Deo
2685 603 2858 674 potius
2891 602 3125 658 humana
3173 602 3495 670 constituas,
3520 618 3721 679 quam;

2079 697 2131 752 in
2161 697 2379 753 homine
2406 695 2621 763 divina;
2655 695 2706 751 in
2735 694 2968 752 hominis
2999 694 3232 767 imagine
3266 694 3433 750 Deum
3477 694 3687 761 imbuas

2076 791 2274 863 potius,
2304 806 2462 861 quam
2504 789 2595 844 Dei
2620 789 2914 845 hominem.
2949 788 3017 843 Et
3046 788 3161 843 ha-c
3189 802 3320 860 ergo
3351 787 3528 858 imago
3555 804 3693 851 cene
3787 802 3793 807 '

2075 883 2242 940 senda
2272 894 2354 940 est
2388 884 2478 938 Dei
2506 883 2559 939 in
2588 882 2826 950 homine,
2855 882 2999 953 quod
3024 884 3244 938 eosdem
3268 890 3447 941 motus
3475 890 3532 938 et
3550 896 3680 937 seu-

2075 993 2167 1033 sus
2197 977 2393 1032 habeat
2415 977 2681 1031 humanus
2709 976 2942 1042 animus,
2971 990 3108 1047 quos
3134 983 3191 1031 et
3218 975 3382 1043 Deus,
3422 974 3546 1032 licet
3576 990 3684 1031 non

2076 1071 2210 1127 tales
2237 1070 2422 1141 quales
2459 1070 2621 1125 Deus.
2654 1069 2759 1125 Pro
2782 1067 3083 1124 substantia
3111 1068 3282 1136 enim,
3314 1079 3370 1125 et
3394 1079 3565 1123 status
3587 1087 3684 1121 eno

2072 1178 2212 1226 rum,
2243 1172 2298 1218 et
2328 1161 2523 1217 'exitus
2574 1159 2795 1217 distant.
2849 1159 3114 1229 Denique,
3164 1159 3467 1215 contrarios
3496 1173 3687 1216 eorum

2071 1269 2286 1319 sensus,
2328 1250 2606 1310 leuitatem
2657 1251 2802 1317 dico,
2846 1248 3184 1321 patientiam,
3230 1249 3681 1315 misericordiam,

2069 1347 2350 1418 ipsamque
2401 1347 2678 1402 matricem
2734 1359 2921 1400 earum
2977 1343 3294 1409 bonitatem,
3352 1340 3450 1399 cur
3499 1343 3682 1399 divina

2026 1482 2042 1497 .
2070 1439 2435 1511 praisumitis?
2482 1439 2593 1496 Nec
2619 1449 2796 1494 tamen
2825 1436 3062 1508 perfecte
3088 1451 3151 1493 ea
3201 1437 3529 1504 obtinemus,
3556 1439 3681 1507 quia

2068 1533 2220 1589 solus
2252 1533 2394 1588 Deus
2427 1531 2713 1603 perfectus.
2756 1530 2830 1586 Ita
2857 1540 2908 1587 et
2937 1530 3053 1586 illas
3072 1531 3304 1601 species.
3328 1532 3421 1587 ira:
3453 1531 3573 1587 dico
3598 1528 3679 1603 (7)

2066 1634 2120 1679 et
2141 1623 2569 1694 exnspemlionis
2598 1618 2707 1696 (8),
2735 1636 2843 1677 non
2875 1632 2981 1675 tam
3015 1620 3242 1678 feliciter
3267 1621 3532 1693 patimur;
3555 1623 3683 1693 quia

2065 1714 2214 1770 solus
2265 1714 2405 1770 Deus
2454 1713 2524 1769 de
2573 1711 3098 1783 incorruptibilitatis
3152 1711 3479 1782 proprietate
3527 1713 3678 1769 felix.

306 1847 333 1868 ο
361 1808 539 1880 phetis
566 1818 621 1865 et
660 1824 690 1862 a
743 1807 980 1872 Christo,
1013 1824 1118 1864 non
1146 1823 1175 1863 a
1208 1806 1565 1878 philosophis,
1598 1821 1700 1865 nec
1740 1808 1810 1865 ab
1847 1808 1974 1880 Epi-
2002 1810 2049 1870 B
2076 1805 2342 1863 Irascetur
2379 1806 2546 1874 enim,
2577 1805 2671 1862 sed
2701 1821 2823 1860 -non
2869 1803 3276 1860 exaeerhabitur
3296 1802 3399 1876 (9),
3435 1805 3529 1861 sed
3567 1821 3679 1862 non

357 1916 511 1967 curo,
535 1901 832 1957 erudimur.
873 1900 975 1968 Qui
1000 1899 1270 1955 credimus
1301 1899 1468 1956 Deum
1497 1901 1658 1956 etiam
1703 1900 1756 1955 in
1801 1901 1960 1956 terris
2063 1899 2452 1972 periclitabitur
2486 1918 2499 1953 :
2530 1898 2853 1985 movebitur,
2885 1896 2982 1953 sed
3021 1912 3127 1952 non
3154 1905 3449 1953 evertetur.
3483 1897 3678 1956 Omnia

357 1995 553 2065 egisse,
582 2002 637 2048 et
662 1992 878 2049 humani
908 1991 1118 2047 habitus
1143 1990 1496 2047 humilitatem
1540 1991 1843 2063 suscepisse
1891 2007 1961 2049 ex
2062 2008 2285 2050 necesse
2303 2002 2387 2049 est
2409 1991 2662 2048 adhibeat
2686 1999 2904 2061 propter
2932 1986 3145 2055 omnia;
3179 1997 3257 2045 tot
3277 2002 3493 2057 sensus,
3539 1997 3674 2060 quot

355 2103 547 2143 caussa
576 2086 824 2142 humana:
861 2087 1070 2154 salutis,
1104 2087 1261 2157 longe
1294 2100 1481 2141 sumus
1507 2101 1538 2141 a
1561 2085 1827 2142 sententia
1865 2100 1959 2141 eo-

355 2197 476 2237 rum
506 2182 594 2253 qui
627 2180 816 2237 nolunt
833 2181 999 2236 Deum
1030 2194 1223 2235 curare
1242 2178 1552 2250 quidquam.
1579 2178 1708 2253 Inde
1727 2177 1957 2234 venitad

356 2273 645 2330 hmretieos
668 2288 883 2344 quoque
908 2271 1151 2328 definitio
1178 2271 1441 2342 ejusmodi
1471 2289 1485 2325 :
1512 2271 1570 2326 Si
1598 2271 1740 2327 Deus
1763 2271 1923 2326 irasci
1939 2302 1955 2312 -

353 2376 462 2433 tur,
490 2374 546 2422 et
565 2365 869 2432 zernulatur,
901 2372 958 2420 ct
978 2363 1275 2430 extollitur,
1309 2371 1365 2418 et
1396 2362 1786 2429 exacerbatur;
1825 2377 1956 2434 ergo

352 2468 408 2513 et
432 2467 828 2527 corrumpetur,
858 2470 990 2527 ergo
1023 2463 1080 2510 et
1105 2455 1385 2510 morietur.
1433 2455 1577 2509 Bene
1604 2464 1782 2510 autem
1811 2455 1955 2525 quod

351 2549 780 2606 Christianorum
806 2557 890 2604 est
909 2590 922 2614 ,
949 2548 1112 2604 etiam
1137 2556 1407 2603 mortuum
1438 2547 1605 2602 Deum
1630 2547 1873 2612 credere,
1899 2556 1954 2602 ct

350 2654 529 2699 tamen
577 2642 845 2698 viventem
875 2643 931 2697 in
959 2656 1082 2697 :evo
1108 2656 1368 2697 :evorum.
1383 2640 1701 2713 §t_ultissimi
1719 2680 1736 2712 ι
1765 2639 1855 2711 qui
1885 2639 1955 2695 de

349 2730 1191 2815 Mﬂs‘div—inﬂrmjudicant
1236 2733 1341 2805 (6),
1390 2744 1448 2789 ut
1484 2734 1736 2805 quoniam
1765 2733 1818 2788 in
1852 2733 1952 2789 lio-

350 2829 498 2886 mine
548 2828 901 2898 corruptoriae
948 2826 1275 2883 conditionis
1332 2825 1597 2882 habentur
1644 2824 1952 2896 hujusmodi

349 2921 649 2993 passiones,
676 2901 879 2975 idcirco
907 2928 961 2975 et
988 2919 1042 2974 in
1095 2918 1207 2974 Deo
1253 2917 1497 2988 ejusdem
1546 2925 1715 2972 status
1763 2917 1951 2972 existi-

348 3025 582 3072 utentur.
641 3014 897 3069 Discerne
945 3011 1292 3077 substantias,
1322 3020 1377 3066 et
1406 3024 1533 3066 suos
1562 3011 1642 3066 eis
1689 3010 1952 3065 distrihue

349 3122 562 3174 sensus,
596 3116 703 3161 tam
728 3105 993 3172 diversos,
1026 3119 1187 3174 quam
1212 3103 1529 3159 substantia:
1555 3103 1797 3174 exigunt,
1826 3102 1954 3159 licet

311 2803 501 2814 W

2059 2098 2115 2144 et
2141 2102 2393 2143 caussas:
2427 2094 2481 2142 et
2508 2087 2643 2141 iram
2675 2093 2893 2156 propter
2940 2082 3223 2148 scelestos,
3252 2092 3308 2139 et
3349 2082 3511 2139 bilem
3553 2098 3683 2153 pro-

2064 2188 2183 2253 pter
2213 2181 2471 2250 ingratos,
2517 2187 2572 2235 et
2600 2176 2999 2233 inmolationem
3054 2184 3274 2245 propter
3302 2174 3587 2246 superbos,
3620 2184 3683 2230 et

2057 2271 2310 2344 quiequid
2359 2285 2468 2327 non
2516 2269 2736 2341 expedit
2775 2268 2954 2324 malis.
3012 2266 3104 2324 Sic
3142 2277 3197 2322 et
3249 2264 3678 2323 misericordiam

2060 2373 2280 2437 prapter
2300 2373 2569 2428 errantes,
2600 2371 2655 2417 et
2703 2360 3015 2431 patientiam
3060 2368 3279 2431 propter
3308 2375 3416 2415 non
3455 2360 3681 2430 resipis-

2057 2469 2266 2527 centes,
2294 2467 2349 2514 et
2375 2456 2741 2528 praestantiam
2769 2465 2988 2526 pr0ptcr
3017 2463 3286 2511 merentes
3316 2452 3411 2527 (b),
3440 2467 3496 2510 et
3516 2453 3680 2524 quid-

2056 2550 2185 2621 quid
2218 2550 2370 2604 bonis
2394 2564 2532 2619 opus
2571 2557 2673 2605 est.
2707 2548 2840 2616 Qua:
2879 2547 3061 2603 omnia
3106 2547 3308 2619 patitur
3353 2562 3454 2603 suo
3492 2563 3674 2626 more,

2057 2658 2164 2715 quo
2184 2656 2306 2698 eam
2356 2643 2461 2713 pati
2511 2641 2796 2708 condecet,
2823 2651 3044 2713 prepter
3068 2656 3229 2713 quem
3269 2639 3433 2699 homo
3479 2639 3678 2699 eadem

2060 2736 2284 2813 patitur,
2315 2751 2468 2808 teque
2495 2751 2594 2792 suo
2621 2751 2794 2791 more.

2631 2827 2713 2884 CA
2724 2825 2858 2884 PUT
2932 2824 3097 2883 XVII.

2130 2922 2256 2977 Hmc
2300 2920 2478 2992 itaque
2517 2919 2776 2999 .dispecta
2831 2929 3000 2976 totum
3036 2918 3283 2976 ordinem
3324 2919 3417 2976 Dei
3469 2918 3674 2991 judicis

2055 3016 2387 3086 operarium,
2426 3027 2478 3071 et
2522 3014 2604 3087 (ut
2628 3006 2841 3086 dignius
2872 3014 3131 3084 dixerim)
3183 3022 3543 3085 protectorem
3574 3032 3673 3070 ca-

2054 3107 2270 3163 tholica:
2293 3116 2590 3163 etsumina:
2609 3105 2751 3160 illius
2778 3105 3034 3161 bonitatis
3056 3103 3130 3180 (ο)
3151 3105 3444 3162 ostendunt
3465 3124 3480 3160 :
3503 3123 3671 3179 quam

349 3200 627 3260 vocabulis
654 3198 1056 3255 communicare
1083 3196 1384 3252 videantur.
1416 3194 1548 3251 Nam
1571 3206 1627 3252 et
1645 3195 1945 3263 dexteram,
1975 3197 2021 3262 C
2054 3208 2313 3256 semotam
2367 3214 2398 3253 a
2444 3198 2726 3269 judicariis
2766 3197 3038 3266 sensibus,
3077 3207 3133 3254 et
3173 3198 3226 3253 iu
3264 3213 3365 3254 suo
3395 3206 3535 3253 statu
3571 3215 3673 3270 pu-

348 3305 404 3351 et
430 3293 615 3351 oculos
643 3289 743 3365 (a),
776 3302 831 3348 et
875 3290 1042 3363 pedes
1071 3290 1163 3347 Dei
1206 3290 1455 3362 legimus,
1487 3304 1587 3346 nec
1617 3289 1739 3345 ideo
1766 3301 1942 3345 tamen

349 3386 601 3442 humanis
643 3384 1115 3456 comparabuntur,
1173 3381 1297 3452 quia
1324 3380 1394 3439 de
1447 3380 1811 3452 appellatione
1857 3397 1946 3437 so-

350 3482 584 3537 ciantur.
635 3478 843 3547 Quanta
897 3478 1003 3533 erit
1048 3475 1331 3531 diversitas
1372 3474 1538 3529 divini
1593 3474 1836 3544 corporis
1890 3482 1946 3529 ct

346 3573 591 3640 humani,
618 3572 720 3629 sub
770 3570 974 3626 eisdem
1016 3567 1323 3625 nominibus
1375 3566 1764 3634 membrorum,
1800 3574 1944 3621 tanta

347 3668 452 3723 erit
475 3675 530 3722 et
553 3664 716 3720 animi
745 3663 911 3719 divini
933 3669 991 3717 et
1030 3659 1245 3715 humani
1267 3646 1590 3723 dilfereutia,
1618 3658 1719 3714 sub
1737 3658 1940 3714 eisdem

288 3733 312 3795 τ
348 3764 475 3819 licet
502 3758 776 3816 vocabulis
805 3768 1080 3821 sensuum,
1113 3767 1249 3824 quos
1293 3761 1398 3806 tam
1428 3752 1794 3821 corruptorios
1824 3750 1943 3806 effi-

349 3855 425 3911 cit
467 3854 522 3910 iu
575 3850 794 3906 homine
842 3843 1260 3918 corruptibilitas
1312 3843 1626 3899 substantia:
1673 3842 1943 3913 humanm,

349 3962 509 4019 quam
556 3939 982 4011 incorruptorios
1011 3938 1066 3994 in
1109 3937 1221 3993 Deo
1263 3934 1431 3992 efﬁcit
1474 3934 1948 4003 incorruptibilitas

351 4035 666 4094 substantiae
687 4032 904 4088 divinae.
931 4030 1093 4086 Certe
1132 4029 1297 4084 Deum
1327 4026 1600 4083 conﬁteris
1624 4027 1949 4083 creatorem?

350 4130 532 4194 Certe,
580 4125 777 4196 inquis.
824 4120 1105 4189 Quomodo
1151 4118 1358 4190 ergo'in
1392 4119 1502 4174 Deo
1529 4118 1816 4175 humanum
1844 4120 1945 4174 ali-

349 4220 478 4290 quid
505 4217 803 4282 existimas,
831 4222 888 4271 ct
924 4229 1030 4268 non
1071 4212 1310 4267 divinum
1338 4213 1538 4267 omne?
1579 4212 1748 4280 Quem
1778 4213 1947 4268 Deum

351 4327 459 4368 non
488 4324 672 4382 negas,
697 4306 971 4364 conliteris
996 4319 1101 4361 non
1132 4304 1445 4359 humanum.
1476 4305 1751 4376 Siquidem
1779 4306 1947 4362 Deum

350 4401 679 4468 confitendo,
709 4397 1066 4470 prmjudicasti
1093 4396 1278 4465 utique
1307 4395 1456 4452 illum
1485 4397 1553 4453 ab
1585 4398 1730 4452 omni
1763 4398 1948 4454 huma—

349 4512 543 4555 narum
608 4491 976 4550 conditionum
1045 4472 1304 4562 qualitate
1380 4486 1675 4559 diversum.
1755 4491 1946 4560 Porro,

2052 3307 2167 3349 ram
2210 3293 2398 3347 uolunt
2441 3290 2773 3347 Marcionita:
2827 3290 2884 3346 in
2928 3290 3119 3359 eodem
3176 3289 3288 3347 Deo
3341 3306 3666 3362 agnosrere,

2054 3384 2325 3455 pluentem
2371 3398 2534 3454 super
2558 3384 2729 3440 bonos
2758 3391 2813 3438 et
2843 3383 3032 3450 malus,
3067 3391 3124 3439 et
3149 3384 3325 3439 solem
3347 3399 3503 3439 suum
3530 3378 3669 3440 oriri

2055 3477 2337 3533 facientem
2368 3474 2483 3549 (10)
2505 3493 2666 3548 super
2682 3478 2856 3548 justus
2875 3486 2931 3534 et
2951 3476 3177 3548 iniustos
3200 3476 3440 3549 (Mane,
3459 3477 3521 3542 V,
3537 3479 3633 3550 45)
3647 3495 3668 3534 :

2051 3569 2195 3641 quod
2223 3569 2359 3624 alius
2410 3568 2554 3624 Deus
2581 3569 2803 3635 cumino
2831 3583 2938 3625 non
2971 3577 3210 3639 praestat.
3256 3567 3387 3624 Nam
3428 3570 3528 3625 etsi
3562 3570 3670 3625 hoc

2052 3675 2265 3731 quoque
2293 3660 2658 3716 testimonium
2682 3660 2879 3717 Christi
2905 3661 2958 3716 in
2990 3658 3305 3717 Creatorem
3337 3660 3573 3717 Marcion
3597 3661 3672 3720 de
3699 3683 3723 3705 η

2053 3752 2346 3823 Evangelii)
2397 3752 2622 3808 eradere
2651 3767 2814 3807 ausus
2858 3760 2962 3821 est,
3008 3749 3103 3807 sed
3146 3752 3263 3823 ipse
3308 3752 3544 3808 mundus
3576 3756 3668 3808 in-

2052 3844 2285 3914 scriptus
2329 3851 2413 3898 est
2460 3842 2563 3916 (ά),
2594 3850 2651 3899 et
2697 3842 2842 3898 omni
2881 3856 2912 3897 a
2966 3842 3296 3898 conscientia
3344 3842 3576 3914 legitur;
3609 3854 3671 3901 et

2054 3937 2156 3992 erit
2209 3935 2324 3992 haec
2375 3936 2485 4006 ipsa
2536 3935 2791 4004 patientia
2846 3935 3106 3991 creatoris
3146 3935 3197 3990 iu
3231 3932 3492 4009 judicium
3541 3933 3667 4009 (ll)

2051 4029 2335 4085 Marcionis
2361 4047 2373 4083 :
2400 4028 2487 4083 illa
2531 4027 2810 4098 patientia,
2840 4044 2960 4100 qua:
2985 4029 3667 4107 exspectatpmniteutiam

2054 4123 2231 4196 potius
2264 4121 2577 4193 peccatoris,
2608 4135 2771 4191 quam
2798 4131 3027 4176 mortem
3055 4138 3070 4188 ;
3098 4132 3155 4176 et
3196 4120 3397 4176 mavult
3443 4120 3667 4177 miseri-

2053 4215 2313 4277 cordiatn,
2365 4227 2523 4284 quam
2570 4211 2893 4268 sacrificium
2951 4212 3094 4284 (03.,
3136 4210 3218 4276 Vl,
3253 4209 3341 4281 6);
3408 4223 3669 4270 avertens

2048 4308 2160 4379 jam
2178 4305 2500 4362 destinatum
2519 4305 2741 4361 exitium
2767 4303 3120 4372 Ninivitis,,et
3155 4305 3387 4376 largiens
3424 4304 3670 4377 Spatiuui

2054 4402 2179 4457 vitae
2228 4400 2476 4457 Ezechiae
2515 4400 2787 4473 lacryinis,
2815 4406 2871 4457 et
2914 4400 3205 4457 restituens
3256 4408 3454 4455 statum
3504 4401 3665 4470 regni

2055 4492 2343 4565 Babylonis
2388 4500 2616 4564 tyranno
2670 4490 3040 4563 pmnitentiam
3083 4488 3202 4564 (12)
3255 4488 3459 4549 functo.
3505 4488 3667 4547 Illam

1583 4602 1876 4662 LECTION
1883 4605 1958 4667 ES
1999 4607 2088 4665 VA
2096 4604 2411 4663 RIANTES.

437 4723 484 4783 1)
508 4718 773 4772 Severitati
796 4714 903 4783 Εἰς.

435 4785 487 4849 '2)
512 4785 628 4849 Erat
650 4789 763 4831 Jun.
845 4837 875 4849 η

437 4726 457 4776 ι
508 4726 903 4783 Severitatimg.

435 4790 464 4836 '2
512 4785 628 4835 Erat
650 4789 763 4831 Jun.

411 4726 489 4914 Li
512 4837 911 4914 Potueruntglii.

437 4898 487 4960 li
511 4905 763 4959 Accedunt
786 4906 955 4957 Venet.
979 4898 1130 4955 Seml.

437 4916 467 4960 4
511 4916 763 4959 Accedunt
791 4916 955 4957 vena.
979 4916 1130 4955 senii.

413 4916 487 5100 35f
512 4971 575 5023 Et
596 4963 726 5043 negl.
747 4962 925 5036 δοκι..

433 5036 465 5086 ϐ
509 5031 781 5087 Ρτωύιοειιι
801 5031 967 5082 Pam.
993 5034 1143 5078 nat.

1975 4727 2030 4787 D

2140 4778 2192 4831 Si
2216 4778 2631 4831 Exasnerationes
2644 4778 2713 4831 id.

2138 4840 2190 4896 9)
2215 4840 2537 4894 Αἰιιιιιῖςιὺὶιιιι·
2554 4840 2704 4894 inseri
2725 4840 2826 4895 uult
2840 4851 2955 4896 Jun.

2138 4846 2190 4906 9)
2215 4846 2537 4917 IEmulabitur
2554 4846 2708 4917 insert"
2725 4846 2955 4916 uultgun.

2114 4846 2133 5025 ἓ
2142 4906 2157 4954 l
2168 4905 2218 5025 οἲ
2242 4904 2499 4978 Plitentt...
2516 4903 2713 4973 facienti
2727 4918 2901 4971 comic.
2916 4908 3049 4961 Sent.

2140 4967 2186 5016 ll
2242 4965 2474 5016 Indietum
2491 4969 2659 5018 Part8.

2140 4965 2215 5018 lli
2242 4965 2474 5016 Indicium
2491 4965 2659 5018 Paris.

2119 5028 2224 5093 (l2)
2253 5028 2548 5081 Poenitentia
2564 5029 2717 5083 Santi.

2138 4717 2165 4768 7
2218 4716 2438 4769 Praedico
2456 4730 2546 4782 pro
2567 4717 2654 4767 ira:
2674 4718 2787 4770 dico
2808 4718 2960 4772 Seml.
2982 4719 3225 4774 utendose.

2140 4786 2170 4830 8
2216 4779 2346 4831 Exas
2380 4780 2631 4831 erationes
2644 4778 2713 4831 id.

2138 4720 2192 4906 9;
2215 4794 2540 4906 Einuliahitur
2554 4840 2704 4894 inseri
2725 4840 2826 4895 uult
2840 4851 2955 4906 Jun.

1709 5136 2267 5196 COMMENTARIUS.

418 5256 574 5313 CAP.
600 5251 736 5308 XVI.
754 5281 824 5291 ——
842 5248 916 5321 (a)
946 5246 1083 5321 Nunt
1108 5253 1157 5321 et
1174 5243 1434 5321 dexteram
1460 5250 1507 5321 et
1527 5245 1720 5321 oculos.
1748 5246 1808 5321 Β.
1836 5250 1947 5321 Au.

348 5330 592 5401 gustinus
614 5325 707 5379 lib.
736 5323 801 5401 de
819 5313 1089 5401 micantia
1120 5316 1214 5401 Dei
1244 5315 1311 5401 ad
1334 5313 1658 5401 Dardanio»,
1686 5316 1943 5401 latissime

351 5384 543 5457 tractat
571 5384 841 5467 quomodo
875 5391 985 5447 Deo
1012 5388 1376 5467 attribuuntur
1398 5384 1597 5467 dextra,
1621 5388 1757 5441 oculi
1785 5397 1832 5442 et
1853 5404 1940 5467 pe:
1968 5414 1975 5421 ο

351 5454 460 5528 des.
474 5454 782 5537 Scri'pturas
793 5471 995 5537 autem,
1017 5458 1301 5537 exquibus
1318 5456 1368 5510 id
1383 5454 1725 5537 desumptum
1745 5454 1938 5537 est,ad

348 5525 644 5613 marginem
673 5525 1079 5613 annotavi-mus“.
1115 5525 1213 5613 Est
1250 5525 1505 5613 ejusdem
1527 5525 1824 5613 argumenti
1873 5530 1937 5585 li-

347 5595 686 5669 her—vincerti
739 5604 994 5665 auctoris,
1048 5595 1296 5655 fortassis
1333 5595 1744 5656 Rhabaniinter
1775 5615 1939 5670 opera

346 5682 411 5738 Β,
437 5675 749 5749 Hieronymi
787 5685 917 5749 tom.
950 5671 1041 5728 ιγ.
1070 5671 1207 5726 Plut.
1432 5746 1441 5749 Α
1576 5739 1611 5749 Α
1799 5738 1810 5749 _

418 5753 498 5827 (b)
530 5751 600 5807 Et
620 5739 966 5820 pronuntiant
1004 5751 1214 5815 propter
1250 5746 1515 5794 meream.
1570 5739 1684 5809 Qua
1736 5739 1943 5798 scilicet

2053 5256 2272 5318 priestat
2311 5251 2530 5321 prmmia
2552 5250 2637 5307 vel
2663 5253 2941 5321 supplicia.
2966 5254 3088 5313 RIG.

2053 5390 2082 5404 μ
2119 5316 2272 5404 ϐῥιξε
2304 5320 2464 5404 libV“.
2486 5351 2559 5404 -_-
2585 5320 2661 5404 (c)
2684 5322 2963 5404 Catholica
2985 5336 3030 5404 et
3054 5323 3417 5404 suntnnzillim
3444 5322 3665 5381 barritu-

2045 5390 2129 5442 tia.
2156 5386 2490 5466 Catholicam
2511 5386 2803 5449 bonitatem
2828 5398 3043 5465 proprie
3063 5397 3279 5466 accipit,
3305 5408 3404 5464 pro
3431 5409 3495 5448 ea
3525 5412 3662 5465 qua:

2080 5474 2140 5539 er
2170 5469 2338 5539 totum
2367 5463 2552 5539 orb_otn
2579 5463 2841 5539 terrarum
2868 5463 3059 5524 diﬂ'tIsa
3076 5463 3275 5533 est,'de
3291 5463 3398 5537 quo
3418 5463 3657 5525 nomine

2063 5531 2204 5605 alius
2231 5530 2336 5605 lib.
2358 5532 2420 5605 de
2439 5531 2739 5605 Prien-tripl.
2768 5534 2907 5592 ΡΑιι.
3165 5530 3172 5533 ’
3310 5530 3326 5537 ’
3702 5602 3705 5605 λ

2116 5600 2198 5671 (d)
2229 5602 2337 5679 sed
2363 5604 2475 5679 ipse
2502 5600 2722 5679 mandit:
2745 5608 3021 5679 inscriptus
3047 5616 3139 5665 cal.
3165 5605 3437 5679 Catholica
3476 5606 3572 5679 illa
3598 5619 3662 5666 et

2044 5685 2251 5729 summa
2286 5673 2376 5730 Dei
2423 5674 2633 5732 bonitas
2681 5673 2938 5749 inscripta
2965 5688 3049 5738 est
3088 5680 3143 5737 iu
3191 5676 3378 5804 nll‘lllgdi
3420 5676 3659 5738 tabulis.
