4008 6280
1519 117 1550 146 ν

310 325 420 388 303

1442 318 1571 377 LIB.
1611 320 1654 376 II
1697 317 2059 377 ADVERSUS
2095 317 2515 374 MARCIONEII.

3520 315 3630 374 506

317 451 433 507 (lien
452 445 1039 517 misericordiam,qn:c
1056 443 1285 501 etlilinm
1307 443 1913 512 Saulistnoriturum(u)
1944 443 1992 500 Λ
2024 449 2274 506 terretur,
2306 451 2359 496 et
2398 440 2567 511 prima
2593 438 2874 505 deterrita,
2921 452 3021 494 nec
3063 435 3299 494 secunda
3331 438 3627 493 committi-

316 557 379 598 cx
423 541 725 595 devotione
765 538 958 608 popqu
995 538 1260 592 concessit
1291 555 1305 593 :
1335 547 1390 591 et
1432 536 1618 598 David,
1646 536 1839 591 delicta
1869 538 1920 588 in

317 634 538 698 domum
575 631 720 688 Urire
745 629 1071 695 confessum,
1115 631 1268 684 venia
1319 630 1558 684 liberavit
1593 647 1606 683 :
1655 639 1708 682 ct
1749 627 1920 696 ἰρςιιιιι

2028 547 2134 603 tur,
2158 554 2260 607 qua
2295 537 2373 608 (4)
2403 547 2455 592 et
2482 538 2612 591 alias
2634 535 3011 592 faciliortimor
3028 533 3240 589 talionis
3264 549 3357 602 per
3376 532 3624 588 eumdem

2025 644 2269 698 saporem
2307 629 2586 698 passionis.
2616 628 3024 703 ELIIILQIMIIS
3054 641 3214 701 guam
3236 626 3464 701 idipsum
3494 627 3626 701 pati,
3702 676 3728 702 Ἀ

319 723 480 780 Israel
517 727 684 778 toties
711 719 958 785 restituit,
991 722 1201 789 quoties
1225 721 1523 790 judicavit;
1572 720 1729 775 toties
1786 721 1924 775 reio-
2025 721 2167 796 quod
2201 719 2390 776 feceris
2429 721 2565 775 aliis.
2620 721 2684 774 Et
2711 720 2754 772 si
2801 719 2884 772 lex
2913 718 3113 789 aliquid
3140 718 3274 772 cibis
3296 716 3549 782 detrahit,
3574 727 3629 771 et

317 815 412 878 vit,
441 815 658 882 «proties
702 824 758 868 et
787 813 1069 879 increpuit.
1119 810 1232 866 Non
1284 814 1456 866 solum
1489 811 1648 882 igitur
1685 811 1922 881 judicent

317 905 622 975 aspiciens,
680 913 992 959 convertere
1043 914 1096 958 et
1147 903 1214 958 ad
1263 904 1448 972 optimi
1504 897 1770 972 exetnpla.
1816 903 1922 956 No-

317 1007 438 1054 tans
495 996 577 1070 (l)
617 1011 740 1052 cum
805 996 1116 1061 ulciscitur,
1173 995 1458 1052 considera
1501 1011 1623 1051 cum
1665 995 1922 1066 indulget.

326 1091 584 1162 Iicpeude
622 1091 918 1146 austeritati
953 1089 1228 1146 lenitatem
1262 1107 1275 1144 :
1309 1105 1430 1144 cum
1465 1098 1750 1160 utrumque
1799 1104 1925 1144 con-

317 1187 534 1240 veneris
565 1186 616 1239 in
650 1182 935 1249 Creatore,
979 1182 1219 1238 invenies
1249 1182 1301 1236 in
1328 1196 1394 1236 eo
1433 1192 1486 1237 et
1514 1181 1673 1247 illud,
1710 1190 1926 1252 propter

316 1278 456 1348 quod
490 1277 719 1331 alterum
747 1276 909 1329 Deum
932 1274 1130 1331 credis.
1155 1273 1285 1329 Veni
1314 1274 1545 1345 denique
1567 1274 1631 1328 ad
1661 1280 1925 1345 inspecta-

315 1371 518 1424 tionem
567 1367 962 1432 doctrinarum,
1013 1365 1455 1436 disciplinarum,
1508 1374 1922 1437 praeceptorum,

312 1462 771 1530 consiliorumque
792 1459 927 1530 ejus.
946 1458 1100 1513 Dices
1133 1458 1377 1519 forsitan.
1405 1458 1520 1512 hrce
1550 1459 1709 1514 etiam
1735 1459 1925 1512 huma-

314 1553 396 1608 nis
419 1552 627 1623 legibus
645 1551 1014 1607 determinari.
1042 1549 1147 1605 Sed
1175 1559 1300 1605 ante
1328 1549 1599 1621 Lycurgos
1621 1559 1674 1604 et
1698 1549 1926 1606 Solonas

313 1661 527 1710 omnes,
561 1645 738 1700 Moses
765 1654 818 1699 et
847 1643 1010 1699 Deus.
1063 1642 1216 1719 lSulla
1261 1643 1548 1718 posteritas
1587 1657 1694 1696 non
1743 1645 1928 1717 θέω

252 1777 270 1805 ,
313 1737 540 1794 mordtis
564 1735 778 1816 accipit.
807 1734 1009 1789 Tamen
1041 1750 1197 1790 nona
1227 1743 1319 1789 tuo
1352 1735 1463 1790 Deo
1493 1733 1678 1789 didicit
1699 1734 1926 1790 Creator

2027 813 2296 867 immunda
2329 813 2634 883 pronuntiat
2675 810 2924 866 animalia
2976 826 3095 880 qua:
3135 809 3418 880 aliquando
3458 809 3624 865 bene-

2026 905 2162 960 dit'lzt
2195 905 2634 970 sunt,consiliutn
2663 903 2980 960 exercenda:
3001 903 3342 959 continentia:
3366 904 3622 974 intellige,

2026 1011 2080 1057 et
2118 1000 2313 1056 I'r:enos
2350 999 2629 1070 impositos
2660 999 2733 1054 illi
2759 997 2896 1069 gula:
2931 1011 3164 1069 agnosce
3191 1039 3206 1062 ,
3236 1012 3358 1068 qum
3385 1010 3506 1050 cum
3538 1012 3629 1066 pa—

2027 1109 2148 1150 nem
2179 1092 2361 1149 ederet
2387 1093 2720 1162 angelorum,
2743 1097 3061 1146 cuctuueres
3087 1097 3141 1145 et
3171 1079 3406 1159 pepones
3425 1087 3626 1159 Egyp-

2027 1186 2220 1239 tiorutn
2264 1182 2622 1238 desiderabat.
2667 1185 2913 1252 Agnosco
2960 1181 3119 1236 simul
3165 1179 3310 1252 ct(c)
3342 1181 3625 1236 comitibus

2026 1280 2183 1349 gula‘,
2209 1278 2410 1334 libidini
2444 1277 2644 1332 scilicet
2675 1287 2834 1346 atque
2863 1275 3088 1331 luxuria:
3113 1260 3473 1348 prospectum,
3507 1291 3626 1344 qua:

2029 1373 2143 1429 fere
2193 1371 2398 1426 ventris
2447 1370 2800 1440 castigatione
2857 1368 3164 1438 frigescunt.
3226 1366 3628 1422 Manducaverat

2027 1466 2160 1520 enim
2201 1464 2424 1535 populus
2451 1471 2497 1516 et
2522 1462 2712 1516 biberat
2737 1503 2752 1524 ,
2800 1470 2844 1514 et
2893 1469 3182 1515 surrexerat
3211 1460 3386 1514 ludere
3427 1457 3624 1532 (Exod.

2030 1556 2248 1623 XXXII,
2283 1555 2362 1628 6).
2394 1554 2643 1620 Proinde,
2685 1563 2742 1607 ut
2780 1561 2836 1608 et
2875 1553 3111 1622 pecuniae
3135 1551 3294 1606 ardor
3324 1551 3624 1622 reStingue-

2030 1653 2178 1707 retur
2199 1651 2279 1722 (5}
2308 1666 2371 1704 es
2399 1659 2566 1719 parte,
2594 1664 2695 1720 qua
2713 1647 2780 1703 de
2797 1646 2967 1701 victus
2989 1645 3308 1701 necessitate
3324 1655 3623 1711 caussatur,

2030 1745 2386 1815 pretiosorum
2413 1741 2652 1797 ciborum
2683 1739 2906 1794 ambitio
2930 1739 3166 1794 detracta
3189 1746 3272 1793 est
3293 1755 3306 1792 :
3333 1747 3626 1808 postremo.

313 1845 467 1885 meus
500 1828 856 1898 pratscrihcre
882 1825 966 1896 (9.)
997 1843 1011 1879 :
1047 1824 1167 1880 Non
1185 1827 1420 1890 occides;
1454 1843 1556 1879 non
1582 1826 1924 1891 adulterabis;

2042 1845 2090 1891 ut
2110 1837 2311 1891 facilius
2334 1834 2496 1889 homo
2522 1834 2586 1888 ad
2607 1833 2956 1904 jejunandum
2981 1833 3089 1888 Deo
3118 1835 3459 1898 formaretnr,
3495 1849 3627 1902 pan-

315 1939 416 1978 non
452 1921 745 1994 (umbem;
773 1936 875 1973 non
905 1919 1094 1988 falsum
1122 1919 1460 1973 testimonium
1488 1917 1656 1986 dices;
1697 1920 1918 1972 alienum

310 2032 409 2070 non
466 2014 796 2082 concupisces
821 2027 841 2077 ,°
865 2012 1062 2066 honora
1100 2019 1295 2081 patrem
1321 2021 1368 2064 et
1397 2019 1644 2077 matrem;
1668 2019 1753 2065 et:
1800 2011 1924 2065 dili-

309 2127 396 2182 ges
423 2109 720 2179 proximum
751 2115 971 2160 lustrant
1018 2105 1356 2176 temetipsum.
1393 2105 1472 2160 Ad
1517 2104 1630 2160 hmo
1661 2105 1919 2159 innocen-

311 2203 413 2268 tim,
451 2200 751 2274 pudicitiai,
775 2208 828 2254 et
845 2199 1091 2270 justitite,
1123 2207 1176 2253 et
1207 2199 1420 2267 pietatis
1451 2199 1766 2270 principalia
1793 2215 1922 2255 con.

243 2310 284 2335 ιο
307 2295 446 2351 sulta
468 2336 484 2359 ,
521 2291 790 2348 accedunt
823 2291 984 2346 etiam
1013 2290 1359 2346 humanitatis
1392 2292 1700 2362 prtcscripta
1734 2309 1748 2348 :
1795 2307 1919 2346 cum

307 2388 546 2454 septimo
592 2399 810 2456 quoque
858 2398 1001 2438 anno
1059 2384 1273 2438 servitia
1341 2383 1587 2438 libertate
1642 2384 1924 2439 solvuntur

307 2476 524 2550 (Levit.,
563 2474 769 2546 XXV);
801 2489 922 2530 cum
954 2474 1146 2530 eodem
1199 2485 1441 2544 tempore
1480 2490 1613 2544 agro
1663 2478 1920 2546 parcitur,

308 2571 497 2641 egenis
519 2567 769 2624 cedendo
796 2569 970 2624 locum
993 2585 1008 2635 ;
1037 2567 1158 2623 bovi
1187 2569 1348 2624 etiam
1375 2570 1568 2624 terenti
1585 2569 1796 2625 vincula
1813 2572 1922 2626 oris

305 2663 663 2719 remittuntur
691 2659 759 2714 ad
792 2659 1023 2716 fructum
1069 2660 1356 2731 priesentis
1395 2660 1614 2728 laboris,
1645 2677 1752 2732 quo
1788 2663 1920 2718 faci-

305 2757 407 2812 lius
438 2757 491 2810 in
523 2752 821 2824 pecudibus
853 2752 1218 2824 priemeditata
1247 2753 1550 2810 humanitas
1571 2755 1622 2810 in
1646 2755 1920 2810 hominum

305 2847 593 2920 refrigeria
635 2845 959 2903 erudiretur.

887 2939 1118 3000 CAPUT
1161 2941 1348 2998 XVIII.

372 3057 483 3114 Sed
545 3071 667 3128 qua:
695 3057 871 3129 potius
909 3057 1043 3128 legis
1071 3057 1211 3112 bona
1251 3054 1558 3124 defendam,
1607 3071 1768 3129 quam
1801 3073 1921 3128 qua:

303 3152 540 3209 hmresis
571 3154 866 3226 concupiit,
895 3162 953 3210 ut
1002 3153 1216 3210 talionis
1264 3151 1654 3219 definitionem,
1705 3153 1920 3208 oculum

303 3264 403 3320 pro
424 3249 616 3315 oculo,
646 3249 861 3304 dentem
909 3264 1006 3317 pro
1035 3248 1217 3315 dente,
1259 3257 1314 3304 et
1351 3247 1572 3303 livorem
1619 3263 1716 3318 pro
1761 3248 1927 3303 livore
1952 3229 1999 3292 Ο

303 3343 616 3414 repetentis
641 3339 868 3409 (Exod,
891 3341 1038 3408 XXI,
1074 3342 1211 3412 ειη
1250 3341 1366 3397 Νοιι
1395 3343 1536 3397 enim
1571 3343 1777 3412 injuria:
1805 3359 1919 3397 mu-

304 3445 398 3490 tuo
443 3433 774 3490 exercendze
821 3435 1091 3490 licentiam
1133 3435 1292 3504 sapit,
1326 3433 1419 3489 sed
1480 3435 1530 3488 in
1579 3444 1746 3489 totum
1781 3435 1930 3490 cohi-

303 3527 504 3585 benda:
546 3526 821 3583 violentiae
861 3528 1145 3598 prospicit,
1175 3537 1232 3582 ut
1256 3528 1378 3599 quia
1407 3527 1696 3582 durissimo
1721 3538 1774 3584 et
1806 3530 1926 3583 inli-

303 3621 412 3679 dcli
450 3625 506 3678 in
547 3623 660 3678 lico
691 3622 890 3692 populo
917 3622 1156 3693 longum,
1185 3622 1266 3676 vel
1313 3623 1474 3677 etiam
1510 3622 1819 3678 incredibile
1847 3624 1929 3678 vi-

304 3714 468 3770 detur
491 3729 522 3769 a
546 3714 660 3768 Deo
683 3722 998 3786 exspectare
1019 3713 1296 3769 defensam
1320 3714 1418 3783 (b),
1449 3713 1760 3768 edicendam
1785 3724 1937 3784 post-

304 3822 368 3864 ea
423 3821 530 3877 per
585 3805 956 3876 Prophetam:
1001 3805 1132 3859 Mihi
1181 3807 1465 3876 defensam,
1515 3815 1561 3859 et
1608 3821 1700 3874 ego
1753 3807 1932 3875 defen-

307 3903 450 3965 dam,
481 3901 613 3956 dicit
639 3898 889 3954 Dominus
921 3899 1179 3974 (Deuter.,
1213 3897 1425 3964 XXXII,
1475 3899 1578 3964 35;
1611 3900 1786 3967 Rom.,
1818 3899 1929 3967 XII,

307 3994 403 4067 19)
435 4014 450 4050 :
482 3992 706 4048 interim
728 3993 1037 4047 commissio
1062 3991 1270 4063 injuria:
1297 4002 1440 4048 metu
1475 3993 1604 4047 vicis
1628 3995 1808 4048 statim
1837 4008 1930 4048 oc—

306 4102 564 4143 cursum
635 4086 1089 4158 repastinaretur,
1160 4093 1217 4140 et
1286 4085 1500 4158 licentia
1567 4087 1933 4142 retributionis

309 4180 624 4254 prohibitio
690 4189 835 4236 esset
873 4180 1328 4256 provocationis;
1383 4189 1441 4236 ut
1493 4180 1572 4236 sic
1620 4181 1934 4252 improbitas

310 4285 495 4334 astuta
538 4277 623 4348 (3)
663 4285 922 4346 cessaret,
963 4265 1112 4346 dum,
1140 4277 1378 4336 secunda
1429 4280 1713 4349 permissa,
1759 4280 1931 4348 prima

231 4365 258 4377 ε

377 4502 459 4566 (Ι)
485 4502 620 4555 Nota
641 4498 800 4566 Paris.
820 4509 971 4554 Han.

485 4502 620 4555 Nota
641 4502 800 4554 Paris.
820 4509 971 4554 Han.
1081 4560 1094 4572 _

489 4565 818 4617 Proscribere
844 4567 1012 4616 Venet.
1039 4570 1143 4630 mg.

434 4661 435 4672 η
491 4629 715 4679 Εςιιιειιτι
739 4625 854 4680 olim
875 4626 1031 4693 legeb.

434 4723 438 4733 ι
490 4692 620 4754 Quia
644 4698 757 4741 Jun.

402 4570 434 4617 2
489 4569 818 4617 Proscribere
844 4569 1012 4616 Vmet.

378 4569 462 4760 is}
491 4629 715 4702 Estuata
739 4625 854 4680 olim
875 4626 1031 4693 legeb.

406 4693 438 4742 4
490 4692 620 4754 Quia
644 4698 757 4741 Jun.

406 4692 462 4754 4)
490 4692 620 4754 Quia
644 4698 757 4741 Jun.

393 4925 481 5000 (τι)
501 4924 650 5000 Qua
669 4931 715 4979 et
732 4923 900 4994 [ilium
930 4924 1105 5000 Saulis
1130 4926 1453 5000 moriturum.
1485 4925 1584 4982 llic
1605 4927 1842 4998 loquitur
1865 4930 1936 4985 de

319 4998 568 5057 Ionatha
600 5011 758 5070 quem
787 4998 1016 5070 populus
1048 4998 1291 5070 liberavit
1310 5016 1338 5070 e
1367 5000 1612 5054 manibus
1643 5000 1819 5054 Saulis
1841 5017 1934 5070 pa-

321 5072 450 5133 tris,
481 5070 650 5139 sicuti
677 5069 901 5123 habetur
931 5069 948 5123 l
982 5069 1112 5139 Reg.
1147 5068 1284 5124 XIV.
1321 5069 1428 5125 Illis
1467 5081 1642 5124 autern
1666 5068 1862 5133 verbis,
1893 5081 1939 5126 et

320 5143 506 5212 ipsum
529 5137 700 5212 Israel
726 5139 868 5194 toties
889 5137 1125 5212 restituit,
1144 5141 1347 5212 quoties
1361 5141 1634 5208 judicavit,
1660 5142 1850 5198 alludit
1872 5143 1937 5198 ad

322 5210 426 5269 lib.
459 5210 712 5281 Iudicum
733 5225 857 5281 cap.
895 5211 980 5275 III,
1012 5210 1100 5277 IV,
1133 5211 1196 5266 VI
1220 5224 1273 5266 et
1301 5212 1367 5266 X.
1402 5214 1535 5266 Pan.

401 5282 569 5354 CAP.
604 5279 887 5354 X\'lll.'—-
911 5283 993 5354 (b)
1029 5282 1320 5354 Defensam.
1351 5283 1406 5337 Id
1428 5294 1533 5350 est,
1567 5283 1823 5341 ultionem
1845 5300 1940 5342 seu

323 5353 661 5411 vindictam.
693 5351 826 5408 Eoo.

405 5427 492 5498 (c)
522 5421 801 5479 Comitibus
814 5423 969 5498 gulis,
978 5423 1174 5479 libidini
1187 5425 1376 5480 scilicet
1387 5427 1783 5498 atqueluxuriaz.
1800 5427 1946 5497 Ejus-

229 5487 256 5514 ’
330 5487 690 5568 ὁθὶηέιιιιειιε
709 5505 793 5552 εει
814 5487 1234 5568 ἷηιθήιιίικεθῃιξι
1258 5487 1742 5568 Dionysiicatonis,
1760 5487 1946 5552 Indul-

330 5567 618 5641 gereggnla:
632 5568 760 5641 noli,
777 5582 891 5638 qua:
903 5569 1042 5641 penis
1053 5566 1220 5641 amica
1229 5580 1318 5641 est.
1330 5566 1801 5624 Βιὶι.-ϐοηιίιὶὺιιδ
1813 5569 1946 5641 gula:

332 5637 551 5695 libidini
569 5637 759 5692 scilicet
778 5649 927 5707 atque
949 5639 1182 5693 luxuriae.
1208 5640 1286 5696 En
1313 5644 1476 5696 etiam
1503 5641 1570 5693 ah
1591 5637 1943 5695 auctore'usi-

333 5719 487 5767 latas
501 5707 676 5780 gulam
687 5717 734 5764 et
748 5710 1025 5777 luxuriam,
1050 5711 1188 5765 sicut
1206 5711 1362 5766 hodie
1374 5711 1708 5780 accipiuntur
1728 5727 1756 5765 a
1781 5712 1943 5765 scho-

333 5782 553 5852 laSticis
572 5779 899 5852 doctoribus,
916 5796 1032 5836 cum
1060 5785 1126 5836 de
1149 5782 1380 5850 peccatis
1397 5779 1684 5850 loquuntur
1700 5782 1938 5852 capitali-

333 5851 466 5908 bus.
487 5850 640 5906 [laud
667 5852 821 5910 aliter
842 5861 1020 5907 autem
1051 5854 1182 5910 dixit
1207 5855 1400 5910 alicubi
1441 5853 1501 5910 Β.
1542 5850 1941 5925 Hieronymus:

2024 1928 2102 1982 cis
2132 1937 2186 1982 et
2237 1928 2314 1998 (rt)
2346 1941 2449 1983 non
2481 1926 2728 1995 gloriosis
2751 1927 2891 1980 escis
2925 1925 3274 1991 assuefactus,
3314 1933 3368 1980 et
3397 1925 3530 1980 nihil
3559 1925 3628 1979 de

2023 2019 2338 2074 lautioribus
2369 2019 2688 2075 esurituros.
2713 2016 3206 2087 Reprehendendus
3229 2032 3359 2089 sane
3384 2017 3624 2079 Creator,

2024 2111 2164 2182 quod
2191 2111 2337 2165 cibos
2368 2109 2542 2180 potius
2567 2108 2762 2179 popqu
2793 2124 2890 2163 suo
2913 2108 3150 2173 abstulit,
3185 2122 3344 2178 quam
3374 2107 3628 2178 iugratio-
3723 2138 3726 2141 -

2027 2206 2172 2260 rihus
2199 2205 2551 2260 Marcionitis.
2579 2200 2652 2275 (e)
2677 2201 3072 2258 Sacrificiorum
3105 2215 3319 2271 quoque
3339 2215 3500 2254 onera
3527 2241 3542 2265 ,
3573 2211 3629 2254 et

2026 2299 2419 2370 operatiouum.
2439 2305 2492 2352 et
2513 2295 2840 2350 oblationnm
2863 2293 3169 2364 negotiosas
3187 2291 3628 2362 scrupulositates

2029 2405 2186 2445 nemo
2211 2387 2566 2460 reprehendat
2595 2428 2611 2452 ,
2641 2385 2788 2456 quasi
2811 2385 2948 2439 Deus
2977 2383 3100 2438 talia
3122 2383 3221 2438 sibi
3252 2383 3466 2452 proprie
3485 2381 3628 2437 desi-

2027 2482 2312 2548 deraverit,
2360 2481 2450 2552 qui
2501 2490 2607 2535 tam
2653 2477 2934 2534 manifeste
2984 2477 3284 2532 exclamat:
3341 2474 3453 2543 Quo
3504 2474 3628 2527 mihi

2028 2576 2399 2632 multitudinem
2429 2574 2798 2642 sacriﬁciorum
2823 2569 3141 2626 vestrorum?
3176 2568 3241 2623 Et
3275 2567 3386 2637 quis
3406 2568 3630 2637 exquisi-

2028 2672 2094 2724 vit
2123 2667 2539 2722 istademanibus
2559 2665 2735 2720 vestris
2777 2662 2881 2730 (Is.
2907 2672 2946 2716 t.
2980 2660 3087 2732 ll)?
3117 2661 3210 2716 sed
3254 2661 3395 2715 illam
3428 2661 3518 2714 Dei
3549 2659 3629 2714 in-

2027 2763 2288 2818 dustriam
2338 2760 2574 2824 sentiat,
2624 2772 2730 2828 qua
2781 2755 3032 2828 populum
3060 2769 3286 2824 pronum
3322 2754 3372 2806 in
3407 2752 3633 2806 idolola-

2027 2858 2184 2912 triatn
2233 2864 2287 2911 et
2323 2852 2838 2924 transgressionem,
2873 2848 3134 2920 ejusmodi
3161 2845 3352 2900 officiis
3383 2845 3628 2916 religioni
3663 2860 3682 2886 η
3704 2861 3730 2885 α

2025 2965 2137 3005 sum
2171 2948 2338 3003 voluit
2362 2947 2715 3014 adstringere,
2746 2943 2939 3014 quibus
2957 2940 3268 3010 superstitio
3294 2938 3476 2994 szccnli
3505 2953 3630 3008 age-

2025 3044 2212 3105 batur,
2258 3049 2315 3094 nt
2339 3039 2406 3094 ab
2435 3053 2497 3094 ea
2521 3046 2768 3092 avocaret
2792 3035 2944 3098 illos,
2974 3033 3075 3089 sibi
3104 3033 3300 3101 jubens
3328 3030 3444 3085 fieri
3471 3031 3626 3101 quasi

2025 3135 2383 3200 desideranti,
2406 3149 2472 3188 ne
2500 3129 2800 3187 simulacris
2823 3125 3076 3182 faciendis
3100 3124 3455 3194 delinqueret.

2625 3221 2854 3280 CAPUT
2885 3219 3027 3277 XIX.

2105 3346 2209 3404 Sed
2246 3355 2299 3402 et
2343 3346 2394 3401 in
2443 3344 2572 3415 ipsis
2609 3339 2951 3398 commerciis
2982 3337 3103 3392 vitae
3128 3343 3181 3392 et
3208 3332 3633 3392 conversationis

2035 3444 2280 3499 humana:
2329 3439 2475 3494 domi
2521 3453 2582 3491 ae
2629 3436 2780 3500 foris,
2809 3433 3048 3502 adusque
3077 3416 3260 3485 curam
3291 3427 3628 3482 vasculorum

2033 3525 2370 3592 omnifariam
2397 3528 2660 3591 distinxit,
2695 3534 2752 3579 ιιι
2779 3524 2894 3579 istis
2922 3520 3178 3593 lcgalihus
3204 3517 3504 3588 disciplinis
3529 3532 3626 3572 oc-

2035 3625 2377 3684 currentibus
2404 3621 2598 3690 ubique
2621 3660 2636 3684 ,
2668 3632 2736 3672 ne
2766 3615 2876 3670 ullo
2903 3613 2982 3684 (6)
3017 3620 3290 3667 momento
3315 3616 3572 3663 vacarent
3601 3623 3630 3661 ιι

2039 3721 2129 3776 Dei
2151 3725 2419 3788 reSpectu.
2444 3713 2513 3785 (Γ)
2543 3710 2678 3778 Quid
2705 3709 2847 3763 enim
2876 3706 3075 3761 faceret
3093 3705 3303 3760 beatum
3333 3701 3628 3765 hominem,

2035 3829 2189 3885 quam
2236 3812 2287 3863 in
2325 3809 2431 3879 lege
2473 3803 2677 3860 Domini
2707 3802 2938 3856 voluntas
2963 3798 3074 3866 eius
3094 3838 3108 3859 ,
3138 3805 3185 3850 et
3215 3796 3267 3848 in
3295 3794 3405 3863 lege
3428 3792 3635 3848 Domini

2038 3906 2358 3963 meditabitur
2398 3902 2480 3954 die
2512 3915 2572 3952 ac
2595 3906 2738 3952 nocte
2766 3894 2884 3972 (Ps.
2917 3891 2971 3957 l,
3001 3890 3060 3962 ‘2)
3080 3890 3104 3931 ν
3132 3889 3302 3958 Quam
3320 3887 3492 3956 legem
3523 3900 3630 3940 non

2038 4001 2233 4058 duritia
2263 3993 2612 4069 promulgavit
2637 3988 2890 4052 auctoris,
2917 3983 3010 4041 sed
3035 3983 3171 4039 ratio
3197 3994 3422 4036 summac
3449 3979 3633 4069 benig-

2039 4092 2238 4153 nitatis,
2267 4067 2478 4158 pepuli
2537 4081 2712 4153 potius
2737 4078 2992 4134 duritiam
3018 4072 3340 4137 edomantis,
3364 4078 3420 4125 et
3443 4067 3632 4123 rudem

2037 4183 2297 4254 obsequio
2337 4179 2496 4235 fidem
2547 4172 2788 4246 operosis
2817 4169 3008 4226 olliciis
3035 4165 3368 4223 dedolantis:
3419 4171 3476 4218 ιιι
3502 4160 3635 4216 nihil

2039 4280 2108 4336 de
2161 4274 2372 4331 arcanis
2405 4272 2659 4342 attingam
2686 4263 3054 4338 significandis
3083 4260 3162 4335 (7)
3192 4259 3354 4332 legis,
3382 4255 3634 4328 spiritalis

3653 3587 3720 3627 ,4

1563 4389 1944 4450 LECTIONES
1980 4387 2394 4451 VARIANTES.

1961 4507 2015 4567 D
2128 4506 2158 4554 5
2203 4500 2648 4560 Rostringueretur
2669 4491 2785 4547 olim
2805 4490 2960 4560 legeb.

2105 4502 2180 4693 ἓϐξ
2207 4562 2298 4636 Ulli
2317 4557 2467 4638 Send.
2494 4559 2561 4634 illi
2589 4554 2778 4631 Ifamel.
2807 4566 2956 4608 Fran.

2129 4631 2157 4677 7
2205 4627 2537 4688 Siguthcautts
2561 4631 2664 4688 mg.
2691 4624 2858 4673 Venet.

2125 4552 2177 4616 6i
2207 4562 2298 4614 Ulli
2317 4552 2467 4613 Sen'd.
2494 4559 2561 4609 illi
2589 4554 2778 4610 Pamel.
2807 4552 2956 4608 ιιίταη.
2977 4553 3124 4607 nhen.
3145 4552 3234 4605 ulli
3253 4556 3499 4606 momenta
3522 4559 3639 4605 Jun.

2129 4622 2180 4688 7)
2205 4624 2537 4688 Significautis
2561 4622 2664 4688 Itig.
2691 4624 2858 4673 Venet.

1703 4788 2263 4850 COMMENTARIUS.

2049 4926 2235 4983 Venter
2257 4929 2372 4983 vino
2391 4937 2611 4984 (estnam
2641 4927 2792 4999 facile
2822 4926 3089 4997 despumat
3113 4925 3169 4980 in
3195 4925 3474 4999 libidinem.
3499 4924 3637 4983 Pan.

2116 5000 2196 5073 (ιι)
2229 5000 2349 5054 Νοη
2377 5001 2610 5073 gloriosis
2639 4996 2766 5053 escis
2794 4996 3128 5073 assuefactus.
3183 4996 3457 5073 Glo‘riosas
3487 5009 3642 5054 vocat

2042 5069 2228 5138 escas,
2250 5069 2443 5140 quibus
2466 5071 2762 5141 gloriantur
2783 5070 3047 5135 nonnulli,
3079 5082 3220 5123 nunc
3242 5069 3312 5124 ob
3342 5069 3636 5134 raritatem,

2044 5158 2187 5213 nilne
2217 5145 2288 5197 oh
2318 5145 2567 5213 pretium.
2598 5141 2772 5196 linem.

2122 5212 2196 5286 (ι’)
2229 5209 2613 5286 sacriﬁciorum
2649 5228 2824 5278 onera.
2853 5209 3390 5286 llzecsacriliciorum
3423 5223 3588 5286 onera
3620 5253 3636 5277 ,

2047 5279 2208 5354 atque
2257 5284 2354 5337 has
2384 5279 2782 5354 ’operationum
2832 5292 2890 5336 et
2941 5283 3272 5354 oblationnm
3332 5279 3638 5354 negotiosas

2049 5353 2493 5425 scrupulositates
2519 5355 2570 5407 in
2599 5355 2662 5408 de
2689 5353 2968 5425 Praescrip.
3009 5353 3228 5406 Ita'retic.
3259 5360 3380 5419 apte
3430 5353 3642 5405 vocavit

2052 5424 2394 5482 morositatem
2421 5424 2640 5479 ludicre.
2672 5424 2845 5478 Busa.

2122 5495 2277 5566 CAP.
2312 5493 2455 5550 XIX.
2481 5524 2552 5534 —
2581 5494 2644 5566 (Γ)
2688 5494 2822 5566 Quid
2843 5495 2976 5566 enim
2997 5497 3182 5563 faceret
3227 5491 3424 5566 beatum
3475 5491 3641 5544 Itami-

2050 5584 2184 5622 nem.
2243 5565 2472 5631 Usurpat
2510 5563 2710 5620 Auctor
2750 5563 3001 5616 hominem
3029 5606 3042 5627 ,
3091 5578 3186 5632 pro
3222 5564 3326 5615 viro
3359 5579 3376 5612 :
3414 5575 3536 5612 nam
3584 5572 3640 5617 ct

2049 5653 2242 5709 grmcze
2266 5636 2532 5709 et_l_atin:e,
2558 5634 2928 5709 achebraicae,
2953 5633 3361 5709 chaldaicmque
3379 5645 3535 5709 voces
3560 5634 3608 5684 vi
3628 5660 3640 5670 ο

2053 5699 2170 5764 rum
2197 5707 2530 5775 significant,
2564 5704 2715 5775 initio
2744 5701 2876 5771 psnl.
2909 5702 2928 5754 1
2961 5723 2974 5758 :
3009 5699 3292 5775 usurpatur
3321 5699 3565 5775 similiter
3608 5719 3636 5754 τι

2049 5781 2210 5848 vulgo
2236 5769 2528 5834 Gallorum.
2546 5769 2776 5848 Pulchra
2795 5781 2876 5848 est
2896 5784 3075 5848 autent
3099 5769 3430 5841 metaphora,
3454 5769 3635 5828 rudem

2050 5842 2202 5919 ﬁdein
2229 5848 2449 5920 operosis
2477 5846 2648 5918 ofﬁciis
2679 5842 2986 5901 dedolautis.
3025 5845 3159 5900 Pan.
