4008 6280
366 361 471 419 507

1785 359 2171 417 TERTULLIA
2182 360 2244 416 NI

3557 333 3667 422 sos

369 474 572 534 scilicet
595 485 651 541 et
681 452 1036 551 prophetietc,
1083 477 1137 537 in
1194 455 1443 541 omnibus
1468 490 1603 549 pene
1628 475 1956 548 argumentis
1984 477 2036 535 Λ
2061 473 2461 529 misericordiam
2499 472 2693 546 ipsius,
2739 471 2811 549 (e)
2836 472 2839 483 ““
2861 473 2929 529 ad
2968 472 3284 530 eliberandas
3325 474 3405 550 (7)
3460 480 3664 534 animus

369 566 626 638 figuratae.
655 569 861 625 Sufficit
886 570 1027 625 enim
1060 569 1110 625 in
1140 570 1409 640 praesenti,
1441 570 1485 626 si
1520 567 1832 639 simpliciter
1862 569 1962 624 ho-

368 659 567 717 minem
591 660 701 715 Deo
730 661 1016 733 obtigahat,
1037 671 1091 717 ut
1111 676 1269 716 nemo
1291 677 1408 717 eam
1438 654 1726 732 re'probare
1747 659 1960 737 debeat,

367 749 468 805 nisi
515 752 603 807 cui
646 769 749 808 nou
780 757 955 825 placet
988 754 1096 808 Dco
1125 754 1353 809 servire.
1385 751 1464 808 Ad
1492 752 1594 809 hoc
1617 750 1956 817 beneﬁcium,

367 858 475 899 nou
502 860 639 901 onus
684 847 816 919 legis
849 847 1228 919 adjuvandum,
1262 848 1423 911 etiam
1455 846 1747 918 Prophetas
1770 846 1959 904 eadem

365 932 577 995 bonitas
610 940 698 994 Dei
731 922 1016 1005 ordinavit,
1046 940 1303 997 docentes
1336 941 1446 996 Deo
1474 938 1631 1012 digna
1658 958 1671 995 :
1720 936 1795 1013 (a)
1847 940 1958 994 Au-

363 1033 497 1103 ferre
523 1034 771 1103 nequitias
801 1033 863 1088 de
885 1035 1087 1102 anima,
1116 1034 1304 1089 discere
1332 1033 1641 1106 benefacere,
1778 1032 1959 1099 exqui-

367 1139 478 1177 rere
505 1124 784 1195 judicium,
813 1125 1045 1191 iudicar’e
1073 1125 1268 1197 pupillo
1293 1166 1309 1193 ,
1343 1136 1387 1180 et
1409 1126 1704 1199 jnstiﬁcare
1727 1125 1955 1196 viduam,

365 1215 583 1287 dirigere
626 1215 704 1291 (1)
751 1220 1053 1288 quwstiones
1081 1260 1097 1285 ,
1154 1216 1224 1291 (c)
1263 1218 1438 1289 fugere
1477 1216 1557 1291 (2)
1612 1217 1958 1288 improborum

366 1319 647 1365 contactum
672 1309 772 1383 (5),
803 1311 882 1384 (d)
910 1311 1161 1371 dimittere
1189 1314 1478 1383 conﬂictum
1509 1311 1586 1385 (4)
1610 1313 1662 1367 in
1683 1313 1954 1383 integram,

364 1402 615 1472 dissipare
643 1404 947 1475 scripturam
974 1407 1221 1477 injustam
1242 1407 1341 1476 (Is.
1365 1406 1545 1474 LVIII,
1572 1409 1654 1481 I),
1680 1408 1958 1479 infringere

363 1511 546 1563 panem
596 1497 876 1566 esurienti,
922 1508 969 1553 et
1011 1508 1193 1557 tectum
1224 1517 1323 1556 non
1351 1500 1615 1559 habentem
1642 1501 1879 1559 inducere
1905 1502 1956 1556 in

358 1587 565 1642 (fortium
590 1599 729 1645 tuam
759 1606 774 1657 ;
799 1592 992 1655 nudum
1011 1592 1053 1648 si
1080 1592 1284 1661 videris,
1314 1603 1579 1666 contegere
1602 1636 1618 1661 ,
1647 1603 1692 1648 et
1714 1594 1954 1650 domesti-

356 1695 442 1735 cos
480 1682 684 1738 seminis
730 1685 805 1751 tui
854 1701 955 1742 nou
1002 1685 1299 1758 despicere:
1324 1704 1638 1756 compescere
1665 1688 1893 1759 linguam
1921 1704 1955 1747 α

357 1773 516 1838 malo,
566 1785 611 1829 et
661 1774 797 1833 labia
827 1789 888 1831 ne
909 1777 1178 1850 loquantur
1205 1780 1379 1835 dolum
1402 1778 1518 1850 (Ps.
1545 1779 1787 1849 XXXIII,
1816 1781 1908 1851 15)
1931 1795 1954 1847 ;

2066 584 2242 623 eorum
2269 567 2333 623 de
2374 578 2554 632 morte,
2588 568 2769 637 utique
2796 577 3017 635 interna,
3052 577 3099 621 et
3125 569 3464 623 nutricandos
3491 588 3576 625 eos
3607 572 3662 626 in

2065 658 2342 731 fante(Ps.
2375 658 2595 726 XXXII,
2628 659 2742 734 I8),
2801 660 2985 731 utique
3026 662 3148 723 vita:
3192 669 3427 719 aeternae.
3479 662 3663 719 Multa:

2065 753 2208 808 enim
2249 769 2500 822 pressum
2515 754 2795 823 justorum,
2835 763 2884 808 et
2919 770 2983 809 ea:
3022 755 3255 809 omnibus
3296 755 3525 810 liberabit
3576 773 3662 821 eos

2064 845 2315 902 Dominus
2360 845 2478 920 (Ps.
2506 846 2745 909 XXXIII,
2787 845 2894 921 l9).
2937 846 3265 904 Honorabilis
3289 866 3426 905 mors
3452 851 3504 905 in
3534 867 3662 906 con-

2063 950 2235 1012 spectu
2258 938 2467 997 Domini
2495 951 2788 997 sanctorum
2812 940 3055 1012 ejns(l’s.
3080 939 3243 1006 CXV,
3272 940 3383 1013 I5).
3414 941 3664 1000 Dominus

2062 1032 2278 1087 custodit
2301 1033 2469 1089 omnia
2489 1049 2603 1087 ossa
2633 1050 2804 1093 eorum
2830 1030 2908 1106 (8)
2931 1052 2943 1086 :
2969 1050 3127 1089 unum
3155 1050 3217 1089 ea:
3237 1034 3363 1104 ipsis
3385 1052 3486 1090 non
3518 1052 3660 1090 com-

2062 1125 2332 1179 minuetur.
2377 1123 2608 1191 Iledimet
2639 1121 2717 1197 (9)
2739 1123 2989 1181 Dominus
3020 1126 3217 1181 animus
3250 1142 3507 1181 servorum
3536 1144 3627 1182 suo
3646 1157 3662 1169 -

2060 1236 2174 1289 rum
2229 1218 2346 1292 (Ps.
2373 1219 2617 1285 XXXIII,
2638 1218 2860 1292 21-23).
2896 1220 3069 1287 Pauca
3097 1222 3193 1276 ista
3225 1221 3290 1275 dc
3315 1222 3472 1277 tantis
3494 1221 3665 1293 scrin-

2062 1313 2194 1368 turis
2242 1311 2515 1381 Creatoris
2556 1312 2854 1380 intulimus,
2882 1322 2939 1366 et
2963 1313 3094 1367 nihil
3128 1322 3254 1382 puto
3281 1313 3391 1383 jam
3420 1313 3485 1368 ad
3514 1316 3663 1375 testi-

2060 1406 2296 1469 monium
2327 1407 2417 1463 Dei
2441 1406 2628 1477 optimi
2650 1406 2802 1463 deest
2826 1404 2965 1479 (I0),
2990 1406 3133 1478 quod
3156 1407 3290 1465 satis
3316 1416 3367 1463 ct
3395 1419 3661 1481 prtccepta

2059 1498 2334 1569 bonitatis,
2368 1507 2424 1554 et
2453 1499 2716 1569 promissa
2741 1500 3076 1569 consignant.

2689 1630 2916 1690 CAPUT
2936 1633 3053 1690 XX.

2127 1767 2235 1824 Sed
2258 1767 2398 1825 enim
2425 1763 2493 1843 (ί)
2513 1766 2673 1838 sepiae
2691 1766 2737 1843 (I
2753 1764 2804 1840 t)
2824 1766 2931 1834 isti,
2949 1781 3176 1837 quorum
3201 1766 3363 1838 ﬁgura
3390 1767 3516 1822 illud
3537 1784 3663 1839 quo-

356 1865 611 1929 det/inure
629 1885 662 1931 α
682 1870 839 1937 malo,
873 1880 917 1925 et
942 1875 1110 1945 facere
1147 1872 1330 1929 bonum
1353 1890 1373 1940 ,-
1394 1888 1616 1942 quaerere
1640 1889 1813 1944 pacem
1843 1914 1857 1937 ,
1899 1882 1946 1927 et
1975 1868 2023 1929 B
2050 1879 2155 1936 que.
2168 1862 2518 1934 pisculentum
2538 1861 2604 1916 de
2619 1860 2754 1916 cibis
2774 1860 2879 1928 Lex
2896 1862 3180 1926 recusavit,
3199 1853 3660 1919 uttraductionem

290 1984 309 1995 ο
355 1962 537 2017 sectari
563 1979 711 2029 eam;
751 1965 903 2023 irasci
953 1977 998 2020 et
1030 1981 1130 2021 non
1156 1965 1450 2037 delinquere
1495 1965 1611 2037 (Ps.
1645 1966 1733 2032 IV,
1762 1964 1839 2041 5),
1899 1966 1953 2022 id

355 2062 456 2119 est,
484 2053 534 2107 in
565 2054 640 2109 ira
683 2070 786 2110 non
813 2071 1183 2126 perseverare,
1216 2058 1328 2113 sive
1356 2059 1546 2113 smvire
1570 2075 1585 2123 ;
1610 2075 1710 2113 non
1735 2058 1873 2114 abire
1898 2059 1954 2113 in

352 2143 622 2198 concilium
643 2145 939 2213 impiorum,
970 2163 1061 2203 nec
1075 2155 1211 2203 stare
1232 2147 1285 2202 in
1313 2148 1393 2203 via
1415 2158 1757 2220 peccatorum,
1782 2165 1872 2202 nec
1899 2149 1953 2204 in

352 2237 598 2292 cathedra
625 2240 966 2310 pestilentium
1003 2240 1178 2297 sedere
1206 2241 1327 2313 (Ps.
1364 2240 1405 2308 I,
1435 2242 1513 2311 I).
1560 2240 1665 2297 Sed
1697 2241 1831 2297 ubi?
1865 2240 1953 2298 Vi-

352 2326 421 2382 de
446 2346 459 2383 :
488 2346 642 2398 quam
670 2330 853 2386 bonum
877 2342 922 2385 et
946 2349 1101 2401 quam
1121 2333 1411 2404 jucundam
1435 2332 1664 2388 habitare
1691 2337 1876 2406 fratres
1897 2332 1952 2388 in

351 2437 509 2477 unum
533 2421 651 2495 (Ps.
679 2422 942 2490 CXXXII,
969 2423 1046 2495 1),
1080 2426 1376 2483 meditantes
1403 2426 1485 2482 die
1514 2442 1576 2481 ac
1598 2436 1740 2481 nocte
1764 2426 1815 2482 in
1843 2426 1952 2497 lege

352 2510 598 2581 Domini;
623 2515 744 2585 quia
769 2516 952 2573 bonum
971 2517 1176 2573 scilicet
1205 2518 1364 2587 ﬁdere
1392 2520 1443 2573 in
1469 2516 1762 2585 Dominum,
1796 2534 1949 2586 quant

355 2607 513 2677 ﬁdere
535 2610 588 2663 in
618 2610 908 2677 hominem,
947 2621 993 2666 et
1023 2629 1229 2681 sperare
1257 2614 1309 2668 in
1340 2611 1633 2679 Dominum,
1664 2629 1814 2683 quam
1834 2629 1951 2682 spe-

348 2717 466 2769 rare
494 2701 546 2756 in
577 2701 963 2777 principesU’s.
989 2702 1198 2769 CXVII,
1226 2705 1408 2776 7—8).
1431 2703 1614 2774 Qualis
1638 2705 1780 2761 enim
1806 2704 1947 2775 apud

356 2791 524 2847 Deum
560 2810 768 2851 merces
817 2795 1066 2853 homini?
1111 2795 1178 2850 Et
1203 2798 1297 2852 erit
1325 2807 1566 2869 tanquam
1594 2797 1786 2868 lignum
1811 2797 1948 2868 quod

349 2886 636 2956 plantatam
688 2898 761 2945 est
799 2892 958 2961 juxta
1008 2892 1173 2947 exitus
1224 2909 1496 2963 aquarum,
1550 2891 1688 2964 quod
1723 2892 1946 2961 fructum

348 2993 497 3032 suum
525 2978 665 3035 dabit
692 2982 743 3035 in
765 2991 989 3054 tempore
1006 3000 1099 3037 suo
1122 3001 1141 3050 ,°
1170 2993 1214 3038 et
1242 2985 1422 3055 folium
1444 2985 1554 3052 eius
1587 3002 1685 3038 non
1708 2984 1904 3039 decidet
1931 3027 1944 3048 ,

349 3080 397 3122 et
423 3072 931 3146 omniuqnwcumque
949 3075 1099 3148 faciet
1121 3077 1550 3147 prosperalmntur
1572 3076 1648 3131 illi
1669 3076 1789 3149 (l’s.
1808 3076 1847 3143 l,
1866 3078 1944 3145 5).

347 3159 603 3216 Innocens
633 3176 799 3218 autem
831 3178 876 3220 et
909 3185 1069 3237 purus
1100 3168 1250 3222 corde
1272 3210 1287 3233 ,
1316 3170 1400 3237 qui
1432 3186 1531 3223 non
1559 3170 1822 3240 accepilin
1852 3186 1944 3224 va-

2054 1957 2136 2013 sui
2168 1955 2427 2033 sentiunt,
2454 1954 2703 2011 tenebras
2733 1954 2856 2009 hinc
2887 1953 3234 2025 blasphemia:
3261 1955 3647 2025 intervounuu,

2056 2061 2215 2121 atque
2251 2051 2322 2107 ita
2372 2032 2729 2109 intentionem
2780 2032 3320 2123 uniuscujusquejam
3359 2052 3665 2122 proximam

2054 2144 2389 2215 dispergunt,
2417 2140 2711 2214 jactitando
2735 2141 2852 2212 (12)
2883 2153 2937 2197 et
2960 2144 3325 2199 assevctaudu
3347 2161 3407 2199 ea
3429 2162 3547 2216 qum
3568 2162 3668 2201 rc-

2054 2237 2320 2294 lucentem
2343 2237 2633 2294 bonitatem
2657 2236 2927 2294 Creatoris
2951 2236 3236 2294 infuscent.
3262 2239 3368 2315 Sed
3387 2250 3441 2296 et
3466 2257 3559 2311 per
3581 2242 3661 2297 is-

2055 2339 2134 2386 tas
2170 2329 2428 2402 caligines
2451 2344 2740 2401 sequemur
2770 2330 3083 2399 nequitiam,
3113 2339 3167 2385 et
3195 2330 3245 2385 iu
3273 2331 3444 2386 lucem
3477 2343 3663 2387 extra—

2054 2425 2246 2481 hemus
2295 2424 2508 2495 ingenia
2560 2423 2925 2490 tenebrarum,
2973 2422 3275 2492 objicieutia
3304 2423 3660 2481 Creatorivel

2052 2520 2285 2574 maxime
2340 2516 2582 2577 fraudem
2638 2517 2781 2577 illam
2836 2526 2888 2572 et
2933 2518 3172 2587 rapinam
3206 2518 3320 2573 auri
3344 2528 3396 2573 et
3423 2521 3658 2590 argenti,

2054 2611 2355 2668 mandatam
2376 2608 2491 2684 (15)
2515 2608 2584 2664 ab
2611 2609 2700 2664 illo
2731 2609 2975 2671 Ilebrmis
3001 2611 3051 2665 in
3078 2609 3382 2681 IEgyptios.
3410 2613 3538 2681 Age,
3575 2616 3660 2669 in-

2051 2702 2361 2759 felicissimo
2418 2702 2684 2766 lncrctice,
2746 2702 2977 2772 teipsum
3027 2703 3310 2774 expostulo
3341 2704 3654 2761 arbitrum:

2049 2810 2313 2866 cognosce
2334 2797 2384 2851 iu
2415 2806 2695 2865 utramque
2725 2806 2935 2864 gentem
2969 2797 3133 2863 prim.
3160 2808 3211 2850 et
3244 2802 3312 2853 ita
3334 2797 3402 2852 de
3422 2808 3651 2855 auctore

2052 2889 2301 2960 pra-copti
2356 2887 2640 2957 judicabis.
2686 2887 2995 2956 [tepescunt
3047 2886 3283 2958 [Egyptii
3311 2888 3379 2943 de
3412 2880 3658 2944 llebrmis

2052 3000 2174 3037 vasa
2212 2998 2371 3037 aurea
2418 2992 2471 3036 et
2518 2991 2809 3051 argentea;
2861 2980 2938 3054 (g)
2973 2990 3156 3035 contra
3191 2981 3399 3036 Ilebrtci
3438 2992 3658 3038 mutuas

2050 3077 2333 3147 petitiones
2388 3073 2692 3139 instituunt,
2736 3073 3030 3144 allegantes
3073 3074 3170 3129 sibi
3194 3090 3406 3146 quoque
3434 3091 3658 3131 corum-

2047 3167 2169 3223 dent
2203 3179 2407 3237 patrum
2440 3167 2675 3231 nomine,
2706 3182 2770 3220 ex
2803 3164 2992 3219 eodem
3021 3165 3300 3235 set-iptura:
3323 3167 3659 3223 instrumen-

347 3270 467 3307 num
496 3272 675 3309 nomen
706 3257 819 3326 Dei,
866 3268 909 3312 et
940 3277 1039 3314 non
1061 3260 1255 3330 juravit
1279 3262 1358 3331 (5)
1387 3260 1454 3313 ad
1482 3263 1766 3332 proximum
1796 3280 1940 3317 suum
1969 3259 2014 3323 C
2050 3272 2102 3318 to
2130 3262 2406 3317 mercedes
2432 3261 2635 3316 restitui
2667 3258 2916 3330 oportere
2949 3258 3089 3316 illius
3120 3262 3379 3329 operaria:
3408 3261 3652 3318 servitu-
3672 3273 3696 3310 ε

346 3346 399 3400 in
422 3346 561 3414 dolo,
592 3351 685 3405 iste
707 3353 917 3420 accipiet
943 3352 1339 3408 benedictionem
1362 3373 1392 3407 a
1420 3352 1660 3420 Domino,
1680 3364 1724 3409 et
1747 3356 1941 3410 miseri-

347 3444 576 3499 cordiam
622 3465 653 3501 a
694 3446 804 3504 Deo
851 3450 1216 3520 salutiﬁcatore
1243 3466 1335 3503 suo
1365 3446 1444 3524 (6)
1482 3447 1604 3522 (I’s.
1637 3447 1829 3514 XXIII,
1856 3450 1936 3523 4).

351 3535 504 3593 Oculi
551 3541 686 3595 enim
734 3539 942 3597 Domini
990 3559 1141 3615 super
1170 3542 1398 3603 timentes
1438 3559 1573 3610 eum,
1607 3553 1871 3616 sperantes
1887 3543 1939 3598 in

2050 3356 2135 3420 tis,
2165 3371 2260 3426 pro
2286 3354 2530 3409 latcrinis
2547 3353 2813 3414 deductis,
2834 3369 2928 3424 pro
2959 3354 3264 3409 civitatibus
3288 3366 3340 3409 et
3359 3355 3498 3411 villis
3520 3358 3659 3412 :edi-

2046 3448 2235 3507 Iicatis.
2263 3450 2399 3519 Quid
2428 3449 2723 3520 iudicabis,
2773 3447 2959 3519 Optimi
2994 3448 3084 3502 Dei
3114 3448 3316 3503 elcctor
3342 3448 3365 3503 ?
3391 3450 3655 3507 Hebraeos

2043 3545 2283 3601 fraudem
2332 3558 2625 3616 agnoscere
2655 3542 2879 3611 debere,
2913 3557 2981 3597 au
3014 3540 3298 3614 [Egyptios
3328 3557 3654 3615 compensa-

1591 3655 1884 3715 LECTION
1890 3656 1971 3715 ES
2000 3657 2404 3717 VARIANTES.

429 3832 479 3950 ἐξ
504 3832 947 3950 εξεξξξξξεεξεξξξ.

427 3892 477 3960 3)
504 3892 829 3960 Contractum'
840 3896 982 3960 Pam.

502 3958 710 4034 [trabem
730 3959 921 4034 Ιξᾳρηει.
945 3957 1095 4013 Sani.

430 4020 478 4137 5)
502 4022 709 4133 ἔρωτινῆ
729 4021 833 4097 alii.

401 4021 477 4207 ἓξ)
502 4084 833 4198 satiata

374 3798 382 3805 α
436 3769 481 3897 1)
508 3768 735 3835 Dtligere
765 3774 934 3825 Venet.

401 3770 477 4017 is
504 3832 934 3950 emissas;

426 3959 477 4017 4)
502 3960 557 4009 tu
578 3958 710 4012 abest
730 3959 921 4013 Pamel.

426 4084 472 4137 ϐ)
502 4084 711 4134 Salutari
735 4084 839 4136 alii.

426 4144 477 4209 7)
502 4146 860 4198 Deliberandas
881 4145 1035 4199 Seml.
1056 4147 1333 4201 liberandas
1353 4147 1508 4202 Latna.

2131 3772 2183 3835 8)
2209 3773 2331 3831 Ossa
2356 3785 2549 3835 eorum,
2575 3756 2627 3835 et
2651 3770 2801 3823 Seml.

2131 3772 2163 3822 8
2209 3773 2331 3831 Ossa
2356 3785 2549 3835 eorum,
2575 3785 2604 3827 0

2130 3772 2433 3948 9£Bedemit
2453 3828 2605 3887 Scml.

2132 3896 2153 3947 1
2239 3897 2431 3948 Deesse
2455 3900 2605 3971 fante

2103 3772 2211 4150 le}

2130 4085 2187 4135 15
2235 4083 2455 4136 Mandata
2477 4086 2605 4136 Pam

2132 3893 2210 3948 10)
2239 3897 2431 3948 Deesse
2455 3895 2643 3948 Pamel.
2672 3893 2823 3947 Serui.

2132 3897 2190 3948 10
2239 3897 2431 3948 Deesse
2455 3897 2643 3971 fumet.
2672 3897 2713 3946 Si

2131 3897 2211 4149 ei

2131 4085 2187 4135 15
2235 4083 2455 4136 Mandata
2477 4081 2665 4136 Pamel.
2691 4085 2713 4135 ἑ

2130 4081 2207 4136 151
2235 4083 2455 4136 Mandata
2477 4081 2665 4136 Pamel.
2691 4081 2841 4135 Seml.
2865 4082 3115 4134 mandatas
3136 4089 3247 4134 παι.

1706 4251 2267 4319 COMMENTARIUS.

415 4365 509 4440 (a)_
524 4368 740 4440 Auferre
768 4369 1014 4440 nequitias
1066 4369 1130 4423 de
1148 4369 1338 4424 anima.
1398 4366 1542 4424 Citat
1567 4367 1705 4422 istud
1737 4382 1932 4440 secune

341 4435 633 4522 duiuLXX
658 4435 901 4522 exdsaia:
927 4440 1081 4522 c_ap_.I
1100 4484 1113 4507 .
1140 4452 1369 4522 excepto
1392 4440 1532 4522 quod
1551 4440 1747 4522 omittit
1766 4438 1933 4522 (quod

342 4516 517 4571 tamen
544 4513 702 4571 etiam
733 4512 932 4573 habent
954 4508 1201 4574 ltebrmzr,
1216 4508 1526 4576 clialdaicae,
1546 4518 1600 4567 et
1624 4508 1934 4566 latiuzc'edi-

2038 4370 2361 4442 exemplaria
2386 4380 2587 4428 vetera.
2617 4371 2767 4441 Apud
2798 4370 3047 4433 Esdram,
3084 4380 3290 4441 pnstca
3320 4372 3506 4438 verba,
3551 4373 3647 4430 Vi-

2039 4443 2192 4496 duam
2227 4444 2469 4513 iusti/ica,
2497 4444 2696 4513 pupillo
2730 4444 2930 4514 judico,
2965 4444 3143 4514 statim
3173 4445 3417 4514 sequitur
3445 4487 3460 4511 ,
3500 4445 3646 4503 Con-

2040 4515 2259 4584 fractum
2285 4526 2331 4569 et
2370 4514 2582 4568 debilem
2612 4513 2754 4568 cura.
2786 4519 2853 4569 At
2878 4515 3041 4571 Isaias
3067 4513 3201 4571 dixit
3220 4559 3236 4581 ,
3255 4513 3530 4575 ίάπόσι-τλλε
3557 4542 3646 4575 τι-

341 4579 544 4657 tioues)
583 4582 797 4657 liberare
827 4584 1017 4657 injuria
1052 4600 1371 4657 oppressum.
1403 4582 1759 4657 Praeterquam
1786 4582 1928 4657 qupd
1960 4580 2009 4640 D
2036 4579 2326 4656 Dpupptvaug
2349 4594 2395 4641 ἓν
2416 4591 2597 4654 ἀφέω.
2627 4586 2691 4640 Et
2712 4586 2825 4641 haec
2839 4586 3015 4643 omnia
3033 4598 3156 4645 sunt
3177 4602 3205 4641 a
3223 4579 3483 4657 Septimio
3503 4589 3645 4646 satis

340 4650 533 4716 addat,
575 4653 784 4723 diligere
825 4650 1164 4722 qtitrstiones,
1195 4654 1287 4706 sed
1332 4654 1503 4723 potius
1533 4652 1706 4723 (sicuti
1731 4650 1933 4721 Castigu

338 4735 404 4797 ex
435 4724 895 4797 animadversione
920 4724 1085 4797 Joau._
1112 4723 1524 4797 |larrisii_angli)
1548 4724 1784 4797 dirigere,
1810 4741 1931 4797 nati]

338 4790 441 4846 hoc
464 4794 944 4857 frequentissimum
968 4795 1301 4856 estAuctori,
1331 4790 1465 4849 forte
1494 4790 1611 4849 loco
1642 4790 1816 4852 illius:
1846 4790 1932 4850 vel

337 4864 443 4917 nite
458 4875 505 4939 et
530 4866 880 4939 disceptamus,
899 4882 994 4936 pro
1006 4885 1111 4939 quo
1134 4868 1193 4935 Β.
1212 4866 1566 4939 Hieronymus
1581 4881 1647 4921 ex
1669 4868 1826 4922 llcbr.
1846 4884 1859 4922 :
1885 4877 1933 4925 et

337 4935 826 5010 arguitemesquud
851 4935 1266 5010 interpretantur
1289 4935 1705 5010 Chrysostoiuus
1722 4947 1776 5010 et
1805 4939 1933 4994 Dro-

337 5008 525 5077 c0pius
546 5009 596 5063 iu
614 5009 916 5077 Comment,
934 5008 1264 5064 ut'audacter
1280 5009 1368 5078 qui
1386 5009 1579 5063 bonum
1599 5008 1932 5077 upusfeeerit

335 5094 455 5151 cum
492 5079 609 5151 Deo,
623 5080 904 5148 disceptet,
930 5082 1200 5151 quomodo
1226 5081 1386 5149 etiam
1414 5079 1926 5151 Auctorintellieerc

336 5149 563 5204 videtur.
594 5150 650 5207 Si
681 5149 1000 5217 adderetur,
1045 5168 1157 5206 cum
1182 5151 1308 5214 Deo,
1341 5151 1538 5206 clarius
1569 5149 1725 5217 foret.
1788 5152 1922 5209 Pw.

406 5220 485 5295 (b)
513 5220 1063 5295 Exquirereiudicium.
1084 5223 1361 5295 Exquisite
1372 5237 1433 5281 ac
1444 5231 1725 5294 perspecto
1737 5222 1927 5283 utrius-

332 5294 437 5367 qui;
464 5295 631 5367 par_tis
655 5294 796 5367 jure.
827 5294 944 5355 th.

407 5363 483 5437 (ο)
533 5363 734 5437 Fugere
774 5365 1121 5433 improborum
1165 5372 1476 5437 contactum.
1530 5363 1586 5421 In
1643 5364 1924 5437 Pitharauo

330 5430 538 5508 cndfet
565 5430 807 5492 Rhenaui
845 5430 1169 5493 editionihus
1201 5434 1393 5507 legitur
1423 5445 1710 5508 contactum
1735 5478 1749 5500 ,
1781 5430 1923 5508 quod

329 5522 459 5567 sane
486 5507 719 5580 fugiendi
753 5509 915 5571 verbo
954 5508 1123 5581 magis
1148 5506 1416 5563 convenit.
1455 5506 1725 5581 Parnelius
1752 5506 1926 5581 unua-

328 5581 440 5641 \'it:
498 5577 577 5636 sic
610 5590 1021 5651 ratusuaptasse
1047 5577 1254 5651 'grascis
1284 5577 1814 5651 qum_ap4ut_ldl£saiam
1850 5577 1923 5631 le-

326 5661 524 5719 guutur
539 5668 659 5721 cap.
689 5646 868 5713 LVIII.
893 5646 1139 5723 συνδεσμῖᾳν
1173 5646 1387 5712 ἀδικίας.
1410 5646 1641 5723 Sedillie
1665 5646 1916 5723 habetur,

327 5727 405 5846 in}:
424 5746 593 5848 stater
604 5718 850 5791 ἇῦνὲισμον
862 5718 1072 5787 didi-(fetet.
1095 5722 1277 5794 Itaque
1302 5720 1443 5781 aliud
1465 5719 1563 5789 Silii
1596 5718 1761 5779 νινιιιίι
1788 5718 1922 5791 δεῖν·

352 5809 525 5848 IInIIIS.
605 5811 671 5848 lGo

325 5797 525 5850 limitis.
554 5797 671 5850 Ille.

396 5870 478 5945 (d)
521 5868 788 5924 Dimittere
824 5866 1111 5938 conﬂictum
1164 5865 1217 5919 in
1264 5863 1528 5933 integram.
1584 5859 1674 5916 Sic
1721 5857 1918 5915 habent

2041 4657 2593 4743 itegli‘genltempeitata.‘
2610 4657 2729 4713 th.

2113 4726 2654 4801 (a)/Idgéliberandas
2691 4731 2889 4783 animas
2922 4745 3110 4783 eorum.
3146 4728 3235 4785 Sic
3259 4729 3453 4801 legitur
3477 4729 3531 4783 in
3559 4729 3645 4786 Pi-

2035 4796 2273 4854 tlttitztuo.
2306 4799 2423 4853 RIG.

2109 4871 2259 4944 CAP.
2295 4869 2413 4944 XX.
2435 4901 2509 4913 --
2534 4869 2743 4944 (f)_§ed
2771 4871 2902 4944 enim
2932 4871 3223 4944 sepiarqisti.
3257 4871 3545 4944 Eleganter
3581 4881 3642 4930 et

2035 4941 2278 5012 appo~itc
2305 4938 2945 5001 haereticusMartiouitas
2974 4938 3136 5012 sepiis
3166 4938 3460 5013 comparat.
3495 4940 3640 5002 Nam

2035 5013 2319 5069 ιιΗηίιιὶιις
2347 5014 2505 5069 tradit
2527 5013 2618 5068 lib.
2641 5014 2696 5080 9,
2718 5029 2836 5084 cap.
2866 5013 2956 5081 99,
2989 5012 3184 5084 Sepim,
3212 5012 3433 5083 pisCium
3458 5030 3641 5084 genus

2031 5092 2133 5146 est,
2158 5084 2244 5139 ubi
2269 5099 2485 5140 sensere
2512 5100 2569 5139 se
2591 5085 2941 5155 apprehendi,
2964 5084 3135 5145 cll'uso
3163 5095 3459 5155 atramento
3486 5084 3641 5155 quod

2030 5169 2130 5227 pro
2153 5156 2409 5227 sanguine
2436 5156 2498 5211 iis
2515 5163 2616 5221 est,
2639 5155 2894 5227 infuscata
2918 5172 3051 5227 aqua
3074 5154 3640 5227 absco_nduutur.Eo-

2030 5224 2151 5280 dem
2176 5226 2335 5281 modo
2371 5226 2605 5283 hazretici
2646 5224 2990 5293 Marcionitsc',
3012 5227 3098 5285 ubi
3134 5224 3519 5281 traductionem
3549 5230 3637 5283 sui
3696 5255 3703 5261 -

2030 5295 2288 5363 sentiunt,
2309 5292 2409 5351 huc
2425 5306 2526 5361 est,
2552 5314 2671 5351 cum
2687 5294 2887 5352 erroris
2902 5297 3636 5367 arguunturcomincuutur-

2029 5382 2152 5438 que.
2179 5368 2426 5439 tenebras
2456 5367 2578 5429 huic
2603 5368 2949 5439 blasphemia:
2991 5369 3457 5439 intervomunt,ut
3485 5379 3640 5423 atra-

2032 5446 2268 5520 mentum
2320 5438 2503 5520 sepize,
2547 5437 2831 5520 latque‘ita
2874 5437 3526 5520 arguentemimpeditum
3579 5450 3640 5497 et

2029 5518 2295 5583 aycrtuut,
2320 5508 2596 5583 allegando
2619 5508 2738 5583 qua:
2765 5510 3056 5569 bonitatem
3069 5508 3338 5565 Creatoris
3357 5509 3637 5569 infuscent

2028 5579 2481 5651 obnubilentque.
2497 5579 2672 5637 Reed.
3114 5630 3127 5635 -

2100 5650 2177 5721 (α)
2222 5648 2411 5721 Contra
2442 5649 2678 5708 llebrteas
2696 5660 2892 5715 mutuas
2921 5651 3183 5721 petitiones
3208 5651 3505 5721 iustitunnt.
3537 5650 3636 5709 Sic

2029 5718 2346 5799 Alexander
2368 5720 2658 5799 Imperator
2687 5724 2719 5777 I.
2754 5741 2767 5779 t
2817 5739 2863 5778 c.
2907 5718 3009 5777 llet‘
3068 5731 3295 5799 aluntur.
3332 5719 3453 5772 Non
3488 5722 3634 5780 enim

2028 5808 2167 5859 prius
2206 5792 2414 5862 exsolvi,
2448 5792 2592 5862 quod
2629 5795 2804 5847 debere
2848 5811 2893 5847 te
2930 5793 3228 5862 constitt'ril.
3277 5807 3478 5860 (t'qnttm
3524 5805 3629 5862 est,

2025 5878 2173 5931 quam
2195 5861 2427 5931 petitioni
2447 5860 2634 5919 mutua:
2663 5880 2957 5934 responsum
2980 5865 3155 5933 fuerit.
3192 5860 3306 5914 lite.
