  <div class='ocr_page' id='page_1' title='image "/cluster/home/n/w/nwhite01/storage/ocr_20150623/2/uva.x000669815/160.png"; bbox 0 0 4008 6280; ppageno 0'>
   <div class='ocr_carea' id='block_1_1' title="bbox 348 362 455 464">
    <p class='ocr_par' dir='ltr' id='par_1_1' title="bbox 348 362 455 464">
     <span class='ocr_line' id='line_1_1' title="bbox 348 362 455 464; baseline 0.009 -1"><span class='ocrx_word' id='word_1_1' title='bbox 348 362 455 464; x_wconf 61' lang='grc' dir='ltr'><strong>ξος)</strong></span> 
     </span>
    </p>
   </div>
   <div class='ocr_carea' id='block_1_2' title="bbox 1480 391 2555 456">
    <p class='ocr_par' dir='ltr' id='par_1_2' title="bbox 1480 391 2555 456">
     <span class='ocr_line' id='line_1_2' title="bbox 1480 391 2555 456; baseline -0.006 -1"><span class='ocrx_word' id='word_1_2' title='bbox 1480 400 1609 456; x_wconf 88' lang='lat' dir='ltr'><strong>LIB.</strong></span> <span class='ocrx_word' id='word_1_3' title='bbox 1649 398 1695 455; x_wconf 91' lang='lat' dir='ltr'><strong>ll</strong></span> <span class='ocrx_word' id='word_1_4' title='bbox 1736 391 2097 453; x_wconf 75' lang='lat' dir='ltr'><strong>ADVERSUS</strong></span> <span class='ocrx_word' id='word_1_5' title='bbox 2134 392 2555 451; x_wconf 80' lang='lat' dir='ltr'><strong>MARCIONEM.</strong></span> 
     </span>
    </p>
   </div>
   <div class='ocr_carea' id='block_1_3' title="bbox 3558 384 3664 440">
    <p class='ocr_par' dir='ltr' id='par_1_3' title="bbox 3558 384 3664 440">
     <span class='ocr_line' id='line_1_3' title="bbox 3558 384 3664 440; baseline 0 0"><span class='ocrx_word' id='word_1_6' title='bbox 3558 384 3664 440; x_wconf 78' lang='grc'><strong>510</strong></span> 
     </span>
    </p>
   </div>
   <div class='ocr_carea' id='block_1_4' title="bbox 352 502 3657 598">
    <p class='ocr_par' dir='ltr' id='par_1_4' title="bbox 352 502 3657 598">
     <span class='ocr_line' id='line_1_4' title="bbox 352 502 3657 598; baseline -0.009 -17"><span class='ocrx_word' id='word_1_7' title='bbox 352 523 598 582; x_wconf 84' lang='lat' dir='ltr'><strong>tionem?</strong></span> <span class='ocrx_word' id='word_1_8' title='bbox 620 522 704 598; x_wconf 76' lang='grc' dir='ltr'><strong>(α)</strong></span> <span class='ocrx_word' id='word_1_9' title='bbox 734 523 867 579; x_wconf 86' lang='lat' dir='ltr'><strong>Nam</strong></span> <span class='ocrx_word' id='word_1_10' title='bbox 894 523 1111 580; x_wconf 90' lang='lat' dir='ltr'><strong>ctaiunt</strong></span> <span class='ocrx_word' id='word_1_11' title='bbox 1137 519 1211 576; x_wconf 88' lang='lat' dir='ltr'><strong>ita</strong></span> <span class='ocrx_word' id='word_1_12' title='bbox 1233 528 1410 576; x_wconf 86' lang='lat' dir='ltr'><strong>actum</strong></span> <span class='ocrx_word' id='word_1_13' title='bbox 1433 533 1529 592; x_wconf 91' lang='lat' dir='ltr'><strong>per</strong></span> <span class='ocrx_word' id='word_1_14' title='bbox 1551 518 1753 588; x_wconf 89' lang='lat' dir='ltr'><strong>legatos</strong></span> <span class='ocrx_word' id='word_1_15' title='bbox 1781 515 1954 570; x_wconf 90' lang='lat' dir='ltr'><strong>utriu-</strong></span> <span class='ocrx_word' id='word_1_16' title='bbox 1983 512 2037 573; x_wconf 82' lang='lat' dir='ltr'><strong>A</strong></span> <span class='ocrx_word' id='word_1_17' title='bbox 2060 510 2127 565; x_wconf 89' lang='lat' dir='ltr'><strong>dc</strong></span> <span class='ocrx_word' id='word_1_18' title='bbox 2156 510 2413 566; x_wconf 77' lang='lat' dir='ltr'><strong>absolutis</strong></span> <span class='ocrx_word' id='word_1_19' title='bbox 2441 508 2791 566; x_wconf 85' lang='lat' dir='ltr'><strong>revincamiui</strong></span> <span class='ocrx_word' id='word_1_20' title='bbox 2815 551 2830 576; x_wconf 94' lang='lat'><strong>,</strong></span> <span class='ocrx_word' id='word_1_21' title='bbox 2860 505 3206 577; x_wconf 89' lang='lat' dir='ltr'><strong>simplicitate</strong></span> <span class='ocrx_word' id='word_1_22' title='bbox 3236 502 3500 566; x_wconf 88' lang='lat' dir='ltr'><strong>veritatis,</strong></span> <span class='ocrx_word' id='word_1_23' title='bbox 3551 515 3657 553; x_wconf 89' lang='lat' dir='ltr'><strong>non</strong></span> 
     </span>
    </p>
   </div>
   <div class='ocr_carea' id='block_1_5' title="bbox 352 605 1954 689">
    <p class='ocr_par' dir='ltr' id='par_1_5' title="bbox 352 605 1954 689">
     <span class='ocr_line' id='line_1_5' title="bbox 352 605 1954 689; baseline -0.006 -20"><span class='ocrx_word' id='word_1_24' title='bbox 352 632 459 689; x_wconf 87' lang='lat' dir='ltr'><strong>que</strong></span> <span class='ocrx_word' id='word_1_25' title='bbox 488 632 505 683; x_wconf 89' lang='lat'><strong>;</strong></span> <span class='ocrx_word' id='word_1_26' title='bbox 539 614 923 689; x_wconf 64' lang='lat' dir='ltr'><strong>Egyptiorum</strong></span> <span class='ocrx_word' id='word_1_27' title='bbox 949 613 1159 685; x_wconf 81' lang='lat' dir='ltr'><strong>quidem</strong></span> <span class='ocrx_word' id='word_1_28' title='bbox 1186 612 1539 684; x_wconf 78' lang='lat' dir='ltr'><strong>repetentium</strong></span> <span class='ocrx_word' id='word_1_29' title='bbox 1563 623 1710 673; x_wconf 85' lang='lat' dir='ltr'><strong>vasa,</strong></span> <span class='ocrx_word' id='word_1_30' title='bbox 1740 605 1954 662; x_wconf 83' lang='lat' dir='ltr'><strong>Judaeo—</strong></span> 
     </span>
    </p>
   </div>
   <div class='ocr_carea' id='block_1_6' title="bbox 350 701 1952 781">
    <p class='ocr_par' dir='ltr' id='par_1_6' title="bbox 350 701 1952 781">
     <span class='ocr_line' id='line_1_6' title="bbox 350 701 1952 781; baseline -0.009 -15"><span class='ocrx_word' id='word_1_31' title='bbox 350 726 469 766; x_wconf 85' lang='lat' dir='ltr'><strong>runt</strong></span> <span class='ocrx_word' id='word_1_32' title='bbox 502 725 635 765; x_wconf 88' lang='lat' dir='ltr'><strong>vero</strong></span> <span class='ocrx_word' id='word_1_33' title='bbox 668 708 1061 781; x_wconf 85' lang='lat' dir='ltr'><strong>reposcentiutu</strong></span> <span class='ocrx_word' id='word_1_34' title='bbox 1107 721 1297 777; x_wconf 82' lang='lat' dir='ltr'><strong>operas</strong></span> <span class='ocrx_word' id='word_1_35' title='bbox 1328 719 1452 761; x_wconf 93' lang='lat' dir='ltr'><strong>suas</strong></span> <span class='ocrx_word' id='word_1_36' title='bbox 1485 721 1498 757; x_wconf 88' lang='lat'><strong>:</strong></span> <span class='ocrx_word' id='word_1_37' title='bbox 1531 713 1586 759; x_wconf 89' lang='lat' dir='ltr'><strong>et</strong></span> <span class='ocrx_word' id='word_1_38' title='bbox 1615 701 1827 761; x_wconf 85' lang='lat' dir='ltr'><strong>tandem</strong></span> <span class='ocrx_word' id='word_1_39' title='bbox 1857 715 1952 753; x_wconf 89' lang='lat' dir='ltr'><strong>va-</strong></span> 
     </span>
    </p>
   </div>
   <div class='ocr_carea' id='block_1_7' title="bbox 332 791 1954 881">
    <p class='ocr_par' dir='ltr' id='par_1_7' title="bbox 332 791 1954 881">
     <span class='ocr_line' id='line_1_7' title="bbox 332 791 1954 881; baseline -0.009 -21"><span class='ocrx_word' id='word_1_40' title='bbox 332 803 430 881; x_wconf 8' lang='grc' dir='ltr'><strong>(εἰς</strong></span> <span class='ocrx_word' id='word_1_41' title='bbox 483 802 602 858; x_wconf 81' lang='lat' dir='ltr'><strong>istis</strong></span> <span class='ocrx_word' id='word_1_42' title='bbox 636 799 716 876; x_wconf 79' lang='grc' dir='ltr'><strong>(ὁ)</strong></span> <span class='ocrx_word' id='word_1_43' title='bbox 764 800 845 875; x_wconf 89' lang='grc'><strong>(1)</strong></span> <span class='ocrx_word' id='word_1_44' title='bbox 874 800 1313 857; x_wconf 89' lang='lat' dir='ltr'><strong>renuntiaverunt</strong></span> <span class='ocrx_word' id='word_1_45' title='bbox 1354 797 1452 851; x_wconf 87' lang='lat' dir='ltr'><strong>sibi</strong></span> <span class='ocrx_word' id='word_1_46' title='bbox 1484 795 1740 869; x_wconf 66' lang='lat' dir='ltr'><strong>Egyptii.</strong></span> <span class='ocrx_word' id='word_1_47' title='bbox 1785 791 1954 849; x_wconf 87' lang='lat' dir='ltr'><strong>Hodie</strong></span> 
     </span>
    </p>
   </div>
   <div class='ocr_carea' id='block_1_8' title="bbox 358 887 1975 964">
    <p class='ocr_par' dir='ltr' id='par_1_8' title="bbox 358 887 1975 964">
     <span class='ocr_line' id='line_1_8' title="bbox 358 887 1975 964; baseline -0.007 -13"><span class='ocrx_word' id='word_1_48' title='bbox 358 895 622 952; x_wconf 90' lang='lat' dir='ltr'><strong>adversus</strong></span> <span class='ocrx_word' id='word_1_49' title='bbox 654 892 993 950; x_wconf 76' lang='lat' dir='ltr'><strong>Marcionitas</strong></span> <span class='ocrx_word' id='word_1_50' title='bbox 1020 892 1250 964; x_wconf 84' lang='lat' dir='ltr'><strong>amplius</strong></span> <span class='ocrx_word' id='word_1_51' title='bbox 1277 890 1529 963; x_wconf 83' lang='lat' dir='ltr'><strong>allegant.</strong></span> <span class='ocrx_word' id='word_1_52' title='bbox 1556 887 1766 943; x_wconf 71' lang='lat' dir='ltr'><strong>llebrari</strong></span> <span class='ocrx_word' id='word_1_53' title='bbox 1787 929 1802 955; x_wconf 92' lang='lat'><strong>,</strong></span> <span class='ocrx_word' id='word_1_54' title='bbox 1858 900 1975 951; x_wconf 12' lang='lat' dir='ltr'><strong>ne-V</strong></span> 
     </span>
    </p>
   </div>
   <div class='ocr_carea' id='block_1_9' title="bbox 349 975 1952 1060">
    <p class='ocr_par' dir='ltr' id='par_1_9' title="bbox 349 975 1952 1060">
     <span class='ocr_line' id='line_1_9' title="bbox 349 975 1952 1060; baseline -0.007 -18"><span class='ocrx_word' id='word_1_55' title='bbox 349 997 543 1060; x_wconf 77' lang='lat' dir='ltr'><strong>gantes</strong></span> <span class='ocrx_word' id='word_1_56' title='bbox 586 984 1021 1056; x_wconf 90' lang='lat' dir='ltr'><strong>compensationi</strong></span> <span class='ocrx_word' id='word_1_57' title='bbox 1073 983 1206 1059; x_wconf 88' lang='lat' dir='ltr'><strong>satis</strong></span> <span class='ocrx_word' id='word_1_58' title='bbox 1258 997 1378 1036; x_wconf 87' lang='lat' dir='ltr'><strong>esse</strong></span> <span class='ocrx_word' id='word_1_59' title='bbox 1432 978 1774 1050; x_wconf 80' lang='lat' dir='ltr'><strong>quantumvis</strong></span> <span class='ocrx_word' id='word_1_60' title='bbox 1820 975 1952 1032; x_wconf 91' lang='lat' dir='ltr'><strong>illud</strong></span> 
     </span>
    </p>
   </div>
   <div class='ocr_carea' id='block_1_10' title="bbox 317 1073 1953 1151">
    <p class='ocr_par' dir='ltr' id='par_1_10' title="bbox 317 1073 1953 1151">
     <span class='ocr_line' id='line_1_10' title="bbox 317 1073 1953 1151; baseline -0.008 -15"><span class='ocrx_word' id='word_1_61' title='bbox 317 1112 323 1119; x_wconf 93' lang='lat'><em>-</em></span> <span class='ocrx_word' id='word_1_62' title='bbox 351 1081 466 1138; x_wconf 77' lang='lat' dir='ltr'><strong>auri</strong></span> <span class='ocrx_word' id='word_1_63' title='bbox 500 1091 555 1136; x_wconf 88' lang='lat' dir='ltr'><strong>et</strong></span> <span class='ocrx_word' id='word_1_64' title='bbox 603 1082 833 1151; x_wconf 86' lang='lat' dir='ltr'><strong>argenti,</strong></span> <span class='ocrx_word' id='word_1_65' title='bbox 882 1078 928 1133; x_wconf 90' lang='lat' dir='ltr'><strong>si</strong></span> <span class='ocrx_word' id='word_1_66' title='bbox 977 1083 1360 1132; x_wconf 75' lang='lat' dir='ltr'><strong>sescentorum</strong></span> <span class='ocrx_word' id='word_1_67' title='bbox 1394 1073 1618 1128; x_wconf 89' lang='lat' dir='ltr'><strong>millium</strong></span> <span class='ocrx_word' id='word_1_68' title='bbox 1650 1085 1828 1142; x_wconf 64' lang='lat' dir='ltr'><strong>operae</strong></span> <span class='ocrx_word' id='word_1_69' title='bbox 1856 1085 1953 1141; x_wconf 89' lang='lat' dir='ltr'><strong>per</strong></span> 
     </span>
    </p>
   </div>
   <div class='ocr_carea' id='block_1_11' title="bbox 352 1166 1948 1241">
    <p class='ocr_par' dir='ltr' id='par_1_11' title="bbox 352 1166 1948 1241">
     <span class='ocr_line' id='line_1_11' title="bbox 352 1166 1948 1241; baseline -0.006 -12"><span class='ocrx_word' id='word_1_70' title='bbox 352 1182 433 1231; x_wconf 92' lang='lat' dir='ltr'><strong>tot</strong></span> <span class='ocrx_word' id='word_1_71' title='bbox 480 1187 654 1227; x_wconf 86' lang='lat' dir='ltr'><strong>annos</strong></span> <span class='ocrx_word' id='word_1_72' title='bbox 703 1171 786 1227; x_wconf 90' lang='lat' dir='ltr'><strong>vel</strong></span> <span class='ocrx_word' id='word_1_73' title='bbox 833 1170 1053 1241; x_wconf 81' lang='lat' dir='ltr'><strong>singulis</strong></span> <span class='ocrx_word' id='word_1_74' title='bbox 1097 1167 1329 1223; x_wconf 91' lang='lat' dir='ltr'><strong>nummis</strong></span> <span class='ocrx_word' id='word_1_75' title='bbox 1359 1166 1567 1223; x_wconf 81' lang='lat' dir='ltr'><strong>diurnis</strong></span> <span class='ocrx_word' id='word_1_76' title='bbox 1595 1166 1948 1221; x_wconf 72' lang='lat' dir='ltr'><strong>mstimeutur.</strong></span> 
     </span>
    </p>
   </div>
   <div class='ocr_carea' id='block_1_12' title="bbox 351 1243 1951 1335">
    <p class='ocr_par' dir='ltr' id='par_1_12' title="bbox 351 1243 1951 1335">
     <span class='ocr_line' id='line_1_12' title="bbox 351 1243 1951 1335; baseline -0.006 -13"><span class='ocrx_word' id='word_1_77' title='bbox 351 1266 482 1334; x_wconf 64' lang='lat' dir='ltr'><strong>Quae</strong></span> <span class='ocrx_word' id='word_1_78' title='bbox 509 1252 689 1331; x_wconf 86' lang='lat' dir='ltr'><strong>autem</strong></span> <span class='ocrx_word' id='word_1_79' title='bbox 721 1280 842 1335; x_wconf 88' lang='lat' dir='ltr'><strong>pars</strong></span> <span class='ocrx_word' id='word_1_80' title='bbox 875 1263 1094 1335; x_wconf 83' lang='lat' dir='ltr'><strong>major?</strong></span> <span class='ocrx_word' id='word_1_81' title='bbox 1126 1263 1483 1333; x_wconf 78' lang='lat' dir='ltr'><strong>repetentium</strong></span> <span class='ocrx_word' id='word_1_82' title='bbox 1511 1276 1637 1316; x_wconf 84' lang='lat' dir='ltr'><strong>vasa</strong></span> <span class='ocrx_word' id='word_1_83' title='bbox 1663 1301 1678 1327; x_wconf 95' lang='lat'><strong>,</strong></span> <span class='ocrx_word' id='word_1_84' title='bbox 1709 1274 1775 1314; x_wconf 90' lang='lat' dir='ltr'><strong>an</strong></span> <span class='ocrx_word' id='word_1_85' title='bbox 1803 1243 1951 1335; x_wconf 60' lang='lat' dir='ltr'><strong>incd-</strong></span> 
     </span>
    </p>
   </div>
   <div class='ocr_carea' id='block_1_13' title="bbox 350 1350 1952 1424">
    <p class='ocr_par' dir='ltr' id='par_1_13' title="bbox 350 1350 1952 1424">
     <span class='ocr_line' id='line_1_13' title="bbox 350 1350 1952 1424; baseline -0.007 -8"><span class='ocrx_word' id='word_1_86' title='bbox 350 1361 580 1416; x_wconf 86' lang='lat' dir='ltr'><strong>lentiuiu</strong></span> <span class='ocrx_word' id='word_1_87' title='bbox 602 1358 756 1413; x_wconf 89' lang='lat' dir='ltr'><strong>villas</strong></span> <span class='ocrx_word' id='word_1_88' title='bbox 775 1365 828 1413; x_wconf 89' lang='lat' dir='ltr'><strong>et</strong></span> <span class='ocrx_word' id='word_1_89' title='bbox 860 1354 1069 1411; x_wconf 84' lang='lat' dir='ltr'><strong>urbes?</strong></span> <span class='ocrx_word' id='word_1_90' title='bbox 1117 1355 1355 1424; x_wconf 85' lang='lat' dir='ltr'><strong>Querela</strong></span> <span class='ocrx_word' id='word_1_91' title='bbox 1407 1369 1537 1421; x_wconf 80' lang='lat' dir='ltr'><strong>ergo</strong></span> <span class='ocrx_word' id='word_1_92' title='bbox 1566 1368 1713 1407; x_wconf 90' lang='lat' dir='ltr'><strong>mare</strong></span> <span class='ocrx_word' id='word_1_93' title='bbox 1748 1350 1952 1424; x_wconf 63' lang='lat' dir='ltr'><strong>Egyp-</strong></span> 
     </span>
    </p>
   </div>
   <div class='ocr_carea' id='block_1_14' title="bbox 348 1445 1952 1525">
    <p class='ocr_par' dir='ltr' id='par_1_14' title="bbox 348 1445 1952 1525">
     <span class='ocr_line' id='line_1_14' title="bbox 348 1445 1952 1525; baseline -0.006 -17"><span class='ocrx_word' id='word_1_94' title='bbox 348 1454 576 1517; x_wconf 90' lang='lat' dir='ltr'><strong>tiorum,</strong></span> <span class='ocrx_word' id='word_1_95' title='bbox 612 1449 683 1525; x_wconf 73' lang='grc' dir='ltr'><strong>(ε)</strong></span> <span class='ocrx_word' id='word_1_96' title='bbox 711 1466 776 1505; x_wconf 92' lang='lat' dir='ltr'><strong>an</strong></span> <span class='ocrx_word' id='word_1_97' title='bbox 800 1450 970 1521; x_wconf 88' lang='lat' dir='ltr'><strong>gratia</strong></span> <span class='ocrx_word' id='word_1_98' title='bbox 999 1448 1394 1503; x_wconf 73' lang='lat' dir='ltr'><strong>Hebmorum?</strong></span> <span class='ocrx_word' id='word_1_99' title='bbox 1448 1445 1519 1501; x_wconf 85' lang='lat' dir='ltr'><strong>Ut</strong></span> <span class='ocrx_word' id='word_1_100' title='bbox 1560 1446 1684 1502; x_wconf 80' lang='lat' dir='ltr'><strong>solo</strong></span> <span class='ocrx_word' id='word_1_101' title='bbox 1732 1445 1952 1515; x_wconf 88' lang='lat' dir='ltr'><strong>injuria-</strong></span> 
     </span>
    </p>
   </div>
   <div class='ocr_carea' id='block_1_15' title="bbox 346 1536 1950 1614">
    <p class='ocr_par' dir='ltr' id='par_1_15' title="bbox 346 1536 1950 1614">
     <span class='ocr_line' id='line_1_15' title="bbox 346 1536 1950 1614; baseline -0.005 -14"><span class='ocrx_word' id='word_1_102' title='bbox 346 1560 468 1600; x_wconf 85' lang='lat' dir='ltr'><strong>rum</strong></span> <span class='ocrx_word' id='word_1_103' title='bbox 515 1543 719 1614; x_wconf 89' lang='lat' dir='ltr'><strong>judicio</strong></span> <span class='ocrx_word' id='word_1_104' title='bbox 766 1541 972 1597; x_wconf 68' lang='lat' dir='ltr'><strong>llebrzei</strong></span> <span class='ocrx_word' id='word_1_105' title='bbox 1006 1538 1291 1612; x_wconf 69' lang='lat' dir='ltr'><strong>JEgyptios</strong></span> <span class='ocrx_word' id='word_1_106' title='bbox 1325 1546 1757 1610; x_wconf 90' lang='lat' dir='ltr'><strong>repercutereut,</strong></span> <span class='ocrx_word' id='word_1_107' title='bbox 1795 1536 1950 1593; x_wconf 85' lang='lat' dir='ltr'><strong>liberi</strong></span> 
     </span>
    </p>
   </div>
   <div class='ocr_carea' id='block_1_16' title="bbox 347 1632 1951 1707">
    <p class='ocr_par' dir='ltr' id='par_1_16' title="bbox 347 1632 1951 1707">
     <span class='ocr_line' id='line_1_16' title="bbox 347 1632 1951 1707; baseline -0.004 -14"><span class='ocrx_word' id='word_1_108' title='bbox 347 1637 602 1693; x_wconf 83' lang='lat' dir='ltr'><strong>homines</strong></span> <span class='ocrx_word' id='word_1_109' title='bbox 624 1638 677 1691; x_wconf 91' lang='lat' dir='ltr'><strong>in</strong></span> <span class='ocrx_word' id='word_1_110' title='bbox 701 1635 1027 1707; x_wconf 80' lang='lat' dir='ltr'><strong>ergastulum</strong></span> <span class='ocrx_word' id='word_1_111' title='bbox 1050 1633 1277 1697; x_wconf 86' lang='lat' dir='ltr'><strong>subacti,</strong></span> <span class='ocrx_word' id='word_1_112' title='bbox 1307 1641 1365 1691; x_wconf 93' lang='lat' dir='ltr'><strong>ut</strong></span> <span class='ocrx_word' id='word_1_113' title='bbox 1384 1632 1528 1687; x_wconf 91' lang='lat' dir='ltr'><strong>solas</strong></span> <span class='ocrx_word' id='word_1_114' title='bbox 1559 1632 1806 1703; x_wconf 83' lang='lat' dir='ltr'><strong>scapulas</strong></span> <span class='ocrx_word' id='word_1_115' title='bbox 1826 1646 1951 1686; x_wconf 91' lang='lat' dir='ltr'><strong>suas</strong></span> 
     </span>
    </p>
   </div>
   <div class='ocr_carea' id='block_1_17' title="bbox 345 1723 1951 1799">
    <p class='ocr_par' dir='ltr' id='par_1_17' title="bbox 345 1723 1951 1799">
     <span class='ocr_line' id='line_1_17' title="bbox 345 1723 1951 1799; baseline -0.006 -13"><span class='ocrx_word' id='word_1_116' title='bbox 345 1731 546 1786; x_wconf 79' lang='lat' dir='ltr'><strong>scriba:</strong></span> <span class='ocrx_word' id='word_1_117' title='bbox 587 1745 775 1785; x_wconf 87' lang='lat' dir='ltr'><strong>eorum</strong></span> <span class='ocrx_word' id='word_1_118' title='bbox 808 1727 947 1799; x_wconf 90' lang='lat' dir='ltr'><strong>apud</strong></span> <span class='ocrx_word' id='word_1_119' title='bbox 984 1726 1239 1783; x_wconf 87' lang='lat' dir='ltr'><strong>subsellia</strong></span> <span class='ocrx_word' id='word_1_120' title='bbox 1281 1740 1374 1781; x_wconf 89' lang='lat' dir='ltr'><strong>sua</strong></span> <span class='ocrx_word' id='word_1_121' title='bbox 1407 1724 1718 1780; x_wconf 83' lang='lat' dir='ltr'><strong>ostenderet</strong></span> <span class='ocrx_word' id='word_1_122' title='bbox 1770 1723 1951 1795; x_wconf 79' lang='lat' dir='ltr'><strong>flagel-</strong></span> 
     </span>
    </p>
   </div>
   <div class='ocr_carea' id='block_1_18' title="bbox 344 1817 1949 1887">
    <p class='ocr_par' dir='ltr' id='par_1_18' title="bbox 344 1817 1949 1887">
     <span class='ocr_line' id='line_1_18' title="bbox 344 1817 1949 1887; baseline -0.006 -7"><span class='ocrx_word' id='word_1_123' title='bbox 344 1825 530 1883; x_wconf 90' lang='lat' dir='ltr'><strong>lorum</strong></span> <span class='ocrx_word' id='word_1_124' title='bbox 584 1823 972 1878; x_wconf 82' lang='lat' dir='ltr'><strong>contumeliosa</strong></span> <span class='ocrx_word' id='word_1_125' title='bbox 1026 1821 1310 1874; x_wconf 88' lang='lat' dir='ltr'><strong>atrocitate</strong></span> <span class='ocrx_word' id='word_1_126' title='bbox 1342 1817 1606 1874; x_wconf 77' lang='lat' dir='ltr'><strong>laceratus</strong></span> <span class='ocrx_word' id='word_1_127' title='bbox 1635 1835 1648 1872; x_wconf 88' lang='lat'>:</span> <span class='ocrx_word' id='word_1_128' title='bbox 1680 1833 1786 1874; x_wconf 90' lang='lat' dir='ltr'><strong>non</strong></span> <span class='ocrx_word' id='word_1_129' title='bbox 1822 1820 1949 1887; x_wconf 76' lang='lat' dir='ltr'><strong>pau-</strong></span> 
     </span>
    </p>
   </div>
   <div class='ocr_carea' id='block_1_19' title="bbox 344 1907 2028 1985">
    <p class='ocr_par' dir='ltr' id='par_1_19' title="bbox 344 1907 2028 1985">
     <span class='ocr_line' id='line_1_19' title="bbox 344 1907 2028 1985; baseline -0.002 -11"><span class='ocrx_word' id='word_1_130' title='bbox 344 1918 424 1974; x_wconf 88' lang='lat' dir='ltr'><strong>cis</strong></span> <span class='ocrx_word' id='word_1_131' title='bbox 477 1917 721 1973; x_wconf 90' lang='lat' dir='ltr'><strong>laucibus</strong></span> <span class='ocrx_word' id='word_1_132' title='bbox 764 1924 820 1970; x_wconf 90' lang='lat' dir='ltr'><strong>et</strong></span> <span class='ocrx_word' id='word_1_133' title='bbox 868 1912 1103 1985; x_wconf 82' lang='lat' dir='ltr'><strong>scyphis,</strong></span> <span class='ocrx_word' id='word_1_134' title='bbox 1138 1912 1447 1984; x_wconf 85' lang='lat' dir='ltr'><strong>pauciorum</strong></span> <span class='ocrx_word' id='word_1_135' title='bbox 1494 1913 1679 1983; x_wconf 87' lang='lat' dir='ltr'><strong>utique</strong></span> <span class='ocrx_word' id='word_1_136' title='bbox 1725 1909 1946 1966; x_wconf 84' lang='lat' dir='ltr'><strong>divitum</strong></span> <span class='ocrx_word' id='word_1_137' title='bbox 1979 1907 2028 1970; x_wconf 88' lang='lat' dir='ltr'><strong>B</strong></span> 
     </span>
    </p>
   </div>
   <div class='ocr_carea' id='block_1_20' title="bbox 342 1988 1952 2084">
    <p class='ocr_par' dir='ltr' id='par_1_20' title="bbox 342 1988 1952 2084">
     <span class='ocr_line' id='line_1_20' title="bbox 342 1988 1952 2084; baseline -0.005 -18"><span class='ocrx_word' id='word_1_138' title='bbox 342 2012 569 2084; x_wconf 81' lang='lat' dir='ltr'><strong>ubique,</strong></span> <span class='ocrx_word' id='word_1_139' title='bbox 623 2009 717 2066; x_wconf 88' lang='lat' dir='ltr'><strong>sed</strong></span> <span class='ocrx_word' id='word_1_140' title='bbox 753 2009 876 2063; x_wconf 85' lang='lat' dir='ltr'><strong>totis</strong></span> <span class='ocrx_word' id='word_1_141' title='bbox 903 2017 956 2063; x_wconf 91' lang='lat' dir='ltr'><strong>et</strong></span> <span class='ocrx_word' id='word_1_142' title='bbox 980 2008 1216 2077; x_wconf 87' lang='lat' dir='ltr'><strong>ipsorunt</strong></span> <span class='ocrx_word' id='word_1_143' title='bbox 1247 2004 1611 2067; x_wconf 82' lang='lat' dir='ltr'><strong>facultatibus,</strong></span> <span class='ocrx_word' id='word_1_144' title='bbox 1642 2014 1697 2060; x_wconf 88' lang='lat' dir='ltr'><strong>el</strong></span> <span class='ocrx_word' id='word_1_145' title='bbox 1724 1988 1952 2076; x_wconf 26' lang='lat' dir='ltr'><strong>popula.-</strong></span> 
     </span>
    </p>
   </div>
   <div class='ocr_carea' id='block_1_21' title="bbox 340 2094 1953 2160">
    <p class='ocr_par' dir='ltr' id='par_1_21' title="bbox 340 2094 1953 2160">
     <span class='ocr_line' id='line_1_21' title="bbox 340 2094 1953 2160; baseline -0.006 0"><span class='ocrx_word' id='word_1_146' title='bbox 340 2106 485 2160; x_wconf 87' lang='lat' dir='ltr'><strong>rium</strong></span> <span class='ocrx_word' id='word_1_147' title='bbox 532 2102 773 2156; x_wconf 90' lang='lat' dir='ltr'><strong>omnium</strong></span> <span class='ocrx_word' id='word_1_148' title='bbox 822 2096 1200 2154; x_wconf 81' lang='lat' dir='ltr'><strong>eollationibus</strong></span> <span class='ocrx_word' id='word_1_149' title='bbox 1247 2094 1953 2152; x_wconf 73' lang='lat' dir='ltr'><strong>satisfaciendumllebrceis</strong></span> 
     </span>
    </p>
   </div>
   <div class='ocr_carea' id='block_1_22' title="bbox 342 2188 1950 2270">
    <p class='ocr_par' dir='ltr' id='par_1_22' title="bbox 342 2188 1950 2270">
     <span class='ocr_line' id='line_1_22' title="bbox 342 2188 1950 2270; baseline -0.007 -17"><span class='ocrx_word' id='word_1_150' title='bbox 342 2188 757 2270; x_wconf 75' lang='lat' dir='ltr'><strong>pronuntiasse-3</strong></span> <span class='ocrx_word' id='word_1_151' title='bbox 788 2191 906 2266; x_wconf 72' lang='lat'><strong>(:2)?</strong></span> <span class='ocrx_word' id='word_1_152' title='bbox 934 2189 1098 2261; x_wconf 85' lang='lat' dir='ltr'><strong>Igitur</strong></span> <span class='ocrx_word' id='word_1_153' title='bbox 1128 2191 1171 2245; x_wconf 90' lang='lat' dir='ltr'><strong>si</strong></span> <span class='ocrx_word' id='word_1_154' title='bbox 1193 2189 1330 2244; x_wconf 90' lang='lat' dir='ltr'><strong>bona</strong></span> <span class='ocrx_word' id='word_1_155' title='bbox 1358 2188 1706 2245; x_wconf 70' lang='lat' dir='ltr'><strong>Hebraeorum</strong></span> <span class='ocrx_word' id='word_1_156' title='bbox 1736 2203 1950 2254; x_wconf 86' lang='lat' dir='ltr'><strong>caussa,</strong></span> 
     </span>
    </p>
   </div>
   <div class='ocr_carea' id='block_1_23' title="bbox 302 2278 1953 2362">
    <p class='ocr_par' dir='ltr' id='par_1_23' title="bbox 302 2278 1953 2362">
     <span class='ocr_line' id='line_1_23' title="bbox 302 2278 1953 2362; baseline -0.005 -15"><span class='ocrx_word' id='word_1_157' title='bbox 302 2278 317 2283; x_wconf 66' lang='grc'><strong>’</strong></span> <span class='ocrx_word' id='word_1_158' title='bbox 342 2292 485 2347; x_wconf 85' lang='lat' dir='ltr'><strong>bona</strong></span> <span class='ocrx_word' id='word_1_159' title='bbox 511 2290 625 2362; x_wconf 87' lang='lat' dir='ltr'><strong>jam</strong></span> <span class='ocrx_word' id='word_1_160' title='bbox 656 2297 711 2343; x_wconf 93' lang='lat' dir='ltr'><strong>et</strong></span> <span class='ocrx_word' id='word_1_161' title='bbox 735 2302 924 2343; x_wconf 86' lang='lat' dir='ltr'><strong>caussa</strong></span> <span class='ocrx_word' id='word_1_162' title='bbox 950 2328 964 2349; x_wconf 89' lang='lat'><strong>,</strong></span> <span class='ocrx_word' id='word_1_163' title='bbox 995 2283 1045 2340; x_wconf 91' lang='lat' dir='ltr'><strong>id</strong></span> <span class='ocrx_word' id='word_1_164' title='bbox 1074 2293 1176 2347; x_wconf 88' lang='lat' dir='ltr'><strong>est,</strong></span> <span class='ocrx_word' id='word_1_165' title='bbox 1202 2284 1510 2340; x_wconf 83' lang='lat' dir='ltr'><strong>mandatum</strong></span> <span class='ocrx_word' id='word_1_166' title='bbox 1536 2282 1831 2351; x_wconf 86' lang='lat' dir='ltr'><strong>Creatoris,</strong></span> <span class='ocrx_word' id='word_1_167' title='bbox 1862 2283 1953 2355; x_wconf 90' lang='lat' dir='ltr'><strong>qui</strong></span> 
     </span>
    </p>
   </div>
   <div class='ocr_carea' id='block_1_24' title="bbox 338 2376 1950 2456">
    <p class='ocr_par' dir='ltr' id='par_1_24' title="bbox 338 2376 1950 2456">
     <span class='ocr_line' id='line_1_24' title="bbox 338 2376 1950 2456; baseline -0.006 -15"><span class='ocrx_word' id='word_1_168' title='bbox 338 2397 393 2441; x_wconf 92' lang='lat' dir='ltr'><strong>et</strong></span> <span class='ocrx_word' id='word_1_169' title='bbox 414 2384 709 2456; x_wconf 57' lang='lat' dir='ltr'><strong>Egyptios</strong></span> <span class='ocrx_word' id='word_1_170' title='bbox 733 2391 916 2453; x_wconf 86' lang='lat' dir='ltr'><strong>gratos</strong></span> <span class='ocrx_word' id='word_1_171' title='bbox 936 2377 1060 2434; x_wconf 84' lang='lat' dir='ltr'><strong>fecit</strong></span> <span class='ocrx_word' id='word_1_172' title='bbox 1080 2377 1400 2442; x_wconf 87' lang='lat' dir='ltr'><strong>nescientes,</strong></span> <span class='ocrx_word' id='word_1_173' title='bbox 1425 2388 1479 2433; x_wconf 92' lang='lat' dir='ltr'><strong>et</strong></span> <span class='ocrx_word' id='word_1_174' title='bbox 1495 2380 1647 2432; x_wconf 89' lang='lat' dir='ltr'><strong>suum</strong></span> <span class='ocrx_word' id='word_1_175' title='bbox 1672 2376 1950 2449; x_wconf 88' lang='lat' dir='ltr'><strong>populum,</strong></span> 
     </span>
    </p>
   </div>
   <div class='ocr_carea' id='block_1_25' title="bbox 338 2469 1951 2549">
    <p class='ocr_par' dir='ltr' id='par_1_25' title="bbox 338 2469 1951 2549">
     <span class='ocr_line' id='line_1_25' title="bbox 338 2469 1951 2549; baseline -0.006 -11"><span class='ocrx_word' id='word_1_176' title='bbox 338 2481 392 2538; x_wconf 89' lang='lat' dir='ltr'><strong>itt</strong></span> <span class='ocrx_word' id='word_1_177' title='bbox 422 2490 674 2549; x_wconf 88' lang='lat' dir='ltr'><strong>tempore</strong></span> <span class='ocrx_word' id='word_1_178' title='bbox 701 2472 1056 2545; x_wconf 84' lang='lat' dir='ltr'><strong>expeditionis</strong></span> <span class='ocrx_word' id='word_1_179' title='bbox 1077 2482 1325 2542; x_wconf 88' lang='lat' dir='ltr'><strong>angusto,</strong></span> <span class='ocrx_word' id='word_1_180' title='bbox 1350 2471 1529 2542; x_wconf 88' lang='lat' dir='ltr'><strong>aliquo</strong></span> <span class='ocrx_word' id='word_1_181' title='bbox 1563 2469 1756 2526; x_wconf 90' lang='lat' dir='ltr'><strong>solatio</strong></span> <span class='ocrx_word' id='word_1_182' title='bbox 1776 2471 1951 2528; x_wconf 71' lang='lat' dir='ltr'><strong>tacita:</strong></span> 
     </span>
    </p>
   </div>
   <div class='ocr_carea' id='block_1_26' title="bbox 337 2562 1945 2643">
    <p class='ocr_par' dir='ltr' id='par_1_26' title="bbox 337 2562 1945 2643">
     <span class='ocr_line' id='line_1_26' title="bbox 337 2562 1945 2643; baseline -0.006 -15"><span class='ocrx_word' id='word_1_183' title='bbox 337 2570 757 2643; x_wconf 80' lang='lat' dir='ltr'><strong>compositionis</strong></span> <span class='ocrx_word' id='word_1_184' title='bbox 811 2564 1090 2636; x_wconf 80' lang='lat' dir='ltr'><strong>cxpuuxit.</strong></span> <span class='ocrx_word' id='word_1_185' title='bbox 1126 2564 1290 2620; x_wconf 87' lang='lat' dir='ltr'><strong>Plane</strong></span> <span class='ocrx_word' id='word_1_186' title='bbox 1339 2562 1518 2619; x_wconf 86' lang='lat' dir='ltr'><strong>minus</strong></span> <span class='ocrx_word' id='word_1_187' title='bbox 1547 2563 1688 2636; x_wconf 79' lang='lat' dir='ltr'><strong>exigi</strong></span> <span class='ocrx_word' id='word_1_188' title='bbox 1738 2564 1945 2635; x_wconf 83' lang='lat' dir='ltr'><strong>jussit:</strong></span> 
     </span>
    </p>
   </div>
   <div class='ocr_carea' id='block_1_27' title="bbox 340 2655 1950 2735">
    <p class='ocr_par' dir='ltr' id='par_1_27' title="bbox 340 2655 1950 2735">
     <span class='ocr_line' id='line_1_27' title="bbox 340 2655 1950 2735; baseline -0.004 -13"><span class='ocrx_word' id='word_1_189' title='bbox 340 2658 595 2722; x_wconf 55' lang='lat' dir='ltr'><strong>llebrieis</strong></span> <span class='ocrx_word' id='word_1_190' title='bbox 624 2662 768 2718; x_wconf 87' lang='lat' dir='ltr'><strong>enim</strong></span> <span class='ocrx_word' id='word_1_191' title='bbox 801 2658 884 2735; x_wconf 84' lang='lat'><strong>(5)</strong></span> <span class='ocrx_word' id='word_1_192' title='bbox 916 2655 1078 2716; x_wconf 87' lang='lat' dir='ltr'><strong>etiam</strong></span> <span class='ocrx_word' id='word_1_193' title='bbox 1106 2657 1246 2715; x_wconf 84' lang='lat' dir='ltr'><strong>ﬁlios</strong></span> <span class='ocrx_word' id='word_1_194' title='bbox 1275 2655 1516 2731; x_wconf 64' lang='lat' dir='ltr'><strong>Egyptii</strong></span> <span class='ocrx_word' id='word_1_195' title='bbox 1538 2659 1824 2715; x_wconf 84' lang='lat' dir='ltr'><strong>restituere</strong></span> <span class='ocrx_word' id='word_1_196' title='bbox 1853 2658 1950 2715; x_wconf 88' lang='lat' dir='ltr'><strong>de—</strong></span> 
     </span>
    </p>
   </div>
   <div class='ocr_carea' id='block_1_28' title="bbox 338 2757 602 2814">
    <p class='ocr_par' dir='ltr' id='par_1_28' title="bbox 338 2757 602 2814">
     <span class='ocr_line' id='line_1_28' title="bbox 338 2757 602 2814; baseline -0.011 0"><span class='ocrx_word' id='word_1_197' title='bbox 338 2757 602 2814; x_wconf 82' lang='lat' dir='ltr'><strong>buerant.</strong></span> 
     </span>
    </p>
   </div>
   <div class='ocr_carea' id='block_1_29' title="bbox 948 2845 1349 2906">
    <p class='ocr_par' dir='ltr' id='par_1_29' title="bbox 948 2845 1349 2906">
     <span class='ocr_line' id='line_1_29' title="bbox 948 2845 1349 2906; baseline 0.002 -5"><span class='ocrx_word' id='word_1_198' title='bbox 948 2846 1177 2906; x_wconf 71' lang='lat' dir='ltr'><strong>(IAPUT</strong></span> <span class='ocrx_word' id='word_1_199' title='bbox 1205 2845 1349 2903; x_wconf 88' lang='lat' dir='ltr'><strong>XXI.</strong></span> 
     </span>
    </p>
   </div>
   <div class='ocr_carea' id='block_1_30' title="bbox 409 2963 1955 3033">
    <p class='ocr_par' dir='ltr' id='par_1_30' title="bbox 409 2963 1955 3033">
     <span class='ocr_line' id='line_1_30' title="bbox 409 2963 1955 3033; baseline -0.002 -11"><span class='ocrx_word' id='word_1_200' title='bbox 409 2966 508 3022; x_wconf 89' lang='lat' dir='ltr'><strong>Sic</strong></span> <span class='ocrx_word' id='word_1_201' title='bbox 528 2974 587 3021; x_wconf 90' lang='lat' dir='ltr'><strong>et</strong></span> <span class='ocrx_word' id='word_1_202' title='bbox 614 2964 666 3021; x_wconf 91' lang='lat' dir='ltr'><strong>in</strong></span> <span class='ocrx_word' id='word_1_203' title='bbox 697 2963 909 3021; x_wconf 83' lang='lat' dir='ltr'><strong>caeteris</strong></span> <span class='ocrx_word' id='word_1_204' title='bbox 928 2963 1341 3029; x_wconf 78' lang='lat' dir='ltr'><strong>contrarietates</strong></span> <span class='ocrx_word' id='word_1_205' title='bbox 1371 2970 1763 3033; x_wconf 75' lang='lat' dir='ltr'><strong>przeceptorum</strong></span> <span class='ocrx_word' id='word_1_206' title='bbox 1785 2963 1836 3019; x_wconf 90' lang='lat' dir='ltr'><strong>ei</strong></span> <span class='ocrx_word' id='word_1_207' title='bbox 1856 2977 1955 3019; x_wconf 78' lang='lat' dir='ltr'><strong>ex-</strong></span> 
     </span>
    </p>
   </div>
   <div class='ocr_carea' id='block_1_31' title="bbox 341 3053 1953 3130">
    <p class='ocr_par' dir='ltr' id='par_1_31' title="bbox 341 3053 1953 3130">
     <span class='ocr_line' id='line_1_31' title="bbox 341 3053 1953 3130; baseline -0.002 -15"><span class='ocrx_word' id='word_1_208' title='bbox 341 3058 601 3130; x_wconf 87' lang='lat' dir='ltr'><strong>probras,</strong></span> <span class='ocrx_word' id='word_1_209' title='bbox 642 3067 703 3112; x_wconf 93' lang='lat' dir='ltr'><strong>ut</strong></span> <span class='ocrx_word' id='word_1_210' title='bbox 754 3055 938 3111; x_wconf 90' lang='lat' dir='ltr'><strong>mobili</strong></span> <span class='ocrx_word' id='word_1_211' title='bbox 962 3064 1014 3111; x_wconf 88' lang='lat' dir='ltr'><strong>et</strong></span> <span class='ocrx_word' id='word_1_212' title='bbox 1044 3055 1318 3119; x_wconf 88' lang='lat' dir='ltr'><strong>instabili;</strong></span> <span class='ocrx_word' id='word_1_213' title='bbox 1353 3053 1689 3123; x_wconf 79' lang='lat' dir='ltr'><strong>prohibentis</strong></span> <span class='ocrx_word' id='word_1_214' title='bbox 1717 3056 1953 3112; x_wconf 82' lang='lat' dir='ltr'><strong>sabbatis</strong></span> 
     </span>
    </p>
   </div>
   <div class='ocr_carea' id='block_1_32' title="bbox 341 3145 1951 3222">
    <p class='ocr_par' dir='ltr' id='par_1_32' title="bbox 341 3145 1951 3222">
     <span class='ocr_line' id='line_1_32' title="bbox 341 3145 1951 3222; baseline -0.004 -14"><span class='ocrx_word' id='word_1_215' title='bbox 341 3151 585 3222; x_wconf 81' lang='lat' dir='ltr'><strong>Operari,</strong></span> <span class='ocrx_word' id='word_1_216' title='bbox 618 3158 673 3205; x_wconf 89' lang='lat' dir='ltr'><strong>et</strong></span> <span class='ocrx_word' id='word_1_217' title='bbox 696 3148 934 3219; x_wconf 88' lang='lat' dir='ltr'><strong>jubentis</strong></span> <span class='ocrx_word' id='word_1_218' title='bbox 955 3161 1133 3203; x_wconf 83' lang='lat' dir='ltr'><strong>arcam</strong></span> <span class='ocrx_word' id='word_1_219' title='bbox 1156 3145 1489 3203; x_wconf 85' lang='lat' dir='ltr'><strong>circumferri</strong></span> <span class='ocrx_word' id='word_1_220' title='bbox 1519 3161 1615 3217; x_wconf 90' lang='lat' dir='ltr'><strong>per</strong></span> <span class='ocrx_word' id='word_1_221' title='bbox 1639 3146 1756 3204; x_wconf 87' lang='lat' dir='ltr'><strong>dies</strong></span> <span class='ocrx_word' id='word_1_222' title='bbox 1782 3159 1910 3204; x_wconf 90' lang='lat' dir='ltr'><strong>octo</strong></span> <span class='ocrx_word' id='word_1_223' title='bbox 1933 3186 1951 3216; x_wconf 87' lang='lat'><strong>,</strong></span> 
     </span>
    </p>
   </div>
   <div class='ocr_carea' id='block_1_33' title="bbox 344 3238 1950 3310">
    <p class='ocr_par' dir='ltr' id='par_1_33' title="bbox 344 3238 1950 3310">
     <span class='ocr_line' id='line_1_33' title="bbox 344 3238 1950 3310; baseline -0.001 -12"><span class='ocrx_word' id='word_1_224' title='bbox 344 3243 395 3298; x_wconf 90' lang='lat' dir='ltr'><strong>id</strong></span> <span class='ocrx_word' id='word_1_225' title='bbox 423 3251 534 3309; x_wconf 82' lang='lat' dir='ltr'><strong>est,</strong></span> <span class='ocrx_word' id='word_1_226' title='bbox 566 3241 733 3295; x_wconf 89' lang='lat' dir='ltr'><strong>etiam</strong></span> <span class='ocrx_word' id='word_1_227' title='bbox 758 3239 1005 3300; x_wconf 90' lang='lat' dir='ltr'><strong>sabbato.</strong></span> <span class='ocrx_word' id='word_1_228' title='bbox 1061 3240 1112 3293; x_wconf 92' lang='lat' dir='ltr'><strong>iu</strong></span> <span class='ocrx_word' id='word_1_229' title='bbox 1137 3238 1535 3310; x_wconf 78' lang='lat' dir='ltr'><strong>expugnatione</strong></span> <span class='ocrx_word' id='word_1_230' title='bbox 1563 3238 1797 3296; x_wconf 87' lang='lat' dir='ltr'><strong>civitatis</strong></span> <span class='ocrx_word' id='word_1_231' title='bbox 1822 3239 1950 3299; x_wconf 82' lang='lat' dir='ltr'><strong>Hie-</strong></span> 
     </span>
    </p>
   </div>
   <div class='ocr_carea' id='block_1_34' title="bbox 2056 592 3658 658">
    <p class='ocr_par' dir='ltr' id='par_1_34' title="bbox 2056 592 3658 658">
     <span class='ocr_line' id='line_1_34' title="bbox 2056 592 3658 658; baseline -0.009 -1"><span class='ocrx_word' id='word_1_232' title='bbox 2056 603 2367 658; x_wconf 87' lang='lat' dir='ltr'><strong>curiositate</strong></span> <span class='ocrx_word' id='word_1_233' title='bbox 2403 620 2417 658; x_wconf 89' lang='lat'><strong>:</strong></span> <span class='ocrx_word' id='word_1_234' title='bbox 2440 604 2579 658; x_wconf 89' lang='lat' dir='ltr'><strong>sicut</strong></span> <span class='ocrx_word' id='word_1_235' title='bbox 2607 610 2661 657; x_wconf 92' lang='lat' dir='ltr'><strong>et</strong></span> <span class='ocrx_word' id='word_1_236' title='bbox 2683 615 2825 655; x_wconf 92' lang='lat' dir='ltr'><strong>nunc</strong></span> <span class='ocrx_word' id='word_1_237' title='bbox 2853 606 3003 655; x_wconf 89' lang='lat' dir='ltr'><strong>certa</strong></span> <span class='ocrx_word' id='word_1_238' title='bbox 3024 596 3301 653; x_wconf 85' lang='lat' dir='ltr'><strong>distinctio</strong></span> <span class='ocrx_word' id='word_1_239' title='bbox 3325 604 3406 650; x_wconf 86' lang='lat' dir='ltr'><strong>est</strong></span> <span class='ocrx_word' id='word_1_240' title='bbox 3428 592 3658 656; x_wconf 83' lang='lat' dir='ltr'><strong>sabbati,</strong></span> 
     </span>
    </p>
   </div>
   <div class='ocr_carea' id='block_1_35' title="bbox 2059 683 3661 763">
    <p class='ocr_par' dir='ltr' id='par_1_35' title="bbox 2059 683 3661 763">
     <span class='ocr_line' id='line_1_35' title="bbox 2059 683 3661 763; baseline -0.009 -15"><span class='ocrx_word' id='word_1_241' title='bbox 2059 696 2308 761; x_wconf 88' lang='lat' dir='ltr'><strong>humana,</strong></span> <span class='ocrx_word' id='word_1_242' title='bbox 2345 710 2459 762; x_wconf 85' lang='lat' dir='ltr'><strong>non</strong></span> <span class='ocrx_word' id='word_1_243' title='bbox 2483 694 2669 748; x_wconf 88' lang='lat' dir='ltr'><strong>divina</strong></span> <span class='ocrx_word' id='word_1_244' title='bbox 2696 707 2857 763; x_wconf 87' lang='lat' dir='ltr'><strong>opera</strong></span> <span class='ocrx_word' id='word_1_245' title='bbox 2884 688 3244 761; x_wconf 87' lang='lat' dir='ltr'><strong>prohibentis.</strong></span> <span class='ocrx_word' id='word_1_246' title='bbox 3288 684 3531 755; x_wconf 90' lang='lat' dir='ltr'><strong>ldeoquc</strong></span> <span class='ocrx_word' id='word_1_247' title='bbox 3571 683 3661 750; x_wconf 88' lang='lat' dir='ltr'><strong>qui</strong></span> 
     </span>
    </p>
   </div>
   <div class='ocr_carea' id='block_1_36' title="bbox 2058 775 3655 858">
    <p class='ocr_par' dir='ltr' id='par_1_36' title="bbox 2058 775 3655 858">
     <span class='ocr_line' id='line_1_36' title="bbox 2058 775 3655 858; baseline -0.008 -18"><span class='ocrx_word' id='word_1_248' title='bbox 2058 786 2298 841; x_wconf 88' lang='lat' dir='ltr'><strong>sabbatis</strong></span> <span class='ocrx_word' id='word_1_249' title='bbox 2320 786 2581 858; x_wconf 77' lang='lat' dir='ltr'><strong>lignatum</strong></span> <span class='ocrx_word' id='word_1_250' title='bbox 2607 784 2763 852; x_wconf 86' lang='lat' dir='ltr'><strong>ierat,</strong></span> <span class='ocrx_word' id='word_1_251' title='bbox 2795 781 2951 853; x_wconf 89' lang='lat' dir='ltr'><strong>morti</strong></span> <span class='ocrx_word' id='word_1_252' title='bbox 2973 781 3131 837; x_wconf 89' lang='lat' dir='ltr'><strong>datus</strong></span> <span class='ocrx_word' id='word_1_253' title='bbox 3157 788 3241 836; x_wconf 87' lang='lat' dir='ltr'><strong>est</strong></span> <span class='ocrx_word' id='word_1_254' title='bbox 3272 796 3283 832; x_wconf 88' lang='lat'><strong>:</strong></span> <span class='ocrx_word' id='word_1_255' title='bbox 3324 791 3480 832; x_wconf 88' lang='lat' dir='ltr'><strong>suum</strong></span> <span class='ocrx_word' id='word_1_256' title='bbox 3509 775 3655 830; x_wconf 87' lang='lat' dir='ltr'><strong>enint</strong></span> 
     </span>
    </p>
   </div>
   <div class='ocr_carea' id='block_1_37' title="bbox 2056 869 3659 950">
    <p class='ocr_par' dir='ltr' id='par_1_37' title="bbox 2056 869 3659 950">
     <span class='ocr_line' id='line_1_37' title="bbox 2056 869 3659 950; baseline -0.006 -19"><span class='ocrx_word' id='word_1_257' title='bbox 2056 888 2192 950; x_wconf 85' lang='lat' dir='ltr'><strong>opus</strong></span> <span class='ocrx_word' id='word_1_258' title='bbox 2221 877 2443 946; x_wconf 89' lang='lat' dir='ltr'><strong>fecerat,</strong></span> <span class='ocrx_word' id='word_1_259' title='bbox 2473 878 2592 949; x_wconf 88' lang='lat' dir='ltr'><strong>lege</strong></span> <span class='ocrx_word' id='word_1_260' title='bbox 2620 875 2982 933; x_wconf 91' lang='lat' dir='ltr'><strong>interdictum.</strong></span> <span class='ocrx_word' id='word_1_261' title='bbox 3031 874 3132 943; x_wconf 92' lang='lat' dir='ltr'><strong>Qui</strong></span> <span class='ocrx_word' id='word_1_262' title='bbox 3164 887 3293 929; x_wconf 90' lang='lat' dir='ltr'><strong>vero</strong></span> <span class='ocrx_word' id='word_1_263' title='bbox 3323 886 3501 926; x_wconf 89' lang='lat' dir='ltr'><strong>aream</strong></span> <span class='ocrx_word' id='word_1_264' title='bbox 3534 869 3659 925; x_wconf 76' lang='lat' dir='ltr'><strong>sab-</strong></span> 
     </span>
    </p>
   </div>
   <div class='ocr_carea' id='block_1_38' title="bbox 2059 969 3651 1040">
    <p class='ocr_par' dir='ltr' id='par_1_38' title="bbox 2059 969 3651 1040">
     <span class='ocr_line' id='line_1_38' title="bbox 2059 969 3651 1040; baseline -0.008 -15"><span class='ocrx_word' id='word_1_265' title='bbox 2059 970 2199 1029; x_wconf 89' lang='lat' dir='ltr'><strong>batis</strong></span> <span class='ocrx_word' id='word_1_266' title='bbox 2225 969 2686 1037; x_wconf 89' lang='lat' dir='ltr'><strong>circumtuleraut,</strong></span> <span class='ocrx_word' id='word_1_267' title='bbox 2730 970 2950 1040; x_wconf 79' lang='lat' dir='ltr'><strong>impune</strong></span> <span class='ocrx_word' id='word_1_268' title='bbox 2974 973 3261 1038; x_wconf 87' lang='lat' dir='ltr'><strong>gesserunt</strong></span> <span class='ocrx_word' id='word_1_269' title='bbox 3290 983 3303 1019; x_wconf 91' lang='lat'><em>:</em></span> <span class='ocrx_word' id='word_1_270' title='bbox 3356 978 3461 1019; x_wconf 91' lang='lat' dir='ltr'><strong>non</strong></span> <span class='ocrx_word' id='word_1_271' title='bbox 3495 977 3651 1018; x_wconf 89' lang='lat' dir='ltr'><strong>suum</strong></span> 
     </span>
    </p>
   </div>
   <div class='ocr_carea' id='block_1_39' title="bbox 2056 1055 3660 1136">
    <p class='ocr_par' dir='ltr' id='par_1_39' title="bbox 2056 1055 3660 1136">
     <span class='ocr_line' id='line_1_39' title="bbox 2056 1055 3660 1136; baseline -0.009 -14"><span class='ocrx_word' id='word_1_272' title='bbox 2056 1065 2199 1122; x_wconf 89' lang='lat' dir='ltr'><strong>enim</strong></span> <span class='ocrx_word' id='word_1_273' title='bbox 2240 1080 2407 1136; x_wconf 89' lang='lat' dir='ltr'><strong>opus,</strong></span> <span class='ocrx_word' id='word_1_274' title='bbox 2456 1062 2552 1119; x_wconf 90' lang='lat' dir='ltr'><strong>sed</strong></span> <span class='ocrx_word' id='word_1_275' title='bbox 2585 1063 2677 1119; x_wconf 91' lang='lat' dir='ltr'><strong>Dei</strong></span> <span class='ocrx_word' id='word_1_276' title='bbox 2711 1061 2812 1136; x_wconf 75' lang='grc' dir='ltr'><strong>(ἲ),</strong></span> <span class='ocrx_word' id='word_1_277' title='bbox 2845 1078 2909 1119; x_wconf 79' lang='lat' dir='ltr'><strong>ex</strong></span> <span class='ocrx_word' id='word_1_278' title='bbox 2945 1068 3213 1133; x_wconf 71' lang='lat' dir='ltr'><strong>praecepto</strong></span> <span class='ocrx_word' id='word_1_279' title='bbox 3237 1056 3443 1114; x_wconf 88' lang='lat' dir='ltr'><strong>scilicet</strong></span> <span class='ocrx_word' id='word_1_280' title='bbox 3468 1055 3660 1125; x_wconf 86' lang='lat' dir='ltr'><strong>ipsius,</strong></span> 
     </span>
    </p>
   </div>
   <div class='ocr_carea' id='block_1_40' title="bbox 2058 1158 2588 1230">
    <p class='ocr_par' dir='ltr' id='par_1_40' title="bbox 2058 1158 2588 1230">
     <span class='ocr_line' id='line_1_40' title="bbox 2058 1158 2588 1230; baseline -0.004 -16"><span class='ocrx_word' id='word_1_281' title='bbox 2058 1158 2588 1230; x_wconf 76' lang='lat' dir='ltr'><strong>administraverant.</strong></span> 
     </span>
    </p>
   </div>
   <div class='ocr_carea' id='block_1_41' title="bbox 2621 1222 3080 1287">
    <p class='ocr_par' dir='ltr' id='par_1_41' title="bbox 2621 1222 3080 1287">
     <span class='ocr_line' id='line_1_41' title="bbox 2621 1222 3080 1287; baseline -0.017 0"><span class='ocrx_word' id='word_1_282' title='bbox 2621 1224 2857 1287; x_wconf 78' lang='lat' dir='ltr'><strong>CAPUT</strong></span> <span class='ocrx_word' id='word_1_283' title='bbox 2913 1222 3080 1281; x_wconf 83' lang='lat' dir='ltr'><strong>XXll.</strong></span> 
     </span>
    </p>
   </div>
   <div class='ocr_carea' id='block_1_42' title="bbox 2128 1292 3660 1379">
    <p class='ocr_par' dir='ltr' id='par_1_42' title="bbox 2128 1292 3660 1379">
     <span class='ocr_line' id='line_1_42' title="bbox 2128 1292 3660 1379; baseline -0.008 -22"><span class='ocrx_word' id='word_1_284' title='bbox 2128 1301 2359 1357; x_wconf 84' lang='lat' dir='ltr'><strong>Proinde</strong></span> <span class='ocrx_word' id='word_1_285' title='bbox 2387 1310 2442 1357; x_wconf 92' lang='lat' dir='ltr'><strong>et</strong></span> <span class='ocrx_word' id='word_1_286' title='bbox 2468 1300 2877 1357; x_wconf 76' lang='lat' dir='ltr'><strong>similitudinem</strong></span> <span class='ocrx_word' id='word_1_287' title='bbox 2924 1307 3111 1379; x_wconf 84' lang='lat' dir='ltr'><strong>vetans</strong></span> <span class='ocrx_word' id='word_1_288' title='bbox 3132 1294 3248 1351; x_wconf 81' lang='lat' dir='ltr'><strong>fieri</strong></span> <span class='ocrx_word' id='word_1_289' title='bbox 3271 1292 3515 1349; x_wconf 90' lang='lat' dir='ltr'><strong>omnium</strong></span> <span class='ocrx_word' id='word_1_290' title='bbox 3541 1304 3660 1362; x_wconf 71' lang='lat' dir='ltr'><strong>qua:</strong></span> 
     </span>
    </p>
   </div>
   <div class='ocr_carea' id='block_1_43' title="bbox 2056 1386 3658 1461">
    <p class='ocr_par' dir='ltr' id='par_1_43' title="bbox 2056 1386 3658 1461">
     <span class='ocr_line' id='line_1_43' title="bbox 2056 1386 3658 1461; baseline -0.01 -8"><span class='ocrx_word' id='word_1_291' title='bbox 2056 1397 2109 1453; x_wconf 91' lang='lat' dir='ltr'><strong>in</strong></span> <span class='ocrx_word' id='word_1_292' title='bbox 2130 1396 2269 1452; x_wconf 54' lang='lat' dir='ltr'><strong>caelo</strong></span> <span class='ocrx_word' id='word_1_293' title='bbox 2295 1404 2349 1451; x_wconf 87' lang='lat' dir='ltr'><strong>et</strong></span> <span class='ocrx_word' id='word_1_294' title='bbox 2387 1395 2439 1449; x_wconf 91' lang='lat' dir='ltr'><strong>in</strong></span> <span class='ocrx_word' id='word_1_295' title='bbox 2468 1404 2609 1450; x_wconf 88' lang='lat' dir='ltr'><strong>terra</strong></span> <span class='ocrx_word' id='word_1_296' title='bbox 2648 1403 2702 1449; x_wconf 89' lang='lat' dir='ltr'><strong>et</strong></span> <span class='ocrx_word' id='word_1_297' title='bbox 2740 1392 2793 1446; x_wconf 92' lang='lat' dir='ltr'><strong>iu</strong></span> <span class='ocrx_word' id='word_1_298' title='bbox 2818 1391 2969 1461; x_wconf 81' lang='lat' dir='ltr'><strong>aquis</strong></span> <span class='ocrx_word' id='word_1_299' title='bbox 2993 1432 3008 1457; x_wconf 92' lang='lat'><strong>,</strong></span> <span class='ocrx_word' id='word_1_300' title='bbox 3041 1386 3280 1443; x_wconf 87' lang='lat' dir='ltr'><strong>ostendit</strong></span> <span class='ocrx_word' id='word_1_301' title='bbox 3326 1393 3382 1441; x_wconf 90' lang='lat' dir='ltr'><strong>ct</strong></span> <span class='ocrx_word' id='word_1_302' title='bbox 3416 1399 3658 1449; x_wconf 80' lang='lat' dir='ltr'><strong>caussas,</strong></span> 
     </span>
    </p>
   </div>
   <div class='ocr_carea' id='block_1_44' title="bbox 2057 1476 3651 1552">
    <p class='ocr_par' dir='ltr' id='par_1_44' title="bbox 2057 1476 3651 1552">
     <span class='ocr_line' id='line_1_44' title="bbox 2057 1476 3651 1552; baseline -0.009 -6"><span class='ocrx_word' id='word_1_303' title='bbox 2057 1491 2374 1546; x_wconf 67' lang='lat' dir='ltr'><strong>idololatriae</strong></span> <span class='ocrx_word' id='word_1_304' title='bbox 2401 1487 2607 1545; x_wconf 85' lang='lat' dir='ltr'><strong>scilicet</strong></span> <span class='ocrx_word' id='word_1_305' title='bbox 2626 1486 2977 1543; x_wconf 89' lang='lat' dir='ltr'><strong>substantiam</strong></span> <span class='ocrx_word' id='word_1_306' title='bbox 3025 1481 3335 1538; x_wconf 82' lang='lat' dir='ltr'><strong>cohibentes</strong></span> <span class='ocrx_word' id='word_1_307' title='bbox 3377 1476 3481 1552; x_wconf 86' lang='lat'><strong>(8).</strong></span> <span class='ocrx_word' id='word_1_308' title='bbox 3515 1476 3651 1533; x_wconf 88' lang='lat' dir='ltr'><strong>Sub-</strong></span> 
     </span>
    </p>
   </div>
   <div class='ocr_carea' id='block_1_45' title="bbox 2051 1569 3751 1653">
    <p class='ocr_par' dir='ltr' id='par_1_45' title="bbox 2051 1569 3751 1653">
     <span class='ocr_line' id='line_1_45' title="bbox 2051 1569 3751 1653; baseline -0.009 -17"><span class='ocrx_word' id='word_1_309' title='bbox 2051 1581 2167 1653; x_wconf 86' lang='lat' dir='ltr'><strong>jicit</strong></span> <span class='ocrx_word' id='word_1_310' title='bbox 2195 1582 2337 1637; x_wconf 89' lang='lat' dir='ltr'><strong>enim</strong></span> <span class='ocrx_word' id='word_1_311' title='bbox 2365 1598 2379 1634; x_wconf 90' lang='lat'><strong>:</strong></span> <span class='ocrx_word' id='word_1_312' title='bbox 2412 1578 2535 1634; x_wconf 79' lang='lat' dir='ltr'><strong>Non</strong></span> <span class='ocrx_word' id='word_1_313' title='bbox 2565 1578 2875 1642; x_wconf 81' lang='lat' dir='ltr'><strong>adorabitis,</strong></span> <span class='ocrx_word' id='word_1_314' title='bbox 2908 1592 3067 1646; x_wconf 80' lang='lat' dir='ltr'><strong>neque</strong></span> <span class='ocrx_word' id='word_1_315' title='bbox 3096 1573 3318 1629; x_wconf 78' lang='lat' dir='ltr'><strong>servietis</strong></span> <span class='ocrx_word' id='word_1_316' title='bbox 3355 1572 3481 1625; x_wconf 84' lang='lat' dir='ltr'><strong>illis.</strong></span> <span class='ocrx_word' id='word_1_317' title='bbox 3514 1569 3641 1625; x_wconf 86' lang='lat' dir='ltr'><strong>Ser-</strong></span> <span class='ocrx_word' id='word_1_318' title='bbox 3746 1572 3751 1577; x_wconf 78' lang='grc'>’</span> 
     </span>
    </p>
   </div>
   <div class='ocr_carea' id='block_1_46' title="bbox 2057 1662 3644 1745">
    <p class='ocr_par' dir='ltr' id='par_1_46' title="bbox 2057 1662 3644 1745">
     <span class='ocr_line' id='line_1_46' title="bbox 2057 1662 3644 1745; baseline -0.008 -17"><span class='ocrx_word' id='word_1_319' title='bbox 2057 1673 2231 1745; x_wconf 89' lang='lat' dir='ltr'><strong>pentis</strong></span> <span class='ocrx_word' id='word_1_320' title='bbox 2268 1681 2448 1728; x_wconf 89' lang='lat' dir='ltr'><strong>autem</strong></span> <span class='ocrx_word' id='word_1_321' title='bbox 2499 1671 2635 1726; x_wconf 70' lang='lat' dir='ltr'><strong>aenei</strong></span> <span class='ocrx_word' id='word_1_322' title='bbox 2663 1669 2870 1741; x_wconf 88' lang='lat' dir='ltr'><strong>efligies</strong></span> <span class='ocrx_word' id='word_1_323' title='bbox 2891 1711 2904 1734; x_wconf 95' lang='lat'><strong>,</strong></span> <span class='ocrx_word' id='word_1_324' title='bbox 2946 1676 3131 1739; x_wconf 88' lang='lat' dir='ltr'><strong>postea</strong></span> <span class='ocrx_word' id='word_1_325' title='bbox 3160 1673 3423 1736; x_wconf 69' lang='lat' dir='ltr'><strong>praecepta</strong></span> <span class='ocrx_word' id='word_1_326' title='bbox 3456 1662 3587 1716; x_wconf 81' lang='lat' dir='ltr'><strong>Mosi</strong></span> <span class='ocrx_word' id='word_1_327' title='bbox 3616 1678 3644 1715; x_wconf 88' lang='lat' dir='ltr'><strong>a</strong></span> 
     </span>
    </p>
   </div>
   <div class='ocr_carea' id='block_1_47' title="bbox 2056 1754 3649 1833">
    <p class='ocr_par' dir='ltr' id='par_1_47' title="bbox 2056 1754 3649 1833">
     <span class='ocr_line' id='line_1_47' title="bbox 2056 1754 3649 1833; baseline -0.009 -11"><span class='ocrx_word' id='word_1_328' title='bbox 2056 1768 2304 1833; x_wconf 90' lang='lat' dir='ltr'><strong>Domino,</strong></span> <span class='ocrx_word' id='word_1_329' title='bbox 2335 1781 2441 1821; x_wconf 88' lang='lat' dir='ltr'><strong>non</strong></span> <span class='ocrx_word' id='word_1_330' title='bbox 2467 1765 2534 1820; x_wconf 89' lang='lat' dir='ltr'><strong>ad</strong></span> <span class='ocrx_word' id='word_1_331' title='bbox 2567 1764 2882 1820; x_wconf 65' lang='lat' dir='ltr'><strong>idololatriae</strong></span> <span class='ocrx_word' id='word_1_332' title='bbox 2914 1763 3127 1818; x_wconf 80' lang='lat' dir='ltr'><strong>titulum</strong></span> <span class='ocrx_word' id='word_1_333' title='bbox 3155 1758 3458 1830; x_wconf 69' lang='lat' dir='ltr'><strong>pertinebat</strong></span> <span class='ocrx_word' id='word_1_334' title='bbox 3484 1797 3497 1820; x_wconf 91' lang='lat'><strong>,</strong></span> <span class='ocrx_word' id='word_1_335' title='bbox 3551 1754 3649 1810; x_wconf 88' lang='lat' dir='ltr'><strong>sed</strong></span> 
     </span>
    </p>
   </div>
   <div class='ocr_carea' id='block_1_48' title="bbox 2056 1850 3641 1929">
    <p class='ocr_par' dir='ltr' id='par_1_48' title="bbox 2056 1850 3641 1929">
     <span class='ocr_line' id='line_1_48' title="bbox 2056 1850 3641 1929; baseline -0.011 -12"><span class='ocrx_word' id='word_1_336' title='bbox 2056 1862 2123 1919; x_wconf 88' lang='lat' dir='ltr'><strong>ad</strong></span> <span class='ocrx_word' id='word_1_337' title='bbox 2163 1859 2542 1918; x_wconf 86' lang='lat' dir='ltr'><strong>remediandos</strong></span> <span class='ocrx_word' id='word_1_338' title='bbox 2566 1875 2663 1915; x_wconf 88' lang='lat' dir='ltr'><strong>eos</strong></span> <span class='ocrx_word' id='word_1_339' title='bbox 2688 1858 2779 1929; x_wconf 91' lang='lat' dir='ltr'><strong>qui</strong></span> <span class='ocrx_word' id='word_1_340' title='bbox 2803 1873 2829 1910; x_wconf 90' lang='lat' dir='ltr'><strong>a</strong></span> <span class='ocrx_word' id='word_1_341' title='bbox 2860 1856 3202 1926; x_wconf 89' lang='lat' dir='ltr'><strong>serpentibus</strong></span> <span class='ocrx_word' id='word_1_342' title='bbox 3229 1850 3641 1906; x_wconf 77' lang='lat' dir='ltr'><strong>infestabuntur.</strong></span> 
     </span>
    </p>
   </div>
   <div class='ocr_carea' id='block_1_49' title="bbox 2058 1939 3645 2023">
    <p class='ocr_par' dir='ltr' id='par_1_49' title="bbox 2058 1939 3645 2023">
     <span class='ocr_line' id='line_1_49' title="bbox 2058 1939 3645 2023; baseline -0.011 -13"><span class='ocrx_word' id='word_1_343' title='bbox 2058 1955 2127 2010; x_wconf 89' lang='lat' dir='ltr'><strong>Et</strong></span> <span class='ocrx_word' id='word_1_344' title='bbox 2156 1966 2307 2009; x_wconf 82' lang='lat' dir='ltr'><strong>taceo</strong></span> <span class='ocrx_word' id='word_1_345' title='bbox 2349 1952 2417 2008; x_wconf 91' lang='lat' dir='ltr'><strong>de</strong></span> <span class='ocrx_word' id='word_1_346' title='bbox 2439 1950 2605 2023; x_wconf 81' lang='lat' dir='ltr'><strong>figura</strong></span> <span class='ocrx_word' id='word_1_347' title='bbox 2627 1950 2850 2004; x_wconf 89' lang='lat' dir='ltr'><strong>remedii</strong></span> <span class='ocrx_word' id='word_1_348' title='bbox 2896 1947 2985 2004; x_wconf 88' lang='lat' dir='ltr'><strong>Sic</strong></span> <span class='ocrx_word' id='word_1_349' title='bbox 3013 1955 3069 2003; x_wconf 87' lang='lat' dir='ltr'><strong>et</strong></span> <span class='ocrx_word' id='word_1_350' title='bbox 3095 1943 3379 2000; x_wconf 87' lang='lat' dir='ltr'><strong>Cherubim</strong></span> <span class='ocrx_word' id='word_1_351' title='bbox 3406 1951 3457 1996; x_wconf 84' lang='lat' dir='ltr'><strong>ct</strong></span> <span class='ocrx_word' id='word_1_352' title='bbox 3485 1939 3645 1996; x_wconf 88' lang='lat' dir='ltr'><strong>Sera-</strong></span> 
     </span>
    </p>
   </div>
   <div class='ocr_carea' id='block_1_50' title="bbox 2055 2031 3645 2120">
    <p class='ocr_par' dir='ltr' id='par_1_50' title="bbox 2055 2031 3645 2120">
     <span class='ocr_line' id='line_1_50' title="bbox 2055 2031 3645 2120; baseline -0.013 -16"><span class='ocrx_word' id='word_1_353' title='bbox 2055 2048 2204 2120; x_wconf 86' lang='lat' dir='ltr'><strong>phim</strong></span> <span class='ocrx_word' id='word_1_354' title='bbox 2233 2059 2395 2100; x_wconf 87' lang='lat' dir='ltr'><strong>aurea</strong></span> <span class='ocrx_word' id='word_1_355' title='bbox 2418 2045 2471 2100; x_wconf 91' lang='lat' dir='ltr'><strong>in</strong></span> <span class='ocrx_word' id='word_1_356' title='bbox 2498 2058 2641 2100; x_wconf 77' lang='lat' dir='ltr'><strong>arere</strong></span> <span class='ocrx_word' id='word_1_357' title='bbox 2663 2043 2943 2113; x_wconf 81' lang='lat' dir='ltr'><strong>figuratum</strong></span> <span class='ocrx_word' id='word_1_358' title='bbox 2972 2037 3309 2108; x_wconf 82' lang='lat' dir='ltr'><strong>exemplum,</strong></span> <span class='ocrx_word' id='word_1_359' title='bbox 3340 2043 3491 2091; x_wconf 90' lang='lat' dir='ltr'><strong>certe</strong></span> <span class='ocrx_word' id='word_1_360' title='bbox 3512 2031 3645 2087; x_wconf 90' lang='lat' dir='ltr'><strong>sim-</strong></span> 
     </span>
    </p>
   </div>
   <div class='ocr_carea' id='block_1_51' title="bbox 2059 2123 3669 2214">
    <p class='ocr_par' dir='ltr' id='par_1_51' title="bbox 2059 2123 3669 2214">
     <span class='ocr_line' id='line_1_51' title="bbox 2059 2123 3669 2214; baseline -0.014 -17"><span class='ocrx_word' id='word_1_361' title='bbox 2059 2141 2182 2214; x_wconf 79' lang='lat' dir='ltr'><strong>plex</strong></span> <span class='ocrx_word' id='word_1_362' title='bbox 2201 2148 2601 2200; x_wconf 88' lang='lat' dir='ltr'><strong>ornamentum,</strong></span> <span class='ocrx_word' id='word_1_363' title='bbox 2630 2132 3034 2191; x_wconf 83' lang='lat' dir='ltr'><strong>accommodata</strong></span> <span class='ocrx_word' id='word_1_364' title='bbox 3060 2127 3336 2201; x_wconf 85' lang='lat' dir='ltr'><strong>suggestui</strong></span> <span class='ocrx_word' id='word_1_365' title='bbox 3353 2167 3367 2191; x_wconf 90' lang='lat'><strong>,</strong></span> <span class='ocrx_word' id='word_1_366' title='bbox 3399 2125 3556 2195; x_wconf 82' lang='lat' dir='ltr'><strong>longe</strong></span> <span class='ocrx_word' id='word_1_367' title='bbox 3579 2123 3631 2176; x_wconf 88' lang='lat' dir='ltr'><strong>di</strong></span> <span class='ocrx_word' id='word_1_368' title='bbox 3649 2127 3669 2136; x_wconf 90' lang='grc'>·</span> 
     </span>
    </p>
   </div>
   <div class='ocr_carea' id='block_1_52' title="bbox 2058 2215 3653 2310">
    <p class='ocr_par' dir='ltr' id='par_1_52' title="bbox 2058 2215 3653 2310">
     <span class='ocr_line' id='line_1_52' title="bbox 2058 2215 3653 2310; baseline -0.011 -24"><span class='ocrx_word' id='word_1_369' title='bbox 2058 2247 2244 2310; x_wconf 76' lang='lat' dir='ltr'><strong>versas</strong></span> <span class='ocrx_word' id='word_1_370' title='bbox 2267 2228 2514 2286; x_wconf 87' lang='lat' dir='ltr'><strong>habendo</strong></span> <span class='ocrx_word' id='word_1_371' title='bbox 2536 2242 2755 2285; x_wconf 85' lang='lat' dir='ltr'><strong>caussas</strong></span> <span class='ocrx_word' id='word_1_372' title='bbox 2784 2226 2850 2280; x_wconf 88' lang='lat' dir='ltr'><strong>ab</strong></span> <span class='ocrx_word' id='word_1_373' title='bbox 2879 2223 3197 2280; x_wconf 84' lang='lat' dir='ltr'><strong>idololatriae</strong></span> <span class='ocrx_word' id='word_1_374' title='bbox 3224 2219 3555 2283; x_wconf 90' lang='lat' dir='ltr'><strong>conditione,</strong></span> <span class='ocrx_word' id='word_1_375' title='bbox 3583 2215 3653 2269; x_wconf 93' lang='lat' dir='ltr'><strong>ob</strong></span> 
     </span>
    </p>
   </div>
   <div class='ocr_carea' id='block_1_53' title="bbox 2054 2310 3656 2397">
    <p class='ocr_par' dir='ltr' id='par_1_53' title="bbox 2054 2310 3656 2397">
     <span class='ocr_line' id='line_1_53' title="bbox 2054 2310 3656 2397; baseline -0.012 -16"><span class='ocrx_word' id='word_1_376' title='bbox 2054 2340 2212 2397; x_wconf 88' lang='lat' dir='ltr'><strong>quam</strong></span> <span class='ocrx_word' id='word_1_377' title='bbox 2238 2322 2531 2379; x_wconf 85' lang='lat' dir='ltr'><strong>similitudo</strong></span> <span class='ocrx_word' id='word_1_378' title='bbox 2559 2320 2877 2391; x_wconf 89' lang='lat' dir='ltr'><strong>prohibetur</strong></span> <span class='ocrx_word' id='word_1_379' title='bbox 2905 2359 2921 2384; x_wconf 92' lang='lat'><strong>,</strong></span> <span class='ocrx_word' id='word_1_380' title='bbox 2967 2332 3077 2372; x_wconf 90' lang='lat' dir='ltr'><strong>non</strong></span> <span class='ocrx_word' id='word_1_381' title='bbox 3106 2314 3354 2370; x_wconf 88' lang='lat' dir='ltr'><strong>videntur</strong></span> <span class='ocrx_word' id='word_1_382' title='bbox 3402 2310 3656 2367; x_wconf 89' lang='lat' dir='ltr'><strong>similitu-</strong></span> 
     </span>
    </p>
   </div>
   <div class='ocr_carea' id='block_1_54' title="bbox 2054 2405 3660 2490">
    <p class='ocr_par' dir='ltr' id='par_1_54' title="bbox 2054 2405 3660 2490">
     <span class='ocr_line' id='line_1_54' title="bbox 2054 2405 3660 2490; baseline -0.012 -14"><span class='ocrx_word' id='word_1_383' title='bbox 2054 2420 2240 2476; x_wconf 92' lang='lat' dir='ltr'><strong>dinum</strong></span> <span class='ocrx_word' id='word_1_384' title='bbox 2278 2418 2668 2490; x_wconf 80' lang='lat' dir='ltr'><strong>proltibitarum</strong></span> <span class='ocrx_word' id='word_1_385' title='bbox 2702 2414 2802 2486; x_wconf 85' lang='lat' dir='ltr'><strong>legi</strong></span> <span class='ocrx_word' id='word_1_386' title='bbox 2820 2411 3099 2482; x_wconf 84' lang='lat' dir='ltr'><strong>refragari,</strong></span> <span class='ocrx_word' id='word_1_387' title='bbox 3120 2424 3225 2464; x_wconf 91' lang='lat' dir='ltr'><strong>non</strong></span> <span class='ocrx_word' id='word_1_388' title='bbox 3256 2408 3309 2463; x_wconf 92' lang='lat' dir='ltr'><strong>in</strong></span> <span class='ocrx_word' id='word_1_389' title='bbox 3324 2421 3390 2462; x_wconf 91' lang='lat' dir='ltr'><strong>eo</strong></span> <span class='ocrx_word' id='word_1_390' title='bbox 3410 2405 3660 2461; x_wconf 88' lang='lat' dir='ltr'><strong>similitu-</strong></span> 
     </span>
    </p>
   </div>
   <div class='ocr_carea' id='block_1_55' title="bbox 2054 2498 3659 2580">
    <p class='ocr_par' dir='ltr' id='par_1_55' title="bbox 2054 2498 3659 2580">
     <span class='ocr_line' id='line_1_55' title="bbox 2054 2498 3659 2580; baseline -0.01 -11"><span class='ocrx_word' id='word_1_391' title='bbox 2054 2512 2200 2570; x_wconf 88' lang='lat' dir='ltr'><strong>dinis</strong></span> <span class='ocrx_word' id='word_1_392' title='bbox 2227 2520 2366 2567; x_wconf 89' lang='lat' dir='ltr'><strong>statu</strong></span> <span class='ocrx_word' id='word_1_393' title='bbox 2395 2509 2731 2580; x_wconf 86' lang='lat' dir='ltr'><strong>deprehensa</strong></span> <span class='ocrx_word' id='word_1_394' title='bbox 2759 2549 2773 2573; x_wconf 92' lang='lat'><strong>,</strong></span> <span class='ocrx_word' id='word_1_395' title='bbox 2802 2506 2874 2563; x_wconf 91' lang='lat' dir='ltr'><strong>ob</strong></span> <span class='ocrx_word' id='word_1_396' title='bbox 2899 2520 3058 2575; x_wconf 91' lang='lat' dir='ltr'><strong>quem</strong></span> <span class='ocrx_word' id='word_1_397' title='bbox 3085 2501 3379 2559; x_wconf 89' lang='lat' dir='ltr'><strong>similitudo</strong></span> <span class='ocrx_word' id='word_1_398' title='bbox 3407 2498 3659 2570; x_wconf 50' lang='lat' dir='ltr'><strong>prohibe:</strong></span> 
     </span>
    </p>
   </div>
   <div class='ocr_carea' id='block_1_56' title="bbox 2056 2593 3664 2665">
    <p class='ocr_par' dir='ltr' id='par_1_56' title="bbox 2056 2593 3664 2665">
     <span class='ocr_line' id='line_1_56' title="bbox 2056 2593 3664 2665; baseline -0.012 -1"><span class='ocrx_word' id='word_1_399' title='bbox 2056 2617 2165 2665; x_wconf 89' lang='lat' dir='ltr'><strong>tur.</strong></span> <span class='ocrx_word' id='word_1_400' title='bbox 2193 2607 2439 2662; x_wconf 85' lang='lat' dir='ltr'><strong>Diximus</strong></span> <span class='ocrx_word' id='word_1_401' title='bbox 2478 2604 2548 2661; x_wconf 89' lang='lat' dir='ltr'><strong>de</strong></span> <span class='ocrx_word' id='word_1_402' title='bbox 2587 2602 2975 2659; x_wconf 78' lang='lat' dir='ltr'><strong>sacrificiorum</strong></span> <span class='ocrx_word' id='word_1_403' title='bbox 3026 2596 3273 2654; x_wconf 82' lang='lat' dir='ltr'><strong>rationali</strong></span> <span class='ocrx_word' id='word_1_404' title='bbox 3307 2593 3664 2656; x_wconf 85' lang='lat' dir='ltr'><strong>institutione,</strong></span> 
     </span>
    </p>
   </div>
   <div class='ocr_carea' id='block_1_57' title="bbox 2055 2684 3663 2770">
    <p class='ocr_par' dir='ltr' id='par_1_57' title="bbox 2055 2684 3663 2770">
     <span class='ocr_line' id='line_1_57' title="bbox 2055 2684 3663 2770; baseline -0.011 -16"><span class='ocrx_word' id='word_1_405' title='bbox 2055 2699 2333 2755; x_wconf 81' lang='lat' dir='ltr'><strong>evocantis</strong></span> <span class='ocrx_word' id='word_1_406' title='bbox 2387 2696 2466 2770; x_wconf 88' lang='grc'><strong>(9)</strong></span> <span class='ocrx_word' id='word_1_407' title='bbox 2518 2696 2727 2752; x_wconf 87' lang='lat' dir='ltr'><strong>scilicet</strong></span> <span class='ocrx_word' id='word_1_408' title='bbox 2785 2694 2853 2749; x_wconf 91' lang='lat' dir='ltr'><strong>ab</strong></span> <span class='ocrx_word' id='word_1_409' title='bbox 2909 2690 3066 2746; x_wconf 88' lang='lat' dir='ltr'><strong>idolis</strong></span> <span class='ocrx_word' id='word_1_410' title='bbox 3139 2688 3208 2744; x_wconf 90' lang='lat' dir='ltr'><strong>ad</strong></span> <span class='ocrx_word' id='word_1_411' title='bbox 3270 2687 3439 2744; x_wconf 90' lang='lat' dir='ltr'><strong>Deum</strong></span> <span class='ocrx_word' id='word_1_412' title='bbox 3489 2684 3663 2740; x_wconf 84' lang='lat' dir='ltr'><strong>officia</strong></span> 
     </span>
    </p>
   </div>
   <div class='ocr_carea' id='block_1_58' title="bbox 2053 2779 3665 2863">
    <p class='ocr_par' dir='ltr' id='par_1_58' title="bbox 2053 2779 3665 2863">
     <span class='ocr_line' id='line_1_58' title="bbox 2053 2779 3665 2863; baseline -0.009 -15"><span class='ocrx_word' id='word_1_413' title='bbox 2053 2806 2140 2859; x_wconf 86' lang='lat' dir='ltr'><strong>ea,</strong></span> <span class='ocrx_word' id='word_1_414' title='bbox 2163 2808 2282 2863; x_wconf 74' lang='lat' dir='ltr'><strong>quae</strong></span> <span class='ocrx_word' id='word_1_415' title='bbox 2303 2792 2347 2847; x_wconf 90' lang='lat' dir='ltr'><strong>si</strong></span> <span class='ocrx_word' id='word_1_416' title='bbox 2376 2804 2563 2846; x_wconf 87' lang='lat' dir='ltr'><strong>rursus</strong></span> <span class='ocrx_word' id='word_1_417' title='bbox 2583 2790 2834 2860; x_wconf 71' lang='lat' dir='ltr'><strong>eiecerat,</strong></span> <span class='ocrx_word' id='word_1_418' title='bbox 2849 2786 3041 2842; x_wconf 88' lang='lat' dir='ltr'><strong>dicens</strong></span> <span class='ocrx_word' id='word_1_419' title='bbox 3061 2781 3230 2857; x_wconf 86' lang='lat' dir='ltr'><strong>(Ps.l,</strong></span> <span class='ocrx_word' id='word_1_420' title='bbox 3252 2781 3343 2855; x_wconf 89' lang='grc'><strong>11)</strong></span> <span class='ocrx_word' id='word_1_421' title='bbox 3364 2798 3377 2837; x_wconf 90' lang='lat'>:</span> <span class='ocrx_word' id='word_1_422' title='bbox 3404 2780 3518 2848; x_wconf 83' lang='lat' dir='ltr'><strong>Quo</strong></span> <span class='ocrx_word' id='word_1_423' title='bbox 3539 2779 3665 2834; x_wconf 82' lang='lat' dir='ltr'><strong>mihi</strong></span> 
     </span>
    </p>
   </div>
   <div class='ocr_carea' id='block_1_59' title="bbox 2054 2872 3668 2947">
    <p class='ocr_par' dir='ltr' id='par_1_59' title="bbox 2054 2872 3668 2947">
     <span class='ocr_line' id='line_1_59' title="bbox 2054 2872 3668 2947; baseline -0.009 -6"><span class='ocrx_word' id='word_1_424' title='bbox 2054 2885 2429 2941; x_wconf 73' lang='lat' dir='ltr'><strong>multitudinea:</strong></span> <span class='ocrx_word' id='word_1_425' title='bbox 2464 2872 2833 2947; x_wconf 70' lang='lat' dir='ltr'><strong>sacriﬁciorum</strong></span> <span class='ocrx_word' id='word_1_426' title='bbox 2861 2876 3125 2934; x_wconf 83' lang='lat' dir='ltr'><strong>vestrum?</strong></span> <span class='ocrx_word' id='word_1_427' title='bbox 3156 2877 3255 2931; x_wconf 88' lang='lat' dir='ltr'><strong>hoc</strong></span> <span class='ocrx_word' id='word_1_428' title='bbox 3289 2874 3463 2944; x_wconf 88' lang='lat' dir='ltr'><strong>ipsum</strong></span> <span class='ocrx_word' id='word_1_429' title='bbox 3495 2873 3668 2927; x_wconf 87' lang='lat' dir='ltr'><strong>voluit</strong></span> 
     </span>
    </p>
   </div>
   <div class='ocr_carea' id='block_1_60' title="bbox 2055 2963 3667 3047">
    <p class='ocr_par' dir='ltr' id='par_1_60' title="bbox 2055 2963 3667 3047">
     <span class='ocr_line' id='line_1_60' title="bbox 2055 2963 3667 3047; baseline -0.008 -15"><span class='ocrx_word' id='word_1_430' title='bbox 2055 2974 2300 3047; x_wconf 78' lang='lat' dir='ltr'><strong>intelligi,</strong></span> <span class='ocrx_word' id='word_1_431' title='bbox 2335 2973 2475 3046; x_wconf 85' lang='lat' dir='ltr'><strong>quod</strong></span> <span class='ocrx_word' id='word_1_432' title='bbox 2509 2988 2616 3029; x_wconf 92' lang='lat' dir='ltr'><strong>non</strong></span> <span class='ocrx_word' id='word_1_433' title='bbox 2640 2972 2743 3029; x_wconf 91' lang='lat' dir='ltr'><strong>sibi</strong></span> <span class='ocrx_word' id='word_1_434' title='bbox 2776 2986 2838 3027; x_wconf 90' lang='lat' dir='ltr'><strong>ea</strong></span> <span class='ocrx_word' id='word_1_435' title='bbox 2866 2969 3082 3041; x_wconf 90' lang='lat' dir='ltr'><strong>proprie</strong></span> <span class='ocrx_word' id='word_1_436' title='bbox 3102 2967 3400 3037; x_wconf 79' lang='lat' dir='ltr'><strong>exegisset:</strong></span> <span class='ocrx_word' id='word_1_437' title='bbox 3433 2966 3515 3035; x_wconf 76' lang='grc' dir='ltr'><strong>(ιι)</strong></span> <span class='ocrx_word' id='word_1_438' title='bbox 3543 2963 3667 3019; x_wconf 80' lang='lat' dir='ltr'><strong>Non</strong></span> 
     </span>
    </p>
   </div>
   <div class='ocr_carea' id='block_1_61' title="bbox 2055 3058 3666 3137">
    <p class='ocr_par' dir='ltr' id='par_1_61' title="bbox 2055 3058 3666 3137">
     <span class='ocr_line' id='line_1_61' title="bbox 2055 3058 3666 3137; baseline -0.012 -10"><span class='ocrx_word' id='word_1_439' title='bbox 2055 3072 2192 3128; x_wconf 81' lang='lat' dir='ltr'><strong>enim</strong></span> <span class='ocrx_word' id='word_1_440' title='bbox 2228 3067 2415 3134; x_wconf 84' lang='lat' dir='ltr'><strong>bibam,</strong></span> <span class='ocrx_word' id='word_1_441' title='bbox 2444 3068 2615 3137; x_wconf 89' lang='lat' dir='ltr'><strong>inquit</strong></span> <span class='ocrx_word' id='word_1_442' title='bbox 2659 3064 2778 3137; x_wconf 83' lang='lat' dir='ltr'><strong>(Ps.</strong></span> <span class='ocrx_word' id='word_1_443' title='bbox 2810 3061 3003 3128; x_wconf 81' lang='lat' dir='ltr'><strong>XLIX,</strong></span> <span class='ocrx_word' id='word_1_444' title='bbox 3030 3061 3140 3131; x_wconf 79' lang='grc'><strong>15),</strong></span> <span class='ocrx_word' id='word_1_445' title='bbox 3172 3058 3469 3130; x_wconf 82' lang='lat' dir='ltr'><strong>sanguinem</strong></span> <span class='ocrx_word' id='word_1_446' title='bbox 3494 3066 3666 3111; x_wconf 84' lang='lat' dir='ltr'><strong>tauro-</strong></span> 
     </span>
    </p>
   </div>
   <div class='ocr_carea' id='block_1_62' title="bbox 2055 3153 3667 3237">
    <p class='ocr_par' dir='ltr' id='par_1_62' title="bbox 2055 3153 3667 3237">
     <span class='ocr_line' id='line_1_62' title="bbox 2055 3153 3667 3237; baseline -0.009 -17"><span class='ocrx_word' id='word_1_447' title='bbox 2055 3182 2172 3221; x_wconf 83' lang='lat' dir='ltr'><strong>rum</strong></span> <span class='ocrx_word' id='word_1_448' title='bbox 2195 3181 2210 3231; x_wconf 90' lang='lat'><strong>;</strong></span> <span class='ocrx_word' id='word_1_449' title='bbox 2239 3165 2362 3237; x_wconf 88' lang='lat' dir='ltr'><strong>quia</strong></span> <span class='ocrx_word' id='word_1_450' title='bbox 2387 3171 2442 3220; x_wconf 87' lang='lat' dir='ltr'><strong>et</strong></span> <span class='ocrx_word' id='word_1_451' title='bbox 2466 3161 2594 3219; x_wconf 86' lang='lat' dir='ltr'><strong>alibi</strong></span> <span class='ocrx_word' id='word_1_452' title='bbox 2620 3161 2697 3216; x_wconf 86' lang='lat' dir='ltr'><strong>ait</strong></span> <span class='ocrx_word' id='word_1_453' title='bbox 2714 3159 2844 3231; x_wconf 84' lang='lat' dir='ltr'><strong>(Is.,</strong></span> <span class='ocrx_word' id='word_1_454' title='bbox 2873 3158 2992 3234; x_wconf 82' lang='lat' dir='ltr'><strong>XL,</strong></span> <span class='ocrx_word' id='word_1_455' title='bbox 3013 3154 3109 3221; x_wconf 77' lang='lat'><strong>9.8)</strong></span> <span class='ocrx_word' id='word_1_456' title='bbox 3130 3172 3146 3213; x_wconf 82' lang='lat'><strong>:</strong></span> <span class='ocrx_word' id='word_1_457' title='bbox 3170 3153 3308 3210; x_wconf 85' lang='lat' dir='ltr'><strong>Deus</strong></span> <span class='ocrx_word' id='word_1_458' title='bbox 3329 3161 3546 3209; x_wconf 77' lang='lat' dir='ltr'><strong>wleruus</strong></span> <span class='ocrx_word' id='word_1_459' title='bbox 3567 3168 3667 3207; x_wconf 85' lang='lat' dir='ltr'><strong>non</strong></span> 
     </span>
    </p>
   </div>
   <div class='ocr_carea' id='block_1_63' title="bbox 2059 3247 3665 3324">
    <p class='ocr_par' dir='ltr' id='par_1_63' title="bbox 2059 3247 3665 3324">
     <span class='ocr_line' id='line_1_63' title="bbox 2059 3247 3665 3324; baseline -0.009 -10"><span class='ocrx_word' id='word_1_460' title='bbox 2059 3260 2264 3324; x_wconf 84' lang='lat' dir='ltr'><strong>esuriet,</strong></span> <span class='ocrx_word' id='word_1_461' title='bbox 2288 3273 2381 3314; x_wconf 81' lang='lat' dir='ltr'><strong>nec</strong></span> <span class='ocrx_word' id='word_1_462' title='bbox 2408 3257 2559 3312; x_wconf 85' lang='lat' dir='ltr'><strong>sitiet.</strong></span> <span class='ocrx_word' id='word_1_463' title='bbox 2588 3253 2721 3311; x_wconf 88' lang='lat' dir='ltr'><strong>Nam</strong></span> <span class='ocrx_word' id='word_1_464' title='bbox 2742 3251 2843 3309; x_wconf 89' lang='lat' dir='ltr'><strong>etsi</strong></span> <span class='ocrx_word' id='word_1_465' title='bbox 2885 3251 2952 3306; x_wconf 89' lang='lat' dir='ltr'><strong>ad</strong></span> <span class='ocrx_word' id='word_1_466' title='bbox 2976 3249 3274 3305; x_wconf 88' lang='lat' dir='ltr'><strong>oblationes</strong></span> <span class='ocrx_word' id='word_1_467' title='bbox 3312 3247 3442 3301; x_wconf 82' lang='lat' dir='ltr'><strong>Abel</strong></span> <span class='ocrx_word' id='word_1_468' title='bbox 3470 3247 3665 3301; x_wconf 82' lang='lat' dir='ltr'><strong>adver-</strong></span> 
     </span>
    </p>
   </div>
   <div class='ocr_carea' id='block_1_64' title="bbox 344 3302 1959 3424">
    <p class='ocr_par' dir='ltr' id='par_1_64' title="bbox 344 3329 1952 3403">
     <span class='ocr_line' id='line_1_64' title="bbox 344 3329 1952 3403; baseline -0.007 -14"><span class='ocrx_word' id='word_1_469' title='bbox 344 3334 522 3389; x_wconf 76' lang='lat' dir='ltr'><strong>riclto.</strong></span> <span class='ocrx_word' id='word_1_470' title='bbox 568 3331 683 3387; x_wconf 82' lang='lat' dir='ltr'><strong>Nec</strong></span> <span class='ocrx_word' id='word_1_471' title='bbox 727 3330 935 3385; x_wconf 89' lang='lat' dir='ltr'><strong>sabbati</strong></span> <span class='ocrx_word' id='word_1_472' title='bbox 965 3331 1110 3385; x_wconf 89' lang='lat' dir='ltr'><strong>enim</strong></span> <span class='ocrx_word' id='word_1_473' title='bbox 1154 3329 1373 3401; x_wconf 90' lang='lat' dir='ltr'><strong>inspicis</strong></span> <span class='ocrx_word' id='word_1_474' title='bbox 1401 3329 1595 3401; x_wconf 87' lang='lat' dir='ltr'><strong>legem,</strong></span> <span class='ocrx_word' id='word_1_475' title='bbox 1654 3346 1819 3403; x_wconf 88' lang='lat' dir='ltr'><strong>opera</strong></span> <span class='ocrx_word' id='word_1_476' title='bbox 1850 3332 1952 3388; x_wconf 87' lang='lat' dir='ltr'><strong>hu.</strong></span> 
     </span>
    </p>
   </div>
   <div class='ocr_carea' id='block_1_65' title="bbox 2068 3302 3665 3424">
    <p class='ocr_par' dir='ltr' id='par_1_65' title="bbox 2068 3302 3665 3424">
     <span class='ocr_line' id='line_1_65' title="bbox 2068 3302 3665 3424; baseline -0.009 -16"><span class='ocrx_word' id='word_1_477' title='bbox 2068 3353 2125 3408; x_wconf 89' lang='lat' dir='ltr'><strong>tit</strong></span> <span class='ocrx_word' id='word_1_478' title='bbox 2151 3302 2289 3424; x_wconf 57' lang='lat'><strong>(10,),</strong></span> <span class='ocrx_word' id='word_1_479' title='bbox 2321 3360 2376 3407; x_wconf 83' lang='lat' dir='ltr'><strong>et</strong></span> <span class='ocrx_word' id='word_1_480' title='bbox 2394 3302 2843 3406; x_wconf 40' lang='lat' dir='ltr'><strong>holocausta-Udo</strong></span> <span class='ocrx_word' id='word_1_481' title='bbox 2864 3302 3120 3401; x_wconf 14' lang='lat' dir='ltr'><strong>odora—tius</strong></span> <span class='ocrx_word' id='word_1_482' title='bbox 3148 3302 3237 3398; x_wconf 82' lang='lat' dir='ltr'><strong>est</strong></span> <span class='ocrx_word' id='word_1_483' title='bbox 3257 3302 3486 3397; x_wconf 88' lang='lat' dir='ltr'><strong>libenter</strong></span> <span class='ocrx_word' id='word_1_484' title='bbox 3510 3338 3557 3412; x_wconf 90' lang='lat' dir='ltr'><strong>(l</strong></span> <span class='ocrx_word' id='word_1_485' title='bbox 3578 3340 3628 3411; x_wconf 87' lang='lat' dir='ltr'><strong>t)</strong></span> <span class='ocrx_word' id='word_1_486' title='bbox 3650 3382 3665 3406; x_wconf 91' lang='lat'><strong>,</strong></span> 
     </span>
    </p>
   </div>
   <div class='ocr_carea' id='block_1_66' title="bbox 343 3422 1958 3495">
    <p class='ocr_par' dir='ltr' id='par_1_66' title="bbox 343 3422 1958 3495">
     <span class='ocr_line' id='line_1_66' title="bbox 343 3422 1958 3495; baseline 0 -12"><span class='ocrx_word' id='word_1_487' title='bbox 343 3441 508 3483; x_wconf 89' lang='lat' dir='ltr'><strong>mana</strong></span> <span class='ocrx_word' id='word_1_488' title='bbox 542 3467 558 3490; x_wconf 93' lang='lat'><strong>,</strong></span> <span class='ocrx_word' id='word_1_489' title='bbox 590 3440 698 3480; x_wconf 88' lang='lat' dir='ltr'><strong>non</strong></span> <span class='ocrx_word' id='word_1_490' title='bbox 730 3423 910 3479; x_wconf 85' lang='lat' dir='ltr'><strong>divina</strong></span> <span class='ocrx_word' id='word_1_491' title='bbox 941 3422 1336 3495; x_wconf 85' lang='lat' dir='ltr'><strong>prohibentem.</strong></span> <span class='ocrx_word' id='word_1_492' title='bbox 1366 3424 1638 3495; x_wconf 88' lang='lat' dir='ltr'><strong>Siquidem</strong></span> <span class='ocrx_word' id='word_1_493' title='bbox 1664 3466 1679 3492; x_wconf 91' lang='lat'><strong>,</strong></span> <span class='ocrx_word' id='word_1_494' title='bbox 1715 3426 1845 3491; x_wconf 70' lang='lat' dir='ltr'><strong>Sex.</strong></span> <span class='ocrx_word' id='word_1_495' title='bbox 1879 3428 1958 3483; x_wconf 86' lang='lat' dir='ltr'><strong>in—</strong></span> 
     </span>
    </p>
   </div>
   <div class='ocr_carea' id='block_1_67' title="bbox 343 3513 1958 3591">
    <p class='ocr_par' dir='ltr' id='par_1_67' title="bbox 343 3513 1958 3591">
     <span class='ocr_line' id='line_1_67' title="bbox 343 3513 1958 3591; baseline 0.001 -19"><span class='ocrx_word' id='word_1_496' title='bbox 343 3521 461 3590; x_wconf 84' lang='lat' dir='ltr'><strong>quit</strong></span> <span class='ocrx_word' id='word_1_497' title='bbox 492 3518 698 3591; x_wconf 80' lang='lat' dir='ltr'><strong>(Exod.</strong></span> <span class='ocrx_word' id='word_1_498' title='bbox 726 3516 847 3584; x_wconf 85' lang='lat' dir='ltr'><strong>XX,</strong></span> <span class='ocrx_word' id='word_1_499' title='bbox 879 3517 932 3584; x_wconf 90' lang='lat'><strong>9,</strong></span> <span class='ocrx_word' id='word_1_500' title='bbox 971 3513 1084 3588; x_wconf 85' lang='grc'><strong>10).</strong></span> <span class='ocrx_word' id='word_1_501' title='bbox 1118 3514 1291 3571; x_wconf 85' lang='lat' dir='ltr'><strong>diebus</strong></span> <span class='ocrx_word' id='word_1_502' title='bbox 1318 3531 1549 3587; x_wconf 85' lang='lat' dir='ltr'><strong>operare,</strong></span> <span class='ocrx_word' id='word_1_503' title='bbox 1582 3527 1630 3574; x_wconf 82' lang='lat' dir='ltr'><strong>et</strong></span> <span class='ocrx_word' id='word_1_504' title='bbox 1657 3519 1814 3591; x_wconf 80' lang='lat' dir='ltr'><strong>facies</strong></span> <span class='ocrx_word' id='word_1_505' title='bbox 1844 3536 1958 3575; x_wconf 56' lang='lat' dir='ltr'><strong>om-</strong></span> 
     </span>
    </p>
   </div>
   <div class='ocr_carea' id='block_1_68' title="bbox 345 3609 1987 3685">
    <p class='ocr_par' dir='ltr' id='par_1_68' title="bbox 345 3609 1987 3685">
     <span class='ocr_line' id='line_1_68' title="bbox 345 3609 1987 3685; baseline 0.001 -18"><span class='ocrx_word' id='word_1_506' title='bbox 345 3614 436 3667; x_wconf 79' lang='lat' dir='ltr'><strong>nia</strong></span> <span class='ocrx_word' id='word_1_507' title='bbox 468 3628 636 3683; x_wconf 85' lang='lat' dir='ltr'><strong>opera</strong></span> <span class='ocrx_word' id='word_1_508' title='bbox 665 3621 756 3664; x_wconf 81' lang='lat' dir='ltr'><strong>tua</strong></span> <span class='ocrx_word' id='word_1_509' title='bbox 779 3651 792 3673; x_wconf 90' lang='lat'><strong>,</strong></span> <span class='ocrx_word' id='word_1_510' title='bbox 842 3611 1055 3680; x_wconf 77' lang='lat' dir='ltr'><strong>septima</strong></span> <span class='ocrx_word' id='word_1_511' title='bbox 1080 3619 1248 3664; x_wconf 84' lang='lat' dir='ltr'><strong>atuem</strong></span> <span class='ocrx_word' id='word_1_512' title='bbox 1276 3609 1359 3664; x_wconf 82' lang='lat' dir='ltr'><strong>die</strong></span> <span class='ocrx_word' id='word_1_513' title='bbox 1403 3609 1600 3665; x_wconf 81' lang='lat' dir='ltr'><strong>sabbati</strong></span> <span class='ocrx_word' id='word_1_514' title='bbox 1627 3609 1710 3685; x_wconf 74' lang='grc'><strong>(4)</strong></span> <span class='ocrx_word' id='word_1_515' title='bbox 1740 3610 1987 3670; x_wconf 85' lang='lat' dir='ltr'><strong>Domino-</strong></span> 
     </span>
    </p>
   </div>
   <div class='ocr_carea' id='block_1_69' title="bbox 346 3701 1961 3775">
    <p class='ocr_par' dir='ltr' id='par_1_69' title="bbox 346 3701 1961 3775">
     <span class='ocr_line' id='line_1_69' title="bbox 346 3701 1961 3775; baseline 0.001 -15"><span class='ocrx_word' id='word_1_516' title='bbox 346 3706 461 3760; x_wconf 85' lang='lat' dir='ltr'><strong>Deo</strong></span> <span class='ocrx_word' id='word_1_517' title='bbox 494 3714 588 3759; x_wconf 83' lang='lat' dir='ltr'><strong>tuo</strong></span> <span class='ocrx_word' id='word_1_518' title='bbox 617 3719 633 3766; x_wconf 87' lang='lat'><strong>;</strong></span> <span class='ocrx_word' id='word_1_519' title='bbox 664 3719 767 3757; x_wconf 84' lang='lat' dir='ltr'><strong>non</strong></span> <span class='ocrx_word' id='word_1_520' title='bbox 807 3701 962 3774; x_wconf 67' lang='lat' dir='ltr'><strong>facies</strong></span> <span class='ocrx_word' id='word_1_521' title='bbox 988 3702 1042 3756; x_wconf 87' lang='lat' dir='ltr'><strong>in</strong></span> <span class='ocrx_word' id='word_1_522' title='bbox 1070 3718 1129 3756; x_wconf 88' lang='lat' dir='ltr'><strong>ea</strong></span> <span class='ocrx_word' id='word_1_523' title='bbox 1155 3717 1302 3756; x_wconf 83' lang='lat' dir='ltr'><strong>omne</strong></span> <span class='ocrx_word' id='word_1_524' title='bbox 1341 3717 1489 3771; x_wconf 87' lang='lat' dir='ltr'><strong>opus.</strong></span> <span class='ocrx_word' id='word_1_525' title='bbox 1523 3701 1677 3770; x_wconf 84' lang='lat' dir='ltr'><strong>Quod</strong></span> <span class='ocrx_word' id='word_1_526' title='bbox 1705 3702 1729 3757; x_wconf 87' lang='lat'><strong>?</strong></span> <span class='ocrx_word' id='word_1_527' title='bbox 1760 3702 1961 3775; x_wconf 83' lang='lat' dir='ltr'><strong>Utique</strong></span> 
     </span>
    </p>
   </div>
   <div class='ocr_carea' id='block_1_70' title="bbox 346 3792 1962 3869">
    <p class='ocr_par' dir='ltr' id='par_1_70' title="bbox 346 3792 1962 3869">
     <span class='ocr_line' id='line_1_70' title="bbox 346 3792 1962 3869; baseline -0.003 -13"><span class='ocrx_word' id='word_1_528' title='bbox 346 3806 503 3856; x_wconf 90' lang='lat' dir='ltr'><strong>tuum</strong></span> <span class='ocrx_word' id='word_1_529' title='bbox 542 3792 650 3869; x_wconf 78' lang='grc' dir='ltr'><strong>(ὅ).</strong></span> <span class='ocrx_word' id='word_1_530' title='bbox 683 3793 1034 3863; x_wconf 82' lang='lat' dir='ltr'><strong>Consequens</strong></span> <span class='ocrx_word' id='word_1_531' title='bbox 1071 3793 1213 3850; x_wconf 90' lang='lat' dir='ltr'><strong>enim</strong></span> <span class='ocrx_word' id='word_1_532' title='bbox 1262 3802 1347 3848; x_wconf 88' lang='lat' dir='ltr'><strong>est</strong></span> <span class='ocrx_word' id='word_1_533' title='bbox 1376 3833 1389 3858; x_wconf 90' lang='lat'><strong>,</strong></span> <span class='ocrx_word' id='word_1_534' title='bbox 1450 3804 1510 3848; x_wconf 90' lang='lat' dir='ltr'><strong>ut</strong></span> <span class='ocrx_word' id='word_1_535' title='bbox 1551 3808 1615 3849; x_wconf 91' lang='lat' dir='ltr'><strong>ea</strong></span> <span class='ocrx_word' id='word_1_536' title='bbox 1647 3808 1811 3865; x_wconf 89' lang='lat' dir='ltr'><strong>opera</strong></span> <span class='ocrx_word' id='word_1_537' title='bbox 1837 3797 1962 3852; x_wconf 87' lang='lat' dir='ltr'><strong>sab-</strong></span> 
     </span>
    </p>
   </div>
   <div class='ocr_carea' id='block_1_71' title="bbox 348 3877 1963 3958">
    <p class='ocr_par' dir='ltr' id='par_1_71' title="bbox 348 3877 1963 3958">
     <span class='ocr_line' id='line_1_71' title="bbox 348 3877 1963 3958; baseline 0.002 -14"><span class='ocrx_word' id='word_1_538' title='bbox 348 3890 481 3949; x_wconf 87' lang='lat' dir='ltr'><strong>bato</strong></span> <span class='ocrx_word' id='word_1_539' title='bbox 536 3888 816 3953; x_wconf 84' lang='lat' dir='ltr'><strong>auferret,</strong></span> <span class='ocrx_word' id='word_1_540' title='bbox 844 3902 963 3958; x_wconf 69' lang='lat' dir='ltr'><strong>qua:</strong></span> <span class='ocrx_word' id='word_1_541' title='bbox 988 3900 1081 3941; x_wconf 79' lang='lat' dir='ltr'><strong>sex</strong></span> <span class='ocrx_word' id='word_1_542' title='bbox 1108 3877 1298 3948; x_wconf 82' lang='lat' dir='ltr'><strong>diebus</strong></span> <span class='ocrx_word' id='word_1_543' title='bbox 1325 3900 1483 3957; x_wconf 85' lang='lat' dir='ltr'><strong>supra</strong></span> <span class='ocrx_word' id='word_1_544' title='bbox 1512 3887 1828 3945; x_wconf 82' lang='lat' dir='ltr'><strong>induxerat:</strong></span> <span class='ocrx_word' id='word_1_545' title='bbox 1874 3898 1963 3947; x_wconf 82' lang='lat' dir='ltr'><strong>tua</strong></span> 
     </span>
    </p>
   </div>
   <div class='ocr_carea' id='block_1_72' title="bbox 347 3975 1966 4047">
    <p class='ocr_par' dir='ltr' id='par_1_72' title="bbox 347 3975 1966 4047">
     <span class='ocr_line' id='line_1_72' title="bbox 347 3975 1966 4047; baseline 0 -8"><span class='ocrx_word' id='word_1_546' title='bbox 347 3982 574 4039; x_wconf 84' lang='lat' dir='ltr'><strong>scilicet</strong></span> <span class='ocrx_word' id='word_1_547' title='bbox 595 4018 610 4044; x_wconf 90' lang='lat'><strong>,</strong></span> <span class='ocrx_word' id='word_1_548' title='bbox 645 3978 696 4033; x_wconf 90' lang='lat' dir='ltr'><strong>id</strong></span> <span class='ocrx_word' id='word_1_549' title='bbox 730 3988 851 4042; x_wconf 83' lang='lat' dir='ltr'><strong>est,</strong></span> <span class='ocrx_word' id='word_1_550' title='bbox 888 3976 1142 4042; x_wconf 89' lang='lat' dir='ltr'><strong>humana,</strong></span> <span class='ocrx_word' id='word_1_551' title='bbox 1171 3985 1226 4033; x_wconf 89' lang='lat' dir='ltr'><strong>et</strong></span> <span class='ocrx_word' id='word_1_552' title='bbox 1254 3975 1584 4047; x_wconf 86' lang='lat' dir='ltr'><strong>quotidiana.</strong></span> <span class='ocrx_word' id='word_1_553' title='bbox 1617 3981 1807 4037; x_wconf 78' lang='lat' dir='ltr'><strong>Arcam</strong></span> <span class='ocrx_word' id='word_1_554' title='bbox 1836 3997 1966 4039; x_wconf 89' lang='lat' dir='ltr'><strong>vero</strong></span> 
     </span>
    </p>
   </div>
   <div class='ocr_carea' id='block_1_73' title="bbox 346 4071 1964 4144">
    <p class='ocr_par' dir='ltr' id='par_1_73' title="bbox 346 4071 1964 4144">
     <span class='ocr_line' id='line_1_73' title="bbox 346 4071 1964 4144; baseline -0.001 -13"><span class='ocrx_word' id='word_1_555' title='bbox 346 4072 736 4135; x_wconf 86' lang='lat' dir='ltr'><strong>circumferre,</strong></span> <span class='ocrx_word' id='word_1_556' title='bbox 789 4087 962 4142; x_wconf 86' lang='lat' dir='ltr'><strong>neque</strong></span> <span class='ocrx_word' id='word_1_557' title='bbox 989 4071 1354 4140; x_wconf 87' lang='lat' dir='ltr'><strong>quotidianum</strong></span> <span class='ocrx_word' id='word_1_558' title='bbox 1400 4086 1536 4144; x_wconf 88' lang='lat' dir='ltr'><strong>opus</strong></span> <span class='ocrx_word' id='word_1_559' title='bbox 1566 4072 1734 4130; x_wconf 89' lang='lat' dir='ltr'><strong>videri</strong></span> <span class='ocrx_word' id='word_1_560' title='bbox 1765 4086 1964 4144; x_wconf 87' lang='lat' dir='ltr'><strong>potest,</strong></span> 
     </span>
    </p>
   </div>
   <div class='ocr_carea' id='block_1_74' title="bbox 350 4164 1970 4240">
    <p class='ocr_par' dir='ltr' id='par_1_74' title="bbox 350 4164 1970 4240">
     <span class='ocr_line' id='line_1_74' title="bbox 350 4164 1970 4240; baseline 0.002 -17"><span class='ocrx_word' id='word_1_561' title='bbox 350 4184 542 4240; x_wconf 88' lang='lat' dir='ltr'><strong>neque</strong></span> <span class='ocrx_word' id='word_1_562' title='bbox 575 4167 866 4221; x_wconf 87' lang='lat' dir='ltr'><strong>humanum</strong></span> <span class='ocrx_word' id='word_1_563' title='bbox 892 4182 907 4231; x_wconf 91' lang='lat'><strong>;</strong></span> <span class='ocrx_word' id='word_1_564' title='bbox 937 4164 1032 4220; x_wconf 89' lang='lat' dir='ltr'><strong>sed</strong></span> <span class='ocrx_word' id='word_1_565' title='bbox 1056 4173 1111 4220; x_wconf 85' lang='lat' dir='ltr'><strong>et</strong></span> <span class='ocrx_word' id='word_1_566' title='bbox 1136 4180 1338 4233; x_wconf 85' lang='lat' dir='ltr'><strong>rarum,</strong></span> <span class='ocrx_word' id='word_1_567' title='bbox 1365 4174 1419 4221; x_wconf 87' lang='lat' dir='ltr'><strong>et</strong></span> <span class='ocrx_word' id='word_1_568' title='bbox 1448 4178 1869 4238; x_wconf 82' lang='lat' dir='ltr'><strong>sacrosanctum,</strong></span> <span class='ocrx_word' id='word_1_569' title='bbox 1915 4183 1970 4228; x_wconf 91' lang='lat' dir='ltr'><strong>et</strong></span> 
     </span>
    </p>
   </div>
   <div class='ocr_carea' id='block_1_75' title="bbox 351 4260 1972 4335">
    <p class='ocr_par' dir='ltr' id='par_1_75' title="bbox 351 4260 1972 4335">
     <span class='ocr_line' id='line_1_75' title="bbox 351 4260 1972 4335; baseline 0.006 -18"><span class='ocrx_word' id='word_1_570' title='bbox 351 4279 421 4320; x_wconf 86' lang='lat' dir='ltr'><strong>ex</strong></span> <span class='ocrx_word' id='word_1_571' title='bbox 455 4265 584 4334; x_wconf 82' lang='lat' dir='ltr'><strong>ipso</strong></span> <span class='ocrx_word' id='word_1_572' title='bbox 613 4269 740 4315; x_wconf 91' lang='lat' dir='ltr'><strong>tunc</strong></span> <span class='ocrx_word' id='word_1_573' title='bbox 768 4260 860 4315; x_wconf 88' lang='lat' dir='ltr'><strong>Dei</strong></span> <span class='ocrx_word' id='word_1_574' title='bbox 896 4268 1161 4330; x_wconf 73' lang='lat' dir='ltr'><strong>praecepto</strong></span> <span class='ocrx_word' id='word_1_575' title='bbox 1208 4261 1390 4331; x_wconf 89' lang='lat' dir='ltr'><strong>utique</strong></span> <span class='ocrx_word' id='word_1_576' title='bbox 1427 4260 1689 4318; x_wconf 91' lang='lat' dir='ltr'><strong>divinum.</strong></span> <span class='ocrx_word' id='word_1_577' title='bbox 1718 4266 1872 4335; x_wconf 86' lang='lat' dir='ltr'><strong>Quod</strong></span> <span class='ocrx_word' id='word_1_578' title='bbox 1914 4280 1972 4326; x_wconf 81' lang='lat' dir='ltr'><strong>et</strong></span> 
     </span>
    </p>
   </div>
   <div class='ocr_carea' id='block_1_76' title="bbox 354 4354 1970 4435">
    <p class='ocr_par' dir='ltr' id='par_1_76' title="bbox 354 4354 1970 4435">
     <span class='ocr_line' id='line_1_76' title="bbox 354 4354 1970 4435; baseline 0.005 -26"><span class='ocrx_word' id='word_1_579' title='bbox 354 4360 477 4432; x_wconf 81' lang='lat' dir='ltr'><strong>ipse</strong></span> <span class='ocrx_word' id='word_1_580' title='bbox 517 4357 651 4429; x_wconf 91' lang='lat' dir='ltr'><strong>quid</strong></span> <span class='ocrx_word' id='word_1_581' title='bbox 692 4355 1022 4427; x_wconf 77' lang='lat' dir='ltr'><strong>significaret</strong></span> <span class='ocrx_word' id='word_1_582' title='bbox 1059 4354 1413 4411; x_wconf 85' lang='lat' dir='ltr'><strong>edissererem</strong></span> <span class='ocrx_word' id='word_1_583' title='bbox 1438 4398 1454 4423; x_wconf 92' lang='lat'><strong>,</strong></span> <span class='ocrx_word' id='word_1_584' title='bbox 1487 4356 1589 4413; x_wconf 88' lang='lat' dir='ltr'><strong>nisi</strong></span> <span class='ocrx_word' id='word_1_585' title='bbox 1622 4357 1703 4433; x_wconf 83' lang='lat'><strong>(6)</strong></span> <span class='ocrx_word' id='word_1_586' title='bbox 1754 4360 1970 4435; x_wconf 87' lang='lat' dir='ltr'><strong>longum</strong></span> 
     </span>
    </p>
   </div>
   <div class='ocr_carea' id='block_1_77' title="bbox 353 4444 1975 4519">
    <p class='ocr_par' dir='ltr' id='par_1_77' title="bbox 353 4444 1975 4519">
     <span class='ocr_line' id='line_1_77' title="bbox 353 4444 1975 4519; baseline 0.004 -12"><span class='ocrx_word' id='word_1_587' title='bbox 353 4459 508 4508; x_wconf 88' lang='lat' dir='ltr'><strong>esset</strong></span> <span class='ocrx_word' id='word_1_588' title='bbox 566 4447 765 4519; x_wconf 84' lang='lat' dir='ltr'><strong>figuras</strong></span> <span class='ocrx_word' id='word_1_589' title='bbox 815 4458 1255 4517; x_wconf 87' lang='lat' dir='ltr'><strong>argumentorum</strong></span> <span class='ocrx_word' id='word_1_590' title='bbox 1312 4444 1551 4503; x_wconf 92' lang='lat' dir='ltr'><strong>omnium</strong></span> <span class='ocrx_word' id='word_1_591' title='bbox 1578 4446 1852 4511; x_wconf 85' lang='lat' dir='ltr'><strong>Creatoris</strong></span> <span class='ocrx_word' id='word_1_592' title='bbox 1879 4470 1975 4512; x_wconf 80' lang='lat' dir='ltr'><strong>ex-</strong></span> 
     </span>
    </p>
   </div>
   <div class='ocr_carea' id='block_1_78' title="bbox 354 4538 1975 4617">
    <p class='ocr_par' dir='ltr' id='par_1_78' title="bbox 354 4538 1975 4617">
     <span class='ocr_line' id='line_1_78' title="bbox 354 4538 1975 4617; baseline 0.006 -18"><span class='ocrx_word' id='word_1_593' title='bbox 354 4544 635 4617; x_wconf 86' lang='lat' dir='ltr'><strong>pandere,</strong></span> <span class='ocrx_word' id='word_1_594' title='bbox 665 4557 798 4612; x_wconf 86' lang='lat' dir='ltr'><strong>quas</strong></span> <span class='ocrx_word' id='word_1_595' title='bbox 824 4541 1042 4596; x_wconf 89' lang='lat' dir='ltr'><strong>forsitan</strong></span> <span class='ocrx_word' id='word_1_596' title='bbox 1072 4555 1173 4596; x_wconf 92' lang='lat' dir='ltr'><strong>nec</strong></span> <span class='ocrx_word' id='word_1_597' title='bbox 1201 4538 1457 4601; x_wconf 83' lang='lat' dir='ltr'><strong>admittis.</strong></span> <span class='ocrx_word' id='word_1_598' title='bbox 1488 4539 1594 4601; x_wconf 77' lang='lat' dir='ltr'><strong>Sed</strong></span> <span class='ocrx_word' id='word_1_599' title='bbox 1622 4544 1742 4615; x_wconf 89' lang='lat' dir='ltr'><strong>plus</strong></span> <span class='ocrx_word' id='word_1_600' title='bbox 1768 4556 1881 4614; x_wconf 89' lang='lat' dir='ltr'><strong>est,</strong></span> <span class='ocrx_word' id='word_1_601' title='bbox 1928 4552 1975 4608; x_wconf 90' lang='lat' dir='ltr'><strong>si</strong></span> 
     </span>
    </p>
   </div>
   <div class='ocr_carea' id='block_1_79' title="bbox 2060 3435 3668 3516">
    <p class='ocr_par' dir='ltr' id='par_1_79' title="bbox 2060 3435 3668 3516">
     <span class='ocr_line' id='line_1_79' title="bbox 2060 3435 3668 3516; baseline -0.009 -16"><span class='ocrx_word' id='word_1_602' title='bbox 2060 3459 2183 3516; x_wconf 61' lang='lat' dir='ltr'><strong>qua</strong></span> <span class='ocrx_word' id='word_1_603' title='bbox 2203 3443 2512 3516; x_wconf 72' lang='lat' dir='ltr'><strong>iucunditas</strong></span> <span class='ocrx_word' id='word_1_604' title='bbox 2548 3443 2664 3498; x_wconf 85' lang='lat' dir='ltr'><strong>sive</strong></span> <span class='ocrx_word' id='word_1_605' title='bbox 2689 3442 2954 3496; x_wconf 86' lang='lat' dir='ltr'><strong>viscerum</strong></span> <span class='ocrx_word' id='word_1_606' title='bbox 2984 3437 3407 3500; x_wconf 87' lang='lat' dir='ltr'><strong>vervecinorum,</strong></span> <span class='ocrx_word' id='word_1_607' title='bbox 3429 3435 3541 3488; x_wconf 84' lang='lat' dir='ltr'><strong>sive</strong></span> <span class='ocrx_word' id='word_1_608' title='bbox 3584 3435 3668 3487; x_wconf 89' lang='lat' dir='ltr'><strong>ui-</strong></span> 
     </span>
    </p>
   </div>
   <div class='ocr_carea' id='block_1_80' title="bbox 2062 3525 3673 3593">
    <p class='ocr_par' dir='ltr' id='par_1_80' title="bbox 2062 3525 3673 3593">
     <span class='ocr_line' id='line_1_80' title="bbox 2062 3525 3673 3593; baseline -0.009 0"><span class='ocrx_word' id='word_1_609' title='bbox 2062 3537 2211 3593; x_wconf 88' lang='lat' dir='ltr'><strong>doris</strong></span> <span class='ocrx_word' id='word_1_610' title='bbox 2240 3537 2540 3593; x_wconf 87' lang='lat' dir='ltr'><strong>ardentium</strong></span> <span class='ocrx_word' id='word_1_611' title='bbox 2571 3531 2952 3593; x_wconf 78' lang='lat' dir='ltr'><strong>victimarum?</strong></span> <span class='ocrx_word' id='word_1_612' title='bbox 2990 3527 3097 3585; x_wconf 88' lang='lat' dir='ltr'><strong>Sed</strong></span> <span class='ocrx_word' id='word_1_613' title='bbox 3127 3527 3336 3583; x_wconf 89' lang='lat' dir='ltr'><strong>animus</strong></span> <span class='ocrx_word' id='word_1_614' title='bbox 3366 3525 3590 3592; x_wconf 84' lang='lat' dir='ltr'><strong>simplex</strong></span> <span class='ocrx_word' id='word_1_615' title='bbox 3618 3534 3673 3578; x_wconf 88' lang='lat' dir='ltr'><strong>et</strong></span> 
     </span>
    </p>
   </div>
   <div class='ocr_carea' id='block_1_81' title="bbox 2065 3616 3666 3691">
    <p class='ocr_par' dir='ltr' id='par_1_81' title="bbox 2065 3616 3666 3691">
     <span class='ocr_line' id='line_1_81' title="bbox 2065 3616 3666 3691; baseline -0.009 -6"><span class='ocrx_word' id='word_1_616' title='bbox 2065 3629 2231 3687; x_wconf 87' lang='lat' dir='ltr'><strong>Deum</strong></span> <span class='ocrx_word' id='word_1_617' title='bbox 2276 3636 2522 3684; x_wconf 89' lang='lat' dir='ltr'><strong>metuens</strong></span> <span class='ocrx_word' id='word_1_618' title='bbox 2551 3625 2888 3681; x_wconf 81' lang='lat' dir='ltr'><strong>offerentium</strong></span> <span class='ocrx_word' id='word_1_619' title='bbox 2936 3636 3000 3677; x_wconf 90' lang='lat' dir='ltr'><strong>ea</strong></span> <span class='ocrx_word' id='word_1_620' title='bbox 3029 3635 3148 3691; x_wconf 76' lang='lat' dir='ltr'><strong>qum</strong></span> <span class='ocrx_word' id='word_1_621' title='bbox 3175 3635 3203 3673; x_wconf 91' lang='lat' dir='ltr'><strong>a</strong></span> <span class='ocrx_word' id='word_1_622' title='bbox 3229 3619 3338 3673; x_wconf 91' lang='lat' dir='ltr'><strong>Deo</strong></span> <span class='ocrx_word' id='word_1_623' title='bbox 3377 3616 3666 3682; x_wconf 85' lang='lat' dir='ltr'><strong>habebant,</strong></span> 
     </span>
    </p>
   </div>
   <div class='ocr_carea' id='block_1_82' title="bbox 2063 3707 3672 3792">
    <p class='ocr_par' dir='ltr' id='par_1_82' title="bbox 2063 3707 3672 3792">
     <span class='ocr_line' id='line_1_82' title="bbox 2063 3707 3672 3792; baseline -0.011 -13"><span class='ocrx_word' id='word_1_624' title='bbox 2063 3731 2120 3779; x_wconf 86' lang='lat' dir='ltr'><strong>et</strong></span> <span class='ocrx_word' id='word_1_625' title='bbox 2140 3720 2316 3792; x_wconf 90' lang='lat' dir='ltr'><strong>pabuli</strong></span> <span class='ocrx_word' id='word_1_626' title='bbox 2347 3730 2402 3777; x_wconf 90' lang='lat' dir='ltr'><strong>et</strong></span> <span class='ocrx_word' id='word_1_627' title='bbox 2429 3719 2609 3776; x_wconf 88' lang='lat' dir='ltr'><strong>suavis</strong></span> <span class='ocrx_word' id='word_1_628' title='bbox 2638 3716 2852 3773; x_wconf 76' lang='lat' dir='ltr'><strong>olentia:</strong></span> <span class='ocrx_word' id='word_1_629' title='bbox 2872 3713 3039 3785; x_wconf 88' lang='lat' dir='ltr'><strong>gratia</strong></span> <span class='ocrx_word' id='word_1_630' title='bbox 3067 3712 3184 3786; x_wconf 67' lang='grc' dir='ltr'><strong>(η)</strong></span> <span class='ocrx_word' id='word_1_631' title='bbox 3210 3709 3348 3781; x_wconf 89' lang='lat' dir='ltr'><strong>apud</strong></span> <span class='ocrx_word' id='word_1_632' title='bbox 3379 3709 3543 3763; x_wconf 89' lang='lat' dir='ltr'><strong>Deum</strong></span> <span class='ocrx_word' id='word_1_633' title='bbox 3573 3707 3672 3762; x_wconf 92' lang='lat' dir='ltr'><strong>de-</strong></span> 
     </span>
    </p>
   </div>
   <div class='ocr_carea' id='block_1_83' title="bbox 2066 3801 3675 3883">
    <p class='ocr_par' dir='ltr' id='par_1_83' title="bbox 2066 3801 3675 3883">
     <span class='ocr_line' id='line_1_83' title="bbox 2066 3801 3675 3883; baseline -0.011 -12"><span class='ocrx_word' id='word_1_634' title='bbox 2066 3814 2369 3883; x_wconf 88' lang='lat' dir='ltr'><strong>putabatur.</strong></span> <span class='ocrx_word' id='word_1_635' title='bbox 2400 3826 2507 3867; x_wconf 88' lang='lat' dir='ltr'><strong>non</strong></span> <span class='ocrx_word' id='word_1_636' title='bbox 2549 3824 2669 3881; x_wconf 66' lang='lat' dir='ltr'><strong>quas</strong></span> <span class='ocrx_word' id='word_1_637' title='bbox 2696 3808 2893 3864; x_wconf 82' lang='lat' dir='ltr'><strong>fiebant</strong></span> <span class='ocrx_word' id='word_1_638' title='bbox 2919 3805 3203 3875; x_wconf 80' lang='lat' dir='ltr'><strong>exigentis,</strong></span> <span class='ocrx_word' id='word_1_639' title='bbox 3227 3802 3321 3858; x_wconf 88' lang='lat' dir='ltr'><strong>sed</strong></span> <span class='ocrx_word' id='word_1_640' title='bbox 3352 3801 3480 3856; x_wconf 91' lang='lat' dir='ltr'><strong>illud</strong></span> <span class='ocrx_word' id='word_1_641' title='bbox 3514 3816 3675 3870; x_wconf 90' lang='lat' dir='ltr'><strong>prop-</strong></span> 
     </span>
    </p>
   </div>
   <div class='ocr_carea' id='block_1_84' title="bbox 2067 3891 3674 3975">
    <p class='ocr_par' dir='ltr' id='par_1_84' title="bbox 2067 3891 3674 3975">
     <span class='ocr_line' id='line_1_84' title="bbox 2067 3891 3674 3975; baseline -0.009 -15"><span class='ocrx_word' id='word_1_642' title='bbox 2067 3913 2149 3960; x_wconf 88' lang='lat' dir='ltr'><strong>ter</strong></span> <span class='ocrx_word' id='word_1_643' title='bbox 2177 3905 2319 3975; x_wconf 90' lang='lat' dir='ltr'><strong>quod</strong></span> <span class='ocrx_word' id='word_1_644' title='bbox 2365 3903 2583 3965; x_wconf 83' lang='lat' dir='ltr'><strong>fiebant,</strong></span> <span class='ocrx_word' id='word_1_645' title='bbox 2631 3899 2701 3954; x_wconf 92' lang='lat' dir='ltr'><strong>ob</strong></span> <span class='ocrx_word' id='word_1_646' title='bbox 2732 3899 2988 3954; x_wconf 84' lang='lat' dir='ltr'><strong>honorem</strong></span> <span class='ocrx_word' id='word_1_647' title='bbox 3013 3894 3218 3950; x_wconf 73' lang='lat' dir='ltr'><strong>scilicet</strong></span> <span class='ocrx_word' id='word_1_648' title='bbox 3260 3893 3375 3949; x_wconf 90' lang='lat' dir='ltr'><strong>Dei.</strong></span> <span class='ocrx_word' id='word_1_649' title='bbox 3408 3891 3462 3947; x_wconf 92' lang='lat' dir='ltr'><strong>Si</strong></span> <span class='ocrx_word' id='word_1_650' title='bbox 3503 3891 3674 3945; x_wconf 85' lang='lat' dir='ltr'><strong>cliens</strong></span> 
     </span>
    </p>
   </div>
   <div class='ocr_carea' id='block_1_85' title="bbox 2067 3964 3965 4065">
    <p class='ocr_par' dir='ltr' id='par_1_85' title="bbox 2067 3964 3965 4065">
     <span class='ocr_line' id='line_1_85' title="bbox 2067 3964 3965 4065; baseline -0.007 -12"><span class='ocrx_word' id='word_1_651' title='bbox 2067 3964 2214 4054; x_wconf 88' lang='lat' dir='ltr'><strong>diviti</strong></span> <span class='ocrx_word' id='word_1_652' title='bbox 2243 4005 2334 4052; x_wconf 91' lang='lat' dir='ltr'><strong>aut</strong></span> <span class='ocrx_word' id='word_1_653' title='bbox 2363 3995 2473 4065; x_wconf 89' lang='lat' dir='ltr'><strong>regi</strong></span> <span class='ocrx_word' id='word_1_654' title='bbox 2500 3992 2632 4048; x_wconf 86' lang='lat' dir='ltr'><strong>nihil</strong></span> <span class='ocrx_word' id='word_1_655' title='bbox 2664 3987 3012 4052; x_wconf 87' lang='lat' dir='ltr'><strong>desideranti,</strong></span> <span class='ocrx_word' id='word_1_656' title='bbox 3059 3995 3236 4041; x_wconf 86' lang='lat' dir='ltr'><strong>tamen</strong></span> <span class='ocrx_word' id='word_1_657' title='bbox 3294 3982 3495 4052; x_wconf 90' lang='lat' dir='ltr'><strong>aliquid</strong></span> <span class='ocrx_word' id='word_1_658' title='bbox 3524 3983 3673 4039; x_wconf 86' lang='lat' dir='ltr'><strong>vilis-</strong></span> <span class='ocrx_word' id='word_1_659' title='bbox 3692 3964 3965 4065; x_wconf 46' lang='grc' dir='ltr'><strong>ξὶββΐῖῗέἕξη</strong></span> 
     </span>
    </p>
   </div>
   <div class='ocr_carea' id='block_1_86' title="bbox 2070 4078 3678 4154">
    <p class='ocr_par' dir='ltr' id='par_1_86' title="bbox 2070 4078 3678 4154">
     <span class='ocr_line' id='line_1_86' title="bbox 2070 4078 3678 4154; baseline -0.009 -6"><span class='ocrx_word' id='word_1_660' title='bbox 2070 4092 2189 4148; x_wconf 86' lang='lat' dir='ltr'><strong>siuti</strong></span> <span class='ocrx_word' id='word_1_661' title='bbox 2213 4088 2512 4147; x_wconf 88' lang='lat' dir='ltr'><strong>munusculi</strong></span> <span class='ocrx_word' id='word_1_662' title='bbox 2532 4085 2805 4151; x_wconf 87' lang='lat' dir='ltr'><strong>obtulerit,</strong></span> <span class='ocrx_word' id='word_1_663' title='bbox 2829 4082 3097 4154; x_wconf 90' lang='lat' dir='ltr'><strong>quantitas</strong></span> <span class='ocrx_word' id='word_1_664' title='bbox 3118 4089 3172 4137; x_wconf 91' lang='lat' dir='ltr'><strong>et</strong></span> <span class='ocrx_word' id='word_1_665' title='bbox 3190 4079 3415 4150; x_wconf 86' lang='lat' dir='ltr'><strong>qualitas</strong></span> <span class='ocrx_word' id='word_1_666' title='bbox 3438 4078 3678 4133; x_wconf 90' lang='lat' dir='ltr'><strong>muneris</strong></span> 
     </span>
    </p>
   </div>
   <div class='ocr_carea' id='block_1_87' title="bbox 2074 4170 3677 4251">
    <p class='ocr_par' dir='ltr' id='par_1_87' title="bbox 2074 4170 3677 4251">
     <span class='ocr_line' id='line_1_87' title="bbox 2074 4170 3677 4251; baseline -0.01 -10"><span class='ocrx_word' id='word_1_667' title='bbox 2074 4184 2354 4241; x_wconf 88' lang='lat' dir='ltr'><strong>infuscabit</strong></span> <span class='ocrx_word' id='word_1_668' title='bbox 2379 4181 2598 4251; x_wconf 87' lang='lat' dir='ltr'><strong>divitem</strong></span> <span class='ocrx_word' id='word_1_669' title='bbox 2624 4188 2906 4249; x_wconf 72' lang='lat' dir='ltr'><strong>stragem,</strong></span> <span class='ocrx_word' id='word_1_670' title='bbox 2944 4192 3011 4231; x_wconf 92' lang='lat' dir='ltr'><strong>an</strong></span> <span class='ocrx_word' id='word_1_671' title='bbox 3053 4173 3339 4231; x_wconf 87' lang='lat' dir='ltr'><strong>delectabit</strong></span> <span class='ocrx_word' id='word_1_672' title='bbox 3378 4171 3563 4249; x_wconf 88' lang='lat' dir='ltr'><strong>titulus</strong></span> <span class='ocrx_word' id='word_1_673' title='bbox 3593 4170 3677 4225; x_wconf 89' lang='lat' dir='ltr'><strong>of-</strong></span> 
     </span>
    </p>
   </div>
   <div class='ocr_carea' id='block_1_88' title="bbox 2073 4261 3679 4334">
    <p class='ocr_par' dir='ltr' id='par_1_88' title="bbox 2073 4261 3679 4334">
     <span class='ocr_line' id='line_1_88' title="bbox 2073 4261 3679 4334; baseline -0.009 -2"><span class='ocrx_word' id='word_1_674' title='bbox 2073 4275 2220 4332; x_wconf 83' lang='lat' dir='ltr'><strong>ﬁcii?</strong></span> <span class='ocrx_word' id='word_1_675' title='bbox 2249 4278 2317 4331; x_wconf 83' lang='lat' dir='ltr'><strong>At</strong></span> <span class='ocrx_word' id='word_1_676' title='bbox 2333 4275 2379 4330; x_wconf 91' lang='lat' dir='ltr'><strong>si</strong></span> <span class='ocrx_word' id='word_1_677' title='bbox 2398 4273 2566 4329; x_wconf 92' lang='lat' dir='ltr'><strong>cliens</strong></span> <span class='ocrx_word' id='word_1_678' title='bbox 2583 4273 2630 4328; x_wconf 91' lang='lat' dir='ltr'><strong>ei</strong></span> <span class='ocrx_word' id='word_1_679' title='bbox 2648 4285 2867 4327; x_wconf 91' lang='lat' dir='ltr'><strong>munera</strong></span> <span class='ocrx_word' id='word_1_680' title='bbox 2892 4269 3053 4333; x_wconf 90' lang='lat' dir='ltr'><strong>ultro,</strong></span> <span class='ocrx_word' id='word_1_681' title='bbox 3076 4265 3162 4323; x_wconf 87' lang='lat' dir='ltr'><strong>vel</strong></span> <span class='ocrx_word' id='word_1_682' title='bbox 3185 4266 3344 4321; x_wconf 86' lang='lat' dir='ltr'><strong>etiam</strong></span> <span class='ocrx_word' id='word_1_683' title='bbox 3368 4263 3512 4319; x_wconf 91' lang='lat' dir='ltr'><strong>dicto</strong></span> <span class='ocrx_word' id='word_1_684' title='bbox 3558 4261 3679 4334; x_wconf 78' lang='lat'><strong>(1&#39;5)</strong></span> 
     </span>
    </p>
   </div>
   <div class='ocr_carea' id='block_1_89' title="bbox 2074 4358 3680 4432">
    <p class='ocr_par' dir='ltr' id='par_1_89' title="bbox 2074 4358 3680 4432">
     <span class='ocr_line' id='line_1_89' title="bbox 2074 4358 3680 4432; baseline -0.011 -7"><span class='ocrx_word' id='word_1_685' title='bbox 2074 4369 2263 4427; x_wconf 89' lang='lat' dir='ltr'><strong>ordine</strong></span> <span class='ocrx_word' id='word_1_686' title='bbox 2309 4382 2409 4424; x_wconf 91' lang='lat' dir='ltr'><strong>suo</strong></span> <span class='ocrx_word' id='word_1_687' title='bbox 2441 4365 2651 4432; x_wconf 78' lang='lat' dir='ltr'><strong>offerat,</strong></span> <span class='ocrx_word' id='word_1_688' title='bbox 2686 4374 2739 4420; x_wconf 88' lang='lat' dir='ltr'><strong>et</strong></span> <span class='ocrx_word' id='word_1_689' title='bbox 2784 4361 3041 4418; x_wconf 88' lang='lat' dir='ltr'><strong>solemnia</strong></span> <span class='ocrx_word' id='word_1_690' title='bbox 3080 4358 3222 4430; x_wconf 81' lang='lat' dir='ltr'><strong>regis</strong></span> <span class='ocrx_word' id='word_1_691' title='bbox 3268 4358 3539 4422; x_wconf 84' lang='lat' dir='ltr'><strong>observet,</strong></span> <span class='ocrx_word' id='word_1_692' title='bbox 3572 4370 3680 4409; x_wconf 86' lang='lat' dir='ltr'><strong>non</strong></span> 
     </span>
    </p>
   </div>
   <div class='ocr_carea' id='block_1_90' title="bbox 2076 4449 3682 4524">
    <p class='ocr_par' dir='ltr' id='par_1_90' title="bbox 2076 4449 3682 4524">
     <span class='ocr_line' id='line_1_90' title="bbox 2076 4449 3682 4524; baseline -0.011 -7"><span class='ocrx_word' id='word_1_693' title='bbox 2076 4476 2144 4517; x_wconf 80' lang='lat' dir='ltr'><strong>ex</strong></span> <span class='ocrx_word' id='word_1_694' title='bbox 2175 4458 2277 4514; x_wconf 83' lang='lat' dir='ltr'><strong>fide</strong></span> <span class='ocrx_word' id='word_1_695' title='bbox 2305 4467 2505 4521; x_wconf 88' lang='lat' dir='ltr'><strong>tamen,</strong></span> <span class='ocrx_word' id='word_1_696' title='bbox 2530 4471 2630 4511; x_wconf 91' lang='lat' dir='ltr'><strong>nec</strong></span> <span class='ocrx_word' id='word_1_697' title='bbox 2650 4455 2814 4510; x_wconf 90' lang='lat' dir='ltr'><strong>corde</strong></span> <span class='ocrx_word' id='word_1_698' title='bbox 2844 4468 2999 4524; x_wconf 92' lang='lat' dir='ltr'><strong>puro,</strong></span> <span class='ocrx_word' id='word_1_699' title='bbox 3021 4465 3121 4506; x_wconf 92' lang='lat' dir='ltr'><strong>nec</strong></span> <span class='ocrx_word' id='word_1_700' title='bbox 3150 4449 3309 4521; x_wconf 90' lang='lat' dir='ltr'><strong>pleno</strong></span> <span class='ocrx_word' id='word_1_701' title='bbox 3326 4449 3465 4504; x_wconf 90' lang='lat' dir='ltr'><strong>circa</strong></span> <span class='ocrx_word' id='word_1_702' title='bbox 3487 4455 3682 4501; x_wconf 69' lang='lat' dir='ltr'><strong>caetera</strong></span> 
     </span>
    </p>
   </div>
   <div class='ocr_carea' id='block_1_91' title="bbox 2086 4538 3686 4625">
    <p class='ocr_par' dir='ltr' id='par_1_91' title="bbox 2086 4538 3686 4625">
     <span class='ocr_line' id='line_1_91' title="bbox 2086 4538 3686 4625; baseline -0.011 -15"><span class='ocrx_word' id='word_1_703' title='bbox 2086 4566 2299 4625; x_wconf 88' lang='lat' dir='ltr'><strong>quoque</strong></span> <span class='ocrx_word' id='word_1_704' title='bbox 2336 4550 2611 4622; x_wconf 89' lang='lat' dir='ltr'><strong>obsequia,</strong></span> <span class='ocrx_word' id='word_1_705' title='bbox 2642 4563 2821 4604; x_wconf 91' lang='lat' dir='ltr'><strong>nonne</strong></span> <span class='ocrx_word' id='word_1_706' title='bbox 2866 4559 3203 4616; x_wconf 84' lang='lat' dir='ltr'><strong>consequens</strong></span> <span class='ocrx_word' id='word_1_707' title='bbox 3239 4550 3298 4599; x_wconf 89' lang='lat' dir='ltr'><strong>ut</strong></span> <span class='ocrx_word' id='word_1_708' title='bbox 3321 4556 3414 4598; x_wconf 79' lang='lat' dir='ltr'><strong>res</strong></span> <span class='ocrx_word' id='word_1_709' title='bbox 3460 4539 3549 4596; x_wconf 90' lang='lat' dir='ltr'><strong>ille</strong></span> <span class='ocrx_word' id='word_1_710' title='bbox 3600 4538 3686 4594; x_wconf 80' lang='lat' dir='ltr'><strong>vel</strong></span> 
     </span>
    </p>
   </div>
   <div class='ocr_carea' id='block_1_92' title="bbox 1611 4636 2449 4729">
    <p class='ocr_par' dir='ltr' id='par_1_92' title="bbox 1611 4636 2449 4729">
     <span class='ocr_line' id='line_1_92' title="bbox 1611 4636 2449 4729; baseline 0.012 -17"><span class='ocrx_word' id='word_1_711' title='bbox 1611 4636 1991 4723; x_wconf 71' lang='lat' dir='ltr'><strong>LECTIONES</strong></span> <span class='ocrx_word' id='word_1_712' title='bbox 2028 4663 2449 4729; x_wconf 75' lang='lat' dir='ltr'><strong>VARIANTES.</strong></span> 
     </span>
    </p>
   </div>
   <div class='ocr_carea' id='block_1_93' title="bbox 421 4767 1488 4904">
    <p class='ocr_par' dir='ltr' id='par_1_93' title="bbox 421 4767 1488 4904">
     <span class='ocr_line' id='line_1_93' title="bbox 450 4767 1488 4832; baseline -0.006 -7"><span class='ocrx_word' id='word_1_713' title='bbox 450 4775 472 4825; x_wconf 89' lang='grc'><strong>1</strong></span> <span class='ocrx_word' id='word_1_714' title='bbox 529 4772 597 4824; x_wconf 86' lang='lat' dir='ltr'><strong>Et</strong></span> <span class='ocrx_word' id='word_1_715' title='bbox 619 4780 787 4822; x_wconf 86' lang='lat' dir='ltr'><strong>tamen</strong></span> <span class='ocrx_word' id='word_1_716' title='bbox 810 4770 898 4819; x_wconf 87' lang='lat' dir='ltr'><strong>has</strong></span> <span class='ocrx_word' id='word_1_717' title='bbox 913 4769 1104 4832; x_wconf 86' lang='lat' dir='ltr'><strong>justitia</strong></span> <span class='ocrx_word' id='word_1_718' title='bbox 1124 4767 1276 4821; x_wconf 80' lang='lat' dir='ltr'><strong>Seml.</strong></span> <span class='ocrx_word' id='word_1_719' title='bbox 1300 4768 1488 4827; x_wconf 80' lang='lat' dir='ltr'><strong>Pamel.</strong></span> 
     </span>
     <span class='ocr_line' id='line_1_94' title="bbox 421 4771 1488 4904; baseline -0.005 -18"><span class='ocrx_word' id='word_1_720' title='bbox 421 4771 506 4904; x_wconf 45' lang='lat' dir='ltr'><strong>iii</strong></span> <span class='ocrx_word' id='word_1_721' title='bbox 536 4834 1167 4904; x_wconf 61' lang='lat' dir='ltr'><strong>Hebraeusprgpuntiasset</strong></span> <span class='ocrx_word' id='word_1_722' title='bbox 1202 4824 1368 4904; x_wconf 54' lang='lat' dir='ltr'><strong>Raris.</strong></span> <span class='ocrx_word' id='word_1_723' title='bbox 1408 4833 1488 4883; x_wconf 71' lang='lat' dir='ltr'><strong>Rhl</strong></span> 
     </span>
    </p>
   </div>
   <div class='ocr_carea' id='block_1_94' title="bbox 449 4832 1975 4910">
    <p class='ocr_par' dir='ltr' id='par_1_94' title="bbox 449 4832 1975 4910">
     <span class='ocr_line' id='line_1_95' title="bbox 449 4832 1975 4910; baseline 0.001 0"><span class='ocrx_word' id='word_1_724' title='bbox 449 4832 507 4910; x_wconf 48' lang='grc' dir='ltr'>ἦ)</span> <span class='ocrx_word' id='word_1_725' title='bbox 536 4832 1373 4910; x_wconf 50' lang='lat' dir='ltr'><strong>Hebraearussatiesst_}fei§;</strong></span> <span class='ocrx_word' id='word_1_726' title='bbox 1399 4833 1558 4910; x_wconf 50' lang='lat' dir='ltr'><strong>WE&quot;-</strong></span> <span class='ocrx_word' id='word_1_727' title='bbox 1599 4832 1828 4910; x_wconf 53' lang='grc' dir='ltr'><strong>δβΨθθοβ</strong></span> <span class='ocrx_word' id='word_1_728' title='bbox 1862 4850 1975 4903; x_wconf 70' lang='lat' dir='ltr'><strong>Pm&#39;</strong></span> 
     </span>
    </p>
   </div>
   <div class='ocr_carea' id='block_1_95' title="bbox 359 4852 1893 4975">
    <p class='ocr_par' dir='ltr' id='par_1_95' title="bbox 359 4852 1893 4975">
     <span class='ocr_line' id='line_1_96' title="bbox 424 4852 1893 4910; baseline 0 -23"><span class='ocrx_word' id='word_1_729' title='bbox 424 4852 507 4910; x_wconf 61' lang='grc' dir='ltr'><strong>(ι)</strong></span> <span class='ocrx_word' id='word_1_730' title='bbox 537 4852 786 4886; x_wconf 66' lang='grc' dir='ltr'><strong>ΠΘΟΙἸΒΠΞ</strong></span> <span class='ocrx_word' id='word_1_731' title='bbox 806 4852 1167 4896; x_wconf 74' lang='lat' dir='ltr'><strong>pruntlnttasset</strong></span> <span class='ocrx_word' id='word_1_732' title='bbox 1202 4852 1368 4906; x_wconf 62' lang='grc' dir='ltr'><strong>ιςατιδτ</strong></span> <span class='ocrx_word' id='word_1_733' title='bbox 1408 4852 1558 4905; x_wconf 44' lang='lat' dir='ltr'><strong>Me.&quot;-</strong></span> <span class='ocrx_word' id='word_1_734' title='bbox 1599 4852 1828 4887; x_wconf 68' lang='grc' dir='ltr'><strong>ΙΙΘΙῘΓέΕΟδ</strong></span> <span class='ocrx_word' id='word_1_735' title='bbox 1862 4852 1893 4903; x_wconf 74' lang='grc' dir='ltr'><strong>ι’)</strong></span> 
     </span>
     <span class='ocr_line' id='line_1_97' title="bbox 359 4895 1826 4975; baseline 0 -27"><span class='ocrx_word' id='word_1_736' title='bbox 359 4907 678 4975; x_wconf 43' lang='lat' dir='ltr'><strong>nuptiagses:</strong></span> <span class='ocrx_word' id='word_1_737' title='bbox 845 4896 1032 4975; x_wconf 49' lang='lat' dir='ltr'><strong>tronae.</strong></span> <span class='ocrx_word' id='word_1_738' title='bbox 1055 4896 1272 4945; x_wconf 71' lang='lat' dir='ltr'><strong>hebraeis</strong></span> <span class='ocrx_word' id='word_1_739' title='bbox 1294 4902 1655 4958; x_wconf 78' lang='lat' dir='ltr'><strong>pronuntiasset</strong></span> <span class='ocrx_word' id='word_1_740' title='bbox 1674 4899 1826 4951; x_wconf 74' lang='lat' dir='ltr'><strong>Seml.</strong></span> 
     </span>
    </p>
   </div>
   <div class='ocr_carea' id='block_1_96' title="bbox 427 4953 1087 5089">
    <p class='ocr_par' dir='ltr' id='par_1_96' title="bbox 427 4953 1087 5089">
     <span class='ocr_line' id='line_1_98' title="bbox 427 4953 1011 5089; baseline -0.009 -77"><span class='ocrx_word' id='word_1_741' title='bbox 427 4959 510 5089; x_wconf 57' lang='grc' dir='ltr'><strong>(ὅ)</strong></span> <span class='ocrx_word' id='word_1_742' title='bbox 536 4960 683 5011; x_wconf 88' lang='lat' dir='ltr'><strong>Enim</strong></span> <span class='ocrx_word' id='word_1_743' title='bbox 705 4953 832 5030; x_wconf 71' lang='lat' dir='ltr'><strong>negl.</strong></span> <span class='ocrx_word' id='word_1_744' title='bbox 858 4957 1011 5029; x_wconf 66' lang='lat' dir='ltr'><strong>Sensi.</strong></span> 
     </span>
     <span class='ocr_line' id='line_1_99' title="bbox 429 5020 1087 5089; baseline -0.005 -18"><span class='ocrx_word' id='word_1_745' title='bbox 429 5024 485 5089; x_wconf 52' lang='grc'><strong>(1</strong></span> <span class='ocrx_word' id='word_1_746' title='bbox 539 5020 803 5089; x_wconf 69' lang='lat' dir='ltr'><strong>Sabbattza</strong></span> <span class='ocrx_word' id='word_1_747' title='bbox 824 5022 991 5071; x_wconf 72' lang='lat' dir='ltr'><strong>Paris.</strong></span> <span class='ocrx_word' id='word_1_748' title='bbox 1068 5078 1087 5089; x_wconf 39' lang='grc' dir='ltr'><strong><em>Δ</em></strong></span> 
     </span>
    </p>
   </div>
   <div class='ocr_carea' id='block_1_97' title="bbox 426 5024 1681 5209">
    <p class='ocr_par' dir='ltr' id='par_1_97' title="bbox 426 5024 1681 5209">
     <span class='ocr_line' id='line_1_100' title="bbox 453 5024 1087 5089; baseline -0.057 1"><span class='ocrx_word' id='word_1_749' title='bbox 453 5025 485 5089; x_wconf 69' lang='grc'><strong>1</strong></span> <span class='ocrx_word' id='word_1_750' title='bbox 539 5024 803 5072; x_wconf 69' lang='lat' dir='ltr'><strong>sabbatiz&#39;a</strong></span> <span class='ocrx_word' id='word_1_751' title='bbox 824 5024 991 5071; x_wconf 80' lang='lat' dir='ltr'><strong>Paris,</strong></span> <span class='ocrx_word' id='word_1_752' title='bbox 1086 5078 1087 5081; x_wconf 15' lang='grc' dir='ltr'><strong>η</strong></span> 
     </span>
     <span class='ocr_line' id='line_1_101' title="bbox 426 5024 1681 5209; baseline -0.082 3"><span class='ocrx_word' id='word_1_753' title='bbox 426 5024 511 5209; x_wconf 54' lang='lat' dir='ltr'><strong>izi</strong></span> <span class='ocrx_word' id='word_1_754' title='bbox 538 5081 1040 5197; x_wconf 43' lang='lat' dir='ltr'><strong>Bilongllll’g?$l‘fum</strong></span> <span class='ocrx_word' id='word_1_755' title='bbox 1060 5078 1213 5135; x_wconf 61' lang='grc' dir='ltr'><strong>δαηίο</strong></span> <span class='ocrx_word' id='word_1_756' title='bbox 1234 5093 1383 5151; x_wconf 75' lang='grc' dir='ltr'>Ρταυε</span> <span class='ocrx_word' id='word_1_757' title='bbox 1398 5079 1579 5149; x_wconf 80' lang='lat' dir='ltr'><strong>corrig,</strong></span> <span class='ocrx_word' id='word_1_758' title='bbox 1674 5102 1681 5109; x_wconf 95' lang='lat'><strong>.</strong></span> 
     </span>
    </p>
   </div>
   <div class='ocr_carea' id='block_1_98' title="bbox 432 5149 1412 5283">
    <p class='ocr_par' dir='ltr' id='par_1_98' title="bbox 432 5149 1412 5283">
     <span class='ocr_line' id='line_1_102' title="bbox 432 5149 1243 5209; baseline -0.007 -10"><span class='ocrx_word' id='word_1_759' title='bbox 432 5149 487 5209; x_wconf 83' lang='lat'><strong>(6</strong></span> <span class='ocrx_word' id='word_1_760' title='bbox 542 5149 601 5197; x_wconf 79' lang='lat' dir='ltr'><strong>Ni</strong></span> <span class='ocrx_word' id='word_1_761' title='bbox 630 5149 777 5195; x_wconf 81' lang='lat' dir='ltr'><strong>nimis</strong></span> <span class='ocrx_word' id='word_1_762' title='bbox 795 5149 948 5197; x_wconf 79' lang='lat' dir='ltr'><strong>Seml.</strong></span> <span class='ocrx_word' id='word_1_763' title='bbox 1241 5149 1243 5151; x_wconf 79' lang='grc'><em>’</em></span> 
     </span>
     <span class='ocr_line' id='line_1_103' title="bbox 432 5149 1412 5283; baseline -0.004 -22"><span class='ocrx_word' id='word_1_764' title='bbox 432 5149 513 5276; x_wconf 60' lang='lat' dir='ltr'><strong>(Ii</strong></span> <span class='ocrx_word' id='word_1_765' title='bbox 540 5207 709 5269; x_wconf 83' lang='lat' dir='ltr'><strong>Enim,</strong></span> <span class='ocrx_word' id='word_1_766' title='bbox 728 5207 819 5283; x_wconf 72' lang='lat' dir='ltr'><strong>sed</strong></span> <span class='ocrx_word' id='word_1_767' title='bbox 837 5206 935 5260; x_wconf 90' lang='lat' dir='ltr'><strong>Dei</strong></span> <span class='ocrx_word' id='word_1_768' title='bbox 958 5218 1081 5270; x_wconf 90' lang='lat' dir='ltr'><strong>opus</strong></span> <span class='ocrx_word' id='word_1_769' title='bbox 1102 5204 1211 5274; x_wconf 85' lang='lat' dir='ltr'><strong>Rig.</strong></span> <span class='ocrx_word' id='word_1_770' title='bbox 1243 5206 1412 5259; x_wconf 72' lang='lat' dir='ltr'><strong>Venet.</strong></span> 
     </span>
    </p>
   </div>
   <div class='ocr_carea' id='block_1_99' title="bbox 2000 4768 3684 4845">
    <p class='ocr_par' dir='ltr' id='par_1_99' title="bbox 2000 4768 3684 4845">
     <span class='ocr_line' id='line_1_104' title="bbox 2000 4768 3684 4845; baseline -0.009 -11"><span class='ocrx_word' id='word_1_771' title='bbox 2000 4780 2054 4842; x_wconf 90' lang='lat' dir='ltr'><strong>D</strong></span> <span class='ocrx_word' id='word_1_772' title='bbox 2104 4843 2113 4845; x_wconf 81' lang='lat'><strong><em>_</em></strong></span> <span class='ocrx_word' id='word_1_773' title='bbox 2142 4778 2216 4845; x_wconf 86' lang='lat'><strong>(8)</strong></span> <span class='ocrx_word' id='word_1_774' title='bbox 2242 4778 2364 4845; x_wconf 65' lang='lat' dir='ltr'><strong>Quae</strong></span> <span class='ocrx_word' id='word_1_775' title='bbox 2392 4780 2721 4845; x_wconf 55' lang='lat' dir='ltr'><strong>substantiam</strong></span> <span class='ocrx_word' id='word_1_776' title='bbox 2745 4777 3040 4845; x_wconf 66' lang='lat' dir='ltr'><strong>cohibentes</strong></span> <span class='ocrx_word' id='word_1_777' title='bbox 3071 4770 3223 4827; x_wconf 82' lang='lat' dir='ltr'><strong>Seml.</strong></span> <span class='ocrx_word' id='word_1_778' title='bbox 3262 4768 3684 4845; x_wconf 36' lang='lat' dir='ltr'><strong>Rhein-subsuta.-</strong></span> 
     </span>
    </p>
   </div>
   <div class='ocr_carea' id='block_1_100' title="bbox 2079 4830 3685 4915">
    <p class='ocr_par' dir='ltr' id='par_1_100' title="bbox 2079 4830 3685 4915">
     <span class='ocr_line' id='line_1_105' title="bbox 2079 4830 3685 4915; baseline -0.007 -23"><span class='ocrx_word' id='word_1_779' title='bbox 2079 4830 2211 4915; x_wconf 57' lang='lat' dir='ltr'><strong>tiairi:</strong></span> <span class='ocrx_word' id='word_1_780' title='bbox 2239 4830 2479 4915; x_wconf 58' lang='lat' dir='ltr'><strong>cohibens</strong></span> <span class='ocrx_word' id='word_1_781' title='bbox 2511 4840 2630 4915; x_wconf 65' lang='lat' dir='ltr'><strong>eod.</strong></span> <span class='ocrx_word' id='word_1_782' title='bbox 2668 4837 2865 4915; x_wconf 42' lang='lat' dir='ltr'><strong>‘Ul‘ﬂy.</strong></span> <span class='ocrx_word' id='word_1_783' title='bbox 2904 4841 3043 4905; x_wconf 88' lang='lat' dir='ltr'><strong>quasi</strong></span> <span class='ocrx_word' id='word_1_784' title='bbox 3073 4850 3165 4904; x_wconf 85' lang='lat' dir='ltr'><strong>pro</strong></span> <span class='ocrx_word' id='word_1_785' title='bbox 3194 4849 3306 4901; x_wconf 68' lang='lat' dir='ltr'><strong>qua:</strong></span> <span class='ocrx_word' id='word_1_786' title='bbox 3329 4833 3504 4900; x_wconf 84' lang='lat' dir='ltr'><strong>coniic.</strong></span> <span class='ocrx_word' id='word_1_787' title='bbox 3530 4830 3685 4891; x_wconf 83' lang='lat' dir='ltr'><strong>Seml.</strong></span> 
     </span>
    </p>
   </div>
   <div class='ocr_carea' id='block_1_101' title="bbox 2082 4900 3377 4969">
    <p class='ocr_par' dir='ltr' id='par_1_101' title="bbox 2082 4900 3377 4969">
     <span class='ocr_line' id='line_1_106' title="bbox 2082 4900 3377 4969; baseline 0.008 -16"><span class='ocrx_word' id='word_1_788' title='bbox 2082 4904 2316 4969; x_wconf 79' lang='lat' dir='ltr'><strong>cohibent</strong></span> <span class='ocrx_word' id='word_1_789' title='bbox 2338 4918 2429 4969; x_wconf 83' lang='lat' dir='ltr'><strong>pro</strong></span> <span class='ocrx_word' id='word_1_790' title='bbox 2450 4905 2746 4969; x_wconf 71' lang='lat' dir='ltr'><strong>cohibentes</strong></span> <span class='ocrx_word' id='word_1_791' title='bbox 2768 4900 2981 4969; x_wconf 66' lang='lat' dir='ltr'><strong>Rhen.&#39;_</strong></span> <span class='ocrx_word' id='word_1_792' title='bbox 3074 4900 3113 4969; x_wconf 51' lang='lat'>&#39;_</span> <span class='ocrx_word' id='word_1_793' title='bbox 3214 4900 3223 4901; x_wconf 25' lang='grc' dir='ltr'>ί</span> <span class='ocrx_word' id='word_1_794' title='bbox 3374 4930 3377 4933; x_wconf 57' lang='grc' dir='ltr'><strong><em>λ</em></strong></span> 
     </span>
    </p>
   </div>
   <div class='ocr_carea' id='block_1_102' title="bbox 2145 4962 3131 5031">
    <p class='ocr_par' dir='ltr' id='par_1_102' title="bbox 2145 4962 3131 5031">
     <span class='ocr_line' id='line_1_107' title="bbox 2145 4962 3131 5031; baseline -0.012 -8"><span class='ocrx_word' id='word_1_795' title='bbox 2145 4965 2227 5031; x_wconf 68' lang='grc'><strong>(9)</strong></span> <span class='ocrx_word' id='word_1_796' title='bbox 2243 4962 2480 5031; x_wconf 66' lang='lat' dir='ltr'><strong>Avocauti</strong></span> <span class='ocrx_word' id='word_1_797' title='bbox 2502 4964 2656 5031; x_wconf 67' lang='lat' dir='ltr'><strong>Sensi.</strong></span> <span class='ocrx_word' id='word_1_798' title='bbox 2678 4973 2917 5031; x_wconf 81' lang='lat' dir='ltr'><strong>avocante</strong></span> <span class='ocrx_word' id='word_1_799' title='bbox 2940 4962 3131 5016; x_wconf 85' lang='lat' dir='ltr'><strong>Pamel.</strong></span> 
     </span>
    </p>
   </div>
   <div class='ocr_carea' id='block_1_103' title="bbox 2180 5027 2709 5092">
    <p class='ocr_par' dir='ltr' id='par_1_103' title="bbox 2180 5027 2709 5092">
     <span class='ocr_line' id='line_1_108' title="bbox 2180 5027 2709 5092; baseline -0.002 -13"><span class='ocrx_word' id='word_1_800' title='bbox 2180 5027 2255 5092; x_wconf 80' lang='lat' dir='ltr'><strong>f0)</strong></span> <span class='ocrx_word' id='word_1_801' title='bbox 2286 5030 2517 5092; x_wconf 79' lang='lat' dir='ltr'><strong>Advertis</strong></span> <span class='ocrx_word' id='word_1_802' title='bbox 2538 5027 2709 5092; x_wconf 83' lang='lat' dir='ltr'><strong>aliqui.</strong></span> 
     </span>
    </p>
   </div>
   <div class='ocr_carea' id='block_1_104' title="bbox 2180 5087 2970 5143">
    <p class='ocr_par' dir='ltr' id='par_1_104' title="bbox 2180 5087 2970 5143">
     <span class='ocr_line' id='line_1_109' title="bbox 2180 5087 2970 5143; baseline -0.004 -2"><span class='ocrx_word' id='word_1_803' title='bbox 2180 5087 2258 5143; x_wconf 78' lang='grc'><strong>11)</strong></span> <span class='ocrx_word' id='word_1_804' title='bbox 2285 5091 2524 5143; x_wconf 88' lang='lat' dir='ltr'><strong>Libenter</strong></span> <span class='ocrx_word' id='word_1_805' title='bbox 2544 5087 2675 5143; x_wconf 50' lang='lat' dir='ltr'><strong>alia!</strong></span> <span class='ocrx_word' id='word_1_806' title='bbox 2692 5103 2725 5141; x_wconf 89' lang='lat' dir='ltr'><strong>a</strong></span> <span class='ocrx_word' id='word_1_807' title='bbox 2745 5087 2970 5143; x_wconf 81' lang='lat' dir='ltr'><strong>auibusd.</strong></span> 
     </span>
    </p>
   </div>
   <div class='ocr_carea' id='block_1_105' title="bbox 2183 5154 3279 5206">
    <p class='ocr_par' dir='ltr' id='par_1_105' title="bbox 2183 5154 3279 5206">
     <span class='ocr_line' id='line_1_110' title="bbox 2183 5154 3279 5206; baseline -0.005 -2"><span class='ocrx_word' id='word_1_808' title='bbox 2183 5154 2260 5206; x_wconf 71' lang='grc'><strong>121</strong></span> <span class='ocrx_word' id='word_1_809' title='bbox 2288 5154 2467 5206; x_wconf 62' lang='lat' dir='ltr'><strong>Gratiae</strong></span> <span class='ocrx_word' id='word_1_810' title='bbox 2489 5162 2603 5204; x_wconf 85' lang='lat' dir='ltr'><strong>Jun.</strong></span> <span class='ocrx_word' id='word_1_811' title='bbox 2621 5154 2773 5205; x_wconf 80' lang='lat' dir='ltr'><strong>Seml;</strong></span> <span class='ocrx_word' id='word_1_812' title='bbox 3275 5187 3279 5191; x_wconf 69' lang='lat'><strong>.</strong></span> 
     </span>
    </p>
   </div>
   <div class='ocr_carea' id='block_1_106' title="bbox 2182 5210 3400 5283">
    <p class='ocr_par' dir='ltr' id='par_1_106' title="bbox 2182 5210 3400 5283">
     <span class='ocr_line' id='line_1_111' title="bbox 2182 5210 3400 5283; baseline -0.009 -17"><span class='ocrx_word' id='word_1_813' title='bbox 2182 5210 2260 5283; x_wconf 79' lang='grc'><strong>13)</strong></span> <span class='ocrx_word' id='word_1_814' title='bbox 2278 5215 2450 5268; x_wconf 83' lang='lat' dir='ltr'><strong>Edicta</strong></span> <span class='ocrx_word' id='word_1_815' title='bbox 2472 5214 2580 5282; x_wconf 78' lang='lat' dir='ltr'><strong>Rig.</strong></span> <span class='ocrx_word' id='word_1_816' title='bbox 2610 5217 2779 5267; x_wconf 74' lang='lat' dir='ltr'><strong>Vena.</strong></span> <span class='ocrx_word' id='word_1_817' title='bbox 2796 5211 2878 5264; x_wconf 84' lang='lat' dir='ltr'><strong>vel</strong></span> <span class='ocrx_word' id='word_1_818' title='bbox 2894 5224 2959 5263; x_wconf 78' lang='lat' dir='ltr'><strong>ex</strong></span> <span class='ocrx_word' id='word_1_819' title='bbox 2977 5210 3137 5263; x_wconf 86' lang='lat' dir='ltr'><strong>edicta</strong></span> <span class='ocrx_word' id='word_1_820' title='bbox 3157 5210 3261 5258; x_wconf 84' lang='lat' dir='ltr'><strong>Lat.</strong></span> <span class='ocrx_word' id='word_1_821' title='bbox 3284 5213 3400 5258; x_wconf 81' lang='lat' dir='ltr'><strong>Jun.</strong></span> 
     </span>
    </p>
   </div>
   <div class='ocr_carea' id='block_1_107' title="bbox 1780 5310 2332 5375">
    <p class='ocr_par' dir='ltr' id='par_1_107' title="bbox 1780 5310 2332 5375">
     <span class='ocr_line' id='line_1_112' title="bbox 1780 5310 2332 5375; baseline 0.007 -6"><span class='ocrx_word' id='word_1_822' title='bbox 1780 5310 2332 5375; x_wconf 75' lang='lat' dir='ltr'><strong>COMMENTARIUS.</strong></span> 
     </span>
    </p>
   </div>
   <div class='ocr_carea' id='block_1_108' title="bbox 443 5425 1985 5503">
    <p class='ocr_par' dir='ltr' id='par_1_108' title="bbox 443 5425 1985 5503">
     <span class='ocr_line' id='line_1_113' title="bbox 443 5425 1985 5503; baseline -0.004 -16"><span class='ocrx_word' id='word_1_823' title='bbox 443 5426 704 5503; x_wconf 80' lang='lat' dir='ltr'><strong>(a)_Nant</strong></span> <span class='ocrx_word' id='word_1_824' title='bbox 726 5435 771 5482; x_wconf 76' lang='lat' dir='ltr'><strong>et</strong></span> <span class='ocrx_word' id='word_1_825' title='bbox 800 5429 942 5483; x_wconf 78' lang='lat' dir='ltr'><strong>aiunt</strong></span> <span class='ocrx_word' id='word_1_826' title='bbox 967 5433 1041 5481; x_wconf 74' lang='lat' dir='ltr'><strong>ita</strong></span> <span class='ocrx_word' id='word_1_827' title='bbox 1064 5433 1231 5479; x_wconf 77' lang='lat' dir='ltr'><strong>actum</strong></span> <span class='ocrx_word' id='word_1_828' title='bbox 1256 5440 1347 5495; x_wconf 83' lang='lat' dir='ltr'><strong>per</strong></span> <span class='ocrx_word' id='word_1_829' title='bbox 1361 5425 1573 5497; x_wconf 76' lang='lat' dir='ltr'><strong>legatos.</strong></span> <span class='ocrx_word' id='word_1_830' title='bbox 1610 5425 1697 5482; x_wconf 74' lang='lat' dir='ltr'><strong>Ait</strong></span> <span class='ocrx_word' id='word_1_831' title='bbox 1719 5440 1849 5482; x_wconf 90' lang='lat' dir='ltr'><strong>vero</strong></span> <span class='ocrx_word' id='word_1_832' title='bbox 1874 5426 1985 5482; x_wconf 81' lang='lat' dir='ltr'><strong>Mo-</strong></span> 
     </span>
    </p>
   </div>
   <div class='ocr_carea' id='block_1_109' title="bbox 368 5500 651 5571">
    <p class='ocr_par' dir='ltr' id='par_1_109' title="bbox 368 5500 651 5571">
     <span class='ocr_line' id='line_1_114' title="bbox 368 5500 651 5571; baseline -0.025 -13"><span class='ocrx_word' id='word_1_833' title='bbox 368 5514 488 5571; x_wconf 71' lang='lat' dir='ltr'><strong>ses.</strong></span> <span class='ocrx_word' id='word_1_834' title='bbox 512 5500 651 5556; x_wconf 70' lang='grc' dir='ltr'><strong>Βία.</strong></span> 
     </span>
    </p>
   </div>
   <div class='ocr_carea' id='block_1_110' title="bbox 448 5566 1984 5645">
    <p class='ocr_par' dir='ltr' id='par_1_110' title="bbox 448 5566 1984 5645">
     <span class='ocr_line' id='line_1_115' title="bbox 448 5566 1984 5645; baseline 0.001 -19"><span class='ocrx_word' id='word_1_835' title='bbox 448 5570 537 5645; x_wconf 72' lang='lat' dir='ltr'><strong>(li)</strong></span> <span class='ocrx_word' id='word_1_836' title='bbox 567 5567 1107 5645; x_wconf 70' lang='lat' dir='ltr'><strong>lienuntiaueritittsibi</strong></span> <span class='ocrx_word' id='word_1_837' title='bbox 1126 5567 1386 5645; x_wconf 63' lang='lat' dir='ltr'><strong>zEggptii.</strong></span> <span class='ocrx_word' id='word_1_838' title='bbox 1404 5566 1631 5626; x_wconf 86' lang='lat' dir='ltr'><strong>Videtur</strong></span> <span class='ocrx_word' id='word_1_839' title='bbox 1652 5567 1831 5645; x_wconf 72' lang='lat' dir='ltr'><strong>ironia</strong></span> <span class='ocrx_word' id='word_1_840' title='bbox 1843 5583 1984 5629; x_wconf 81' lang='lat' dir='ltr'><strong>esse.</strong></span> 
     </span>
    </p>
   </div>
   <div class='ocr_carea' id='block_1_111' title="bbox 370 5639 1986 5717">
    <p class='ocr_par' dir='ltr' id='par_1_111' title="bbox 370 5639 1986 5717">
     <span class='ocr_line' id='line_1_116' title="bbox 370 5639 1986 5717; baseline -0.01 -17"><span class='ocrx_word' id='word_1_841' title='bbox 370 5639 677 5717; x_wconf 50' lang='lat' dir='ltr'><strong>mgnum</strong></span> <span class='ocrx_word' id='word_1_842' title='bbox 698 5641 942 5696; x_wconf 87' lang='lat' dir='ltr'><strong>videlicet</strong></span> <span class='ocrx_word' id='word_1_843' title='bbox 976 5641 1119 5717; x_wconf 61' lang='lat' dir='ltr'><strong>iuste</strong></span> <span class='ocrx_word' id='word_1_844' title='bbox 1149 5639 1704 5717; x_wconf 36' lang='lat' dir='ltr'><strong>renuntiasseoperas.</strong></span> <span class='ocrx_word' id='word_1_845' title='bbox 1738 5639 1986 5696; x_wconf 56' lang='lat' dir='ltr'><strong>Hebr-mo.</strong></span> 
     </span>
    </p>
   </div>
   <div class='ocr_carea' id='block_1_112' title="bbox 368 5710 1988 5783">
    <p class='ocr_par' dir='ltr' id='par_1_112' title="bbox 368 5710 1988 5783">
     <span class='ocr_line' id='line_1_117' title="bbox 368 5710 1988 5783; baseline -0.002 -13"><span class='ocrx_word' id='word_1_846' title='bbox 368 5710 661 5783; x_wconf 49' lang='lat' dir='ltr'><strong>ruﬁﬂhoc</strong></span> <span class='ocrx_word' id='word_1_847' title='bbox 678 5721 778 5776; x_wconf 85' lang='lat' dir='ltr'><strong>est.</strong></span> <span class='ocrx_word' id='word_1_848' title='bbox 796 5711 1096 5768; x_wconf 89' lang='lat' dir='ltr'><strong>mercedem</strong></span> <span class='ocrx_word' id='word_1_849' title='bbox 1112 5726 1209 5782; x_wconf 86' lang='lat' dir='ltr'><strong>pro</strong></span> <span class='ocrx_word' id='word_1_850' title='bbox 1221 5712 1402 5783; x_wconf 87' lang='lat' dir='ltr'><strong>operis</strong></span> <span class='ocrx_word' id='word_1_851' title='bbox 1420 5710 1652 5783; x_wconf 82' lang='lat' dir='ltr'><strong>debitam</strong></span> <span class='ocrx_word' id='word_1_852' title='bbox 1672 5711 1988 5782; x_wconf 85' lang='lat' dir='ltr'><strong>denegasse.</strong></span> 
     </span>
    </p>
   </div>
   <div class='ocr_carea' id='block_1_113' title="bbox 1600 5782 1774 5841">
    <p class='ocr_par' dir='ltr' id='par_1_113' title="bbox 1600 5782 1774 5841">
     <span class='ocr_line' id='line_1_118' title="bbox 1600 5782 1774 5841; baseline -0.017 -3"><span class='ocrx_word' id='word_1_853' title='bbox 1600 5782 1774 5841; x_wconf 70' lang='lat' dir='ltr'><strong>RHBN.</strong></span> 
     </span>
    </p>
   </div>
   <div class='ocr_carea' id='block_1_114' title="bbox 449 5830 1993 5931">
    <p class='ocr_par' dir='ltr' id='par_1_114' title="bbox 449 5830 1993 5931">
     <span class='ocr_line' id='line_1_119' title="bbox 449 5830 1993 5931; baseline -0.002 -19"><span class='ocrx_word' id='word_1_854' title='bbox 449 5854 537 5931; x_wconf 72' lang='grc' dir='ltr'><strong>(θ)</strong></span> <span class='ocrx_word' id='word_1_855' title='bbox 585 5854 664 5908; x_wconf 77' lang='lat' dir='ltr'><strong>An</strong></span> <span class='ocrx_word' id='word_1_856' title='bbox 704 5855 868 5923; x_wconf 84' lang='lat' dir='ltr'><strong>gratia</strong></span> <span class='ocrx_word' id='word_1_857' title='bbox 907 5830 1257 5931; x_wconf 59' lang='lat' dir='ltr'><strong>(iebrteorum.</strong></span> <span class='ocrx_word' id='word_1_858' title='bbox 1305 5852 1437 5931; x_wconf 58' lang='lat' dir='ltr'><strong>Quae</strong></span> <span class='ocrx_word' id='word_1_859' title='bbox 1467 5853 1547 5908; x_wconf 84' lang='lat' dir='ltr'><strong>eis</strong></span> <span class='ocrx_word' id='word_1_860' title='bbox 1587 5830 1905 5917; x_wconf 61' lang='lat' dir='ltr'><strong>debebatur,</strong></span> <span class='ocrx_word' id='word_1_861' title='bbox 1936 5860 1993 5909; x_wconf 83' lang='lat' dir='ltr'><strong>et</strong></span> 
     </span>
    </p>
   </div>
   <div class='ocr_carea' id='block_1_115' title="bbox 374 5924 1556 6004">
    <p class='ocr_par' dir='ltr' id='par_1_115' title="bbox 374 5924 1556 6004">
     <span class='ocr_line' id='line_1_120' title="bbox 374 5924 1556 6004; baseline -0.004 -18"><span class='ocrx_word' id='word_1_862' title='bbox 374 5924 549 6004; x_wconf 70' lang='lat' dir='ltr'><strong>quasi:</strong></span> <span class='ocrx_word' id='word_1_863' title='bbox 578 5933 904 5995; x_wconf 88' lang='lat' dir='ltr'><strong>meruerant,</strong></span> <span class='ocrx_word' id='word_1_864' title='bbox 937 5925 989 5982; x_wconf 93' lang='lat' dir='ltr'><strong>id</strong></span> <span class='ocrx_word' id='word_1_865' title='bbox 1014 5935 1095 5982; x_wconf 86' lang='lat' dir='ltr'><strong>est</strong></span> <span class='ocrx_word' id='word_1_866' title='bbox 1121 5941 1351 5983; x_wconf 86' lang='lat' dir='ltr'><strong>merces.</strong></span> <span class='ocrx_word' id='word_1_867' title='bbox 1385 5924 1556 5981; x_wconf 67' lang='lat' dir='ltr'><strong>flues.</strong></span> 
     </span>
    </p>
   </div>
   <div class='ocr_carea' id='block_1_116' title="bbox 2161 5421 3692 5501">
    <p class='ocr_par' dir='ltr' id='par_1_116' title="bbox 2161 5421 3692 5501">
     <span class='ocr_line' id='line_1_121' title="bbox 2161 5421 3692 5501; baseline -0.011 -13"><span class='ocrx_word' id='word_1_868' title='bbox 2161 5430 2315 5488; x_wconf 85' lang='lat' dir='ltr'><strong>CAP.</strong></span> <span class='ocrx_word' id='word_1_869' title='bbox 2348 5426 2695 5501; x_wconf 53' lang='lat' dir='ltr'><strong>XXII.-;-.-(d)</strong></span> <span class='ocrx_word' id='word_1_870' title='bbox 2732 5425 2854 5501; x_wconf 76' lang='lat' dir='ltr'><strong>Non</strong></span> <span class='ocrx_word' id='word_1_871' title='bbox 2883 5429 3017 5501; x_wconf 58' lang='lat' dir='ltr'><strong>enim</strong></span> <span class='ocrx_word' id='word_1_872' title='bbox 3042 5421 3692 5501; x_wconf 68' lang='lat' dir='ltr'><strong>bib_attt,inquit,_sangui-</strong></span> 
     </span>
    </p>
   </div>
   <div class='ocr_carea' id='block_1_117' title="bbox 2093 5490 3699 5564">
    <p class='ocr_par' dir='ltr' id='par_1_117' title="bbox 2093 5490 3699 5564">
     <span class='ocr_line' id='line_1_122' title="bbox 2093 5490 3699 5564; baseline -0.008 -10"><span class='ocrx_word' id='word_1_873' title='bbox 2093 5517 2205 5559; x_wconf 82' lang='lat' dir='ltr'><strong>nem</strong></span> <span class='ocrx_word' id='word_1_874' title='bbox 2222 5511 2506 5555; x_wconf 85' lang='lat' dir='ltr'><strong>taurorum.</strong></span> <span class='ocrx_word' id='word_1_875' title='bbox 2534 5490 2776 5555; x_wconf 70' lang='lat' dir='ltr'><strong>Deﬂectit</strong></span> <span class='ocrx_word' id='word_1_876' title='bbox 2797 5496 2883 5551; x_wconf 87' lang='lat' dir='ltr'><strong>hic</strong></span> <span class='ocrx_word' id='word_1_877' title='bbox 2907 5497 3268 5564; x_wconf 83' lang='lat' dir='ltr'><strong>Tertullianus</strong></span> <span class='ocrx_word' id='word_1_878' title='bbox 3311 5490 3341 5554; x_wconf 72' lang='grc' dir='ltr'><strong>ξι</strong></span> <span class='ocrx_word' id='word_1_879' title='bbox 3368 5490 3589 5564; x_wconf 83' lang='lat' dir='ltr'><strong>Vulgata</strong></span> <span class='ocrx_word' id='word_1_880' title='bbox 3618 5490 3699 5564; x_wconf 77' lang='lat' dir='ltr'><strong>le-</strong></span> 
     </span>
    </p>
   </div>
   <div class='ocr_carea' id='block_1_118' title="bbox 2092 5560 3699 5639">
    <p class='ocr_par' dir='ltr' id='par_1_118' title="bbox 2092 5560 3699 5639">
     <span class='ocr_line' id='line_1_123' title="bbox 2092 5560 3699 5639; baseline -0.008 -11"><span class='ocrx_word' id='word_1_881' title='bbox 2092 5575 2268 5628; x_wconf 85' lang='lat' dir='ltr'><strong>ctione</strong></span> <span class='ocrx_word' id='word_1_882' title='bbox 2282 5580 2485 5633; x_wconf 86' lang='lat' dir='ltr'><strong>nostra,</strong></span> <span class='ocrx_word' id='word_1_883' title='bbox 2503 5566 2829 5639; x_wconf 77' lang='lat' dir='ltr'><strong>inquuPsal.</strong></span> <span class='ocrx_word' id='word_1_884' title='bbox 2853 5564 3020 5622; x_wconf 80' lang='lat' dir='ltr'><strong>XLIX</strong></span> <span class='ocrx_word' id='word_1_885' title='bbox 3051 5586 3063 5620; x_wconf 85' lang='lat'><strong>:</strong></span> <span class='ocrx_word' id='word_1_886' title='bbox 3092 5560 3365 5639; x_wconf 71' lang='lat' dir='ltr'><strong>Numquid</strong></span> <span class='ocrx_word' id='word_1_887' title='bbox 3381 5560 3699 5639; x_wconf 45' lang='lat' dir='ltr'><strong>mandi“:ng</strong></span> 
     </span>
    </p>
   </div>
   <div class='ocr_carea' id='block_1_119' title="bbox 2092 5630 3699 5706">
    <p class='ocr_par' dir='ltr' id='par_1_119' title="bbox 2092 5630 3699 5706">
     <span class='ocr_line' id='line_1_124' title="bbox 2092 5630 3699 5706; baseline -0.009 -7"><span class='ocrx_word' id='word_1_888' title='bbox 2092 5658 2267 5699; x_wconf 87' lang='lat' dir='ltr'><strong>carnes</strong></span> <span class='ocrx_word' id='word_1_889' title='bbox 2287 5630 2569 5702; x_wconf 76' lang='lat' dir='ltr'><strong>taurorum,</strong></span> <span class='ocrx_word' id='word_1_890' title='bbox 2589 5630 2688 5691; x_wconf 62' lang='lat' dir='ltr'><strong>&#39;aut</strong></span> <span class='ocrx_word' id='word_1_891' title='bbox 2720 5639 3022 5706; x_wconf 80' lang='lat' dir='ltr'><strong>sanguinem</strong></span> <span class='ocrx_word' id='word_1_892' title='bbox 3048 5630 3306 5690; x_wconf 69' lang='lat' dir='ltr'><strong>liii-caruit:</strong></span> <span class='ocrx_word' id='word_1_893' title='bbox 3337 5635 3518 5705; x_wconf 83' lang='lat' dir='ltr'><strong>potnbo</strong></span> <span class='ocrx_word' id='word_1_894' title='bbox 3536 5631 3561 5682; x_wconf 86' lang='lat'><strong><em>?</em></strong></span> <span class='ocrx_word' id='word_1_895' title='bbox 3587 5630 3699 5685; x_wconf 86' lang='lat' dir='ltr'><strong>Sed</strong></span> 
     </span>
    </p>
   </div>
   <div class='ocr_carea' id='block_1_120' title="bbox 2097 5707 3703 5770">
    <p class='ocr_par' dir='ltr' id='par_1_120' title="bbox 2097 5707 3703 5770">
     <span class='ocr_line' id='line_1_125' title="bbox 2097 5707 3703 5770; baseline -0.011 -1"><span class='ocrx_word' id='word_1_896' title='bbox 2097 5714 2288 5770; x_wconf 92' lang='lat' dir='ltr'><strong>nullius</strong></span> <span class='ocrx_word' id='word_1_897' title='bbox 2314 5712 2363 5766; x_wconf 92' lang='lat' dir='ltr'><strong>id</strong></span> <span class='ocrx_word' id='word_1_898' title='bbox 2389 5709 2640 5765; x_wconf 89' lang='lat' dir='ltr'><strong>momenti</strong></span> <span class='ocrx_word' id='word_1_899' title='bbox 2669 5716 2771 5762; x_wconf 88' lang='lat' dir='ltr'><strong>est.</strong></span> <span class='ocrx_word' id='word_1_900' title='bbox 2803 5707 3065 5764; x_wconf 88' lang='lat' dir='ltr'><strong>lnnuebat</strong></span> <span class='ocrx_word' id='word_1_901' title='bbox 3090 5714 3269 5761; x_wconf 90' lang='lat' dir='ltr'><strong>autem</strong></span> <span class='ocrx_word' id='word_1_902' title='bbox 3320 5708 3461 5761; x_wconf 89' lang='lat' dir='ltr'><strong>Deus</strong></span> <span class='ocrx_word' id='word_1_903' title='bbox 3499 5714 3558 5754; x_wconf 90' lang='lat' dir='ltr'><strong>se</strong></span> <span class='ocrx_word' id='word_1_904' title='bbox 3589 5713 3703 5755; x_wconf 85' lang='lat' dir='ltr'><strong>non</strong></span> 
     </span>
    </p>
   </div>
   <div class='ocr_carea' id='block_1_121' title="bbox 2097 5773 3703 5900">
    <p class='ocr_par' dir='ltr' id='par_1_121' title="bbox 2097 5773 3703 5900">
     <span class='ocr_line' id='line_1_126' title="bbox 2097 5773 3703 5900; baseline -0.012 -57"><span class='ocrx_word' id='word_1_905' title='bbox 2097 5783 2430 5843; x_wconf 85' lang='lat' dir='ltr'><strong>caeremoniis</strong></span> <span class='ocrx_word' id='word_1_906' title='bbox 2450 5796 2543 5835; x_wconf 83' lang='lat' dir='ltr'><strong>seu</strong></span> <span class='ocrx_word' id='word_1_907' title='bbox 2559 5777 2747 5834; x_wconf 88' lang='lat' dir='ltr'><strong>ritibus</strong></span> <span class='ocrx_word' id='word_1_908' title='bbox 2769 5777 3088 5900; x_wconf 65' lang='grc' dir='ltr'><strong>Ἒιίὺιιειιᾶιη</strong></span> <span class='ocrx_word' id='word_1_909' title='bbox 3116 5775 3341 5849; x_wconf 87' lang='lat' dir='ltr'><strong>placari,</strong></span> <span class='ocrx_word' id='word_1_910' title='bbox 3371 5773 3466 5832; x_wconf 87' lang='lat' dir='ltr'><strong>sed</strong></span> <span class='ocrx_word' id='word_1_911' title='bbox 3490 5778 3703 5826; x_wconf 86' lang='lat' dir='ltr'><strong>tantum</strong></span> 
     </span>
     <span class='ocr_line' id='line_1_127' title="bbox 2103 5844 3376 5900; baseline 0 0"><span class='ocrx_word' id='word_1_912' title='bbox 2103 5854 2313 5900; x_wconf 66' lang='lat' dir='ltr'><strong>cinnm&#39;n</strong></span> <span class='ocrx_word' id='word_1_913' title='bbox 2333 5852 2510 5900; x_wconf 65' lang='grc' dir='ltr'><strong>(ειη-1118</strong></span> <span class='ocrx_word' id='word_1_914' title='bbox 2535 5844 2748 5900; x_wconf 80' lang='lat' dir='ltr'><strong>aﬁ‘ectu.</strong></span> <span class='ocrx_word' id='word_1_915' title='bbox 2827 5861 2859 5900; x_wconf 77' lang='grc' dir='ltr'><strong><em>Ε</em></strong></span> <span class='ocrx_word' id='word_1_916' title='bbox 2901 5848 3001 5900; x_wconf 80' lang='lat' dir='ltr'><strong>PR.</strong></span> <span class='ocrx_word' id='word_1_917' title='bbox 3280 5848 3285 5855; x_wconf 80' lang='grc'><em>’</em></span> <span class='ocrx_word' id='word_1_918' title='bbox 3372 5882 3376 5887; x_wconf 66' lang='grc' dir='ltr'><strong><em>ο</em></strong></span> 
     </span>
    </p>
   </div>
   <div class='ocr_carea' id='block_1_122' title="bbox 2102 5844 3376 5912">
    <p class='ocr_par' dir='ltr' id='par_1_122' title="bbox 2102 5844 3376 5912">
     <span class='ocr_line' id='line_1_128' title="bbox 2102 5844 3376 5912; baseline -0.02 0"><span class='ocrx_word' id='word_1_919' title='bbox 2102 5854 2313 5912; x_wconf 88' lang='lat' dir='ltr'><strong>sincero</strong></span> <span class='ocrx_word' id='word_1_920' title='bbox 2333 5852 2510 5909; x_wconf 89' lang='lat' dir='ltr'><strong>cordis</strong></span> <span class='ocrx_word' id='word_1_921' title='bbox 2535 5844 2748 5905; x_wconf 71' lang='lat' dir='ltr'><strong>affectu.</strong></span> <span class='ocrx_word' id='word_1_922' title='bbox 2781 5844 2859 5900; x_wconf 77' lang='lat' dir='ltr'><strong>Ls</strong></span> <span class='ocrx_word' id='word_1_923' title='bbox 2901 5848 3001 5905; x_wconf 73' lang='lat' dir='ltr'><strong>Pa.</strong></span> <span class='ocrx_word' id='word_1_924' title='bbox 3117 5844 3135 5849; x_wconf 60' lang='grc'><em>“</em></span> <span class='ocrx_word' id='word_1_925' title='bbox 3280 5848 3285 5855; x_wconf 92' lang='grc'><strong>·</strong></span> <span class='ocrx_word' id='word_1_926' title='bbox 3372 5882 3376 5887; x_wconf 86' lang='grc'><strong>.</strong></span> 
     </span>
    </p>
   </div>
   <div class='ocr_carea' id='block_1_123' title="bbox 3961 3814 3968 4465">
    <p class='ocr_par' dir='ltr' id='par_1_123' title="bbox 3961 3992 3965 4465">
     <span class='ocr_line' id='line_1_129' title="bbox 3961 3992 3965 4125; baseline 0 0"><span class='ocrx_word' id='word_1_927' title='bbox 3961 4018 3965 4093; x_wconf 61' lang='lat' dir='ltr'><strong>l</strong></span> 
     </span>
     <span class='ocr_line' id='line_1_130' title="bbox 3963 4338 3965 4465; baseline 0 0"><span class='ocrx_word' id='word_1_928' title='bbox 3963 4338 3965 4465; x_wconf 60' lang='grc' dir='ltr'>ἰ</span> 
     </span>
    </p>
   </div>
   <div class='ocr_carea' id='block_1_124' title="bbox 3960 4856 3969 5893">
    <p class='ocr_par' dir='ltr' id='par_1_124' title="bbox 3964 5060 3965 5605">
     <span class='ocr_line' id='line_1_131' title="bbox 3964 5060 3965 5111; baseline 0 0"><span class='ocrx_word' id='word_1_929' title='bbox 3964 5060 3965 5111; x_wconf 70' lang='lat' dir='ltr'><strong>l</strong></span> 
     </span>
     <span class='ocr_line' id='line_1_132' title="bbox 3964 5546 3965 5605; baseline 0 0"><span class='ocrx_word' id='word_1_930' title='bbox 3964 5546 3965 5605; x_wconf 60' lang='grc' dir='ltr'>ἰ</span> 
     </span>
    </p>
   </div>
  </div>
