4008 6280
307 286 405 346 ’511

1701 283 2159 345 TERTULLIANI

3428 286 3435 303 '
3499 283 3625 348 519

308 408 459 463 dives
509 409 814 465 exclamet:
873 407 985 476 Quo
1032 408 1155 463 mihi
1206 409 1578 464 multitudinem
1639 424 1904 462 munerum
1935 408 1982 466 Λ
2010 406 2260 477 quoniam
2300 408 2514 480 quidem
2547 409 2743 466 dixerit
2787 407 2841 485 (1
2868 410 2997 482 Reg.
3027 409 3149 477 XV,
3180 409 3270 483 11)
3312 428 3325 464 ς
3360 408 3618 466 Ρωηὶιιεὶε

307 501 546 554 tuorum?
567 502 744 572 plenus
765 517 877 555 sum
899 518 910 565 ;
936 508 1018 554 et:
1040 492 1417 568 'Solenmitates,
1441 510 1485 554 et
1504 500 1608 553 dies
1631 502 1783 570 festos
1804 497 1903 571 (tt),

310 603 356 647 et
378 604 539 648 vestra
579 593 786 647 sabbata
816 593 921 647 odit
959 594 1131 647 anima
1171 610 1280 647 mea
1306 596 1413 663 (I).
1454 592 1627 648 Vestra
1655 594 1903 662 dicendo,

308 701 427 756 qum
453 683 745 739 secundum
778 678 1054 739 libidinem
1097 699 1271 751 suam,
1310 699 1415 740 non
1440 684 1730 741 secundum
1774 686 1903 741 reli-

305 779 518 848 gionem
541 779 629 833 Dei
644 778 966 834 celebrando
991 776 1089 848 (Ξ),
1104 792 1197 832 sua
1218 779 1350 847 jam,
1377 794 1481 833 non
1512 778 1624 845 Dei,
1644 776 1903 848 fecerant,

308 869 721 926 conditioualem
751 869 948 925 idcirco
980 878 1033 924 et
1059 869 1372 926 rationalem
1399 852 1788 926 demonstravit
1814 885 1905 927 re-

306 938 862 1019 cusationem'eorum
909 977 1027 1032 qua:
1053 960 1475 1019 administranda
1504 963 1584 1035 (3)
1619 962 1905 1035 praescrip-

306 1066 468 1110 801⁸111.

880 1147 1107 1207 CAPUT
1144 1148 1336 1206 XXIII.

378 1240 433 1294 Si
465 1253 594 1294 vero
616 1240 775 1294 etiam
796 1238 936 1296 circa
966 1255 1222 1311 personas
1252 1242 1422 1298 levem
1459 1240 1537 1313 (ὁ)
1558 1240 1719 1297 vultis
1746 1241 1906 1298 intel-

310 1335 422 1404 ligi,
469 1349 591 1389 cum
640 1336 895 1406 reprobat
926 1335 1213 1407 aliquando
1248 1337 1541 1407 probatos;
1581 1345 1676 1392 aut
1705 1332 1906 1409 impro-

310 1427 516 1495 vidum,
573 1443 694 1483 cum
739 1428 928 1497 probat
966 1428 1286 1499 quandoque
1321 1428 1707 1500 reprobandos,
1756 1431 1908 1501 quasi

303 1520 504 1589 judicia
530 1537 625 1576 sua
658 1531 749 1576 aut
777 1521 992 1578 damnet
1019 1523 1312 1594 praeterita,
1344 1532 1436 1578 aut
1462 1524 1668 1595 ignoret
1696 1502 1904 1593 futura;

308 1614 493 1684 atquin
547 1614 678 1668 nihil
724 1626 828 1670 tam
861 1616 1000 1670 bono
1028 1627 1080 1671 et
1111 1617 1279 1686 judici
1316 1618 1588 1682 convenit,
1620 1633 1777 1689 quam
1810 1634 1910 1690 pro

311 1706 667 1774 praesentibus
693 1707 899 1762 meritis
934 1717 987 1763 et
1013 1709 1238 1779 rejieere
1268 1718 1323 1764 et
1346 1709 1601 1781 allegere.
1650 1711 1910 1782 Allegitur

2008 500 2144 566 quod
2170 516 2333 571 regem
2348 500 2559 571 fecerim
2592 502 2758 569 Saul;
2807 502 3160 574 prmscribens
3186 502 3407 566 scilicet,
3440 504 3619 574 paeni-

2012 592 2232 648 tentiam
2261 594 2657 653 ceufessiouem
2690 611 2883 667 sapere
2919 596 3043 650 mali
3074 596 3256 666 operis
3276 596 3496 668 alicujus
3527 597 3615 655 vel

2009 680 2233 743 erroris.
2282 687 2450 745 Porro
2480 704 2587 746 non
2635 704 2869 759 semper.
2927 689 3120 745 Evenit
3162 690 3306 744 enim
3352 690 3402 744 in
3452 690 3618 747 bonis

2010 779 2162 836 factis
2193 782 2524 853 paenitentiae
2549 783 2840 849 confessio,
2872 783 2936 837 ad
2958 783 3209 838 invidiam
3235 792 3291 838 et
3319 784 3620 855 exprobra-

2011 873 2211 930 tionem
2237 874 2353 946 ejus
2382 877 2471 947 qui
2503 876 2747 932 beneficii
2792 876 3033 946 ingratus
3071 875 3362 940 exstiterit,
3391 876 3530 931 sicut
3560 885 3620 932 et

2010 975 2139 1021 tunc
2165 966 2304 1023 circa
2333 982 2616 1039 personam
2640 967 2817 1024 Saulis
2846 967 3212 1023 Itonorandam
3263 971 3620 1025 annuutiatur
3688 1032 3697 1043 .

2010 1073 2039 1113 a
2070 1058 2351 1128 Creatore,
2381 1062 2473 1134 qui
2504 1077 2609 1121 non
2639 1062 2964 1133 deliquerat,
2997 1078 3119 1119 cum
3147 1064 3360 1120 Saulem
3389 1065 3621 1119 assumit

2011 1156 2064 1212 in
2087 1171 2342 1230 regnum,
2375 1167 2428 1214 et
2455 1159 2654 1215 Sancto
2690 1158 2892 1229 Spiritu
2928 1169 3120 1228 auget;
3152 1159 3414 1228 optinmm
3458 1159 3610 1214 enim

1978 1278 1985 1285 η
2009 1236 2428 1320 adhucupralis,
2457 1250 2648 1320 inquit,
2675 1265 2779 1306 non
2796 1249 2980 1307 eratin
3003 1250 3124 1305 liliis
3148 1249 3380 1315 lsraelis,
3406 1249 3617 1321 dignis-

2009 1340 2145 1397 sime
2172 1343 2449 1412 allegerat,
2496 1338 2590 1398 sed
2634 1358 2733 1398 nec
2773 1343 3109 1413 ignoraverat
3148 1343 3220 1397 ita
3270 1351 3615 1409 eventurum,

2011 1447 2172 1489 nemo
2196 1434 2338 1489 enim
2367 1443 2420 1491 te
2456 1434 2742 1490 sustinebit
2792 1433 3258 1504 itnprovidentiam
3297 1433 3620 1490 adscriben-

2012 1535 2118 1582 tem
2162 1527 2272 1582 Deo
2308 1526 2385 1605 ei,
2427 1542 2586 1598 quem
2622 1527 2789 1582 Deum
2814 1542 2921 1582 non
2973 1542 3194 1598 negans,
3236 1526 3515 1581 confiteris
3561 1535 3621 1581 et

2012 1617 2317 1689 providum.
2367 1616 2493 1674 Haec
2542 1618 2684 1674 enim
2732 1619 2808 1673 illi
2839 1620 3054 1690 propria
3099 1618 3351 1674 divinitas
3380 1629 3623 1685 constat,

2009 1713 2105 1767 sed
2134 1712 2328 1766 malum
2359 1710 2559 1767 factum
2585 1711 2762 1768 Saulis
2788 1710 3043 1782 (utdixi)
3073 1711 3329 1767 onerabat
3352 1709 3627 1780 poeniten-

308 1800 389 1872 (ὃ)
439 1801 585 1867 Saul,
616 1802 708 1857 sed
743 1802 973 1856 nondum
997 1803 1280 1874 despector
1311 1804 1584 1874 propheta:
1624 1804 1907 1861 Samuelis.
1938 1803 1988 1863 B
2018 1803 2104 1859 tiae
2152 1819 2262 1858 sua:
2314 1802 2675 1874 professione;
2704 1792 2912 1874 ‘quam,
2957 1812 3179 1857 vacante
3227 1801 3425 1857 delicto
3475 1802 3626 1856 circa

311 1895 570 1966 Rejicitur
595 1896 868 1963 Salomon,
912 1897 1004 1951 sed
1027 1898 1137 1967 jam
1168 1913 1199 1953 a
1229 1899 1543 1954 mulieribus
1568 1900 1755 1955 alienis
1780 1915 1909 1972 pos»

308 2003 512 2056 SCSSIIS,
528 1997 583 2043 et
595 1988 750 2043 idolis
764 1989 1111 2045 Moabitarum
1129 1999 1175 2046 et
1194 1989 1537 2047 Sidoniorum
1553 1992 1905 2062 mancipatus.

242 2137 266 2160 ‘
308 2081 444 2149 Quid
491 2081 687 2137 faceret
710 2081 954 2148 Croator,
999 2099 1065 2139 ne
1104 2099 1134 2138 a
1180 2083 1506 2139 Marcionitis
1546 2084 1908 2156 reprehende-

310 2174 498 2228 retur?
548 2172 626 2247 (ὁ)
676 2172 823 2228 Bene
874 2174 1048 2229 adlmc
1100 2184 1321 2244 agentes
1368 2175 1760 2251 prmdatnnaret
1798 2176 1907 2244 jam

308 2276 526 2336 propter
554 2265 728 2319 futura
750 2265 978 2320 delicta?
1000 2266 1094 2325 sed
1121 2266 1211 2320 Dei
1237 2265 1361 2321 boui
1385 2281 1488 2322 non
1510 2275 1646 2335 erat,
1670 2268 1907 2322 nondum

214 2350 579 2432 ,f'mcrenles
617 2357 1004 2427 pnedamnare.
1050 2356 1278 2413 Proinde
1311 2366 1591 2428 peccantes
1632 2373 1774 2413 nunc
1802 2374 1908 2414 non

310 2458 588 2505 recusaret
613 2456 831 2518 pr0ptcr
847 2449 1068 2519 pristina
1094 2448 1414 2505 benefacta?
1439 2448 1545 2505 Sed
1567 2450 1695 2519 justi
1713 2449 1910 2518 jndicis

310 2556 416 2596 non
464 2551 608 2607 erat,
661 2540 905 2597 rescissis
941 2541 1021 2613 (6)
1048 2541 1157 2612 jam
1211 2540 1365 2596 bonis
1414 2542 1653 2612 pristinis
1705 2543 1907 2598 scelera

308 2633 530 2690 donare.
565 2640 669 2689 Aut
697 2636 817 2706 quis
844 2636 1117 2690 hominum
1150 2635 1266 2690 sine
1286 2635 1505 2701 delicto,
1535 2645 1589 2691 ut
1616 2650 1740 2691 eum
1769 2635 1909 2692 Deus

308 2744 525 2797 semper
562 2729 815 2799 allegeret
854 2728 955 2801 (7),
1003 2744 1159 2800 quem
1198 2745 1468 2800 nunquam
1513 2739 1695 2800 posset
1748 2744 1905 2789 recu-

308 2822 464 2877 sare?
492 2822 577 2876 vel
613 2821 883 2892 quis‘item
927 2824 1043 2878 sine
1086 2823 1264 2895 aliquo
1309 2824 1448 2878 bono
1472 2837 1654 2895 Opere,
1699 2832 1757 2879 ut
1785 2839 1908 2880 eum

315 2913 452 2969 Deus
492 2929 707 2984 semper
751 2930 1024 2981 recusare,
1063 2930 1221 2987 quem
1254 2931 1522 2988 nunquam
1566 2928 1746 2988 posset
1776 2918 1910 2975 alle-

206 3006 210 3011 ’
309 3021 434 3077 gere
468 3006 587 3079 (8)?
621 3007 826 3064 Exhibc
854 3008 1048 3063 bonum
1072 3024 1304 3080 semper,
1328 3019 1382 3065 et
1413 3025 1519 3065 non
1542 3010 1907 3068 recusabitnr:

308 3098 502 3154 exhibe
529 3100 722 3155 malum
750 3115 963 3171 semper
985 3101 1087 3175 (9),
1112 3112 1166 3157 et
1197 3118 1464 3173 nunquam
1486 3103 1745 3174 allegctur
1768 3105 1907 3180 (I0).

2012 1895 2189 1952 Saulis
2215 1896 2574 1964 allectionem,
2606 1908 2944 1967 consequens
2989 1903 3070 1950 est
3096 1894 3411 1950 invidiosam
3440 1894 3628 1964 potius

2016 1988 2260 2061 intelligi.
2310 2003 2415 2044 non
2442 1988 2809 2044 criminosam.
2857 1987 3014 2053 Ecce,
3047 1987 3244 2059 inquis,
3273 1985 3628 2041 criminosam
3722 2014 3731 2019 -

2013 2094 2131 2136 eam
2159 2073 2526 2135 animadverto
2571 2080 2715 2136 circa
2763 2078 3045 2146 Ninivitas,
3098 2078 3311 2133 dicente
3353 2077 3626 2148 scriptura

2013 2171 2163 2228 Jonm
2195 2171 2373 2243 (Joan.
2400 2171 2486 2238 111,
2519 2171 2640 2243 10);
2672 2171 2738 2227 Et
2761 2172 2993 2243 paenituit
3029 2170 3304 2225 Dominum
3330 2174 3393 2226 de
3421 2171 3629 2225 malitia

2011 2283 2164 2338 quant
2190 2267 2387 2321 dixerat
2413 2270 2667 2339 facturum
2714 2283 2769 2321 se
2796 2266 2920 2328 illis,
2952 2282 3043 2320 nec
3071 2267 3208 2339 fecit.
3250 2265 3398 2322 Sicut
3421 2273 3478 2320 et
3511 2266 3629 2335 ipse

2011 2359 2175 2417 Jonas
2200 2361 2268 2415 ad
2291 2359 2575 2416 Dominum
2609 2359 2725 2433 (19.)
2750 2380 2762 2416 :
2789 2358 3072 2431 Propterea
3103 2359 3324 2430 prameni
3349 2364 3629 2430 profugere

2012 2453 2066 2508 in
2092 2451 2342 2518 Tharsos,
2389 2453 2511 2520 quia
2541 2468 2871 2521 cognoveram
2916 2462 2965 2506 te
3012 2468 3119 2506 esse
3164 2451 3548 2506 misericordem
3577 2461 3628 2506 et

2012 2544 2433 2609 miserest‘cntem,
2466 2544 2758 2615 patientem,
2790 2552 2837 2597 et
2868 2542 3148 2613 plurimum
3175 2541 3292 2614 (15)
3325 2542 3626 2597 misericor-

2014 2638 2133 2705 diae,
2164 2639 2484 2709 pauitantem
2509 2638 2822 2691 malitiarum
2851 2635 3031 2707 (Joau.
3063 2634 3152 2703 IV,
3180 2635 3261 2708 ‘2).
3284 2635 3427 2691 Bene
3458 2636 3628 2706 igitur

2012 2728 2155 2801 quod
2184 2729 2441 2800 praemisit
2469 2727 2656 2797 optimi
2687 2728 2777 2782 Dei
2813 2727 3046 2793 titulum,
3080 2725 3451 2796 patientissimi
3483 2726 3628 2781 scili-

2013 2832 2101 2878 cet
2125 2837 2288 2892 super
2314 2820 2502 2883 malos,
2531 2829 2586 2876 et
2606 2819 3051 2875 abundantissimi
3080 2818 3199 2891 (14)
3231 2818 3625 2878 misericordia:
3695 2848 3716 2869 .

2013 2923 2071 2973 et
2096 2914 2456 2973 miserationis
2485 2928 2646 2985 super
2665 2922 2990 2985 aguocenles
3029 2920 3082 2967 ct
3103 2912 3495 2983 deplangentes
3519 2911 3622 2970 de-

2013 3011 2139 3067 Iicta
2167 3026 2285 3078 sua,
2317 3008 2503 3079 quales
2539 3016 2666 3063 tunc
2704 3004 2970 3062 Ninivikr.
3006 3004 3064 3061 Si
3087 3005 3231 3061 enim
3261 3004 3501 3075 optimus
3531 3007 3623 3079 qui

2014 3103 2158 3170 talis,
2189 3101 2256 3159 de
2283 3101 2387 3157 isto
2419 3101 2567 3172 prius
2606 3100 2837 3155 cessisse
2874 3097 3119 3160 debebis,
3168 3111 3276 3152 non
3307 3105 3623 3167 competere

309 3188 599 3256 Caeterum,
641 3192 683 3246 si
728 3191 866 3248 idem
895 3193 1077 3262 homo,
1119 3204 1175 3250 ut
1198 3194 1269 3250 ‘in
1303 3205 1530 3266 utroque
1571 3211 1667 3266 pro
1698 3207 1905 3268 tempo-
1937 3204 1982 3267 ρ
2017 3195 2069 3250 in
2099 3195 2286 3260 talem,
2321 3193 2371 3248 id
2398 3202 2484 3249 est
2512 3192 2796 3263 optimum,
2827 3191 2988 3247 etiam
3027 3188 3243 3246 malitia:
3269 3203 3619 3245 concursum.

309 3284 478 3351 ribus,
506 3284 585 3355 (c)
631 3285 682 3341 in
712 3296 938 3358 utroque
963 3287 1315 3360 dispuugctur
1342 3304 1372 3343 a
1403 3289 1533 3355 Deo,
1577 3300 1632 3346 et
1662 3292 1824 3359 bono,
1854 3299 1910 3347 et

307 3379 508 3449 judice,
542 3382 629 3451 qui
668 3396 775 3436 non
808 3381 1020 3436 levitate
1050 3391 1142 3437 aut
1180 3381 1587 3453 improvidentia
1616 3383 1910 3440 sententias

310 3472 512 3535 vertit;
543 3473 637 3527 sul
681 3489 908 3528 censura
956 3474 1270 3543 gravissima
1321 3485 1375 3529 et
1416 3472 1908 3544 providentissiina,

311 3564 499 3618 merita
532 3566 787 3638 temporis
808 3565 1388 3641 cuiusquc‘dispensat.
1447 3580 1455 3589 λ

879 3656 1107 3713 CAPUT
1151 3657 1342 3711 XXIV.

265 3626 629 3637 -———__H

407 3750 496 3807 Sic
526 3750 602 3823 (τί)
636 3760 690 3807 et
718 3752 1084 3827 pmnitentiam
1121 3750 1261 3822 apud
1295 3750 1445 3815 illum
1487 3752 1603 3824 (11)
1639 3767 1801 3823 prave
1834 3753 1914 3808 in-

314 3845 641 3914 terpretaris,
690 3846 839 3915 quasi
887 3845 1111 3916 proinde
1162 3844 1456 3902 mobilitate
1502 3847 1588 3903 vel
1633 3846 1910 3918 improvi-

313 3938 515 4006 dentia,
573 3941 679 3995 imo
702 3940 809 4011 jam
860 3956 929 3996 ex
972 3940 1153 3996 delicti
1194 3940 1567 3998 recordatione
1617 3943 1907 4012 paeniteat:

2020 3291 2087 3346 Et
2115 3290 2236 3360 quia
2269 3288 2389 3360 (15)
2412 3287 2646 3343 Marcion
2674 3284 2916 3341 defendit
2940 3284 3190 3340 arborem
3226 3282 3419 3338 bonam
3445 3283 3623 3339 malos

2013 3397 2227 3455 quoque
2254 3382 2459 3438 fructus
2480 3396 2585 3436 non
2610 3380 2772 3443 licere
2799 3378 3095 3451 producere
3119 3377 3334 3449 (Matth.
3358 3376 3474 3446 γη,
3501 3378 3617 3449 I8),

2014 3475 2109 3533 sed
2162 3473 2419 3530 malitiam
2449 3483 2628 3529 tamen
2677 3473 2992 3537 nominavit,-
3038 3471 3180 3543 quod
3232 3471 3466 3541 optimus
3509 3486 3619 3525 non

2016 3566 2187 3637 capit,
2229 3564 2485 3636 numquid
2510 3564 2686 3635 aliqua
2704 3564 3074 3634 interpretatio
3099 3562 3286 3617 subest
3311 3563 3472 3617 etiam
3496 3561 3615 3635 (16)

2019 3676 2202 3718 earum
2246 3660 2566 3715 malitiarum
2614 3656 3100 3729 iutelligendarum,
3149 3672 3267 3727 qua}
3308 3656 3517 3737 possint
3562 3665 3618 3711 et

2018 3755 2071 3811 in
2094 3755 2353 3826 optimum
2380 3752 2790 3809 decucurrisse?
2817 3750 3012 3807 Subest
3031 3758 3229 3805 autem.
3262 3749 3497 3804 Dicimus
3521 3747 3620 3804 de-

2016 3848 2177 3920 nique
2199 3845 2456 3904 malitiam
2502 3862 2641 3901 nunc
2668 3844 2973 3916 significari,
3007 3858 3111 3898 non
3138 3858 3259 3913 quae
3274 3841 3339 3896 ad
3372 3850 3614 3895 naturam

2016 3939 2286 4009 redigatur
2306 3936 2581 3995 Creatoris
2600 3937 2752 4008 quasi
2780 3936 2928 4003 mali,
2958 3934 3049 3991 sed
3073 3951 3191 4007 qua:
3207 3934 3270 3988 ad
3295 3942 3615 4005 potestatem

1523 4032 1903 4126 LECTIONES
1938 4035 2028 4093 VA
2038 4031 2353 4126 RIdNATES.

403 4124 447 4189 l)
473 4123 589 4174 Odit
610 4125 768 4172 anima
785 4137 910 4172 mea.
937 4122 1117 4172 Vestra
1138 4119 1289 4175 0min.
1314 4119 1466 4175 Seml.

396 4188 442 4222 3|
470 4187 731 4222 βουλὴν-11111
761 4185 869 4222 non
887 4183 1100 4222 artillmn.

374 4183 438 4248 (ἱ
470 4187 736 4237 Celebrant
759 4185 869 4234 Deo
887 4183 1102 4246 qrtt'tlmn.

374 4192 444 4318 (Si
475 4246 867 4318 administrando
891 4248 1058 4318 Paris.

307 4313 345 4375 ἓξ
374 4310 446 4377 (4)
475 4310 673 4377 _l_._cg_unt
696 4310 783 4377 atii
801 4311 1041 4377 mendose.

395 4371 451 4435 ὅ)
474 4371 681 4435 Eligitur
700 4371 850 4435 senti.

375 4429 448 4496 (6)
484 4429 671 4485 lie'cisis
691 4429 794 4484 alii.

374 4495 448 4567 (7)
482 4497 691 4567 liliserit
713 4495 861 4567 ξεινίζ-

376 4559 447 4626 (8)
478 4559 685 4635 Eligere
709 4559 860 4611 Seml.

2095 4121 2554 4247 {Ruslellllilgﬁn
2575 4119 2724 4171 Seml.

2106 4304 2179 4360 121
2207 4308 2368 4359 Deum
2389 4304 2543 4360 Seml.

2103 4369 2181 4439 ἐξ)
2203 4369 2436 4439 Plurimae
2461 4370 2566 4439 μσς·

2100 4429 2179 4484 HI
2203 4432 2643 4483 Abundantissima:
2664 4429 2771 4481 alii.

2105 4492 2181 4548 151
2206 4495 2268 4546 Et
2289 4492 2437 4548 inser.
2463 4492 2613 4545 Seml.
2638 4502 2754 4545 Jun.

2099 4555 2178 4625 16)
2204 4557 2359 4611 Etiam
2381 4555 2507 4623 negt.
2534 4556 2683 4641 Semt.

1932 4230 1987 4291 1)
2103 4249 2151 4296 It
2210 4230 2371 4296 Deum
2392 4240 2548 4296 Seml.

2106 4308 2159 4360 I2
2207 4308 2368 4359 Deum
2389 4304 2543 4360 Seml.

2103 4374 2158 4421 15
2203 4369 2436 4422 Plurima:
2461 4370 2548 4423 Lat

2100 4435 2158 4484 14
2203 4432 2547 4483 Abundantissi

2105 4498 2163 4548 15
2206 4495 2268 4546 Et
2289 4492 2437 4548 inser.
2463 4496 2548 4545 Ser

2099 4560 2158 4611 16
2204 4557 2359 4611 Etiam
2381 4555 2548 4623 »κριὲ

1660 4642 2223 4702 COMMENTARIUS.

382 4760 456 4833 (a)
488 4760 549 4815 Et
584 4770 747 4815 vestra
785 4760 992 4815 sabbata
1021 4758 1128 4814 odit
1155 4759 1326 4833 animo
1354 4774 1485 4813 mea.
1531 4757 1649 4833 Non
1676 4758 1776 4814 soli
1803 4758 1902 4833 Ju-

311 4829 506 4887 daei'in
559 4834 734 4889 verbis
783 4833 899 4886 istis
943 4829 1488 4901 comprehenduntur.
1541 4831 1742 4901 Cautes
1795 4830 1907 4887 fere

313 4907 558 4959 nationes
607 4904 888 4958 aliaediem
935 4899 1083 4957 11111111
1110 4902 1486 4956 observarunt.
1528 4899 1750 4957 Ovidius
1777 4903 1907 4958 satis

309 4984 535 5031 testatur
560 4975 625 5029 de
657 4975 907 5029 Romanis
935 4975 974 5029 I.
1008 4975 1075 5029 de
1102 4983 1248 5027 arte:

404 5069 541 5119 Culta
565 5068 827 5118 Palmstino
848 5069 1055 5119 sentima
1080 5066 1206 5117 festa
1227 5068 1351 5117 viro.

307 5141 361 5187 et
391 5133 709 5196 Macrobius,
744 5132 833 5186 lib.
863 5129 1189 5194 lSaturnal.,
1214 5145 1331 5199 cap.
1365 5129 1422 5185 7:

405 5203 615 5251 Martium
638 5215 750 5265 pars
773 5202 972 5252 Graium
995 5200 1223 5265 Saturno,
1250 5207 1303 5251 et
1325 5203 1549 5251 maxima:
1576 5199 1786 5265 Athena:

404 5262 671 5337 Conlicituit
694 5279 850 5325 sacra,
873 5276 985 5329 quae
1009 5264 1180 5314 Cronia
1205 5275 1317 5313 esse
1342 5266 1583 5314 iterantur
1607 5264 1668 5313 ab
1702 5262 1816 5316 illis.
1850 5278 1851 5285 ‘

314 5351 575 5421 Quoniam
601 5369 728 5406 vero
761 5353 820 5406 Iis
841 5351 1031 5407 diebus
1049 5349 1209 5423 genio
1234 5348 1509 5423 indulgere
1529 5348 1901 5423 solitumerat,

310 5419 564 5479 Sidonius
606 5425 806 5493 Apoll.,
851 5424 941 5478 lib.
973 5422 1033 5487 ll,
1058 5419 1152 5490 ep.
1181 5421 1249 5493 ‘2,
1300 5419 1488 5493 luxum
1512 5419 1903 5493 _sabbata_ritu_n

313 5505 487 5555 vocat,
521 5489 742 5564 l0queus
768 5495 834 5549 de
865 5494 989 5549 luxu
1018 5504 1073 5548 et
1101 5489 1360 5547 Conviviis
1401 5489 1721 5547 Gothorum.
1752 5490 1906 5547 Unde

311 5568 533 5635 cynicus
575 5565 923 5621 Antisthenes
962 5573 1128 5635 ἄορι-ὗν
1156 5574 1533 5634 γαστριμαργίας
1562 5568 1781 5633 ἀφορμὴ)
1810 5576 1905 5616 vo-

310 5647 424 5692 (‘ztlz
482 5647 535 5692 t'l
580 5636 717 5699 apud
750 5636 1009 5691 ISIdOI‘IIIII
1042 5635 1222 5690 Peius.
1271 5642 1503 5690 σάϐϐατον
1540 5643 1696 5689 πᾶσιν
1741 5640 1907 5704 Eam-iv

308 5714 552 5762 3:03.537».
580 5707 654 5762 LE
673 5708 768 5762 PR.

380 5779 529 5833 CAP.
568 5779 758 5834 XXIII.
778 5808 848 5818 —
872 5773 949 5850 (1))
982 5775 1116 5830 Bene
1144 5774 1547 5844 adlmcjagentes
1576 5773 1901 5844 prtcdanma-

2007 4771 2105 4827 ret,
2132 4769 2236 4815 etc.
2259 4757 2404 4815 Istud
2426 4757 2648 4815 omnino
2668 4757 2769 4828 legi
2790 4756 2948 4812 debet
2971 4755 3373 4826 interrogative,
3398 4754 3516 4828 quia
3535 4765 3604 4807 ex

2009 4823 2279 4914 sententia.
2295 4831 2529 4914 loquitur
2553 4823 3008 4914 Marcionitarum,
3031 4828 3115 4881 cui
3132 4823 3260 4914 apte
3283 4823 3567 4914 respondet
3587 4838 3601 4876 :

2010 4902 2119 4958 Sed
2145 4903 2238 4957 Dei
2262 4900 2380 4955 boni
2406 4917 2504 4955 non
2531 4911 2672 4965 erat,
2701 4900 2922 4955 nondum
2955 4908 3197 4953 merentes
3231 4901 3601 4968 prtedtmmarc.

2015 4972 2251 5044 Proinde
2284 4981 2544 5044 peccantes
2570 4988 2701 5025 nunc
2740 4987 2840 5025 non
2871 4980 3126 5044 recusaret
3158 4965 3361 5044 propter
3390 4965 3604 5037 pristina

2009 5042 2271 5113 beneﬁcia.
2302 5042 2486 5114 Neque
2528 5043 2673 5098 enim
2698 5042 3038 5114 praescientia
3067 5042 3381 5114 meritorum
3414 5050 3601 5114 caussa

2012 5125 2098 5170 est
2121 5106 2317 5171 divitia:
2344 5106 3037 5185 prledestinationis,sicuti
3064 5112 3313 5185 Ita-retice
3335 5106 3600 5185 sentiebat

2018 5186 2295 5257 Pelagius;
2344 5179 2420 5240 de
2444 5202 2547 5255 qua
2580 5198 2638 5257 re
2668 5202 2732 5257 ne
2764 5184 3019 5257 prolixior
3045 5186 3178 5257 situ,
3211 5181 3396 5257 _v_i_de:_tt
3438 5179 3601 5232 lector

2015 5252 2225 5312 Sixtum
2251 5252 2567 5322 Senensem,
2596 5252 2841 5309 Bibliotlt.
2866 5263 3056 5308 sancta:
3088 5254 3178 5307 lib.
3211 5252 3300 5308 Vl.
3336 5252 3466 5306 Pan.

2079 5349 2155 5420 (c)
2182 5348 2249 5403 In
2278 5359 2488 5419 utroque
2520 5348 2871 5420 dispungetur.
2903 5346 3122 5420 Hoecsl
3145 5388 3158 5410 ,
3195 5346 3245 5420 in
3291 5354 3518 5412 utroque
3547 5334 3597 5392 ei

2008 5416 2253 5490 sat'istiet,
2283 5423 2333 5475 in
2359 5416 2584 5488 utroque
2606 5416 2912 5472 mercedem
2935 5417 3180 5486 accipiet.
3209 5416 3385 5470 linea.

2078 5515 2236 5571 CAP.
2267 5513 2459 5570 XXIV.
2477 5510 2643 5584 —(d)
2673 5511 2763 5584 Sic
2782 5521 2830 5566 et
2856 5510 3219 5581 paenitentiam,
3242 5520 3344 5561 etc.
3361 5503 3592 5584 Supple-

2010 5587 2183 5641 vimus
2226 5576 2636 5653 dietioncmquai
2682 5576 3111 5653 deerat'htnagno
3158 5592 3350 5634 sensus
3389 5576 3597 5653 incom-

2011 5657 2193 5719 modo,
2220 5645 2657 5726 scripsituusque,
2684 5654 2824 5721 apud
2843 5645 3136 5707 illumfhoc
3156 5659 3256 5705 est.
3275 5647 3411 5718 apud
3435 5645 3598 5699 Crea-

2007 5736 2203 5785 torem.
2239 5727 2407 5793 Busa.
