4008 6280
170 6078 223 6135 ιι.

260 392 367 449 515

1346 385 1475 443 LIB.
1515 387 1559 445 II
1598 382 1961 443 ADVERSIIS
1996 384 2423 445 MARCIONEM.

3467 388 3573 450 514

259 503 974 580 qnasijudicis,secundum
990 517 1147 576 quam
1163 500 1760 572 enttntiarit(ls.XLV,
1783 501 1871 573 7):
1902 500 1957 559 A
1983 500 2177 555 nedum
2217 502 2268 556 in
2302 502 2432 567 Deo,
2483 502 2636 574 cujus
2669 504 2844 560 omnis
2870 506 3139 562 sententia
3190 514 3344 563 caret
3388 507 3572 578 culpa.

265 599 377 669 ligo
403 615 530 654 sunt
563 599 653 670 qui
680 597 836 652 condo
865 596 1021 665 mala,
1047 605 1132 654 et:
1161 595 1236 670 (η)
1259 594 1389 651 Ecce
1407 611 1498 666 ego
1519 596 1691 649 emitto
1712 595 1764 649 in
1787 610 1872 649 vos
1975 592 2049 667 (c)
2094 593 2225 651 Nam
2275 605 2328 652 et
2369 598 2421 653 in
2467 612 2644 669 gra-co
2681 613 2842 666 sono,
2874 599 3428 670 pmnitentiaznomen
3458 603 3563 658 hou
3587 604 3608 629 "

262 688 404 742 mala
435 688 664 758 (Jerem.
695 687 870 751 XVIII,
906 688 992 759 ll),
1035 702 1138 742 non
1173 685 1494 757 peccatoris,
1526 685 1619 741 sed
1642 684 1868 752 ultoria;

260 796 508 851 quorum
564 781 699 834 satis
746 780 997 834 diluimus
1040 776 1334 841 infamiam.
1378 785 1437 832 ut
1465 777 1869 849 congruentium

252 872 452 942 jndiei.
489 873 647 929 Sicut
672 882 868 937 autem,
915 872 1040 928 licet
1069 871 1205 927 mala
1247 870 1515 939 dicantur,
1549 885 1653 926 non
1687 884 1871 941 repre-

259 967 583 1025 hendentur
610 969 664 1024 in
693 967 868 1039 judice
889 1009 903 1033 ,
928 981 1028 1023 nec
1051 965 1153 1022 hoc
1180 965 1396 1022 nomine
1432 979 1531 1020 suo
1560 964 1760 1020 malum
1784 963 1873 1033 ju-

256 1064 442 1119 dieetn
473 1060 801 1127 ostendunt;
831 1061 900 1115 ita
935 1068 991 1116 et
1019 1059 1220 1115 malitia
1250 1058 1367 1114 hac
1395 1059 1497 1114 erit
1527 1058 1869 1129 intelligenda

254 1173 427 1222 nunc,
454 1173 577 1229 qua:
599 1172 666 1212 ex
695 1157 800 1212 illis
824 1154 1269 1224 tnalisjudicariis
1293 1153 1563 1226 deputata,
1592 1168 1713 1209 cum
1740 1154 1869 1225 ipsis

255 1261 552 1322 competat
575 1250 762 1321 jndici.
794 1248 924 1304 Nam
951 1259 1005 1305 et
1031 1249 1170 1328 apud
1201 1247 1422 1304 Grmcos
1450 1247 1713 1304 interdum
1756 1263 1870 1304 ma—

250 1345 384 1400 liti:e
433 1358 539 1416 pro
581 1342 954 1399 vexationibns
984 1350 1039 1398 et
1067 1340 1299 1406 laesuris,
1332 1355 1439 1397 non
1479 1355 1576 1413 pro
1624 1340 1867 1412 maligni-

251 1438 466 1491 tatibns
496 1444 768 1507 ponuntttr
795 1432 899 1507 (l),
948 1434 1090 1489 sicut
1119 1443 1171 1489 et
1198 1433 1251 1488 in
1283 1433 1386 1488 isto
1411 1433 1670 1497 articulo;
1703 1441 1865 1504 atque

246 1528 418 1592 adeo.
455 1530 502 1585 si
530 1529 650 1599 ejus
678 1528 891 1585 malitiae
919 1524 1512 1599 pmoituitCreatorem,
1535 1528 1688 1598 quasi
1717 1542 1867 1583 crea-

248 1630 391 1675 tura:
430 1619 789 1691 reprobandzr
819 1619 1052 1684 scilicet,
1084 1627 1138 1674 et
1168 1617 1367 1674 deletui
1398 1617 1475 1689 (2)
1504 1618 1860 1675 vindicandm.

245 1713 419 1784 Atqui
464 1728 569 1768 nec
596 1714 674 1785 (5)
711 1712 873 1767 ullum
921 1712 1216 1767 admissum
1259 1711 1607 1785 criminosum
1649 1722 1863 1784 reputa-

246 1803 398 1859 bitur
427 1804 804 1876 Creatori,qni
839 1804 1227 1875 iniquissimam
1255 1804 1527 1860 civitatem
1556 1805 1716 1877 digne
1744 1821 1861 1863 me-

1973 700 2040 741 ex
2088 686 2268 743 delicti
2325 688 2685 757 confessione,
2735 691 2829 748 sed
2867 707 2933 748 ex
2982 693 3149 749 animi
3200 693 3573 751 demutatione

1972 783 2329 852 compositum
2383 782 2461 857 (6)
2509 795 2613 851 est,
2656 800 2814 856 quam
2846 786 2984 857 apud
3035 786 3209 842 Deum
3242 802 3338 858 pro
3389 802 3571 846 rerum

1972 872 2295 930 variantium
2319 891 2438 935 sese
2461 891 2689 933 occursu
2720 878 2832 933 fieri
2859 878 2939 950 (7)
2965 880 3322 936 ostendimus.

2562 967 2790 1027 carur
2827 968 2998 1025 xxv.
3428 1032 3433 1043 ,

2041 1054 2159 1114 lam
2188 1073 2329 1113 nunc
2355 1067 2411 1114 ut
2434 1060 2613 1115 omnia
2643 1060 2906 1131 ejusmodi
2957 1060 3260 1133 expediam,
3295 1062 3361 1120 ad
3406 1074 3572 1123 cmte-

1970 1161 2060 1204 ras
2083 1148 2420 1219 pusillitates,
2446 1158 2501 1207 et
2538 1151 2899 1221 infirmitates,
2929 1163 2985 1209 et
3014 1153 3447 1225 incongruentias
3476 1158 3496 1229 (
3516 1166 3574 1216 ut

1974 1239 2212 1312 putatis)
2284 1242 2715 1314 interpretandas
2771 1245 3178 1317 purgandosque
3233 1236 3569 1317 pertendam.

1970 1329 2228 1387 Inclamat
2280 1331 2419 1388 Deus
2448 1331 2633 1408 .(Gen.
2669 1332 2799 1405 III):
2854 1334 3043 1403 Adam,
3087 1335 3172 1391 ubi
3199 1337 3295 1394 es?
3364 1340 3574 1397 scilicet

1969 1420 2233 1492 ignorans
2251 1424 2338 1479 ubi
2367 1426 2545 1481 esset?
2570 1436 2624 1481 et
2666 1435 2915 1481 caussato
2944 1427 3199 1484 nttditatis
3229 1418 3463 1500 pudere",
3494 1448 3566 1489 an

1966 1513 2036 1569 de
2082 1515 2280 1573 arbore
2343 1527 2612 1589 gustasset
2659 1519 2977 1591 interrogat,
3026 1500 3232 1577 scilicet
3282 1523 3558 1579 incertus?

1969 1606 2081 1663 lmo
2110 1623 2210 1665 nec
2255 1608 2492 1665 incertus
2548 1610 2790 1677 admissi,
2838 1627 2937 1667 nec
2961 1612 3214 1681 ignorans
3236 1613 3355 1669 loci.
3388 1614 3573 1671 Enim-

1966 1715 2096 1757 vero
2146 1704 2429 1773 oportebat
2477 1705 2808 1760 conscientia
2867 1706 3070 1776 peccati
3123 1705 3567 1778 delitescentem,

1964 1804 2246 1852 evocatum
2273 1798 2490 1868 prodire
2514 1797 2590 1872 (8)
2623 1797 2676 1853 in
2707 1806 3055 1869 conspectum
3082 1799 3314 1865 Domini,
3349 1816 3453 1857 non
3475 1816 3569 1857 so-

244 1896 476 1968 ritoque
495 1896 819 1954 decreverat
845 1897 1187 1952 abolendam.
1215 1898 1312 1962 Ita,
1336 1897 1479 1968 quod
1510 1898 1658 1967 juste
1694 1899 1859 1955 destl-
1887 1896 1935 1955 B
1964 1889 2012 1945 1³
2037 1891 2271 1945 "ominis
2299 1892 2700 1958 ίηειηιιιίιιίοηθν
2720 1893 2812 1949 Sed
2843 1908 2965 1949 cum
2989 1892 3165 1964 aliqua
3184 1894 3293 1964 53'"
3326 1903 3451 1951 ιιιηο
3471 1895 3571 1951 Μ’

243 1999 511 2052 ﬂaverat.
573 2005 679 2044 non
735 1988 874 2044 male
918 1988 1217 2054 destinatis,
1273 2003 1338 2044 ex
1383 1989 1589 2059 justitia
1636 2006 1742 2045 non
1795 2007 1861 2047 ex

244 2083 459 2138 malitia
525 2082 857 2149 destinarat;
916 2080 1011 2138 sed
1079 2096 1291 2149 poenam
1368 2081 1536 2152 ipsam
1605 2083 1861 2139 malitiam

244 2174 579 2241 nominavit,
637 2190 702 2229 ex
753 2175 893 2229 malo
942 2184 994 2229 et
1039 2175 1232 2231 merito
1269 2174 1352 2247 (4)
1381 2175 1642 2244 passionis
1675 2176 1860 2247 ipsius.

245 2267 419 2338 Ergo,
453 2268 645 2334 dices,
698 2268 743 2322 si
795 2267 1048 2322 malitiam
1090 2267 1313 2337 justitia:
1358 2268 1575 2324 nomine
1613 2283 1858 2334 excusas,

242 2363 366 2431 quia
401 2361 556 2430 juste
586 2360 809 2415 exitium
838 2360 1130 2416 destinarat
1157 2359 1209 2414 in
1237 2358 1515 2424 Ninivitas,
1542 2360 1620 2416 sic
1649 2376 1863 2432 quoque

242 2453 559 2524 eulmndus
594 2463 700 2516 est,
733 2454 819 2520 qui
862 2452 1107 2523 justitiac,
1146 2452 1331 2524 utique
1380 2469 1487 2509 non
1516 2454 1860 2525 paenitenda),

241 2547 635 2617 pmnitentiant
686 2546 869 2616 gessit.
904 2544 1017 2600 Imo
1072 2560 1172 2601 nec
1207 2545 1452 2615 justitite,
1502 2546 1715 2618 inquam
1760 2547 1860 2620 (5),

243 2636 544 2709 pmnitehit
574 2638 766 2704 Deum,
808 2645 860 2690 et
894 2646 1141 2706 superest
1162 2636 1272 2708 jam
1318 2652 1609 2708 agnoscere
1638 2639 1765 2710 quid
1794 2641 1866 2695 sit

244 2729 578 2799 paenitentia
618 2728 734 2783 Dei.
764 2729 877 2784 Non
909 2730 1075 2797 enim,
1107 2729 1150 2784 si
1183 2729 1455 2785 hominem
1488 2731 1564 2803 (ὁ)
1591 2746 1657 2788 ex
1679 2747 1863 2787 recor-

241 2822 478 2877 d-uionc
530 2819 819 2890 plurimum
871 2820 1074 2885 delicti,
1108 2821 1377 2877 interdum
1427 2831 1483 2879 et
1521 2838 1586 2878 ex
1637 2823 1865 2894 alicujus

241 2914 372 2968 lmni
405 2914 593 2985 operis
638 2912 865 2983 ingratia
895 2906 1137 2984 ptenitet,
1183 2914 1301 2969 ideo
1327 2924 1381 2971 et
1413 2915 1576 2971 Deum
1618 2918 1861 2987 proinde.

239 3006 296 3062 In
330 3017 607 3078 quantum
635 3005 776 3060 enim
806 3006 946 3062 Deus
989 3022 1087 3062 nec
1116 3007 1312 3062 malum
1346 3008 1601 3078 admittit,
1634 3025 1734 3066 nec
1771 3012 1867 3067 bo-

239 3118 375 3155 tunn
410 3100 671 3168 damnat,
704 3099 755 3154 in
780 3107 983 3175 tantum
1008 3115 1108 3155 nec
1140 3101 1465 3171 paenitentiae
1492 3103 1613 3158 boni
1640 3113 1731 3158 aut
1751 3119 1865 3160 ma-

238 3196 274 3252 Ii
300 3194 459 3267 apud
483 3186 609 3250 eunt
636 3194 784 3249 locus
805 3202 905 3249 est.
935 3194 1065 3249 Nam
1091 3204 1143 3250 et
1171 3195 1274 3250 hoc
1302 3195 1394 3252 tibi
1419 3195 1608 3251 eadem
1637 3198 1867 3268 scriptu-

1966 1984 2114 2039 missi
2143 1984 2593 2055 suggillationetn.
2614 1985 2722 2041 Nec
2739 1988 2882 2043 ettim
2915 1986 3143 2058 simplici
3171 1987 3351 2054 modo,
3380 1988 3430 2044 id
3463 2001 3567 2057 est,

1967 2076 2383 2147 interrogatorio
2426 2093 2560 2132 sono
2590 2078 2871 2149 legendum
2894 2089 2999 2146 est,
3043 2080 3208 2134 Adam
3247 2081 3331 2134 ubi
3371 2098 3423 2135 es
3452 2082 3569 2156 (9)?
3598 2133 3619 2146 ,

1965 2168 2059 2225 sed
2085 2170 2349 2240 impresso
2376 2178 2431 2226 et
2461 2171 2696 2235 incusso,
2715 2181 2769 2228 et
2796 2173 3130 2244 imputativo,
3155 2172 3338 2242 Adam,
3368 2174 3453 2230 ubi
3473 2175 3568 2230 es?

1967 2263 2019 2321 id
2060 2274 2164 2331 est,
2211 2264 2264 2320 in
2309 2264 2610 2336 perditione
2640 2279 2733 2330 es;
2783 2266 2834 2320 id
2866 2275 2968 2333 est,
2994 2266 3106 2336 jam
3131 2266 3215 2322 hic
3247 2282 3354 2322 non
3386 2283 3479 2334 es;
3510 2276 3569 2323 ut

1975 2365 2031 2413 ct
2059 2355 2176 2430 (10)
2221 2357 2532 2427 increpandi
2569 2369 2622 2413 et
2663 2357 2880 2413 dolendi
2911 2359 3092 2416 exitus
3116 2374 3217 2415 vox
3263 2361 3352 2414 sit.
3390 2359 3566 2415 Caete-

1965 2464 2124 2517 rum,
2153 2451 2243 2521 qui
2276 2460 2444 2506 totum
2472 2452 2657 2507 orbem
2684 2451 3090 2521 comprehendit
3117 2468 3277 2513 manu
3310 2454 3451 2509 velut
3483 2454 3565 2509 ni-

1966 2542 2124 2611 dum,
2155 2544 2308 2614 cujus
2354 2545 2549 2601 coelum
2596 2545 2842 2613 thronus,
2875 2557 2930 2603 et
2956 2554 3099 2603 terra
3137 2548 3450 2616 scabellum,
3486 2551 3567 2605 ni-

1966 2635 2160 2690 mirum
2203 2636 2360 2709 hujus
2387 2638 2575 2694 oculos
2616 2639 2796 2711 aliqua
2829 2639 3060 2710 paradisi
3091 2641 3267 2712 portio
3297 2650 3564 2709 evaserat,

1968 2745 2076 2800 quo
2110 2729 2296 2785 ininus
2340 2731 2417 2785 illi
2447 2731 2769 2803 ubicumque
2822 2731 2991 2787 Adam
3032 2742 3158 2789 ante
3197 2734 3566 2792 evocationem

1968 2823 2251 2890 viseretur,
2279 2833 2385 2878 tam
2424 2823 2614 2893 latens,
2643 2841 2799 2896 quam
2826 2824 2896 2881 de
2940 2827 3223 2883 interdicta
3273 2828 3423 2900 fruge
3475 2845 3567 2886 su-

1967 2914 2154 2969 mens?
2192 2914 2595 2986 Speculatorem
2628 2915 2807 2991 vincte
2842 2917 2924 2971 vel
2968 2916 3106 2974 ltorti
3149 2921 3222 2974 tui
3272 2921 3428 2990 lupus
3473 2929 3564 2977 aut

1968 3009 2288 3065 furunculus
2335 3024 2441 3064 non
2481 3009 2628 3065 latet.
2663 3010 2829 3068 Deum
2870 3018 3001 3082 puto
3047 3012 3114 3068 de
3156 3013 3560 3071 sublimioribus

1967 3100 2316 3157 oculatiorem
2375 3101 2575 3173 aliquid
2635 3102 2859 3173 subjecti
2905 3105 3184 3175 praeterire
3229 3121 3334 3161 non
3380 3121 3561 3178 posse.

1967 3193 2142 3250 Stulte
2172 3196 2261 3262 qui
2292 3205 2496 3251 tantum
2533 3206 2909 3267 argumentum
2938 3196 3133 3253 divinae
3164 3199 3477 3271 majeSIatis,
3510 3210 3567 3258 et

235 3305 299 3345 ra
319 3288 679 3353 determinat,
703 3287 915 3343 dicente
931 3289 1182 3344 Samnele
1201 3288 1352 3344 Sauli
1376 3288 1418 3362 (Ι
1439 3290 1563 3362 Reg.
1590 3288 1706 3354 XV,
1728 3291 1858 3363 28):
1888 3288 1933 3351 C
1969 3285 2213 3341 humana:
2250 3285 2640 3351 instructionis,
2683 3303 2813 3342 naso
2859 3288 2992 3359 agis.
3043 3289 3413 3361 lnterrogabat
3443 3292 3492 3366 (I
3511 3293 3562 3368 I)

234 3376 477 3437 Discidit
510 3379 764 3436 Dominus
783 3398 992 3453 regnum
1014 3382 1180 3437 Israel
1212 3383 1276 3437 de
1319 3399 1473 3437 manu
1499 3394 1589 3438 tua
1615 3385 1785 3451 hodie,
1816 3397 1863 3442 et

235 3476 400 3529 dabit
427 3474 563 3528 illud
590 3473 825 3544 proximo
863 3484 968 3539 tuo,
1002 3475 1192 3546 Optimo
1233 3491 1386 3545 super
1411 3483 1490 3542 te;
1522 3486 1568 3530 et
1607 3478 1865 3533 scindetur

231 3566 428 3623 Israel
453 3567 507 3619 in
534 3565 666 3621 duas
692 3576 880 3636 partes,
917 3576 965 3621 et
999 3584 1099 3621 non
1121 3576 1460 3637 convertatur,
1502 3586 1663 3640 neque
1700 3572 1862 3640 paeni-

234 3658 469 3714 tentiam
491 3668 631 3727 aget,
679 3660 795 3726 quia
826 3675 926 3713 non
960 3658 1088 3713 sicut
1134 3659 1284 3713 homo
1304 3670 1377 3715 est
1397 3661 1467 3715 ad
1491 3663 1857 3735 paenitendum.

234 3753 383 3809 llzrc
412 3753 595 3821 itaque
620 3750 861 3807 definitio
887 3752 939 3807 in
961 3753 1210 3808 omnibus
1229 3753 1387 3810 aliam
1419 3754 1644 3811 formam
1668 3756 1863 3813 divina:

237 3845 594 3918 petenitentize
646 3844 855 3909 statuit,
909 3861 1029 3917 qua:
1080 3860 1260 3917 neque
1311 3860 1376 3902 ex
1425 3847 1858 3919 itnprovidcntin,

241 3951 431 4007 neque
452 3952 518 3992 ex
559 3936 663 3990 ulla
697 3936 819 3991 boni
848 3945 939 3992 aut
967 3936 1089 3992 mali
1117 3938 1297 4008 operis
1326 3938 1669 3996 damnatione
1704 3957 1863 4012 repu-

249 4040 427 4095 Ietur,
455 4028 595 4084 sicut
625 4027 879 4084 humana.
910 4029 1041 4098 Quis
1072 4046 1201 4103 ergo
1229 4031 1331 4087 erit
1370 4047 1488 4088 mos
1533 4035 1861 4103 paenitentia:

242 4123 495 4179 divina)?
523 4121 640 4178 lam
672 4123 895 4190 relucet,
924 4124 969 4178 si
994 4139 1100 4179 non
1134 4124 1200 4179 ad
1230 4123 1492 4182 humanas
1520 4127 1857 4185 conditiones

243 4231 373 4273 cam
404 4214 626 4271 referas.
655 4213 800 4270 Nihil
823 4216 965 4270 enim
993 4215 1137 4271 aliud
1159 4215 1509 4288 intelligetur,
1535 4234 1695 4290 quam
1728 4221 1857 4276 sim-

244 4307 378 4379 plex
433 4307 722 4362 conversio
769 4307 1050 4363 sententia}
1104 4310 1322 4379 prioris,
1368 4326 1488 4380 qure
1516 4312 1678 4367 etiam
1736 4313 1854 4370 sine

246 4398 684 4472 reprehensione
703 4398 822 4471 ejus
849 4402 1018 4471 possit
1057 4400 1291 4469 admitti,
1333 4402 1495 4458 etiam
1529 4404 1579 4458 in
1613 4404 1852 4475 homine,

1967 3381 2107 3438 Deus
2136 3380 2287 3451 quasi
2316 3381 2549 3437 incertus
2571 3423 2587 3449 ,
2622 3392 2677 3436 ut
2701 3382 2818 3453 (12)
2849 3390 2904 3436 et
2932 3382 3056 3438 hinc
3087 3381 3201 3456 (l5)
3232 3383 3388 3440 liberi
3415 3386 3563 3442 arbiv

1967 3475 2050 3531 trii
2077 3464 2309 3544 probans
2333 3471 2448 3547 (M)
2475 3474 2770 3542 hominem,
2822 3475 2873 3529 in
2911 3489 3100 3530 caussa
3128 3486 3218 3529 attt
3265 3478 3566 3547 negationis

1965 3578 2057 3624 aut
2080 3566 2433 3623 confessionis
2467 3565 2582 3640 (15)
2615 3567 2768 3623 daret
2794 3567 2842 3624 ei
2872 3568 3050 3624 locum
3084 3580 3278 3638 sponte
3301 3572 3570 3628 confiten-

1965 3661 2017 3717 di
2048 3661 2324 3727 delictum,
2354 3669 2411 3717 et
2447 3661 2549 3717 hoc
2587 3661 2807 3718 nomine
2856 3660 3127 3717 relevandi
3159 3660 3300 3736 (16),
3331 3663 3468 3719 sicut
3497 3665 3569 3722 de

1965 3753 2097 3810 Cain
2127 3754 2446 3821 sciscitatur,
2499 3754 2714 3809 ubinam
2756 3737 2922 3810 frater
2953 3753 3103 3825 ejus;
3131 3756 3283 3826 quasi
3323 3771 3428 3811 non
3453 3756 3568 3828 jam

1966 3846 2316 3902 vociferatum
2354 3862 2383 3899 a
2413 3856 2565 3921 terra,
2596 3849 2914 3916 sanguinem
2943 3845 3127 3901 Abelis
3169 3846 3437 3903 audisset:
3468 3853 3569 3906 sed

1966 3951 2023 3995 ttt
2049 3950 2104 3996 ct
2130 3940 2216 3995 ille
2247 3939 2468 3995 haberet
2497 3947 2813 4010 potestatem
2838 3953 2903 3994 ex
2930 3936 3119 3993 eadem
3147 3939 3352 3994 arbitrii
3389 3950 3570 4011 potes-

1967 4040 2070 4088 tate.
2093 4018 2285 4104 Sponte
2312 4029 2538 4102 negandi
2579 4030 2781 4096 delicti,
2812 4039 2869 4086 et
2895 4030 2995 4086 hoc
3024 4031 3241 4086 nomine
3262 4033 3558 4102 gravandi;

1965 4136 2127 4197 atque
2157 4126 2226 4180 ita
2257 4125 2413 4180 nobis
2450 4124 2812 4180 conderentur
2839 4123 3085 4196 exempla
3125 4125 3562 4184 conlitendornm

1962 4220 2137 4290 potius
2165 4218 2504 4285 delictorum,
2532 4233 2694 4289 quam
2726 4217 3130 4289 negandorum:
3179 4226 3239 4272 ttt
3276 4218 3386 4288 jam
3437 4228 3568 4277 tunc

1960 4316 2261 4370 initiaretur
2297 4311 2602 4384 evangeliea
2652 4310 2893 4369 doctrina
2928 4309 3143 4383 (Matth.
3190 4308 3304 4376 XII,
3328 4311 3458 4383 37):
3489 4311 3574 4367 Ea:

1958 4424 2045 4463 ore
2067 4415 2155 4461 tuo
2174 4403 2533 4476 iustificaberis
2556 4401 2698 4477 (l7),
2720 4411 2768 4458 et
2789 4418 2854 4457 ea;
2871 4417 2957 4458 ore
2979 4412 3066 4457 tua
3087 4402 3407 4458 damnaberis
3429 4401 3570 4475 (18).

1496 4515 1879 4580 LECTIONES
1914 4518 2332 4580 VARIANTES.
2428 4546 2443 4566 ο

350 4620 397 4695 tl
423 4615 756 4695 Ερυρηεριίιη
778 4618 927 4695 ἐφεθ-
959 4683 973 4695 .
1151 4686 1190 4695 _
1260 4682 1273 4695 .

420 4682 918 4798 ﬁeri.
941 4683 1124 4738 delitus
1146 4682 1314 4771 Paris.
1337 4686 1510 4740 deleto
1531 4688 1637 4743 alii.

344 4806 395 4860 4)
419 4809 481 4860 Et
502 4806 681 4860 inserit
702 4807 857 4860 Seml.

338 4875 393 5009 3i
950 4998 961 5009 .
1064 4997 1076 5009 .
1126 4997 1188 5009 _.

338 4996 743 5066 7)_Regi‘V_gn£l.
767 4996 871 5064 Rig.
888 4998 963 5049 rei
983 4997 1093 5050 cod.
1119 4997 1296 5053 Pithaz.
1324 5011 1611 5066 occursura,
1637 5005 1861 5057 ostendl-

249 5055 577 5111 anis'Pauicl.
595 5059 755 5131 Frau.
822 5055 846 5064 '

316 5121 396 5250 ta
422 5122 795 5238 reseca

602 5223 619 5249 9

336 5183 395 5249 9)
422 5183 516 5237 tibi
540 5198 619 5249 es,
639 5183 795 5236 Αάεῑω

2062 4633 2141 4684 1οὶ
2168 4631 2231 4682 Et
2254 4630 2386 4683 abest
2405 4628 2576 4684 Paris.

2059 4691 2137 4756 tt)
2164 4694 2446 4756 lutet-rogat
2465 4691 2619 4756 Seml.

2060 4754 2137 4810 12)
2165 4757 2229 4807 Ut
2249 4754 2384 4809 obesi
2404 4754 2595 4810 Pamel.

2062 4819 2139 4885 ts)
2163 4820 2257 4885 me
2276 4819 2387 4885 Rig.
2414 4822 2584 4885 Venet.
2607 4820 2760 4873 Seml.
2796 4854 2801 4859 .

2062 4882 2138 4947 II)
2157 4882 2449 4947 Improbum
2468 4882 2616 4947 Rhea.

2055 4942 2132 5019 (ᾗ)
2157 4942 2573 5019 ρι’ἱηξενβεηιι.
2598 4944 2790 4997 Ρωηει.

2059 5128 2135 5197 18)
2159 5128 2581 5186 Coudemuaberis
2603 5130 2692 5185 alii
2716 5145 2781 5186 ea:
2809 5128 3040 5200 Vulgata.

1654 5290 2219 5356 COMMENTARIUS.

320 5425 403 5504 (ει)
582 5443 677 5504 ego
697 5426 869 5504 emitto
893 5426 947 5481 in
967 5442 1057 5504 nos
1078 5426 1240 5504 mala,
1257 5435 1364 5504 etc_.
1390 5425 1539 5504 Multi
1568 5430 1860 5504 su_nt_ejus-

246 5497 463 5561 mundi
490 5497 704 5556 loci'in
735 5497 1050 5569 Scripturis,
1101 5500 1296 5568 quibus
1340 5499 1564 5568 legitur:
1614 5497 1857 5556 inducam

242 5569 773 5699 i‘ii’ii'eg”'ii"2'i3"t’i
797 5571 1333 5699 ἑςνηπείαίγιῗθιβεε
1356 5570 1423 5627 ¹¹¹
1454 5571 1613 5643 Reg"
1652 5571 1747 5639 'x’
1788 5573 1853 5640 “

330 5656 576 5729 ueg.,ll,
603 5656 698 5700 τις
730 5656 772 5695 II
798 5656 1048 5722 tfarattp"
1083 5656 1185 5724 vlt.
1219 5656 1354 5699 I’AI.
1390 5715 1403 5728 .
1461 5715 1472 5726 ο
1684 5715 1696 5726 ⁸

562 5709 920 5767 recordatione
955 5712 1284 5789 plurtmum_
1299 5716 1493 5789 delicti.
1552 5714 1851 5789 Plurimum

242 5784 657 5852 atieﬂriliater,
706 5798 805 5853 pro
835 5794 890 5838 ut
912 5784 1211 5853 plurimum.
1241 5785 1535 5842 Terentius
1562 5785 1614 5841 itt
1670 5784 1848 5842 Phor-

234 5860 460 5919 tum:
504 5855 747 5914 Domum
782 5856 858 5910 ire
894 5870 1135 5927 pergam,
1178 5858 1266 5913 ubi
1304 5858 1582 5927 plurimum
1621 5867 1716 5915 est.
1757 5856 1848 5915 Sic

1963 5431 2126 5487 etiam
2170 5430 2365 5487 Noster
2390 5440 2553 5501 supra
2582 5428 2792 5487 locutus
2833 5442 2939 5491 est.
2968 5431 3141 5489 Latini
3167 5429 3431 5485 minimum
3464 5427 3570 5487 hoc

1959 5501 2091 5559 item
2118 5503 2280 5557 modo
2304 5510 2586 5570 usurpant.
2619 5502 2800 5558 RHBN.

2032 5572 2106 5646 (c)
2141 5574 2276 5628 Nam
2301 5581 2347 5626 et
2372 5573 2426 5646 in
2455 5587 2620 5646 greco
2643 5590 2767 5646 sono
2788 5583 2883 5628 etc.
2909 5574 3024 5631 Vox
3053 5578 3306 5646 psi-boui,
3333 5584 3430 5646 pro
3457 5584 3569 5640 quo

1957 5658 2023 5700 ex
2049 5642 2225 5714 grmco
2248 5642 2541 5714 paenitentia
2571 5643 2913 5714 transfertur,
2937 5661 2967 5701 a
2989 5642 3236 5714 psit-asotia,
3253 5642 3566 5714 derivatur,

1956 5710 2100 5785 quod
2138 5710 2257 5770 non
2293 5712 2472 5791 delicti
2511 5710 2945 5791 confessionem,
2977 5710 3071 5791 sed
3102 5711 3268 5791 animi
3306 5710 3569 5791 (demota-

1955 5780 2156 5856 tionem
2206 5782 2492 5856 significat,
2527 5783 2666 5837 sicut
2693 5794 2845 5856 patet
2880 5780 2948 5841 ei
2998 5782 3373 5856 Xenophonte,
3405 5780 3570 5856 initio

1954 5855 2052 5915 lib.
2071 5856 2109 5922 I.
2139 5849 2296 5930 Κύροῶ
2319 5857 2562 5922 eatacta;
2590 5849 2781 5914 etaliis
2799 5858 2990 5929 graecis
3012 5849 3385 5926 scriptoribus.
3416 5849 3561 5911 Pu.
