4008 6280
423 416 532 476 315

1839 409 2308 468 TERTULIJANI

3613 404 3723 463 5l6

422 524 557 585 Nam
587 525 688 583 etsi
719 525 889 583 Adam
936 533 1156 607 propter
1193 533 1392 581 statum
1421 525 1552 598 legis
1597 523 1812 582 deditus
1857 527 2013 580 morti
2043 523 2096 585 Α
2120 525 2187 580 sti
2221 525 2367 597 :jam
2396 530 2523 579 tunc
2569 524 2713 581 enim
2746 516 3133 597 providebaris.
3172 520 3437 591 Proinde,
3483 521 3527 578 si
3572 529 3628 577 ct
3667 520 3721 576 in
3776 560 3780 565 ρ

422 628 528 688 est,
548 617 643 675 sed
670 631 795 689 spes
820 617 869 674 ei
898 617 1041 673 salva
1070 627 1174 685 est,
1224 617 1436 673 dicente
1469 616 1696 673 Domino
1744 617 1894 692 (Gen.
1925 617 2015 686 Ill,

422 709 552 779 22):
587 710 720 765 Ecce
742 710 907 765 Adam
935 711 1100 782 factas
1125 718 1196 765 est
1224 719 1465 773 tanquam
1495 727 1625 765 unus
1654 727 1718 765 ea:
1747 709 1922 764 nobis:
1953 708 2021 766 de

424 800 604 859 futura
657 802 866 859 scilicet
925 803 1211 858 allectione
1264 801 1498 857 hominis
1552 802 1602 856 in
1662 802 2017 857 divinitatem".

426 895 688 967 Denique,
734 892 862 965 quid
902 894 1181 964 sequitur?
1204 891 1270 951 Et
1289 911 1441 950 nunc.
1470 912 1534 949 ne
1559 896 1763 969 quando
1785 895 2021 949 extendat

424 1005 651 1058 manant,
680 997 728 1042 et
754 997 919 1042 sumat
947 988 1011 1041 de
1037 987 1177 1058 ligno
1216 988 1352 1055 vita,
1377 998 1422 1042 et
1449 988 1578 1042 vivat
1623 989 1677 1042 in
1723 1004 1905 1043 mourn.
1938 989 2024 1044 In-

426 1090 719 1153 terponens
740 1079 881 1135 enim
911 1088 957 1134 et
986 1096 1151 1146 nunc,
1186 1079 1465 1150 prmseutis
1488 1080 1744 1152 temporis
1777 1081 2021 1149 verlmm,

428 1171 776 1244 temporalem
824 1180 879 1227 et
921 1171 987 1226 ad
1029 1186 1265 1242 przesens
1308 1172 1618 1228 dilationem
1668 1173 1790 1227 vita:
1830 1173 2024 1229 fecisse

426 1280 487 1322 se
531 1264 787 1322 ostendit.
838 1262 1077 1337 Ideoque,
1123 1280 1224 1320 nec
1270 1265 1548 1321 maledixit
1591 1266 1762 1337 ipsmn
1821 1265 2021 1333 Adam,

427 1371 529 1414 nec
580 1356 789 1420 Evam.
859 1366 916 1412 ut
972 1356 1051 1429 (a)
1102 1357 1459 1413 restitutionis
1512 1356 1615 1431 (1)
1668 1356 2024 1422 candidatos,

425 1456 486 1511 ut
538 1447 876 1504 confessione
942 1449 1226 1504 relevatos.
1279 1450 1409 1504 Cain
1464 1464 1595 1505 vero
1648 1460 1701 1505 et
1731 1451 1810 1521 (2)
1857 1451 2026 1505 male-

424 1541 579 1609 dixit,
608 1552 661 1598 et
685 1541 937 1612 cupidum
971 1554 1140 1597 morte
1168 1544 1317 1597 luere
1337 1542 1612 1609 delictum,
1646 1543 1780 1597 mori
1814 1544 2025 1597 interim

424 1638 612 1704 vetuit,
646 1643 703 1690 ut
724 1645 917 1707 prmter
937 1635 1252 1698 admissum,
1284 1636 1444 1689 etiam
1480 1635 1779 1705 negationis
1808 1638 1924 1705 ejus
1948 1635 2029 1708 ('5)

424 1733 723 1784 Oneratnm.
757 1729 879 1784 Ihec
904 1730 1007 1785 erit
1039 1729 1339 1800 ignorantia
1371 1729 1462 1785 Dei
1517 1730 1708 1793 nostri,
1741 1746 1859 1799 qua:
1905 1730 2029 1784 ideo

424 1821 785 1888 simulabitur,
817 1836 884 1877 ne
911 1821 1228 1892 delinquens
1260 1820 1440 1886 homo,
1472 1822 1599 1894 quid
1627 1822 1726 1876 sibi
1760 1822 2030 1894 agendum

2123 614 2576 688 promissionibus
2613 624 2705 672 aut
2744 615 3254 673 comminationibus
3278 616 3455 686 jurat,
3484 612 3646 670 fidem
3671 612 3724 668 in

2126 706 2432 778 primordiis
2459 707 2681 764 arduam
2710 718 3058 779 extorqueas,
3105 706 3241 763 nihil
3286 696 3397 763 Deo
3444 706 3723 781 indignant

2124 811 2227 867 est,
2261 799 2401 872 quod
2431 799 2594 856 efficit
2636 800 2744 856 Deo
2792 800 3041 857 credere.
3091 799 3234 856 Satis
3263 809 3315 854 et
3348 810 3474 854 tunc
3502 797 3727 869 pusillus

2128 895 2271 951 Deus
2297 895 2348 951 in
2382 896 2495 966 ipsa
2525 893 2684 949 etiam
2714 891 2913 949 ferocia
2954 907 3075 959 sua,
3098 907 3219 947 cum
3262 889 3333 947 ob
3354 889 3503 945 vituli
3533 904 3728 945 conse-

2125 988 2418 1044 crationem
2440 986 2760 1042 ell'eratnsin
2795 984 3070 1057 populum,
3098 985 3166 1040 de
3190 982 3391 1040 famulo
3421 997 3519 1039 suo
3547 991 3732 1053 postn-

2127 1078 2196 1134 lat
2230 1078 2411 1151 Moyse
2438 1078 2659 1153 (Exod,
2693 1076 2915 1142 XXXII,
2944 1075 3035 1149 10)
3064 1095 3077 1132 :
3104 1075 3231 1133 Sine
3259 1092 3371 1143 me,
3400 1084 3446 1131 et
3487 1074 3733 1147 indigna—

2127 1182 2206 1227 tas
2232 1173 2314 1227 ira
2342 1171 2455 1244 (10)
2485 1171 2777 1240 disperdam
2804 1171 2952 1235 illos,
2980 1179 3028 1224 et
3067 1172 3256 1242 faciant
3291 1176 3338 1235 te
3383 1169 3437 1222 in
3477 1168 3729 1222 nationem

2128 1282 2383 1335 magnam.
2409 1264 2562 1321 Unde
2581 1264 2857 1320 meliorem
2877 1262 3062 1319 soletis
3079 1260 3352 1317 affirmare
3377 1260 3594 1333 Moysen
3620 1258 3733 1315 Deo

2128 1373 2246 1423 suo,
2280 1357 2719 1430 deprecatorem,
2757 1356 2866 1411 imo
2918 1364 2971 1411 et
3018 1355 3408 1425 prohibitorem
3440 1355 3553 1410 irte.
3609 1352 3734 1408 Non

2128 1453 2285 1524 facies
2331 1453 2483 1516 enim,
2530 1451 2699 1523 inquit
2731 1449 2868 1523 (11),
2898 1449 3057 1517 istud,
3098 1459 3188 1504 aut
3213 1457 3258 1504 et
3287 1464 3367 1503 nte
3395 1464 3498 1502 una
3519 1463 3632 1501 cum
3662 1450 3735 1503 eis

2128 1540 2384 1613 impende.
2418 1543 2702 1600 Miserandi
2729 1544 2843 1617 (l2)
2873 1558 2968 1598 vos
2993 1556 3210 1615 quoque
3239 1556 3361 1596 cum
3394 1540 3620 1611 populo,
3646 1542 3736 1611 qui

2128 1637 2400 1693 Christum
2441 1653 2546 1693 non
2576 1638 2865 1711 agnoscitis
2897 1636 2950 1691 in
2979 1651 3210 1708 persona
3256 1634 3386 1691 illusi
3419 1635 3735 1705 figuratum,

2134 1730 2307 1786 Patris
2335 1729 2772 1801 deprecatorem,
2824 1737 2878 1781 et
2925 1727 3221 1783 oblatorem
3256 1728 3448 1783 anima:
3478 1739 3589 1779 snze
3640 1738 3739 1793 pro

2133 1823 2316 1894 populi
2346 1822 2535 1878 salute.
2566 1821 2670 1877 Sed
2698 1818 2915 1885 sufficit,
2946 1819 2988 1874 si
3008 1829 3059 1875 et
3078 1818 3242 1890 Moysi
3270 1819 3486 1890 proprie
3503 1817 3739 1873 donatus

424 1915 517 1982 sit,
567 1914 777 1986 ignoret
813 1915 916 1987 (4).
972 1914 1077 1971 Sed
1118 1916 1183 1970 ad
1231 1914 1518 1970 Sodomam
1560 1924 1615 1971 et
1664 1915 2019 1972 Gomorrham
2052 1919 2097 1979 Β
2124 1925 2207 1970 est
2240 1915 2477 1988 populus.
2508 1913 2573 1969 ad
2622 1928 2877 1984 praesens.
2904 1911 3061 1981 Quod
3090 1921 3144 1966 ut
3198 1909 3426 1966 famulus
3457 1911 3735 1982 postulare

426 2009 789 2065 descendens:
828 2008 1038 2075 Videbo,
1072 2008 1358 2082 ait‘(Gen.,
1391 2008 1575 2073 XVIII,
1604 2010 1720 2081 21),
1766 2012 1811 2066 si
1841 2028 2025 2066 secun-

425 2100 547 2157 dum
570 2101 841 2156 clamorem
872 2103 1239 2173 pervenientem
1278 2102 1346 2155 ad
1376 2119 1452 2157 me
1479 2113 1827 2159 consummant
1853 2103 1957 2177 (ὕ),
1982 2105 2027 2159 si

427 2211 543 2250 vero
570 2212 693 2261 non,
719 2205 771 2249 ut
795 2212 1091 2267 agnoscam.
1110 2196 1175 2250 Et
1198 2195 1306 2259 hic,
1333 2195 1599 2262 videlicet,
1630 2213 1692 2252 ex
1730 2199 2026 2268 ignorantia

428 2285 666 2344 incertus
713 2297 767 2342 et
806 2288 944 2343 scire
972 2287 1232 2359 cepidns?
1288 2303 1353 2342 an
1388 2287 1473 2343 hic
1502 2303 1669 2344 sonus
1716 2290 2030 2359 pronuntia-

343 2406 357 2428 ι
380 2405 398 2427 ι
428 2379 590 2435 tionis
620 2379 977 2444 necessarius,
1010 2395 1116 2435 non
1146 2378 1521 2447 dubitativum,
1563 2379 1657 2436 sed
1688 2380 2024 2435 comminati-

372 2517 397 2526 -
428 2488 554 2527 vum
595 2472 901 2544 exprimens
948 2488 1166 2529 sensum
1198 2473 1298 2528 sub
1346 2474 2029 2533 sciscitationis’obtentn?

427 2562 581 2633 Quod
609 2564 651 2619 si
697 2564 1257 2638 descensum-quoque
1303 2566 1398 2622 Dei
1439 2567 1650 2637 irrides,
1692 2570 1845 2641 quasi
1875 2570 2031 2626 aliter

430 2664 536 2709 non
569 2655 797 2725 potuerit
830 2656 1088 2726 perficere
1127 2657 1422 2727 judicium,
1477 2658 1578 2714 nisi
1628 2659 2029 2728 descendisset;

428 2745 551 2801 vide
583 2763 648 2802 ne
679 2756 826 2803 tuum
855 2765 1006 2821 :eque
1031 2749 1199 2806 Deum
1230 2750 1430 2823 pulses.
1450 2750 1581 2807 Nam
1608 2761 1664 2808 et
1691 2752 1778 2810 ille
1799 2753 2030 2811 descen-

429 2838 528 2911 dit,
559 2847 617 2893 ut
644 2839 785 2910 quod
818 2840 996 2904 vellet,
1022 2842 1279 2898 efficeret.

993 2932 1222 2991 CAPUT
1270 2933 1460 2993 XXVI.

501 3020 608 3079 Sed
634 3032 687 3079 et
708 3024 854 3095 jurat
888 3025 1045 3083 Dens.
1077 3026 1339 3100 Numquid
1376 3027 1517 3085 forte
1544 3032 1642 3101 per
1671 3029 1835 3087 Deum
1887 3029 2032 3087 Mar-

431 3116 639 3173 cionis?
666 3117 803 3184 Imo,
838 3117 1028 3190 inquit,
1059 3122 1200 3193 quod
1234 3122 1403 3179 multo
1434 3125 1622 3179 vanius
1656 3124 1758 3199 (6),
1811 3140 1906 3197 per
1948 3140 2032 3182 se-

434 3212 740 3283 metipsum.
785 3212 922 3282 Quid
953 3214 1119 3271 velles
1148 3215 1227 3288 (7)
1260 3216 1459 3272 faceret
1489 3217 1567 3288 (8)
1590 3261 1602 3283 ,
1645 3219 1688 3275 si
1716 3219 1853 3274 alius
1894 3218 2034 3277 Deus

2134 2017 2311 2079 posset
2341 2023 2370 2062 a
2403 2007 2648 2073 Domino,
2679 2004 2729 2060 id
2759 1996 3015 2061 Dn'minus
3043 2021 3079 2058 a
3104 2020 3163 2060 se
3190 2004 3497 2075 postulavit.
3522 2003 3601 2058 Ad
3633 2004 3736 2059 huc

2130 2103 2273 2158 extim
2307 2100 2505 2155 famulo
2549 2100 2686 2155 dixit
2722 2118 2734 2153 :
2778 2098 3047 2165 Sine'me,
3081 2109 3127 2153 et
3169 2096 3461 2170 disperdat):
3491 2096 3637 2160 illos,
3683 2106 3742 2152 ut

2132 2193 2220 2249 ille
2249 2190 2586 2262 postulando,
2640 2198 2697 2245 et
2734 2189 3083 2261 semetipsum
3136 2174 3411 2245 oll'erendo
3455 2204 3559 2244 non
3587 2182 3743 2244 sinci

2133 2292 2254 2348 ret;
2288 2294 2445 2354 atque
2472 2284 2543 2338 ita
2574 2281 2844 2349 diseeres,
2873 2290 3131 2355 quantum
3161 2282 3319 2339 liceat
3360 2280 3503 2338 fideli
3540 2290 3741 2352 etpra-

2134 2376 2309 2446 phetm
2334 2376 2473 2449 apud
2504 2377 2671 2432 Deum
2702 2375 2801 2447 (ιι).

2686 2467 2913 2526 CAPUT
2947 2466 3159 2525 XXVII.

2203 2565 2321 2621 Jam
2355 2580 2495 2621 nunc
2522 2573 2652 2620 utet
2677 2573 2872 2620 cmtera
2903 2562 3225 2634 compendio
3254 2562 3553 2632 absolvam,
3584 2577 3739 2634 qna:-

2134 2674 2346 2731 cunque
2372 2658 2545 2714 adhuc
2572 2667 2627 2713 ut
2658 2659 2847 2731 pusilla
2877 2669 2932 2714 et
2966 2658 3174 2712 infirma
3202 2667 3255 2713 et
3284 2657 3501 2730 indigna
3531 2657 3739 2729 Colligi-

2134 2753 2258 2825 gitis
2283 2752 2350 2806 ad
2372 2750 2795 2807 destructionem
2823 2750 3115 2816 Creatoris,
3144 2748 3373 2821 simplici
3405 2759 3458 2806 ct
3477 2761 3622 2806 certa
3649 2766 3737 2805 ra.

2135 2846 2282 2902 tione
2328 2860 2619 2917 proponam
2655 2863 2669 2900 :
2710 2844 2877 2899 Demn
2917 2858 3020 2898 non
3047 2844 3284 2914 potuisse
3308 2844 3572 2898 humanos
3610 2857 3741 2898 con-

2135 2954 2353 3012 gressus
2382 2940 2540 3007 inire,
2572 2939 2672 2995 nisi
2700 2936 2966 2994 lnunanos
2994 2947 3048 2994 et
3077 2952 3270 2993 sensus
3301 2946 3357 2993 et
3377 2936 3597 2994 all‘ectus
3621 2951 3785 3005 sus-7

2136 3034 2389 3104 cepisset,
2416 3048 2512 3104 per
2538 3048 2672 3105 quos
2700 3033 2806 3088 vim
2843 3032 3137 3104 majestatis
3179 3046 3315 3096 sum,
3349 3029 3739 3086 intolerabilem

2138 3126 2319 3197 utique
2343 3124 2590 3181 humana:
2620 3123 2999 3189 mediocritati,
3032 3122 3336 3179 humilitate
3386 3132 3739 3195 temperaret,

2138 3217 2238 3273 sibi
2262 3217 2477 3288 quidem
2509 3216 2746 3288 indigna,
2780 3215 2980 3271 homini
3006 3225 3187 3270 autem
3211 3215 3541 3283 necessaria;
3580 3222 3635 3270 et
3668 3215 3742 3270 ita

433 3318 538 3359 non
570 3314 684 3359 erat
732 3306 784 3360 in
826 3309 1150 3365 coiiscientia
1195 3311 1331 3380 ejus,
1386 3311 1484 3366 hoc
1512 3327 1632 3366 emn
1688 3312 1917 3368 maxime
1942 3310 2029 3383 jn-
2059 3308 2104 3372 C
2133 3312 2245 3385 jam
2277 3313 2384 3367 Deo
2431 3311 2593 3382 digna
2624 3354 2638 3376 ,
2680 3310 2801 3380 quia
2833 3308 2961 3363 nihil
3007 3320 3112 3363 tam
3141 3308 3363 3380 dignum
3395 3307 3527 3374 Deo,
3581 3324 3743 3379 quam

434 3396 602 3451 rantis
636 3396 713 3471 (9)
758 3399 921 3456 alium
952 3401 1155 3474 absque
1184 3418 1242 3459 se
1287 3406 1505 3460 omnino
1538 3422 1643 3462 non
1674 3408 1839 3463 esse?
1868 3404 2035 3479 Igitur

436 3488 770 3560 pejerantem
815 3491 1195 3561 deprehendis,
1230 3512 1296 3551 an
1345 3512 1480 3554 vane
1508 3498 1883 3569 dejerantem?
1927 3499 2034 3555 Sed

437 3595 540 3633 non
566 3593 744 3652 potest
770 3583 936 3641 videri
965 3587 1258 3657 pejerasse,
1293 3591 1381 3659 qni
1404 3589 1565 3645 alium
1584 3607 1705 3648 esse
1728 3608 1832 3647 non
1855 3591 2031 3660 scivit,

436 3682 494 3727 ut
514 3673 709 3755 dicitis.
734 3674 886 3745 Quod
913 3680 1054 3733 enim
1076 3681 1198 3747 scit,
1225 3679 1328 3737 hoc
1354 3682 1601 3752 dejerans
1622 3699 1771 3753 vere,
1796 3686 1903 3739 ndn
1937 3701 2032 3755 pe-

433 3741 645 3837 jeravii.
684 3766 789 3823 Sed
820 3783 918 3824 nec
945 3784 1080 3826 vane
1105 3770 1332 3841 dejerat,
1365 3773 1528 3829 alium
1564 3774 1730 3829 Deum
1761 3792 1867 3830 non
1889 3791 2030 3833 esse.

437 3855 588 3913 'I‘une
616 3860 757 3914 enim
810 3876 942 3917 vane
970 3862 1270 3934 dejeraret,
1301 3866 1344 3921 si
1379 3882 1483 3923 non
1514 3866 1738 3925 fuissent
1767 3871 1856 3943 qui
1899 3871 2033 3927 alios

437 3948 569 4007 deos
595 3952 897 4021 crederent,
932 3965 1056 4013 tunc
1077 3957 1291 4029 quidetn
1341 3960 1749 4018 simulacrorum
1779 3968 2032 4034 cultores,

438 4055 581 4097 nunc
609 4056 739 4099 vero
783 4055 837 4101 et
880 4047 1139 4105 haeretici.
1163 4049 1317 4106 Jurat
1345 4054 1505 4123 igitur
1537 4069 1633 4125 per
1659 4058 2031 4127 semetipsum,

440 4143 496 4186 ut
525 4134 611 4188 vel
637 4136 836 4204 juranti
883 4140 991 4195 Deo
1029 4142 1218 4197 credas
1264 4144 1427 4199 alium
1458 4147 1621 4202 Deum
1676 4149 1898 4204 omnino
1927 4167 2035 4208 non

440 4238 580 4283 esse.
612 4227 722 4285 lloc
752 4240 806 4287 ut
838 4231 979 4291 Deus
1026 4235 1246 4308 faceret,
1279 4246 1334 4294 tu
1363 4234 1574 4313 quoque
1603 4242 1834 4300 Marcion
1863 4246 2042 4317 coegi-

2139 3406 2283 3461 salus
2324 3403 2577 3459 hominis.
2616 3400 2691 3458 De
2731 3403 2834 3457 isto
2864 3398 3111 3472 pluribus
3140 3409 3513 3466 retractarent,
3544 3398 3587 3453 si
3617 3414 3743 3454 cum

2139 3497 2371 3552 ethnicis
2399 3512 2647 3567 agerem;
2694 3509 3002 3566 quanquam
3047 3503 3103 3549 et
3148 3508 3272 3548 cum
3323 3490 3593 3548 lueretieis
3636 3507 3745 3548 non

2142 3589 2312 3643 tunlto
2349 3586 2566 3645 diversa
2597 3584 2713 3657 (I5)
2756 3584 3065 3656 congressio
3104 3591 3228 3640 stet.
3256 3582 3532 3650 Quatenus
3557 3592 3611 3638 et
3642 3581 3746 3654 ipsi

2145 3683 2309 3739 Deum
2342 3681 2393 3735 in
2424 3681 2590 3754 figura
2611 3688 2665 3736 et
2686 3678 2737 3735 in
2766 3678 2972 3748 reliquo
2993 3676 3181 3732 ordine
3207 3675 3454 3731 humana:
3477 3674 3734 3730 conditio-

2142 3775 2225 3832 nis
2252 3775 2589 3831 deversatnm
2618 3771 2736 3845 (14)
2758 3770 2867 3844 jam
2894 3766 3219 3834 credidistis,
3252 3782 3357 3822 non
3386 3766 3609 3840 exigetis
3634 3767 3743 3821 uti-

2137 3885 2239 3942 que
2256 3868 2453 3924 diutius
2482 3865 2791 3940 persuaderi
2813 3864 2978 3920 Deum
2994 3860 3363 3917 conformasse
3383 3859 3743 3933 semetipsum

2137 3960 2479 4026 humanitati,
2512 3956 2605 4014 sed
2653 3956 2721 4014 de
2762 3965 2938 4011 vestra
2980 3954 3082 4010 fide
3108 3952 3473 4010 revincimini.
3507 3951 3563 4007 Si
3594 3954 3744 4009 enim
3772 3994 3779 3997 -

2144 4055 2304 4119 Deus,
2337 4062 2390 4109 et
2443 4051 2657 4123 quidem
2688 4048 2990 4111 sublimior,
3042 4052 3183 4101 tanta
3235 4045 3538 4100 lmn'tilitate
3591 4040 3746 4100 fasti-

2141 4149 2283 4221 gium
2315 4144 2609 4217 maiestatis
2641 4157 2754 4198 sua:
2786 4138 2995 4208 stravit,
3040 4148 3096 4193 ut
3136 4137 3295 4193 etiam
3325 4137 3483 4199 morti
3506 4134 3750 4208 subjice-

2145 4252 2229 4300 ret
2285 4242 2423 4317 (l5),
2470 4249 2525 4295 et
2553 4238 2711 4294 morti
2758 4234 2971 4301 crucis;
3023 4247 3119 4290 cur
3160 4247 3265 4288 non
3316 4229 3514 4317 putetis
3560 4239 3752 4288 nestro

1653 4358 2028 4417 LECTIONES
2064 4355 2476 4416 VARIANTES.

505 4455 576 4521 (1)
606 4457 916 4513 Restitutioni
940 4464 1091 4516 Rhea.

505 4520 575 4574 (Ξ)
598 4521 658 4571 Et
678 4520 806 4574 neat.
836 4525 937 4574 nia.
972 4531 1091 4574 ch

504 4520 577 4647 (ἐς
598 4521 658 4595 Et
678 4520 806 4588 negl.
972 4531 1136 4580 Venet.

520 4587 554 4647 ,5
605 4586 839 4647 lpxemplo
906 4604 1012 4641 ran.

529 4646 579 4706 4)
608 4646 866 4706 Ignoraret
886 4652 990 4703 alii.

529 4709 579 4779 if)
604 4709 901 4779 (qusument
928 4719 1070 4767 Pam.
1104 4723 1263 4772 I'enet.
1288 4716 1439 4779 Sani.

508 4769 583 4961 (δ)
611 4770 757 4844 uana
782 4787 950 4836 vanus,
975 4780 1104 4842 quod
1127 4769 1276 4833 Sani.
1298 4769 1489 4835 paria.

532 4834 558 4882 7
608 4832 773 4885 Vellet
798 4837 893 4902 (ut)
918 4838 1070 4892 Seml.

533 4897 585 4961 8)
611 4894 801 4948 Facere
818 4903 962 4955 Pam.
976 4906 1102 4957 Par.

532 4832 582 4902 Ἰ)
608 4832 773 4902 Eellet
798 4837 893 4902 (ut)
918 4832 1070 4892 Scinl.

533 4894 585 4961 8)
611 4894 962 4955 Facere'Pam.
976 4906 1102 4957 Par.

2046 4470 2121 4536 'D

2229 4470 2490 4540 91-59"“?
2510 4478 2691 4540 ’I’W-
2760 4530 2771 4540 .
2941 4527 2972 4540 ..
3028 4529 3040 4540 .
3111 4529 3123 4539 .
3211 4526 3260 4540 _.

2239 4525 2313 4653 11))
2338 4532 2437 4581 Pro
2458 4532 2737 4604 indignatus
2758 4530 2832 4579 ira
2854 4527 3000 4581 scrib.
3027 4529 3076 4579 in
3090 4529 3181 4577 'ira
3204 4526 3309 4595 Rig.
3340 4525 3514 4577 Venet.

2239 4599 2285 4647 11
2344 4596 2505 4653 Inquit
2528 4591 2655 4653 negl.
2681 4594 2835 4643 Seml.
3143 4651 3152 4653 _

2238 4591 2309 4653 11)
2344 4595 2505 4657 Inquit
2528 4591 2655 4657 négl.
2681 4594 2835 4643 Seml.

2238 4651 2310 4709 rei
2341 4651 2639 4709 Mis‘erandos
2658 4664 2771 4709 Jun.
2794 4653 3073 4707 miserando
3097 4651 3245 4705 Rhea.

2210 4708 2313 4780 (15)
2341 4708 2824 4770 Neccumhzereticis
2856 4717 3011 4767 multo
3043 4708 3747 4779 Wouw.deversanegt.San.

2240 4781 2312 4845 16)
2340 4782 2648 4845 Diversatnm
2666 4781 2963 4845 Rig._Venet.

2208 4782 2312 4910 (11)
2340 4782 2648 4856 Diversatum
2666 4782 2810 4895 11:27:}

2238 4848 2292 4897 [5
2338 4845 2679 4907 Suthceretur
2703 4857 2733 4895 α
2755 4856 2810 4894 ts.

2293 4657 2313 4912 ἒ

1827 4978 2385 5075 COMMENTARIUS.

518 5118 676 5208 CAI’.
709 5120 877 5179 XXV.
902 5155 979 5208 τ-
1008 5118 1083 5200 (a)
1113 5125 1466 5208 Restitutionis
1489 5130 1797 5189 canditatos.
1823 5130 2034 5191 Primos

449 5201 724 5275 parentes,
751 5201 1004 5275 quoniam
1037 5201 1288 5275 amissam
1333 5203 1637 5275 felicitatem
1673 5209 2031 5275 rccnperaturi

394 5296 405 5303 -
450 5274 646 5348 erant,
668 5275 822 5348 vocat
851 5269 1221 5348 _restilutionis
1241 5274 1554 5329 candidatos
1584 5292 1598 5329 :
1632 5278 1742 5343 pari
1785 5269 2033 5345 loquendi

453 5333 681 5418 [armilla
713 5336 967 5418 alioloeo
999 5343 1185 5418 utitur,
1215 5359 1337 5398 cum
1377 5333 1693 5401 :eternitaiis
1725 5333 2036 5403 candidatos

451 5405 603 5489 dicit.
638 5408 917 5489 (‘Z‘andidati
963 5405 1237 5489 supplices
1260 5418 1809 5489 erantetamblentes
1842 5420 2038 5489 magis-

457 5484 627 5559 tratus
648 5478 981 5559 lintntepsed
1005 5478 1349 5559 e't'canilidati
1380 5488 1469 5542 alii
1496 5488 1711 5545 fuerunt
1739 5490 1876 5545 inter
1902 5478 2041 5543 mili-

456 5558 572 5628 t_es_,
602 5551 692 5618 qui
724 5550 884 5628 veluti
920 5557 1224 5628 prmtoriaui
1247 5596 1262 5621 ,
1293 5571 1390 5612 seu
1423 5560 1590 5614 triarii
1611 5602 1625 5623 .
1657 5570 1747 5614 aut
1787 5562 2047 5628 Principis

458 5619 791 5704 defensores.
802 5619 1120 5704 animianus
1145 5619 1400 5695 Mareell.,
1426 5632 1515 5685 lib.
1534 5619 1674 5704 XXV
1697 5650 1709 5684 :
1734 5631 1859 5704 Cum
1876 5619 2049 5704 Julia-

459 5705 555 5743 nus
567 5694 700 5767 inter
710 5693 830 5767 belli
847 5695 1140 5767 discrimina
1155 5693 1459 5767 uersat-etin,
1488 5702 1775 5757 clamabant
1803 5702 2053 5756 Iliacinde

738 5780 905 5853 ,hqttos
924 5766 1193 5853 disjecerat
1220 5780 1416 5853 terror,
1443 5763 1496 5826 ut
1523 5774 1801 5853 fugientem
1829 5774 2047 5853 molem,

454 5838 703 5900 talionum
751 5837 951 5891 ruinam
977 5837 1109 5892 male
1153 5843 1416 5910 compositi
1450 5837 1708 5906 culminis,
1755 5837 2048 5900 declinaret:

1671 5913 1747 5969 Ls
1776 5914 1871 5970 Pn.

2142 5420 2298 5487 epist.
2316 5419 2382 5472 ad
2404 5417 2669 5473 Gaudent.
2687 5417 2918 5489 Cyrillus
2938 5417 3116 5482 Alex.,
3139 5419 3231 5475 lib.
3252 5419 3289 5472 V
3306 5418 3429 5473 adv.

2207 5134 2360 5190 CAP.
2389 5131 2581 5206 XXVI.
2596 5130 2759 5206 -τ-(ὺ)
2783 5131 2950 5206 Atque
2977 5131 3050 5187 ita
3072 5132 3315 5200 discercs,
3338 5140 3583 5206 quantum
3601 5133 3752 5193 liceat

2138 5207 2311 5281 ﬁdeli,
2343 5214 2464 5281 etc.‘
2491 5205 2751 5281 Similiter
2782 5204 2962 5281 locum
2993 5206 3133 5259 hunc
3164 5204 3572 5281 interpretatur,
3604 5208 3746 5281 quod

2141 5274 2335 5347 nempe
2360 5275 2584 5331 inultum
2606 5274 2857 5346 ponderis
2881 5275 3067 5347 haheat
3084 5278 3256 5332 oratio
3277 5274 3584 5333 sanctorum
3600 5274 3740 5347 apud

2145 5346 2333 5402 Deum.
2367 5347 2425 5402 Β.
2450 5348 2803 5419 Hieronymus
2848 5361 2966 5416 cap.
2986 5346 3079 5412 28,
3111 5348 3162 5402 in
3182 5348 3452 5403 Ezeeh.ca
3500 5392 3513 5406 .
3536 5346 3671 5413 XIiI,
3695 5360 3750 5402 et

2145 5420 2298 5476 enist.
2316 5419 2382 5472 ad
2404 5418 2669 5473 Gaudent.
2687 5388 2918 5476 Cvriilus
2938 5417 3116 5476 Ales..
3139 5419 3231 5475 lib.
3252 5419 3289 5472 V
3306 5418 3429 5473 adv.
3449 5363 3744 5476 fuliinmn.

3484 5432 3744 5475 tllnumn.

2144 5489 2367 5563 Atqnisi
2396 5490 2627 5563 apostoli
2669 5497 2717 5543 et
2751 5498 3025 5563 martyres,
3075 5491 3246 5560 inquit
3274 5491 3333 5545 Β.
3389 5489 3747 5563 Hieronymus

2154 5558 2276 5634 adv.
2312 5560 2671 5634 Vigilantiam,
2714 5558 2803 5614 ubi
2834 5558 2937 5613 huc
2982 5558 3505 5634 ipsnniesemplnm
3554 5558 3747 5632 M’nysis

2156 5631 2392 5714 adducit,
2426 5632 2599 5717 adhuc
2618 5632 2671 5685 in
2697 5647 2909 5701 corpore
2928 5631 3451 5717 constitutihpossant
3482 5631 3747 5717 ora‘repro

2156 5703 2371 5765 cwleris,
2427 5703 2630 5773 quando
2672 5718 2762 5768 pro
2808 5714 2860 5756 se
2909 5701 3087 5757 debent
3138 5701 3307 5758 adhuc
3353 5720 3459 5759 esse
3500 5701 3744 5769 solliciti,

2157 5785 2348 5844 quanto
2372 5776 2532 5845 magis
2556 5783 2665 5843 post
2694 5788 2928 5841 coronas,
2961 5775 3199 5829 victorias
3224 5784 3270 5829 et
3302 5776 3618 5845 triumphos?
3650 5774 3753 5831 Fa-

2157 5845 2482 5917 citproinde
2508 5848 2655 5900 loens
2684 5846 2784 5917 iste
2818 5859 2914 5915 pro
2939 5847 3274 5902 oratiunibus
3298 5845 3621 5902 Sanctorum
3652 5861 3762 5917 pro

2161 5915 2337 5985 nobis,
2364 5916 2525 5974 etiam
2556 5926 2676 5989 post
2702 5915 2841 5972 hanc
2887 5917 3086 5984 vitam;
3123 5916 3191 5974 de
3220 5917 3443 5990 quibus,
3470 5918 3551 5975 uti
3578 5929 3634 5973 et
3655 5915 3663 5917 ⁷
3682 5918 3773 5977 de
