4008 6280
288 369 391 427 SI?
1413 366 1539 424 LIB.
1582 366 1625 423 Il
1664 365 2027 424 ADVERSUS
2063 366 2489 425 MARCIONEM.
2718 372 2735 383 “
3488 349 3595 421 518

288 494 500 553 quoque
523 480 636 537 Deo
665 479 869 550 aliquas
894 479 1215 553 pusillitates
1250 479 1586 551 congruisse,
1622 478 1879 535 tolerahi-
1908 477 1961 538 A
1985 479 2341 560 exprobratis.
2371 480 2538 535 Deum
2563 479 2825 560 optimum
2844 478 3077 550 exigitis,
3098 476 3449 535 etlenitatem
3475 477 3591 546 ejus

285 574 446 630 liores
479 583 660 629 tamen
690 572 921 646 judaicis
958 573 1296 631 contumeliis
1335 573 1670 651 et‘patibulis
1711 581 1766 628 et
1794 586 1882 627 se-
1986 554 2303 641 benignitati
2335 554 2743 642 congruentem,
2772 587 2871 641 pro
2898 579 3057 641 captu
3082 568 3472 652 mediocritatis
3501 568 3595 624 Itu-

286 666 525 734 pttlcris?
573 665 657 719 An
684 664 766 719 ha:
792 673 918 721 sunt
949 665 1295 735 pnsillitates.
1337 680 1456 736 qua:
1488 665 1598 735 jam
1631 666 1708 738 (1)
1749 680 1884 735 prte-
1985 660 2157 716 mana:
2183 661 2444 732 dejectius
2470 657 2863 727 conver‘satam,
2896 672 2954 717 ut
2999 661 3344 733 pusillitatem
3397 660 3594 732 depree

278 756 523 828 judicare
568 757 841 814 debebunt
889 756 1200 824 Christum,
1244 759 1493 815 humanis
1542 759 1882 829 passionihus
1984 753 2147 809 tiatis.
2178 754 2284 810 Nec
2312 770 2534 826 magnus
2578 756 2731 811 vobis
2781 755 2988 826 placet,‘
3035 769 3136 810 nec
3181 754 3455 820 modicus;
3488 744 3644 857 nec;

282 849 571 920 objectutn,
604 847 722 919 ejus
754 849 845 905 Dei
875 864 996 905 esse
1017 890 1032 916 ,
1060 850 1144 904 cui
1178 848 1259 923 (2)
1294 851 1654 906 humanitates
1682 864 1878 919 expro-
1979 847 2165 916 judex,
2191 863 2289 903 nec
2310 850 2534 903 amicus.
2566 848 2727 917 Quid,
2752 849 2798 904 si
2825 863 2966 903 nunc
2995 846 3075 920 (8)
3103 847 3293 903 eadem
3317 855 3371 901 et
3392 848 3444 901 in
3492 862 3589 903 ve-

280 940 503 998 brantur
527 956 556 995 a
583 940 772 997 vobis?
798 940 926 995 Nam
955 950 1009 997 et
1039 942 1351 1012 profitemur
1376 942 1650 998 Christum
1665 957 1882 1011 semper
1982 948 2095 994 stro
2124 939 2630 1011 deprehendantur?
2665 941 2907 997 Iudicem
2940 940 3153 1012 quidem
3197 949 3254 995 et
3287 939 3438 995 illum
3466 955 3588 996 esse

281 1032 451 1103 egisse
480 1032 532 1086 iit
559 1032 651 1087 Dei
674 1032 847 1087 Patris
873 1033 1118 1101 nomine;
1141 1033 1395 1103 ipsnmah
1421 1033 1571 1087 initio
1586 1047 1877 1089 conversa-
1975 1032 2087 1101 jam
2113 1033 2446 1089 ostendimus
2470 1034 2523 1088 in
2548 1034 2729 1088 libello
2759 1049 2889 1099 suo;
2922 1043 2977 1088 et
3014 1033 3082 1088 de
3114 1030 3299 1103 judice
3330 1045 3586 1100 necessa-

280 1132 417 1191 tunt;
441 1124 616 1192 ipsum
641 1138 987 1194 congressum
1007 1139 1127 1179 cum
1145 1124 1471 1180 Patriarchis
1496 1135 1546 1180 et
1569 1124 1876 1195 Prophetis,
1979 1125 2058 1181 rie
2084 1140 2353 1192 severum,
2379 1136 2433 1182 et
2462 1126 2530 1181 de
2550 1141 2741 1182 severo
2769 1127 2909 1181 sicut
2935 1124 3017 1198 (9)
3048 1138 3277 1190 satvum,
3332 1124 3377 1179 si
3406 1132 3588 1179 tanten

279 1216 468 1272 Filiunt
485 1216 786 1282 Creatoris,
809 1218 1131 1277 Sermonem
1150 1218 1285 1289 ejus,
1317 1234 1475 1288 quem
1494 1233 1561 1273 ex
1585 1220 1876 1288 semetipso
1978 1231 2201 1272 saevum.

276 1306 599 1380 proferendo
633 1310 795 1363 lilium
841 1308 999 1375 fecit,
1030 1318 1084 1365 et
1112 1308 1190 1382 ('5)
1241 1309 1436 1365 exinde
1466 1311 1612 1364 ontni
1639 1308 1870 1380 disposi-

273 1403 397 1457 tioni
419 1417 535 1457 sua:
564 1403 931 1473 voluntatique
955 1402 1226 1474 pra-fecit;
1248 1402 1555 1458 diminuens
1576 1404 1723 1459 illum
1754 1420 1872 1459 nto-

270 1492 388 1549 dico
436 1496 573 1549 citra
627 1495 876 1566 angelos,
926 1498 1063 1550 sicut
1092 1495 1229 1566 apud
1280 1495 1441 1550 David
1481 1496 1564 1567 (4)
1616 1496 1870 1566 scriptum

2245 1359 2254 1371 .
2523 1309 2748 1367 CAPUT
2788 1309 3023 1367 XXVIII.

2046 1403 2197 1460 Nunc
2233 1414 2288 1460 et
2327 1403 2396 1460 de
2424 1403 2825 1474 pusillitatibus,
2860 1412 2916 1457 et
2947 1400 3390 1472 malignitatibus,
3421 1406 3584 1455 crete-

1975 1500 2157 1569 risque
2188 1500 2350 1563 notis,
2399 1507 2454 1553 et
2490 1498 2605 1568 ipse
2633 1496 2892 1551 adversus
2933 1494 3255 1549 Marcionem
3282 1492 3584 1548 antitheses

268 1597 344 1641 est
390 1584 510 1660 (Ps.
550 1585 687 1648 νιιι,
744 1586 843 1656 6):
877 1602 981 1659 qua
1026 1586 1383 1643 diminutione
1419 1588 1470 1642 in
1512 1590 1624 1641 ltzec
1658 1602 1872 1659 quoque
1974 1594 2194 1647 mmulas
2232 1592 2444 1647 faciam.
2485 1592 2540 1647 Si
2585 1590 2848 1661 ignoravit
2877 1589 3019 1643 Deus
3045 1602 3198 1644 meus
3241 1602 3365 1644 esse
3404 1587 3568 1642 alium

268 1677 561 1751 dispositus
589 1690 670 1735 est
692 1696 721 1733 a
752 1679 928 1747 Patre,
955 1696 1075 1751 quae
1102 1691 1159 1735 ut
1190 1680 1420 1736 humana
1450 1682 1866 1751 reprehenditis;

267 1771 511 1827 ediscens
532 1770 642 1840 jam
674 1770 797 1826 inde
836 1785 867 1825 a
896 1771 1213 1843 primordio,
1236 1771 1347 1841 jant
1399 1772 1522 1828 inde
1569 1771 1865 1837 hominem,

1971 1698 2134 1754 super
2158 1699 2239 1753 se,
2288 1684 2450 1739 etiam
2499 1693 2620 1738 tuus
2664 1684 2885 1737 omnino
2924 1696 3028 1736 non
3061 1681 3219 1736 scivit
3268 1694 3390 1736 esse
3416 1680 3579 1735 alium

1974 1776 2108 1833 infra
2139 1793 2219 1832 se.
2241 1776 2394 1843 Quod
2421 1777 2565 1831 enint
2592 1776 2667 1829 ait
2688 1774 2989 1830 Heraclitus
3018 1774 3108 1829 ille
3138 1772 3454 1828 tenebrosus
3478 1771 3576 1842 (ιι),
3614 1786 3633 1836 7

265 1861 548 1933 quodet-at
578 1862 788 1916 futurus
820 1862 873 1916 itt
908 1863 1029 1918 line.
1067 1862 1159 1917 IIle
1184 1875 1266 1917 est
1293 1863 1382 1935 qui
1411 1863 1717 1928 descendit;
1747 1863 1855 1930 ille,
1887 1872 1935 1933 Β
1962 1870 2148 1948 eidem
2176 1871 2257 1924 via
2286 1884 2497 1925 sursum
2523 1878 2579 1924 et
2603 1868 2877 1923 deorsum,
2938 1867 3177 1936 Denique
3202 1864 3246 1919 si
3292 1880 3399 1919 non
3429 1863 3581 1934 igua.

267 1957 348 2027 qui
376 1958 707 2026 interrogat;
733 1956 843 2021 ille,
861 1957 947 2026 qui
973 1957 1237 2027 postulat;
1262 1957 1370 2020 ille,
1395 1956 1482 2028 qui
1499 1952 1664 2028 jurat.
1689 1956 1864 2012 Ctete-

262 2059 371 2103 rnnt
428 2049 542 2120 (5),
601 2048 812 2104 Patrem
859 2050 1058 2104 nemini
1106 2050 1311 2114 visunt,
1362 2050 1522 2105 etiam
1580 2063 1865 2105 commune

262 2141 545 2197 testabitur
568 2140 926 2212 evangelimn.
961 2140 1174 2197 dicente
1199 2140 1443 2214 (Μαιιιιη
1471 2140 1563 2209 XI,
1586 2142 1679 2211 27)
1708 2140 1864 2197 Chri-

259 2240 338 2285 sto
370 2250 383 2286 :
415 2230 594 2287 Nemo
619 2226 853 2302 Cognovit
901 2231 1111 2288 Patrem
1142 2236 1240 2288 nisi
1263 2232 1460 2299 Filius;
1508 2234 1619 2305 ipse
1643 2236 1784 2289 cuitu
1810 2243 1863 2289 et

259 2321 429 2378 Veteri
443 2322 802 2379 Testamento
831 2328 1205 2396 pronuntiaret
1225 2324 1447 2396 (Exod.,
1468 2325 1708 2390 XXXIII,
1727 2327 1857 2397 20),:

259 2413 414 2469 Deum
442 2433 599 2470 nemo
634 2416 839 2486 videbit,
876 2428 922 2472 et
950 2420 1075 2473 vivet
1094 2437 1113 2489 ;
1162 2420 1372 2474 Patrem
1414 2421 1737 2476 invisibilem
1761 2421 1858 2476 de-

257 2509 576 2575 terminans,
611 2510 663 2563 in
701 2509 852 2579 cujus
881 2512 1199 2566 auctoritate
1248 2520 1302 2567 et
1346 2514 1562 2568 nomine
1607 2514 1720 2584 ipse
1745 2522 1862 2568 erat

259 2598 408 2666 Deus,
452 2595 554 2672 qui
598 2592 877 2656 videbatur
931 2602 1025 2657 Dei
1067 2603 1255 2658 Filius.
1303 2604 1407 2660 Sed
1453 2612 1509 2658 et
1554 2620 1718 2675 penes
1762 2620 1861 2660 nos

255 2689 498 2748 Christus
530 2691 584 2746 in
633 2707 859 2763 persona
884 2693 1081 2749 Christi
1114 2695 1373 2768 accipitur
1399 2698 1501 2767 (a),
1530 2697 1653 2767 quia
1676 2708 1727 2752 et
1757 2696 1860 2754 hoc

258 2783 408 2838 modo
428 2794 624 2839 noster
649 2795 750 2840 εει.
781 2785 946 2855 Igitur
970 2802 1300 2858 qumcunquc
1317 2788 1526 2859 exigitis
1546 2790 1655 2847 Deo
1675 2790 1854 2861 digna,

258 2874 594 2931 habebuntur
630 2877 683 2931 in
724 2876 881 2933 Patre
910 2877 1166 2933 invisibili
1205 2879 1739 2953 incongressibilique
1776 2885 1855 2956 (6)

255 2978 303 3021 rt
330 2970 565 3039 placido,
597 2984 650 3027 et
695 2971 776 3043 (ut
804 2975 873 3026 ita
920 2973 1172 3045 dixerim)
1236 2974 1676 3045 philosophorum
1723 2978 1853 3036 Deo.

253 3062 595 3147 Quncunque
647 3075 823 3120 autem
851 3074 909 3121 ut
937 3066 1149 3137 indigna
1178 3067 1593 3136 reprehenditis,
1623 3068 1854 3139 deputa-

253 3155 443 3212 buntur
467 3159 523 3213 in
551 3157 711 3225 Filio,
740 3168 793 3213 et
813 3160 948 3225 viso,
977 3167 1030 3214 et
1060 3159 1265 3225 audito,
1295 3168 1348 3215 et
1371 3175 1681 3231 congresso.
1713 3163 1856 3217 arbi-

1972 1972 2163 2029 rasset,
2189 1974 2245 2019 et
2265 1963 2333 2018 ab
2355 1963 2507 2018 initio
2524 1962 2574 2018 ei
2595 1962 2939 2017 occurrisset.
2964 1960 3225 2014 Delictum
3251 1968 3307 2014 et
3326 1966 3578 2022 mortem.

1958 2056 2031 2113 et
2061 2058 2233 2128 ipsum
2258 2050 2530 2111 auclorem
2558 2054 2739 2111 delicti
2765 2053 3038 2108 diabolum
3057 2093 3070 2116 ,
3099 2059 3155 2106 et
3174 2066 3336 2105 omne
3354 2050 3576 2117 malum,

1969 2148 2113 2219 quod
2146 2147 2260 2221 (10)
2291 2149 2439 2204 Deus
2488 2163 2639 2201 meus
2672 2161 2859 2217 passus
2886 2154 3154 2210 estesse;
3216 2142 3319 2198 hoc
3348 2150 3403 2197 et
3431 2153 3574 2209 tuus,

1968 2243 2058 2313 qui
2099 2243 2248 2299 illum
2300 2242 2405 2312 pati
2448 2255 2636 2311 passus
2685 2248 2787 2294 est.
2829 2237 3049 2293 Mutavit
3090 2235 3388 2307 sententias
3449 2249 3577 2290 suas

1971 2335 2112 2392 Deus
2143 2345 2350 2390 noster.
2377 2334 2611 2390 Proinde
2636 2347 2739 2401 qua
2770 2338 2825 2386 et
2850 2340 3049 2384 vester.
3091 2327 3190 2396 Qtti
3221 2327 3365 2382 enint
3409 2339 3577 2397 genus

1967 2426 2258 2482 humanum
2289 2436 2395 2480 tam
2426 2439 2550 2480 sero
2577 2423 2832 2492 respexit,
2888 2435 3007 2475 eam
3050 2417 3374 2473 sententiam
3400 2424 3574 2500 muta-

1963 2519 2061 2585 vit,
2109 2533 2210 2589 qtta
2256 2524 2404 2571 tanto
2431 2531 2548 2571 aevo
2584 2529 2689 2569 non
2722 2513 2982 2583 respexit.
3019 2509 3274 2566 Pmnituit
3312 2510 3362 2562 itt
3394 2507 3573 2577 aliquo

1926 2588 1935 2596 ’
1966 2609 2134 2665 Deum
2183 2618 2446 2665 nostrum.
2475 2606 2581 2662 Sed
2610 2613 2664 2661 et
2696 2617 2955 2659 vestrum.
3005 2603 3083 2658 Eo
3112 2602 3256 2657 enim
3285 2599 3424 2668 quod
3454 2608 3573 2654 tan-

1963 2702 2085 2759 dem
2116 2701 2496 2758 animadvertit
2520 2698 2585 2754 ad
2620 2697 2854 2752 hominis
2902 2695 3150 2779 salutem,
3199 2691 3569 2763 pmnitentiam

1962 2793 2406 2852 dissimulationis
2450 2792 2690 2862 pristina:
2736 2788 2881 2853 fecit,
2932 2786 3167 2842 debitam
3213 2784 3356 2839 malo
3404 2782 3565 2838 Iacto.

1963 2885 2133 2941 Porro
2166 2887 2365 2941 malum
2406 2884 2603 2939 factum
2632 2881 2977 2952 deputabitur
3022 2878 3349 2949 negligentia
3380 2872 3569 2931 salutis

1963 2976 2234 3043 humanm,
2289 2975 2504 3030 nonnisi
2551 2989 2645 3045 per
2684 2972 3056 3044 pmnilentiam
3106 2968 3387 3025 emendata
3426 2967 3566 3039 apud

1964 3068 2127 3122 Deum
2157 3077 2413 3122 vestrum.
2455 3064 2720 3120 Maudavit
2763 3063 3002 3117 fraudem
3038 3061 3177 3115 Deus
3203 3069 3419 3123 noster;
3468 3059 3564 3114 sed

1958 3164 2072 3219 auri
2091 3172 2140 3218 ct
2163 3164 2389 3234 argenti.
2412 3162 2625 3229 Quanto
2651 3170 2829 3215 autem
2855 3159 3016 3212 homo
3046 3156 3329 3227 pretiosior
3349 3170 3482 3209 auro
3509 3164 3565 3209 et

255 3258 333 3307 ιιι)
361 3251 536 3307 Patris
561 3260 619 3307 et
658 3251 925 3317 ministro,
961 3252 1221 3308 miscente
1249 3252 1303 3306 in
1342 3253 1635 3322 semelipso
1677 3254 1851 3309 homi-
1879 3268 1924 3331 ί]
1957 3266 2202 3328 argento,
2245 3264 2393 3310 tanto
2439 3251 2829 3308 lraudnlentior
2862 3251 3001 3305 Deus
3034 3242 3233 3314 vester,
3264 3247 3353 3319 qui
3385 3245 3562 3301 homi-

251 3356 366 3397 nem
394 3353 451 3399 et
480 3343 691 3409 Deum;
723 3342 776 3397 in
798 3342 1106 3409 virtutibus,
1135 3343 1334 3409 Deum;
1365 3344 1418 3399 in
1452 3344 1853 3416 pusillitatibus,

250 3432 559 3503 hominem;
594 3442 652 3491 ut
692 3444 895 3490 tantuttt
925 3435 1128 3491 homini
1156 3436 1416 3502 conferat,
1449 3446 1705 3506 quantmu
1744 3438 1852 3493 Deo

247 3524 476 3583 detrahit
521 3546 535 3582 :
574 3536 742 3583 totum
764 3527 996 3598 denique
1017 3528 1112 3583 Dei
1144 3528 1248 3584 mei
1278 3544 1442 3598 penes
1472 3544 1568 3584 vos
1590 3529 1845 3600 dedecus,

248 3630 646 3676 sacramentum
685 3629 771 3676 est
816 3619 1065 3676 bumante
1136 3620 1344 3676 salutis.
1417 3621 1850 3679 Conversabatur

248 3712 404 3779 Deus,
452 3723 516 3769 ιιι
569 3712 733 3769 homo
780 3714 960 3770 divine
1009 3729 1169 3786 agerc
1214 3714 1520 3772 doceretur.
1572 3717 1650 3772 Ex
1691 3734 1846 3788 aequo

244 3806 430 3875 agebat
475 3805 625 3861 Deus
668 3822 790 3862 eunt
837 3806 1077 3873 homine,
1105 3816 1176 3862 ut.
1194 3808 1354 3862 homo
1379 3824 1447 3865 ex
1491 3824 1646 3880 aequo
1687 3825 1847 3882 agere

245 3911 359 3953 cum
380 3899 494 3955 Deo
527 3909 732 3970 posset.
758 3901 894 3957 Deus
923 3901 1150 3972 pusillus
1177 3903 1426 3958 inventus
1449 3914 1551 3969 est,
1582 3914 1636 3959 ιιι
1682 3904 1846 3961 homo

243 3992 507 4049 maximus
537 3988 708 4049 fieret.
759 3994 861 4062 Qui
892 3995 1053 4051 talem
1101 3995 1269 4051 Deum
1308 3994 1635 4067 dedignaris,
1666 4002 1847 4053 nescio

242 4094 305 4135 an
330 4098 394 4138 ex
436 4083 550 4139 fide
594 4084 782 4165 credas
833 4085 999 4141 Deum
1044 4081 1378 4145 crucilixitm.
1416 4087 1622 4154 Quanta
1669 4089 1848 4161 itaque

243 4177 570 4243 pcrversitas
599 4185 773 4232 vestra
803 4192 928 4249 erga
956 4188 1242 4249 utrumque
1271 4180 1515 4235 ordinem
1537 4179 1844 4236 Creatoris?

241 4264 478 4324 Iudicem
503 4284 633 4326 eum
656 4270 966 4343 designatis.
993 4281 1047 4327 et
1073 4273 1416 4328 severitatem
1439 4274 1633 4344 judicis
1658 4276 1735 4348 (7)
1759 4290 1843 4331 se-

240 4361 469 4418 cundum
501 4364 693 4419 merita
719 4378 1029 4420 caussarum
1076 4375 1458 4437 congruentem
1508 4382 1601 4436 pro
1640 4368 1843 4424 srevitia

201 3973 225 4013 7

1960 3364 2083 3403 nem
2111 3348 2337 3401 Domino
2360 3356 2413 3401 et
2443 3344 2631 3400 Iactori
2652 3358 2750 3398 suo
2778 3341 2958 3411 eripit.
2989 3340 3214 3395 Oculum
3257 3355 3355 3410 pro
3405 3339 3564 3394 oculo

1957 3441 2190 3512 reposcit
2216 3441 2354 3495 Deus
2378 3448 2591 3502 noster;
2626 3435 2718 3491 sed
2750 3445 2804 3488 et
2833 3445 3013 3489 vester
3044 3433 3215 3486 vicem
3244 3429 3558 3501 prohibens,

1954 3533 2258 3589 iterabilem
2288 3532 2460 3604 magis
2506 3530 2750 3600 injuriam
2776 3527 2921 3583 facit.
2954 3526 3087 3595 Quis
3110 3526 3254 3581 enim
3288 3540 3394 3581 nou
3440 3541 3561 3579 rur-

1923 3627 2357 3699 ⁵εξεξρςειτιιιιίθι,
2416 3640 2523 3679 non
2565 3622 2958 3698 repercussus?
3003 3619 3207 3676 Nesciit
3253 3620 3372 3691 (Il)
3420 3619 3562 3674 Dens

1951 3728 2135 3774 noster
2156 3718 2339 3790 quales
2365 3717 2656 3789 allegeret?
2684 3714 2829 3786 Ergo
2879 3728 2978 3771 nec
3003 3721 3185 3773 vester
3213 3711 3407 3769 Iudam
3455 3722 3563 3766 tra-

1949 3810 2178 3867 tlitorem
2205 3811 2319 3884 (l2)
2346 3810 2650 3881 adlegisset,
2668 3809 2711 3863 si
2738 3806 3061 3877 prmscisset.
3079 3803 3170 3860 Sic
3195 3812 3252 3858 et
3276 3801 3559 3859 mentitum

1951 3904 2146 3958 alicubi
2174 3904 2310 3958 dicis
2339 3902 2650 3958 Creatorem
2680 3917 2692 3954 :
2726 3899 2882 3967 longe
2910 3896 3082 3965 majus
3110 3894 3445 3950 mendacium
3477 3900 3562 3948 est

1951 3994 2004 4050 itt
2029 4004 2120 4049 tuo
2157 3993 2391 4060 Christo,
2420 3994 2572 4062 cujus
2611 4006 2806 4061 corpus
2847 4004 2952 4042 non
2996 3987 3094 4041 fuit
3121 4000 3332 4042 verum.
3364 3983 3560 4040 Multos

1951 4086 2154 4141 saevitia
2196 4085 2288 4141 Dei
2321 4084 2426 4141 mei
2452 4080 2787 4152 absumpsit?
2818 4078 2965 4133 Tuus
2987 4092 3198 4147 quoque
3229 4075 3393 4140 Dens,
3423 4090 3559 4146 quos

1946 4180 2122 4235 salvos
2180 4195 2284 4233 non
2343 4177 2490 4243 facit,
2539 4178 2721 4245 utique
2762 4174 2816 4227 itt
2850 4172 3075 4227 exitium
3120 4169 3382 4240 disponit.
3417 4168 3558 4223 Deus

1948 4288 2097 4333 meus
2126 4273 2241 4344 (I5)
2265 4273 2494 4343 aliquem
2542 4270 2700 4340 jussit
2749 4266 2960 4323 occidi?
2999 4264 3147 4319 Tuus
3206 4263 3556 4333 semetipsum

1947 4369 2116 4422 voluit
2147 4366 2410 4433 interlici;
2442 4381 2555 4421 non
2586 4365 2762 4419 minus
2794 4359 3059 4417 homicida
3101 4358 3153 4413 in
3186 4356 3553 4425 semetipsum,

1422 4477 1809 4537 LECTIONES
1849 4480 2268 4541 VARIANTES.

298 4601 369 4664 (ι)
394 4602 530 4654 Hinc
549 4600 700 4654 inser.
726 4601 877 4656 Seml.

298 4665 372 4729 (2)
396 4665 552 4729 Cuius
573 4670 719 4719 Pam.
745 4666 896 4729 sentt.

327 4726 377 4781 5)
404 4726 633 4780 Ut'Pam.
659 4726 812 4781 Seml.

320 4789 369 4844 ἓιὶ
394 4789 524 4841 Eum
548 4790 693 4841 Pam.
719 4790 870 4844 Seml.

319 4852 372 4929 ξ)
392 4854 531 4929 Qui:
550 4852 990 4929 iusq{:_Sentl..gui
1008 4863 1121 4907 Jun.

390 4916 823 5029 Cognoscibiliquc
845 4914 951 4970 alii.

391 4977 458 5029 Ju
497 4993 574 5029 ten
607 4982 795 5029 Wouw.

315 4977 366 5032 7)
391 4977 574 5030 Judicii
607 4977 795 5032 Wout'v.

1870 4594 1922 4652 D

2033 4618 2065 4682 ‘8
2110 4615 2225 4688 Non.
2241 4613 2391 4668 Seml.
2418 4609 2606 4666 Pamel.
2626 4614 2758 4664 enim
2770 4609 2923 4669 Latin.
2948 4610 3069 4675 quid
3083 4607 3211 4673 quod
3227 4619 3355 4657 nunc
3371 4615 3551 4656 Wouw.

2033 4615 2549 4794 ﬁgisgrltiftte‘mllgt‘alum
2572 4751 2722 4794 quem
2739 4743 2837 4789 Lat.
2857 4745 2972 4788 Jun.
2999 4729 3151 4786 Seml.
3259 4783 3271 4793 _

2036 4692 2083 4728 III
2112 4692 2306 4728 δριιιειξι
2341 4692 2445 4728 ιλιι.

2138 4739 2346 4790 Omnem
2370 4739 2549 4802 malum
2572 4751 2722 4802 quem
2739 4743 2837 4789 Lat.
2857 4745 2972 4788 Jun.
2999 4729 3151 4786 Seml.

2037 4797 2693 4866 lt)l§escitSemt.PariteI.
2797 4859 2806 4866 _
3059 4865 3063 4866 ν

2036 4741 2091 4794 ιι)
2138 4741 2346 4790 Omnem
2370 4741 2549 4789 malum
2572 4751 2722 4802 quem
2739 4743 2837 4789 Lat.
2857 4745 2972 4788 Jun.
2999 4741 3151 4786 Scott.
3259 4783 3271 4793 _

2037 4804 2087 4853 ll
2135 4802 2307 4853 Nescit
2326 4800 2475 4854 Seml.
2503 4797 2693 4852 Pamel.
3206 4855 3218 4866 ,

2036 4741 2114 4931 te;
2138 4860 2244 4915 Non
2269 4865 2420 4916 inser.
2460 4858 2612 4916 Semt.
2635 4859 2822 4914 Pamet.
2850 4866 2895 4913 et
2911 4865 3095 4928 puncto
3118 4855 3342 4911 dividunt
3366 4864 3548 4908 vester.

1944 4927 2136 4978 Iudam.

2008 4989 2111 5054 (13)
2138 4989 2282 5042 Meus
2304 4989 2434 5042 abest
2454 4990 2609 5042 Fran.

2010 4614 2034 4929 ἔ

1622 5127 2181 5191 COMMENTARIUS.

236 5234 574 5311 inuentione
628 5240 864 5311 ipsorum
929 5239 1247 5303 Sanctorum
1273 5282 1289 5308 ,
1334 5240 1442 5297 late
1489 5245 1835 5302 tractavimus

463 5308 664 5439 insitus
698 5312 750 5371 in
808 5312 965 5385 epist.
1010 5312 1102 5376 57.
1164 5312 1230 5369 ad
1271 5312 1579 5371 Cornelium
1632 5315 1692 5371 Β.
1723 5316 1834 5390 Cy-

300 5420 710 5526 .Xnihl.
725 5483 796 5494 —
816 5450 893 5525 (a)
909 5455 1015 5510 Sed
1036 5464 1081 5510 et
1096 5457 1255 5522 penei
1270 5472 1363 5510 nos
1379 5455 1608 5512 Christus
1637 5459 1687 5511 in
1712 5475 1828 5526 per-

233 5538 357 5597 sona
372 5522 566 5597 Christi
578 5522 848 5597 accipitur.
862 5526 948 5579 Sic
964 5527 1161 5582 habent
1181 5528 1536 5597 exemplaria.
1554 5531 1641 5585 Ait
1653 5522 1827 5585 autem

234 5590 919 5668 §eptitniusgNemoltomo
944 5598 1109 5653 Deum
1139 5599 1269 5652 vidit
1291 5590 1495 5665 vivens,
1526 5601 1576 5654 itt
1599 5616 1825 5668 persona

438 5666 777 5740 scilicet.»At
794 5658 1037 5740 viderunt
1068 5669 1312 5724 homines
1352 5658 1561 5724 Patrettt
1586 5658 1638 5725 i'n
1669 5666 1823 5740 Filio,

603 5738 714 5807 egit
737 5736 902 5793 Filius
922 5740 974 5795 itt
1001 5742 1093 5796 Dei
1118 5741 1538 5813 l'atristtomine.
1558 5744 1713 5796 Pater
1732 5736 1826 5798 an;

236 5806 349 5935 ξιξ
366 5806 610 5936 Efﬂuit}
630 5806 922 5892 ιιιιιιηιειιιιι
935 5855 949 5877 ,
963 5814 1078 5893 sire
1091 5826 1228 5875 unus
1245 5812 1404 5894 Deus.
1421 5812 1509 5867 Sit:
1526 5813 1690 5894 lf‘ilius
1710 5816 1822 5884 ipse

326 5888 357 5934 ιι
418 5893 539 5951 eus,
559 5895 722 5956 quem
750 5874 989 5939 homines
1010 5883 1278 5939 viderunt.
1312 5885 1400 5938 Sic
1428 5883 1698 5939 Christum
1723 5900 1821 5941 nos

522 5923 539 5951 ν
559 5916 722 5956 ιιυυιη
751 5916 989 5939 uvuuuua
1016 5916 1147 5939 \Iuct
1164 5916 1278 5938 υιιιο
1313 5916 1400 5938 υιιι
1429 5916 1468 5937 ιι

1940 5249 2252 5315 Christiani.
2285 5266 2389 5308 non
2416 5248 2765 5316 Mareionitm,
2803 5248 3096 5319 accipimus
3120 5248 3254 5319 rsive
3295 5246 3548 5315 intelligi-

1937 5337 2057 5376 mus
2086 5322 2249 5376 Deum
2283 5323 2332 5381 itt
2357 5336 2583 5390 persima
2614 5320 2811 5374 Christi
2839 5336 2852 5383 ;
2883 5320 3004 5388 quia
3033 5327 3087 5374 et
3116 5318 3216 5371 hoc
3240 5318 3398 5372 modo
3443 5336 3543 5373 uo-

1935 5403 2047 5446 ster
2069 5404 2150 5446 est
2183 5394 2339 5446 Deus.
2373 5392 2499 5443 Nam
2530 5400 2581 5445 et
2616 5391 2776 5444 homo
2799 5391 3065 5445 Cltristus.
3096 5390 3214 5442 Ιίιο.

2004 5463 2045 5517 C
2076 5462 2599 5531 .P._XXVlll.—(b)
2632 5460 2922 5531 Heraclitus
2952 5459 3042 5513 ille
3068 5459 3381 5531 tenebrosus.
3403 5459 3542 5514 Obs-

1932 5528 2213 5591 curitatcin
2239 5533 2507 5588 alfectavit
2527 5532 2662 5585 adeo
2691 5530 3042 5600 philosophus
3070 5529 3178 5600 ille,
3207 5538 3261 5600 nt
3295 5528 3418 5582 inde
3452 5540 3539 5584 tc-

1934 5604 2194 5659 ttebrosns
2214 5620 2305 5658 seu
2322 5609 2555 5662 σκοτεινὸς
2579 5597 2824 5653 audierit.
2849 5597 3019 5669 Atque
3038 5599 3196 5669 etiam
3220 5597 3537 5669 imminente

1932 5686 2103 5729 morte
2135 5675 2262 5729 illud
2293 5672 2539 5743 loquendi
2572 5685 2737 5743 genus
2769 5666 3005 5743 retinuit.
3036 5666 3166 5743 Cum
3201 5667 3343 5718 enim
3392 5680 3532 5743 aqua

1929 5747 2191 5802 intercute
2228 5755 2279 5798 et
2318 5739 2555 5813 hy‘drope
2584 5742 2845 5794 laboraret
2868 5780 2879 5797 .
2903 5740 2981 5813 sci
3004 5739 3210 5813 citat-us
3247 5743 3331 5788 est
3350 5740 3532 5813 inedi-

1926 5832 2039 5882 cos,
2061 5835 2125 5873 :ttt
2147 5818 2275 5875 artis
2304 5803 2411 5867 sdi-
2441 5803 2787 5882 industriacx
2824 5806 3314 5882 itIIIHLOﬁICCIIQICIII
3347 5803 3534 5867 Iacere

1927 5872 2169 5958 possent.
2204 5889 2326 5942 ll.ec
2349 5884 2510 5940 refert
2532 5880 2797 5945 Laertius,
2825 5882 2915 5935 lib.
2950 5876 3039 5932 IX.
3074 5872 3153 5930 Le
3186 5873 3278 5926 l’n.
