4008 6280
244 220 347 287 321

1372 224 1505 285 LIB.
1544 226 1615 284 III
1652 226 2020 287 ADVERSUS
2055 227 2482 288 MARCIONEM.

3482 234 3593 296 522
3622 272 3625 281 -

254 376 275 408 ο
324 339 658 410 praedictum
677 340 745 396 sit
761 354 784 406 ;
808 340 977 413 idque,
1005 349 1253 410 quatenus
1267 341 1434 400 solum
1459 344 1713 401 hominem
1731 344 1871 400 arbi-
1900 346 1953 406 A
2048 347 2203 416 juxta
2230 348 2611 419 pradictionem
2635 347 2824 418 David,
2850 365 2965 420 qua:
2992 358 3158 406 tamen
3185 366 3347 423 neque
3382 353 3446 408 de
3474 354 3591 424 illo,

328 432 640 488 trabantur.
1486 478 1496 487 .

266 521 381 580 VII.
439 522 699 581 Convinci
726 534 893 581 autem
918 534 1153 598 turanne
1188 527 1384 585 duobus
1422 528 1610 585 Christi
1653 529 1881 585 adventi-

337 621 432 677 bus
451 661 471 689 ,
504 621 705 692 duplici
737 639 770 676 a
803 623 1059 693 prophetis
1096 623 1272 678 habitu
1316 624 1684 679 demonstratos
1702 640 1721 690 ;
1749 640 1877 695 quo.

337 728 460 768 rum
510 714 737 784 priorem
756 753 773 781 ,
813 714 1150 770 obscuriore»:
1177 725 1225 771 et
1269 714 1645 788 indigniorem,
1692 713 1884 770 intelli-

341 822 465 878 gere
489 815 540 861 ct
569 806 777 863 credere
801 822 900 861 non
926 816 1214 878 potuerunt.

275 904 408 960 VIII.
444 903 687 960 Posthtec
719 905 959 961 adversus
984 903 1354 973 Marcionitas,
1385 916 1432 961 et
1480 907 1611 962 alios
1655 906 1886 977 ipsorum

346 1015 586 1054 errorum
628 1007 883 1064 auctores,
934 997 998 1053 ab
1042 999 1274 1069 apostolo
1318 997 1524 1054 Joanne
1556 999 1886 1054 antichristos

347 1092 745 1164 pronuntiatos,
803 1090 1059 1147 Christum
1106 1090 1331 1162 defendit
1377 1076 1495 1147 vere
1525 1101 1574 1146 et
1626 1092 1681 1146 in
1735 1107 1888 1147 carne

348 1184 567 1247 venisse,
597 1185 677 1239 vel
701 1198 764 1238 ea:
786 1199 845 1239 eo
866 1183 1005 1249 quod
1028 1184 1218 1253 alioqui
1239 1168 1391 1239 etiam
1416 1184 1679 1238 christiani
1724 1183 1890 1237 nomi-

350 1279 431 1333 nis
476 1280 689 1345 fructus,
721 1292 857 1331 ntors
886 1275 1078 1331 Christi
1104 1277 1336 1347 neganda
1361 1277 1447 1343 sit,
1488 1286 1538 1330 et
1564 1275 1886 1330 resurrectio.

276 1370 373 1428 IX.
425 1370 608 1444 Neque
634 1369 735 1441 ipsi
758 1367 1035 1441 suﬁ‘ragari
1062 1368 1272 1440 angelos
1294 1360 1549 1423 Creatoris
1569 1409 1585 1435 ,
1617 1368 1765 1439 quasi
1790 1350 1890 1421 'illi

351 1464 408 1519 in
440 1460 796 1532 phantasmate
815 1462 1054 1532 putatione
1079 1462 1250 1514 carnis
1270 1460 1458 1530 egerint
1477 1455 1617 1532 apud
1632 1459 1892 1513 Abraham

353 1564 402 1611 et
448 1552 592 1620 Lot;
636 1561 681 1608 et
719 1562 886 1608 tamen
926 1536 1040 1607 vere
1065 1553 1166 1609 sint
1206 1552 1461 1624 congressi
1484 1561 1533 1606 et
1557 1551 1728 1623 pasti;
1754 1550 1892 1622 quod

353 1646 429 1721 ad
453 1644 775 1701 moriendum
798 1662 892 1714 pro
921 1644 1062 1701 nobis
1094 1661 1195 1701 non
1225 1653 1386 1700 essent
1416 1644 1672 1715 dispositi.

2054 455 2213 507 neque
2249 440 2313 495 de
2337 441 2445 510 ﬁlio
2476 442 2583 509 ejus
2620 442 2900 498 Salomone
2943 444 3103 514 possit
3140 443 3376 517 intelligi.

1983 528 2128 587 XXI.
2179 530 2388 587 Etenim
2417 549 2519 587 non
2545 532 2850 589 Judteorum
2893 536 3067 600 modo,
3097 535 3187 589 sed
3234 545 3281 589 et
3330 537 3597 592 nationum

2061 624 2376 678 vocationem
2399 624 2468 679 ad
2488 623 2747 681 Christum
2775 627 3046 696 Creatoris,
3078 625 3310 700 pluribus
3324 630 3598 701 scripturis

2059 714 2358 783 praedictam
2386 734 2514 774 esse.

1988 804 2158 862 XXII.
2216 807 2422 880 Quippe
2451 826 2566 864 cum
2594 826 2695 866 non
2724 812 2957 878 alterius,
2986 812 3077 867 sed
3100 813 3324 883 ejusdem
3351 813 3447 870 Dei
3467 833 3601 888 prte-

2059 899 2310 957 dicatores
2335 902 2639 973 Apostolos,
2683 915 2730 959 et
2767 906 2943 960 eadem
2978 922 3093 959 cum
3138 907 3337 962 Christo
3363 925 3602 980 passuros

2062 1003 2169 1047 tam
2191 993 2352 1063 ipsos,
2381 1012 2738 1067 quamomnes
2767 997 2963 1067 ﬁdeles,
2995 999 3354 1070 prophetatum
3374 1001 3457 1056 sit.
3558 1070 3575 1079 κ

1992 1084 2180 1141 XXIII.
2249 1085 2683 1143 Verumeuimvero
2710 1130 2726 1155 ,
2781 1090 2900 1159 quia
2960 1107 3075 1145 cum
3134 1090 3334 1148 Judwis
3393 1093 3607 1165 negabat

2068 1178 2327 1233 Christum
2378 1181 2572 1235 venisse
2623 1180 2857 1236 Marcion
2881 1224 2896 1247 ,
2944 1183 3164 1237 ostendit
3212 1185 3404 1239 exitum
3458 1185 3484 1257 (
3505 1186 3609 1242 sive

2065 1273 2273 1329 exitium
2296 1273 2321 1343 )
2371 1274 2620 1345 ipsorum,
2655 1292 2799 1347 quem
2828 1276 2890 1330 ob
2914 1277 3225 1348 impietatem
3263 1279 3315 1333 in
3348 1277 3608 1335 Christum

2065 1368 2280 1422 relaturi
2320 1370 2766 1440 praedicabantur,
2793 1374 2901 1442 iam
2930 1375 3233 1444 completum
3280 1392 3405 1431 esse.
3457 1376 3610 1442 Quod

2067 1480 2194 1518 vane
2219 1465 2383 1533 ﬁeret,
2412 1465 2457 1518 si
2497 1473 2705 1535 pr0pter
2731 1464 2990 1520 Christum
3023 1464 3115 1519 Dei
3153 1467 3359 1522 alterius
3388 1468 3441 1521 id
3468 1478 3610 1541 pate-

2066 1566 2261 1618 rentur,
2285 1558 2372 1628 qui
2398 1556 2459 1612 ab
2487 1557 2685 1614 tumulis
2706 1557 2866 1624 illius,
2894 1576 3075 1628 nempe
3100 1560 3432 1630 potestatibus
3454 1562 3610 1617 Crea-

2072 1651 2217 1717 toris,
2236 1651 2288 1704 in
2303 1667 2503 1705 crucem
2527 1663 2669 1705 actus
2692 1661 2853 1717 esset;
2879 1669 3037 1723 neque
3054 1653 3186 1708 enim
3214 1655 3378 1725 potuit
3399 1654 3611 1711 Creator

278 1742 359 1801 Χ.
401 1741 469 1799 Si
493 1750 664 1796 autem
679 1754 884 1794 carnem
914 1738 1144 1793 Christus
1179 1749 1421 1808 tanquam
1442 1736 1903 1808 indignamusper—
1931 1740 1980 1800 Β
2078 1742 2276 1809 ulcisci,
2320 1743 2418 1797 nisi
2444 1759 2596 1798 suum
2625 1742 2902 1799 Christum.

312 1890 323 1893 _
358 1845 517 1892 natus
545 1843 656 1898 est;
679 1831 1055 1904 dedignandam
1075 1833 1228 1886 etiam
1247 1831 1323 1885 illi
1345 1831 1503 1902 fuisse
1538 1831 1679 1887 illius
1708 1831 1895 1903 integi-

357 1944 501 1994 nem,
527 1941 588 1982 eo
612 1924 751 1997 quod
776 1934 964 1980 statum
984 1933 1221 1995 sequatur
1241 1922 1541 1977 similitudo.

280 2020 384 2079 XI.
422 2019 494 2075 Et
521 2035 637 2074 vero
666 2034 767 2073 non
793 2027 927 2073 recte
957 2014 1267 2072 Marcionem
1296 2017 1577 2088 putativam
1608 2016 1660 2070 in
1699 2016 1901 2072 Christo

359 2111 736 2182 corpulentiam
761 2111 1034 2165 asseruisse
1053 2151 1069 2179 ,
1098 2126 1160 2164 ne
1186 2110 1498 2165 nativitatem
1528 2109 1637 2180 ejus
1656 2124 1901 2181 agnosce—

360 2223 421 2262 re
466 2216 764 2279 cogeretur;
812 2206 933 2277 quia
982 2214 1178 2277 poterat
1225 2206 1376 2260 etiam
1423 2204 1702 2276 putativam
1759 2204 1905 2258 illam

365 2298 685 2355 nativitatem
724 2297 1175 2376 accommodasse;
1205 2314 1423 2368 quorum
1461 2306 1694 2353 neutrum
1736 2307 1906 2353 tamen

367 2393 535 2464 possit
563 2392 856 2459 consistere,
885 2406 944 2445 eo
969 2389 1106 2463 quod
1135 2388 1247 2446 Deo
1277 2391 1441 2464 magis
1480 2401 1731 2464 competat
1777 2392 1907 2447 veri-

369 2499 456 2544 tas
477 2529 495 2553 ,
524 2503 677 2559 quam
706 2486 1046 2542 mendacium.

294 2581 421 2640 XII.
472 2579 624 2636 Nihil
671 2582 822 2637 etiam
873 2574 1044 2651 [eicere
1089 2590 1267 2635 contra
1315 2578 1570 2636 Christum
1620 2577 1908 2646 Creatoris,

372 2675 514 2746 quod
556 2674 621 2730 ab
668 2673 811 2730 Isaia
856 2672 1162 2728 Emmanuel
1186 2672 1443 2728 vocandus
1483 2672 1767 2736 scribatur;
1809 2688 1910 2743 quo

381 2767 591 2824 nomine
618 2784 720 2823 non
746 2776 821 2822 est
847 2765 1046 2832 editus;
1077 2765 1200 2835 quia
1226 2765 1429 2836 sufﬁcit,
1474 2765 1611 2836 quod
1644 2756 1910 2837 signiﬁca-

379 2863 539 2926 tione,
568 2875 668 2914 non
695 2875 842 2928 sono,
875 2858 1130 2916 nobiscum
1154 2857 1292 2915 Deus
1326 2859 1479 2931 fuerit
1512 2857 1767 2913 Christus.

302 2953 453 3011 XIII.
494 2951 675 3026 Neque
718 2954 876 3008 etiam
929 2969 1019 3025 per
1059 2953 1292 3007 virtutem
1341 2950 1607 3017 Damasci,
1656 2963 1703 3006 et
1749 2951 1916 3023 spolia

381 3047 662 3114 Samaria,
692 3057 741 3103 et
769 3064 935 3120 regem
961 3046 1289 3118 Assyriorum
1329 3046 1467 3118 (qua:
1486 3044 1688 3102 Christo
1717 3061 1917 3099 accent-

2004 1831 2195 1888 XXIV.
2243 1831 2475 1903 Denique
2499 1835 2764 1889 occasione
2789 1836 2901 1906 ejus
2928 1835 3066 1906 quod
3105 1836 3341 1893 Marcion
3388 1838 3612 1906 dicebat,

2075 1924 2364 1980 restitutam
2392 1926 2456 1980 iri
2496 1925 2738 1982 Iudaeam
2768 1943 2800 1980 a
2843 1926 2952 1982 Deo
2995 1945 3112 1997 suo,
3161 1930 3418 1984 remittens
3463 1932 3619 1984 lecto-

2075 2034 2183 2073 rem
2228 2022 2297 2074 ad
2341 2009 2542 2077 ιιὶιιιυιι
2599 2038 2671 2077 tv.
2722 2037 2992 2078 sovensus
3041 2039 3349 2080 MARCIONEII
3395 2025 3458 2080 de
3502 2025 3621 2079 sinu

2076 2110 2330 2179 Abrahae,
2359 2124 2405 2169 et
2431 2115 2501 2168 ad
2526 2130 2656 2170 OPUS
2685 2128 2755 2170 ne
2796 2130 2891 2171 sps
2934 2131 3185 2172 rtnuuuu
3215 2118 3279 2172 de
3307 2118 3441 2172 dicta
3469 2119 3615 2173 resti-

2081 2212 2274 2266 tutione
2296 2207 2519 2277 Juda'ae,
2550 2208 2651 2263 late
2680 2209 2761 2263 hic
2791 2209 2944 2263 etiam
2971 2211 3291 2281 prosequitur
3314 2212 3619 2266 millenario-

2079 2320 2194 2358 rum
2224 2302 2499 2373 sgmnium,
2528 2301 2591 2354 de
2616 2317 2716 2371 quo
2739 2300 2895 2356 latius
2922 2302 3055 2356 inter
3082 2303 3349 2372 paradoxa
3363 2304 3617 2360 Auctoris.

2008 2398 2343 2456 Scntr'runus
2391 2394 2740 2450 Tertullianus
2794 2395 3036 2451 adversus
3083 2413 3211 2468 opus
3254 2397 3534 2454 Marcionis
3559 2417 3624 2455 ea:

2083 2490 2506 2546 eontrarietatum
2535 2488 2939 2559 appositionibus
2975 2491 3251 2547 autitheses
3290 2494 3622 2562 cognomina-

2084 2593 2212 2649 tum,
2232 2582 2299 2635 ad
2323 2581 2693 2651 separationent
2715 2578 2865 2652 Legis
2881 2590 2926 2634 et
2952 2580 3223 2655 Evangelii
3247 2595 3501 2650 coactum,
3521 2602 3624 2655 qua

2085 2675 2214 2730 duos
2244 2673 2377 2730 Deos
2402 2673 2647 2738 diversos,
2679 2675 2901 2728 alterum
2954 2672 3168 2742 Veteris,
3211 2675 3432 2731 alterunt
3479 2675 3618 2733 Novi

2090 2766 2402 2823 Testamenti
2431 2764 2705 2833 dividebat,

2016 2862 2077 2918 C.
2111 2861 2151 2916 I.
2205 2859 2456 2931 Inprimis
2499 2859 2836 2913 diversitatem
2888 2852 3258 2932 prleceplorunt
3305 2870 3351 2918 et
3399 2862 3629 2936 discipli-

2090 2967 2275 3006 narum
2296 2967 2394 3005 non
2424 2966 2636 3021 negans,
2660 2948 2713 3004 in
2734 2965 2893 3004 unum
2919 2960 2966 3003 et
2994 2952 3222 3006 eumdem
3243 2953 3411 3008 Deunt
3433 2971 3631 3027 compe-

2094 3056 2198 3102 tere
2241 3046 2594 3109 demonstrat;
2622 3059 2685 3098 ex
2710 3060 2769 3098 eo
2799 3044 2935 3114 quod
2977 3044 3088 3115 ipse
3126 3043 3266 3101 Deus
3292 3046 3503 3103 Creator
3540 3066 3632 3120 per

382 3146 561 3200 modat
580 3143 751 3200 Isaias
768 3143 794 3214 )
825 3144 1116 3200 bellatorem
1136 3142 1282 3198 illum
1310 3140 1581 3212 portendi;
1607 3139 1695 3196 sed
1723 3141 1917 3211 ﬁgura-
1945 3129 1991 3194 C
2100 3139 2391 3209 PrOphetas
2414 3154 2533 3193 suos
2560 3137 2716 3191 aliam
2739 3137 2895 3209 legem
2924 3153 3127 3204 novam,
3174 3137 3443 3211 Evangelii
3484 3158 3631 3194 nent-

383 3239 438 3295 ri
485 3255 664 3311 ntagos
714 3238 1019 3306 Orientales,
1049 3236 1308 3293 Christum
1344 3235 1398 3290 in
1438 3235 1660 3307 infantia
1703 3250 1831 3290 auro
1877 3243 1922 3288 et

398 3333 553 3389 thure
569 3341 910 3388 numerantes.

312 3434 464 3494 XIV.
518 3429 658 3486 Nam
685 3436 733 3484 et
755 3425 878 3482 ahbi
916 3425 996 3496 (in
1038 3421 1265 3479 Psalmis
1309 3436 1489 3494 nempe
1525 3429 1572 3476 et
1615 3421 1926 3493 Apocalypsi

387 3521 642 3593 Joannis)
694 3522 912 3594 ﬁgurate
947 3533 1091 3572 arma
1126 3515 1306 3571 bellica
1346 3514 1550 3571 Christo
1577 3514 1817 3569 adscribi.

316 3618 447 3678 XV.
496 3615 830 3685 Prosequitur
853 3611 1087 3680 deinceps
1108 3649 1121 3675 ,
1153 3607 1342 3663 Christi
1380 3622 1560 3663 nomen
1589 3622 1691 3661 non
1719 3622 1925 3677 compe-

396 3722 505 3767 tere
534 3706 734 3764 Christo
766 3703 1044 3760 Marcionis
1063 3718 1082 3768 ;
1104 3711 1211 3756 tum
1230 3700 1365 3767 quod
1388 3701 1651 3772 proprium
1674 3700 1738 3755 sit
1756 3700 1927 3769 unius,

395 3814 449 3861 et
478 3813 649 3859 tamen
675 3799 824 3854 etiam
840 3796 1093 3853 Creatoris
1118 3793 1347 3849 Christus
1371 3793 1427 3847 id
1451 3808 1633 3848 nomen
1657 3792 1886 3846 habuerit
1915 3809 1928 3859 ;

401 3909 512 3955 tum
538 3894 675 3967 quod
702 3891 860 3963 ungui
884 3906 988 3945 non
1013 3887 1251 3961 potuerit,
1275 3885 1360 3958 qui
1397 3902 1580 3957 corpus
1608 3902 1709 3939 non
1735 3885 1931 3951 habuit,

401 4000 454 4048 et
484 3984 703 4062 proinde
727 3982 979 4049 Christus,
1014 3978 1070 4034 id
1101 3986 1174 4035 est
1199 3986 1401 4047 unctus,
1429 3978 1599 4033 vocari
1622 3976 1763 4031 nullo
1784 3975 1934 4031 modo

402 4083 596 4157 potuit.

323 4178 482 4239 XVI.
539 4173 709 4248 Multo
724 4172 896 4227 minus
923 4182 1104 4224 nomen
1133 4165 1280 4229 Iesu,
1307 4179 1453 4235 quem
1486 4159 1658 4235 ,ιτςάωί
1697 4177 1798 4216 non
1846 4176 1938 4214 ea:-

408 4276 665 4343 spectant,
691 4274 738 4321 et
766 4263 968 4320 Christo
996 4258 1250 4315 Creatoris
1278 4256 1535 4326 competit,
1567 4271 1626 4310 eo
1650 4253 1788 4326 quod
1813 4252 1943 4307 nihil

410 4376 685 4420 commune
705 4373 812 4416 esse
829 4356 1006 4413 debeat
1030 4353 1229 4413 Christo
1249 4351 1459 4407 alterius
1484 4348 1576 4404 0ιὶ
1603 4364 1715 4403 eum
1741 4346 1943 4403 Christo

411 4455 692 4516 Creatoris.

2101 3249 2182 3304 pe,
2215 3234 2462 3286 orituram
2513 3229 2807 3300 pra'dixerit
2835 3245 2928 3299 pro
2969 3227 3153 3296 Veteri,
3199 3247 3261 3286 ac
3281 3241 3634 3289 testamentum

2097 3335 2343 3379 wternum
2365 3339 2458 3394 pro
2480 3322 2768 3391 temperati.

2531 3413 2764 3471 CAPUT
2817 3413 3100 3472 PRIMUM.

2100 3508 2404 3567 Secundum
2435 3507 2657 3578 vestigia
2707 3507 2914 3578 pristini
2957 3508 3156 3577 operis,
3189 3509 3333 3580 quod
3373 3511 3635 3570 amissum
3679 3526 3700 3571 έ

2032 3605 2327 3661 reformare
2358 3616 2789 3673 perseveramus,
2816 3600 2926 3670 jam
2968 3600 3096 3657 hinc
3130 3602 3263 3658 ordo
3302 3603 3373 3659 de
3399 3602 3636 3674 Christo,

2035 3697 2159 3754 licet
2186 3712 2251 3753 ex
2281 3694 2588 3761 abundanti,
2621 3703 2742 3764 post
2766 3692 3049 3749 decursam
3077 3694 3440 3752 defensionem
3470 3698 3642 3755 IIIIIHB

2034 3789 2348 3846 divinitatis.
2407 3788 2511 3859 (a)
2585 3788 2730 3843 Satis
2785 3789 2983 3842 ctenim
3063 3787 3467 3861 pra-judicatum
3519 3801 3640 3861 est,

2036 3882 2310 3939 Christum
2338 3896 2443 3935 non
2474 3879 2695 3935 alterius
2718 3881 2806 3935 Dei
2841 3881 3265 3950 intelligendum,
3291 3899 3447 3953 quam
3475 3884 3642 3941 Crea-

2039 3975 2190 4042 toris,
2220 3991 2339 4029 cum
2381 3972 2797 4028 determinatum
2826 3982 2929 4039 est,
2960 3972 3124 4028 alium
3168 3974 3333 4031 Deum
3364 3992 3470 4031 non
3521 3994 3645 4034 cre-

2039 4067 2272 4125 dendum
2305 4075 2501 4136 praeter
2527 4061 2861 4131 Creatorem,
2890 4080 3048 4137 quem
3079 4065 3215 4122 adeo
3242 4066 3489 4124 Christus
3508 4085 3649 4141 pia:-

2041 4160 2318 4225 dicaverit,
2359 4168 2414 4214 et
2440 4158 2696 4230 deinceps
2724 4160 2963 4229 Apostoli
2992 4175 3096 4216 non
3129 4161 3349 4217 alterius
3376 4163 3649 4221 Christum

2043 4252 2502 4317 annuntiaverint,
2542 4268 2703 4322 quam
2736 4252 2854 4322 ejus
2900 4253 3016 4319 Dei,
3046 4269 3209 4324 quem
3237 4254 3486 4312 Christus
3514 4273 3652 4325 pra:-

2045 4350 2261 4413 dicarit,
2298 4347 2348 4401 id
2375 4354 2457 4401 est
2483 4345 2857 4412 Creatoris,ut
2880 4345 3024 4400 nulla
3052 4347 3256 4400 mentio
3282 4347 3502 4402 alterius
3534 4349 3650 4414 Dei,

2049 4451 2211 4513 atque
2235 4441 2304 4494 ita
2327 4454 2428 4495 nec
2443 4437 2666 4493 alterius
2681 4435 2878 4491 Christi
2901 4437 3096 4507 agitata
3113 4439 3181 4492 sit
3203 4447 3327 4496 ante
3339 4440 3653 4496 scandalum

240 4602 259 4623 ,
332 4551 511 4612 XVII.
542 4548 711 4604 Porro
737 4545 917 4602 iisdem
948 4558 1075 4614 pene
1109 4539 1291 4606 verbis,
1331 4538 1527 4606 eadem,
1549 4551 1664 4608 quas
1695 4550 1854 4607 supra
1887 4535 1949 4588 li-
1973 4526 2027 4588 D
2055 4534 2357 4593 Marcionis.
2391 4531 2666 4587 Facillime
2707 4530 2808 4586 hoc
2849 4531 3106 4601 probatur
3137 4534 3551 4603 apostoliearum
3598 4546 3656 4592 et

416 4644 512 4700 bro
538 4642 781 4697 adversus
804 4636 1017 4692 Judteos
1038 4676 1053 4702 ,
1079 4628 1626 4703 Scripturarumatfert
1663 4626 1950 4684 testimonia

418 4739 488 4791 de
516 4728 877 4802 contemptibili
904 4726 1092 4786 Christi
1118 4726 1173 4780 in
1202 4722 1438 4796 passione
1466 4720 1660 4777 habitu.

337 4826 540 4890 XVIII.
580 4823 724 4881 .Item
749 4830 798 4879 et
827 4821 890 4878 de
913 4820 1051 4876 exitu
1078 4819 1190 4891 ejus
1223 4832 1313 4890 per
1345 4814 1630 4888 passionem
1662 4812 1829 4869 crucis
1847 4854 1862 4881 ,
1890 4827 1953 4867 ea:

421 4917 796 5001 Pentateucho.

336 5014 504 5075 XIX.
531 5011 663 5069 Item
684 5026 749 5065 es
768 5006 995 5065 Psalmis
1014 5014 1063 5062 et
1086 5002 1383 5076 Praphetis.

338 5108 479 5171 XX.
506 5105 797 5171 Postremo,
817 5101 994 5176 probat
1013 5097 1275 5156 Christum
1296 5097 1549 5154 Creatoris
1570 5112 1684 5152 vere
1703 5095 1958 5152 Christum

2054 4629 2427 4686 ba-reticarum
2454 4624 2801 4681 ecclesiarum
2832 4639 3089 4689 recensu;
3134 4625 3242 4680 illic
3281 4626 3490 4683 scilicet
3527 4642 3656 4697 pro-

2054 4720 2403 4781 nuntiandam
2431 4717 2630 4789 regula:
2650 4716 3120 4782 interversionem,
3147 4717 3232 4773 ubi
3265 4719 3548 4788 posteritas
3581 4718 3662 4774 in-

2062 4816 2289 4882 venitur,
2330 4812 2470 4884 quod
2521 4811 2682 4866 etiam
2733 4811 2905 4881 primo
2956 4810 3138 4866 libello
3180 4809 3406 4867 Intexui.
3449 4810 3556 4867 Sed
3603 4819 3664 4868 et

2058 4922 2203 4965 nunc
2220 4904 2530 4977 congressio
2544 4905 2642 4960 ista
2660 4918 2874 4959 seorsus
2892 4902 2975 4975 (l)
2995 4902 3266 4958 Christum
3286 4904 3664 4959 examinatum

2059 5019 2125 5061 eo
2153 5001 2337 5072 utique
2365 4999 2624 5071 proﬁciet,
2654 5007 2710 5051 ut
2730 4997 2859 5053 dum
2886 4997 3157 5052 Christum
3181 4996 3468 5066 probamus
3492 4996 3664 5051 Crea-

2061 5097 2213 5163 toris,
2258 5096 2337 5151 sic
2371 5108 2584 5165 quoque
2630 5090 2763 5147 deus
2795 5090 3111 5146 excludatur
3147 5090 3453 5145 Marcionis.
3499 5089 3668 5146 Decet

424 5199 612 5277 fuisse,
640 5194 779 5271 quod
804 5195 875 5252 ad
913 5194 1062 5251 illum
1099 5206 1351 5249 conversa:
1391 5190 1495 5246 sint
1531 5206 1702 5246 omnes
1732 5190 1961 5246 nationes
2063 5193 2339 5249 veritatem
2368 5187 2494 5243 totis
2515 5183 2716 5241 viribus
2739 5183 2966 5254 utisuis,
2989 5183 3064 5257 (ὁ)
3090 5196 3197 5239 non
3220 5192 3277 5239 ut
3302 5182 3663 5240 laborantem.

692 5292 697 5309 δ
1584 5300 1961 5365 LECTIONES
1996 5298 2411 5362 VABIANTES.

410 5408 495 5483 (1)
515 5408 755 5464 Senem
770 5405 823 5457 in
845 5397 1002 5457 Seml.
1025 5394 1216 5454 Pomel.

1739 5474 2303 5536 COMMENTARIUS.

424 5590 586 5656 car.
617 5587 758 5645 1.-
791 5583 879 5659 (ει),
903 5579 1047 5638 satis
1075 5578 1211 5659 επίιει
1248 5566 1972 5659 ρτωίιράεςαωηιηςδιςέλῑὲείξ

579 5641 731 5720 rihus
778 5641 918 5713 s‘aiis
939 5658 1128 5723 aperte
1160 5641 1589 5723 demonstratum
1637 5641 1912 5723 Christum
1937 5655 1970 5723 ξ

756 5712 1122 5792 ωἰεωιιῖ,ιιοιι
1133 5729 1315 5778 autem
1324 5715 1490 5775 alium
1503 5731 1534 5774 a
1545 5712 1974 5787 Creatore_sicuti

158 5998 321 6119 1-
388 6058 471 6119 --

2082 5562 2375 5631 somniavit
2400 5557 2650 5631 Marcion.
2686 5556 2764 5613 Le
2804 5558 2898 5613 Pn.

2130 5624 2233 5709 ,(ιι)
2284 5632 2403 5688 Non
2442 5640 2495 5709 ut
2526 5628 2861 5709 laborantem.
2908 5624 3554 5709 [ίεὼονίῃδιεθρίμιεῃίιιιηι⁸
3574 5636 3671 5683 aut

2077 5692 2310 5767 falsitate
2334 5697 2676 5779 opprimitur,
2706 5707 2801 5755 aut
2829 5700 2941 5758 veri
2978 5694 3159 5770 specie
3188 5694 3484 5754 obducitur.
3515 5692 3670 5753 Con-
