4008 6280
322 2710 346 2789 i

316 2794 346 2889 ἓ

391 196 499 297 5Ξέ

1806 196 2269 319 moremini

390 354 681 420 Cmterum,
714 352 766 409 in
808 352 1274 423 prtescriptionum
1313 350 1648 423 compendiis
1672 351 1852 406 vineit.
1884 352 1988 408 Sed
2016 351 2070 414 Α
2099 352 2227 422 ipsis
2254 363 2398 409 esset
2443 355 2764 424 probaturus
2804 368 2900 427 per
2943 355 3265 413 documenta
3297 359 3574 416 virtutum.
3624 365 3694 417 At

389 444 667 502 decretum
690 454 792 511 cst,
817 458 873 499 ιιι
902 445 1220 516 gesticntcm
1251 445 1447 516 ubique
1472 445 1781 499 adversario
1803 460 1988 502 occur-

389 555 533 607 rere,
557 541 610 595 iit
643 547 843 593 tantum
877 537 1095 604 furenti,
1121 547 1178 593 ut
1209 538 1412 593 facilius
1441 537 1838 607 praesumpserit
1866 555 1986 593 cum

388 634 602 689 venisse
619 631 913 698 Christum,
941 633 1028 702 qui
1057 646 1323 702 nunquam
1346 632 1416 687 sit
1433 631 1796 697 annuutiatus,
1826 647 1984 702 quain

387 741 509 782 eum
536 706 636 797 ‘qui
667 741 881 796 semper
909 726 980 782 sit
1007 727 1344 797 praedicatus.

1016 817 1242 874 CAPUT
1298 817 1363 873 ll.

459 898 596 967 Hinc
621 911 855 982 denique
877 910 1099 982 gradum
1127 925 1356 966 consero
1383 908 1481 983 (l),
1510 926 1576 966 an
1605 909 1849 966 debuerit
1880 918 1984 965 tam

385 1007 562 1061 subito
590 1007 818 1062 venisse.
849 1005 1050 1068 Primo,
1081 1006 1201 1075 quia
1223 1013 1278 1060 et
1306 1005 1421 1075 ipse
1444 1006 1539 1062 Dei
1566 1006 1644 1061 sui
1672 1005 1857 1071 Filius,
1883 1004 1987 1061 hoc

384 1098 530 1154 enim
557 1097 761 1154 ordinis
791 1096 965 1151 fuerat
993 1096 1093 1166 (2),
1125 1105 1180 1152 ut
1203 1109 1327 1153 ante
1354 1098 1513 1153 Pater
1543 1097 1731 1153 Filium
1764 1098 1986 1168 profite-

382 1199 554 1257 retur,
578 1203 735 1260 quant
760 1188 973 1243 Patrem
996 1187 1193 1255 Filius;
1215 1198 1270 1245 et
1291 1199 1414 1244 ante
1436 1189 1592 1245 Pater
1618 1189 1686 1243 de
1707 1188 1845 1245 Filio
1874 1198 1984 1243 tes—

383 1291 610 1349 taretur,
652 1297 810 1353 quam
860 1282 1028 1337 Filtus
1069 1283 1137 1338 de
1172 1283 1351 1338 Patre.
1405 1283 1607 1339 Dehinc
1637 1293 1691 1338 et
1737 1283 1858 1353 quia
1904 1280 1981 1354 (5)

381 1378 599 1440 missus,
627 1385 821 1446 prreter
840 1375 958 1430 Filii
982 1392 1201 1432 nomen.
1225 1376 1455 1431 Proinde
1477 1377 1619 1431 enim
1645 1374 1986 1446 praecessisse

380 1468 641 1523 debuerat
667 1467 927 1523 mittentis
950 1467 1305 1538 patrocinium
1335 1468 1387 1521 iit
1419 1468 1785 1522 testimonium
1814 1467 1982 1532 missi,

379 1561 504 1629 quia
537 1575 694 1616 nemo
723 1560 941 1613 veniens
980 1574 1045 1614 ex
1074 1560 1295 1625 alterius
1333 1560 1677 1626 auctoritate,
1712 1560 1826 1629 ipse
1858 1574 1983 1626 eam

377 1651 480 1707 sibi
510 1668 573 1706 ex
603 1667 699 1707 sua
724 1651 1082 1707 affirmatione
1112 1650 1373 1716 defendit,
1405 1650 1499 1706 sed
1527 1651 1594 1706 ab
1625 1651 1739 1719 ipsa
1770 1649 1983 1706 defendi

2091 464 2190 518 ego
2221 449 2445 519 negabo,
2477 450 2643 505 solam
2674 450 2814 507 hanc
2849 451 2921 506 illi
2950 452 3183 523 speciem
3213 455 3279 508 ad
3322 453 3688 511 testimonium

2091 540 2432 609 competisse,
2447 555 2606 611 quam
2629 549 2683 595 et
2699 540 2814 612 ipse
2841 543 3176 611 postmodum
3196 548 3582 602 exauctoravit.
3600 547 3688 603 Si-

2090 632 2306 702 quidem
2321 630 2761 705 edicenswauh.
2784 632 2977 701 XXIV,
2997 634 3298 706 24)multos
3317 649 3571 695 venturos
3590 638 3684 709 (b),

2090 736 2145 779 et
2173 726 2322 796 signa
2364 722 2623 793 facturos,
2655 735 2709 782 et
2738 727 2961 785 virtutes
2988 744 3209 801 magnas
3241 717 3504 799 edituros,
3527 746 3687 787 aver-

2091 819 2296 874 sioiicm
2327 818 2486 873 etiam
2516 819 2806 881 electorum
2853 817 2943 892 (c),
2979 835 3078 875 nec
3120 821 3242 877 ideo
3281 830 3457 877 tamen
3490 821 3687 877 admito

2090 912 2316 978 tendos;
2348 912 2688 967 temerariam
2728 912 3007 983 signorum
3037 922 3092 969 et
3117 914 3372 969 virtutmn
3406 914 3565 970 fidem
3595 929 3687 969 os-
3706 940 3731 988 τ

2092 1004 2278 1070 tendit,
2305 1014 2365 1060 ut
2392 1005 2552 1060 etiam
2569 1004 2711 1075 apud
2733 1004 3172 1074 pseudochristos
3193 1006 3561 1061 facillimarum
3586 1007 3684 1077 (5).

2089 1099 2198 1154 Aut
2221 1097 2377 1168 quale
2406 1081 2519 1164 est:
2542 1098 2587 1152 si
2619 1097 2744 1153 inde
2782 1113 2842 1154 se
2874 1098 3047 1153 voluit
3089 1100 3326 1169 probari,
3355 1111 3408 1155 et
3438 1100 3685 1172 intelligi,

2088 1202 2144 1247 et
2184 1191 2347 1262 recipi
2390 1190 2494 1260 (ex
2527 1190 2812 1246 virtutibus
2843 1183 3010 1263 dico).
3047 1193 3189 1248 unde
3235 1202 3461 1249 caeteros
3492 1194 3684 1258 noluit,

2090 1298 2242 1352 reque
2282 1293 2337 1338 et
2380 1283 2525 1352 ipsos
2565 1292 2671 1336 tam
2722 1282 2900 1337 subito
2943 1290 3220 1349 venturos,
3262 1299 3417 1354 quam
3470 1300 3499 1339 a
3541 1286 3689 1343 nullo

2090 1386 2309 1430 auctore
2346 1374 2705 1445 praedicatos?
2732 1374 2787 1430 Si
2834 1373 2912 1448 (6)
2952 1375 3075 1444 quia
3109 1377 3253 1445 prior
3293 1376 3370 1432 eis
3421 1376 3587 1442 venit,
3634 1387 3690 1432 et

2090 1469 2239 1538 prior
2284 1469 2538 1535 virtutum
2583 1468 2904 1523 documenta
2946 1469 3202 1539 signavit,
3251 1468 3482 1529 ideirco,
3533 1471 3688 1539 quasi

2091 1561 2264 1615 locum
2297 1561 2351 1615 in
2392 1560 2617 1625 balneis,
2657 1560 2728 1615 ita
2749 1542 2917 1616 ‘lidem
2949 1560 3251 1630 occupavit,
3302 1561 3533 1632 posteris
3572 1561 3691 1630 qui-

2091 1653 2295 1723 lmsque
2324 1652 2620 1723 prml‘iptlil,
2653 1651 2775 1706 vide
2817 1668 2887 1706 ne
2917 1653 3030 1722 ipse
3059 1652 3110 1706 in
3152 1654 3460 1708 conditione
3505 1662 3689 1723 poste-

379 1758 441 1797 sc
471 1744 552 1814 (4)
581 1745 759 1814 potius
798 1754 1095 1815 eXSpectat,
1140 1753 1411 1815 prieeuute
1440 1754 1690 1814 suggestu
1722 1742 1861 1814 ejus,
1888 1745 1979 1815 qui
2006 1743 2057 1804 B
2086 1746 2286 1801 riorum
2330 1743 2783 1814 deprehendatur,
2829 1747 3093 1813 posterior
3121 1745 3369 1799 iuventus
3409 1746 3689 1813 Creatore,

378 1838 759 1893 auctoritatem
772 1847 1009 1907 praestat.
1030 1836 1318 1903 Cancrum,
1343 1851 1441 1892 nec
1458 1837 1624 1892 Filius
1640 1848 1979 1906 agnoscelur,

378 1945 538 2000 quem
582 1944 850 2009 nunquam
892 1927 1053 1984 Pater
1085 1929 1451 1998 nuncupavit:
1496 1944 1595 1984 nec
1625 1930 1820 1985 missus
1859 1946 1982 1985 cre-

378 2022 555 2088 detur,
586 2026 745 2094 quem
779 2039 1049 2094 nunquam
1082 2023 1159 2095 (α)
1184 2024 1470 2078 mandator
1493 2023 1819 2094 designavit;
1851 2040 1981 2079 nun-

378 2123 668 2184 cupaturus
693 2114 872 2177 Pater,
899 2124 954 2169 ct
973 2114 1347 2184 designaturus
1375 2114 1673 2180 mandator,
1699 2115 1745 2170 si
1774 2114 1980 2171 fuisset.

379 2208 698 2279 Suspectum
735 2208 1016 2264 habebitur
1054 2224 1234 2274 omne,
1281 2208 1424 2279 quod
1464 2209 1779 2265 exorbitarit
1816 2222 1846 2263 a
1891 2225 1980 2264 re-

378 2299 539 2370 gula;
569 2315 856 2369 rerumque
880 2300 1190 2369 principalis
1213 2298 1412 2369 gradus
1435 2315 1538 2355 non
1563 2300 1690 2355 sinit
1716 2302 1981 2370 posterius

377 2392 594 2460 agnosci
612 2391 825 2447 Patrem
844 2401 961 2461 post
976 2390 1166 2446 Filium
1186 2433 1200 2456 ,
1226 2403 1280 2446 et
1298 2392 1663 2447 mandatorem
1687 2403 1807 2463 post
1831 2410 1980 2448 man-

376 2486 587 2549 datum.
628 2495 684 2539 et
711 2484 980 2540 Christum
1040 2495 1159 2555 post
1207 2485 1395 2539 Deum.
1442 2484 1584 2539 Nihil
1636 2474 1841 2556 origine
1886 2503 1978 2540 sua

378 2582 529 2647 prius
548 2577 704 2634 estin
730 2578 1018 2648 agnitione,
1042 2578 1165 2647 quia
1197 2593 1296 2632 nec
1320 2580 1372 2631 in
1398 2576 1767 2647 dispositione.
1794 2578 1979 2633 Subito

377 2668 569 2736 Filius,
613 2680 666 2725 ct
697 2671 871 2724 stthito
917 2670 1145 2751 missus,
1177 2680 1229 2724 ct
1269 2670 1444 2724 subito
1473 2667 1752 2725 Christus?
1780 2671 1977 2741 Atquin

378 2763 513 2818 nihil
552 2773 730 2833 putem
779 2779 807 2816 a
855 2762 967 2818 Deo
1016 2763 1271 2827 subitum,
1305 2764 1429 2834 quia
1469 2763 1600 2818 nihil
1649 2778 1678 2817 a
1719 2764 1830 2819 Deo
1872 2779 1976 2820 non

372 2857 717 2927 dispositum.
747 2855 802 2910 Si
841 2867 1019 2919 autem
1051 2856 1394 2927 dispositum,
1425 2871 1523 2912 cur
1560 2866 1613 2911 et
1643 2872 1748 2911 non
1783 2858 1975 2926 praedi-

371 2957 572 3015 catum,
606 2959 664 3004 ut
707 2947 920 3018 probari
953 2957 1134 3019 posset
1176 2956 1231 3003 ct
1273 2947 1589 3019 dispositum
1621 2964 1685 3005 ex
1719 2949 1976 3020 praedica-

370 3043 539 3107 tione,
569 3033 622 3097 et
651 3040 888 3095 divinum
931 3056 997 3095 ex
1029 3039 1380 3110 dispositione
1401 3041 1424 3092 ’ἐ
1466 3041 1530 3096 Et
1558 3042 1739 3112 utique
1770 3051 1973 3097 tantunt

2086 1846 2210 1891 ante
2236 1837 2345 1905 jam
2382 1834 2619 1906 cognito,
2650 1843 2703 1891 et
2748 1834 2975 1904 proinde
3007 1835 3229 1891 virtutes
3272 1845 3401 1890 ante
3441 1845 3687 1905 operate,

2086 1938 2141 1983 et
2172 1942 2276 1982 non
2327 1928 2481 1981 aliter
2514 1925 2593 1999 (7)
2630 1925 2848 1996 praefato
2881 1940 2985 1980 non
3027 1942 3149 1981 esse
3189 1927 3306 1982 aliis
3335 1926 3689 1996 credendum,

2088 2026 2208 2089 post
2230 2034 2352 2074 eum
2370 2019 2597 2074 scilicet.
2618 2018 2779 2088 Igitur
2793 2018 2838 2072 si
2865 2018 3096 2087 priorem
3117 2019 3349 2087 venisse,
3375 2030 3429 2075 et
3451 2021 3711 2089 prioreur

2086 2113 2155 2168 de
2184 2113 2414 2184 posteris
2442 2113 2838 2183 pronuntiasse,
2872 2111 2972 2168 hoc
3003 2111 3161 2168 fidem
3190 2112 3368 2167 cludet
3405 2110 3521 2185 (8);
3551 2128 3694 2183 phr-

2084 2205 2372 2261 damnatus
2400 2206 2503 2262 erit
2547 2214 2603 2262 et
2640 2206 2757 2276 ipse
2781 2206 2892 2275 jam
2938 2205 3005 2261 ab
3031 2222 3098 2261 eo
3126 2206 3380 2277 quod,(9)
3420 2207 3693 2277 posterior

2087 2310 2171 2356 cst
2197 2303 2430 2372 agnitus,
2463 2310 2517 2355 ct
2542 2300 2709 2355 solius
2736 2301 2841 2355 erit
2868 2301 3157 2357 auctoritas
3182 2302 3472 2369 Creatoris,
3504 2302 3606 2357 hoc
3633 2304 3689 2358 in

2085 2401 2335 2461 posteros
2362 2391 2746 2458 constituendi,
2770 2392 2860 2462 qui
2882 2392 3029 2447 nullo
3056 2393 3320 2462 posterior
3340 2408 3458 2449 esse
3486 2394 3682 2463 potuit.

2083 2485 2202 2540 Jam
2244 2500 2385 2539 nunc
2431 2500 2550 2539 cum
2594 2485 2914 2553 probaturus
2966 2485 3068 2540 sim
3113 2485 3421 2540 Creatorem
3463 2484 3688 2545 easdem

2083 2578 2331 2642 virtutes,
2364 2593 2500 2646 quas
2538 2578 2681 2631 snlas
2727 2578 2792 2631 ad
2837 2576 2996 2632 fidem
3038 2576 3256 2632 Christo
3297 2587 3388 2632 tuo
3418 2576 3684 2644 vindieas,

2082 2669 2352 2726 interdum
2385 2685 2478 2738 per
2511 2668 2738 2745 famulos
2766 2684 2895 2723 suos
2925 2678 3072 2723 retro
3113 2669 3366 2734 edidisse,
3411 2669 3685 2724 interdum

2082 2778 2179 2833 per
2218 2761 2490 2817 Christum
2520 2776 2674 2816 suum
2716 2761 2954 2817 edendas
2999 2761 3325 2829 destinasse;
3370 2769 3588 2833 posstnn
3630 2773 3689 2820 et

2081 2871 2145 2911 ex
2170 2854 2270 2909 hoc
2296 2855 2489 2910 merito
2516 2854 2886 2923 prrcscribere,
2916 2863 3062 2909 tanto
3084 2855 3252 2926 magis
3271 2854 3546 2911 Christum
3571 2871 3685 2912 non

2080 2963 2150 3003 ex
2192 2946 2322 3001 solis
2352 2946 2640 3001 virtutibus
2676 2945 3007 3002 credendum
3049 2946 3233 3013 fuisse,
3275 2957 3478 3018 quanto
3524 2948 3683 3003 illum

2081 3054 2186 3093 non
2218 3038 2441 3095 alterius
2472 3053 2629 3107 quant
2665 3038 2937 3094 Creatoris
2973 3038 3311 3109 interpretari
3350 3041 3682 3112 potuissent,

370 3150 529 3209 opus,
575 3132 720 3205 quod
773 3133 982 3189 scilicet
1029 3132 1276 3188 humanae
1326 3134 1482 3188 saluti
1530 3135 1840 3204 parabatur,
1885 3136 1968 3193 vel
1996 3133 2044 3199 C
2078 3130 2675 3203 utrespoiidentes(t0)
2698 3132 2981 3189 virtutibus
3002 3132 3299 3201 Creatoris,
3322 3143 3378 3191 et
3398 3136 3553 3191 editis
3584 3152 3686 3206 per

369 3237 595 3284 eatenus
611 3228 844 3285 subitum
866 3244 971 3284 non
989 3227 1196 3293 fuisset,
1210 3244 1313 3299 qua
1332 3244 1427 3299 per
1443 3227 1602 3284 tidem
1619 3230 1972 3298 profuturum.

368 3320 428 3378 In
462 3330 718 3393 quantum
746 3321 889 3376 enim
922 3320 1068 3376 credi
1101 3320 1334 3376 habebat
1363 3328 1421 3375 ut
1446 3321 1743 3391 prodesset,
1780 3322 1832 3377 in
1862 3332 1975 3378 tan-

369 3420 483 3467 tum
528 3423 831 3484 paraturam
874 3411 1233 3475 desiderabat,
1286 3422 1348 3467 ut
1390 3411 1538 3467 credi
1591 3423 1793 3482 posset,
1842 3416 1970 3470 sub-

367 3514 627 3561 structam
656 3505 1019 3560 fundamentis
1050 3505 1419 3573 dispositionis
1454 3514 1502 3559 et
1538 3505 1967 3574 praedicationis;

365 3613 475 3667 quo
507 3597 696 3653 ordine
725 3597 860 3652 fides
892 3595 1198 3662 informata,
1236 3596 1430 3651 merito
1461 3604 1516 3652 et
1543 3595 1747 3651 homini
1779 3598 1973 3655 indice-

364 3701 517 3745 retur
547 3704 575 3741 a
607 3689 739 3754 Deo,
761 3698 815 3743 et
845 3688 952 3742 Deo
982 3687 1329 3743 exhiberetur
1354 3687 1421 3741 ab
1453 3688 1698 3753 homine;
1733 3704 1795 3744 ex
1821 3691 1971 3761 agni-

316 3832 325 3837 ,
366 3784 514 3838 tione
539 3782 745 3839 debens
764 3782 986 3838 credere
1013 3781 1136 3851 quia
1158 3789 1366 3853 posset,
1384 3795 1505 3852 qua:
1522 3781 1729 3839 scilicet
1748 3784 1969 3841 credere

367 3876 645 3935 didicisset
678 3891 744 3933 ex
774 3874 1178 3947 praedicatione.

991 3967 1218 4025 CAPUT
1256 3968 1344 4024 ΙΙΙ.

439 4061 556 4117 Non
585 4061 706 4129 fuit,
754 4063 956 4134 inquis,
986 4060 1122 4116 ordo
1148 4059 1414 4132 ejusmodi
1455 4063 1818 4132 necessarius,
1849 4068 1972 4135 quia

361 4154 547 4213 statim
574 4167 635 4210 se
660 4163 714 4210 et
741 4152 958 4219 Filium,
979 4162 1033 4208 et
1056 4152 1299 4220 missum,
1325 4161 1381 4208 et
1401 4152 1492 4209 Dei
1518 4146 1789 4209 Christum
1816 4158 1977 4216 rebus

2080 3224 2312 3280 famulos
2363 3239 2513 3291 suos,
2573 3235 2630 3279 et
2679 3225 2731 3279 in
2781 3224 3055 3285 Christum
3100 3240 3257 3282 suum
3312 3228 3681 3298 repromissis.

2080 3317 2394 3387 Quanquam
2424 3326 2479 3371 ct
2516 3316 2563 3372 si
2611 3316 2712 3370 alia
2742 3315 3064 3374 documenta
3098 3318 3474 3376 invenirentur
3503 3320 3557 3374 in
3584 3329 3684 3375 tuo

3584 246 3711 302 53-5~

3756 2016 3793 2041 κ

2079 3410 2318 3475 Christo,
2343 3425 2478 3464 nova
2502 3410 2730 3476 scilicet,
2756 3408 2966 3466 facilius
2989 3411 3333 3468 crederemus
3355 3412 3513 3469 etiam
3542 3427 3682 3470 nova
3752 3452 3757 3455 τ

2078 3484 2322 3573 θίιιδιιθιιι
2352 3517 2474 3558 esse
2515 3501 2669 3572 cujus
2708 3501 2759 3557 e‘t
2796 3510 3005 3568 vetera,
3048 3519 3209 3573 quam
3244 3504 3398 3574 cujus
3438 3513 3683 3562 tantum-

2079 3595 2238 3651 modo
2279 3609 2450 3660 nova;
2484 3594 2695 3663 egentia
2741 3594 3125 3663 experimentis
3166 3594 3289 3651 fidei
3320 3596 3554 3653 victricis
3580 3614 3681 3656 ve-

2078 3686 2321 3752 tustatis;
2363 3694 2422 3740 ttt
2463 3686 2542 3741 sic
2579 3700 2793 3756 quoque
2823 3685 3143 3755 prmdicatus
3171 3686 3357 3743 venire
3399 3687 3671 3758 debuerit,

2079 3790 2186 3836 tam
2221 3778 2693 3851 praedicationibus
2722 3778 2956 3849 propriis
2981 3778 3386 3835 exstruentibus
3413 3780 3461 3835 ei
3489 3779 3677 3850 fidem,

2071 3889 2232 3945 quam
2279 3882 2334 3928 et
2371 3870 2690 3936 virtutibus;
2743 3871 3043 3940 praesertim
3094 3872 3354 3927 adversus
3395 3872 3674 3929 Christum

2071 3966 2345 4023 Creatoris
2373 3974 2682 4031 venturum,
2712 3972 2768 4021 et
2795 3962 2962 4034 siqnis
2986 3972 3041 4019 et
3080 3962 3354 4035 prophetis
3386 3962 3503 4036 (ll)
3548 3978 3679 4034 pro-

2073 4059 2206 4131 priis
2235 4057 2538 4123 munitum;
2589 4066 2647 4110 ttt
2671 4055 2900 4111 annulus
2926 4054 3125 4110 Christi
3155 4071 3249 4126 per
3277 4071 3470 4111 omnes
3496 4056 3678 4114 diver—

2080 4156 2298 4211 sitatum
2325 4151 2533 4221 species
2561 4148 2844 4207 reluceret.
2874 4146 2985 4206 Sed
3015 4147 3289 4220 quomodo
3316 4163 3347 4204 a
3390 4148 3502 4207 Deo
3532 4165 3676 4207 nuu-

1583 4266 1981 4333 ‘LEC'PIONES
2018 4266 2435 4332 VARIANTES.

454 4366 498 4420 li
521 4364 734 4420 Confero
754 4361 921 4416 Paris.
947 4364 1101 4413 Fran.
1125 4358 1314 4413 Pamel.

448 4424 498 4481 2i
523 4429 693 4480 Fuerit
706 4424 856 4481 Seml.

480 4486 502 4622 2
523 4493 635 4606 ltgna
670 4486 821 4567 Seml.
848 4487 1037 4542 Pamel.
1256 4550 1266 4559 ι

523 4548 1063 4622 _cfeu_swnen1$eml;
1075 4548 1266 4622 defensi

450 4545 497 4606 4i
523 4545 878 4606 Befensionem
898 4548 1050 4604 Seml.
1075 4548 1369 4603 defensione
1392 4545 1584 4602 Pamel.

423 4369 448 4671 ἱ

447 4608 496 4669 5')
523 4614 821 4668 Facillimam
848 4616 1000 4666 Fran.
1021 4608 1208 4666 Pamel.

423 4682 497 4747 (6)
522 4680 625 4731 Sed
647 4676 798 4731 Seml.
822 4673 1012 4731 Pamel.

1990 4371 2043 4431 D
2133 4362 2205 4431 (ἶ)

2155 4362 2205 4413 7i
2225 4361 2291 4413 Et
2305 4358 2591 4410 nominatim
2616 4356 2721 4407 Lat.

2238 4423 2414 4493 Eliciet
2439 4423 2540 4493 th.
2567 4418 2740 4471 eludet
2759 4413 2867 4469 alii.

2132 4481 2695 4681 ἓ
2714 4538 2867 4597 SM
2892 4540 3280 4608 ’θεροθάθειιεω
3299 4540 3490 4597 Ponet.

2160 4550 2217 4601 to
2263 4550 2668 4610 Respondentihu

2158 4550 2238 4677 ll;
2260 4609 2542 4677 Prophetiis
2561 4603 2668 4658 alii.

1717 4764 2278 4825 COMMENTARIUS.

358 4885 517 4958 tingit
557 4886 719 4942 etiam
766 4901 872 4939 non
924 4898 1068 4958 raro,
1101 4890 1162 4958 ut
1205 4881 1483 4958 veritatem
1525 4880 1708 4958 dicere
1739 4883 1953 4953 pericu-

359 4953 535 5015 losum
584 4958 655 5012 sit
698 4965 918 5027 propter
948 4953 1352 5027 violentianLet
1403 4953 1769 5027 impotentiam
1798 4969 1950 5027 quo-

356 5031 637 5093 mutilam;
667 5022 829 5099 quem
879 5028 929 5079 in
976 5039 1194 5079 sensum
1225 5022 1718 5099 Tltueydides,_lib.
1754 5024 1949 5093 lhist.,

357 5094 700 5173 ἀταλαίπωεπέ
725 5107 974 5173 ἡλζτξτηξις
1015 5111 1118 5173 irit
1136 5094 1365 5173 statim;
1386 5094 1561 5173 dixit,
1607 5094 1658 5149 id
1684 5106 1788 5162 est,
1815 5105 1955 5173 gare!

356 5166 1070 5240 laboreinquisitioueritalis.
1103 5166 1177 5221 Le
1211 5167 1311 5240 Pu.
1334 5175 1387 5220 et
1418 5166 1553 5240 Eon.

428 5241 585 5299 CAP.
606 5235 669 5298 ll.
703 5239 869 5313 -—‘-(a)
906 5237 1182 5313 Μαικία(ωῂ
1205 5237 1504 5313 designavit.
1540 5235 1817 5313 mandatur
1844 5247 1948 5305 est,

356 5316 446 5385 qui
474 5314 671 5383 aliquid
700 5308 963 5383 agendum
991 5309 1296 5374 committit;
1324 5308 1687 5362 mamlatarius
1711 5308 1801 5377 qui
1828 5320 1948 5363 sus-

357 5387 506 5456 cipit.
538 5385 719 5456 Ruﬁeu.
738 5398 761 5425 ο

428 5456 584 5511 CAP.
614 5455 701 5509 Ill.
731 5484 799 5494 —-
832 5451 910 5525 (h)
947 5452 1209 5525 Siquidem
1251 5449 1664 5525 edicfu_s_t_1tnltos
1686 5459 1952 5525 renturos.

356 5526 798 5597 Paraphrasticés
828 5519 957 5578 citat
984 5519 1108 5597 illud
1137 5522 1337 5597 Matth._
1358 5519 1550 5597 XXIV,
1589 5520 1959 5597 multifariam

358 5589 731 5669 pseudochristi
749 5636 761 5657 ,
795 5604 899 5649 etc.
923 5597 1017 5669 Sic
1039 5593 1198 5669 etiam
1227 5593 1296 5669 B._
1313 5592 1641 5669 Augustinus
1664 5629 1677 5652 ,
1723 5589 1814 5643 lib.
1841 5589 1958 5644 XIII

356 5660 543 5724 contra
563 5669 837 5731 Faustum,
851 5680 971 5731 cap.
989 5667 1022 5718 5
1042 5682 1054 5716 :
1074 5664 1329 5739 Miracula
1348 5675 1448 5714 non
1464 5660 1654 5739 facilis;
1668 5675 1958 5739 quanquam

354 5728 990 5814 Iifaccretic,cavcremus,
1016 5751 1104 5808 per
1125 5728 1567 5791 imtt'uemem'nos
1588 5728 1887 5815 geminum,
1913 5741 1960 5786 et

2059 4883 2345 4936 dicentem:
2380 4875 2666 4943 lixam-gent
2693 4871 2861 4937 mttlt‘,
2895 4878 2998 4943 etc.
3035 4866 3099 4926 Et
3127 4880 3281 4926 tract.
3330 4872 3392 4926 14
3427 4872 3477 4928 in
3503 4870 3661 4928 Joan.

2059 4954 2281 5009 Pontius
2309 4948 2483 5021 fecerit
2516 4941 2820 5021 miraculum
2840 4984 2854 5008 ,
2874 4951 2933 5021 et
2968 4941 3204 5021 Donatus
3224 4945 3474 5009 oraverit,
3506 4953 3668 5021 euri;-

2057 5015 2319 5091 sponderii
2362 5018 2500 5072 Deus
2538 5019 2773 5091 dormio.
2807 5016 2970 5083 primo
3000 5023 3089 5066 aut
3111 5015 3513 5091 [iriirinlur,_ant
3553 5015 3666 5084 [αι-

2058 5085 2194 5160 lunt;
2218 5101 2473 5163 postremo
2501 5093 2584 5163 [ac
2603 5087 2717 5141 illos
2747 5096 2938 5163 tuoutes
2961 5085 3668 5163 transfert-ensicharthch

2057 5154 2409 5221 natu/iubent.
2455 5154 2584 5213 nihil
2645 5166 2799 5222 sunt;
2837 5155 2926 5209 sed
2969 5154 3221 5225 quoniado
3263 5154 3521 5225 lamberent,
3572 5156 3662 5225 qui

2056 5237 2334 5291 diviserunt
2389 5228 2676 5284 unitatem?
2724 5227 2882 5296 Atqui
2935 5231 3039 5279 hou
3088 5232 3371 5295 propterea
3422 5225 3660 5296 sensisse

2054 5308 2343 5364 Auctorem
2370 5302 2653 5357 veritatum
2688 5295 2963 5367 signOrum
3004 5305 3056 5350 et
3082 5300 3338 5350 virtutum
3380 5295 3517 5365 apud
3548 5296 3660 5367 ha;-

2064 5379 2262 5434 reticos
2289 5371 2575 5441 aliquando
2603 5366 2767 5423 fuisse
2793 5376 2887 5423 aut
2916 5369 3169 5489 futuratﬁ,
3200 5374 3346 5443 patet
3368 5382 3430 5421 ex
3461 5367 3553 5443 lib.
3587 5366 3657 5421 de

2072 5449 2255 5489 Δηῖηιει
2310 5460 2428 5489 ann.
2480 5442 2570 5489 57-
2617 5447 2673 5489 et
2718 5439 2810 5489 lib.
2845 5434 2885 5489 V
2922 5434 3044 5489 adv.
3146 5436 3350 5489 arcion.
3401 5452 3516 5489 can.
3565 5430 3654 5489 l6.

2063 5430 2279 5512 intima,
2310 5430 2428 5514 σαί).
2480 5442 2570 5508 57,
2617 5447 2673 5495 et
2718 5439 2810 5492 lib.
2845 5434 2885 5491 γ
2922 5434 3044 5491 adv.
3093 5430 3350 5502 litamen,
3565 5430 3654 5493 ιϐ.

3260 5558 3267 5561 .
3452 5523 3543 5561 AI.

3260 5558 3267 5567 ,
3410 5523 3543 5562 ΥΛΙ.

2138 5590 2213 5656 (c)
2244 5572 2569 5656 Attcrsionem
2594 5581 2745 5656 etum:
2788 5579 3081 5656 electorum.
3125 5577 3240 5631 Etsi
3288 5593 3397 5631 non
3434 5582 3539 5656 sim
3567 5590 3656 5633 sn-

2065 5647 2402 5729 persiitiosus
2430 5655 2480 5709 in
2510 5654 2657 5729 varia
2679 5647 2938 5729 lectione,
2966 5661 3244 5705 censerem
3269 5659 3447 5705 tamen
3472 5649 3660 5723 legen-

2064 5721 2192 5787 dum
2218 5726 2544 5784 amatorum.
2571 5723 2651 5779 La
2677 5721 2775 5778 Pa.
