4008 6280
238 180 362 241 3‘25
1373 174 1502 230 LIB.
1547 171 1613 228 Ill
1652 169 2017 228 ADVERSUS
2057 165 2479 227 MARCIONEM.
3483 154 3596 225 516,

249 311 433 368 quam
468 295 774 365 prmdieato
803 292 1047 351 Christus
1077 291 1192 363 ejus
1224 288 1640 361 pratdiearetur?
1670 286 1781 342 lloe
1807 294 1889 340 est
1910 261 1963 344 ’Λ
1993 283 2252 339 adversos
2281 282 2577 349 Christum,
2608 294 2832 351 regnum
2882 279 3215 350 redarguens
3260 275 3395 347 ejus.
3440 260 3597 333 Tune

254 403 402 460 ergo
454 388 612 460 quod
662 388 843 460 exigit,
894 401 992 442 nec
1039 385 1229 449 Deum,
1276 396 1374 437 nec
1420 379 1694 437 Christum
1736 387 1885 433 tuum
1992 392 2120 446 ergo
2150 375 2499 433 conclusurus
2529 373 2770 429 ordinem
2813 388 2991 436 suum,
3043 376 3167 426 tunc
3194 370 3238 424 si
3286 367 3426 424 forte
3473 382 3591 424 cre-

261 480 453 549 ercdi,
513 481 644 552 quia
698 488 750 536 et
799 478 942 534 Deus
991 478 1202 548 ignotus
1251 489 1373 530 esse
1417 466 1523 528 non
1577 468 1781 535 debuit,
1834 476 1890 526 et

265 573 535 632 Christus
566 575 785 646 agnosci
813 588 911 646 per
951 571 1128 635 Deum.
1146 567 1352 626 debuit.

895 665 1126 724 CAPUT
1168 663 1256 720 IV.

353 766 717 839 Dedignatus,
742 764 954 834 opinor,
978 770 1064 819 est
1084 759 1286 835 imitari
1306 742 1549 815 ordinem
1577 755 1668 812 Dei
1696 752 1886 819 nostri,

279 871 338 917 ιιι
367 859 731 931 displicentis,
758 866 814 914 ut
835 854 913 933 (l)
941 870 1063 912 cum
1091 854 1324 908 maxime
1350 850 1681 909 revinceudi.
1708 847 1889 904 Novus

281 970 427 1011 nove
446 954 637 1010 venire
657 952 851 1017 voluit;
875 951 1045 1007 Filius
1061 958 1186 1005 ante
1209 948 1380 1005 Patris
1403 946 1812 1017 professionem,
1834 948 1890 996 et

282 1038 481 1107 missus
507 1057 640 1104 ante
664 1044 992 1102 mandatoris
1017 1043 1418 1105 auctoritatem;
1446 1049 1501 1094 ut
1527 1047 1581 1093 et
1611 1036 1776 1106 ipsam
1804 1030 1887 1107 (ξ)

282 1141 445 1197 [idem
489 1138 1009 1195 monstrosissimam
1038 1133 1339 1197 induceret,
1383 1146 1486 1202 qua
1524 1137 1651 1183 ante
1695 1126 1886 1182 crede-

280 1244 433 1291 retur
461 1232 742 1290 Christum
772 1230 1011 1294 venisse,
1041 1242 1202 1298 quam
1234 1226 1463 1281 sciretur
1502 1222 1688 1277 fuisse.
1721 1219 1884 1275 Com-

278 1329 412 1401 petit
430 1327 569 1383 mihi
584 1328 745 1384 etiam
766 1323 893 1380 illud
909 1330 1227 1386 retractare,
1242 1335 1340 1375 cur
1354 1332 1457 1373 nou
1478 1326 1593 1386 post
1613 1315 1884 1370 Christum

276 1424 511 1479 venerit.
544 1421 681 1477 Nam
712 1434 834 1475 eum
867 1419 1078 1473 intueor
1105 1416 1381 1471 dominum
1413 1412 1551 1481 ejus,
1597 1417 1743 1464 tanto
1770 1422 1885 1461 aevo

254 1510 743 1589 ﬁntieutissimttm
774 1510 1127 1570 acerbissimi
1193 1506 1466 1566 Creatoris
1522 1500 1887 1558 annuntiautis

271 1610 484 1666 interea
536 1608 591 1662 in
641 1605 887 1661 homines
925 1601 1191 1659 Christum
1238 1614 1416 1664 suum,
1447 1609 1785 1669 quacumque
1833 1588 1883 1645 id

1992 467 2202 524 deudus
2227 476 2344 545 est;
2390 474 2482 521 aut
2520 466 2563 521 si
2599 465 2710 536 jam
2758 464 2882 519 hinc
2927 447 3160 534 perfecta
3204 473 3291 518 res
3328 467 3412 516 est
3439 460 3586 530 ejus,

1992 575 2130 617 vane
2166 574 2296 632 ergo
2333 566 2598 615 venturus
2627 564 2730 624 est,
2774 554 2910 611 nihil
2944 552 3150 610 scilicet
3192 560 3527 624 peracturus.

2420 708 2439 717 -,
2628 646 2855 706 CAPUT
2894 646 2959 704 ν.

2067 741 2161 800 [iis
2211 744 2543 815 praeluserim
2572 739 2649 815 (4)
2680 741 2831 812 quasi
2862 740 2930 799 de
2965 739 3131 812 gradu
3173 738 3351 810 primo
3388 735 3584 802 adhuc,

1992 843 2047 893 et
2098 837 2249 908 quasi
2308 837 2377 892 de
2428 822 2736 907 longinquo.
2784 831 2889 889 Sed
2935 841 2989 888 et
3036 832 3160 887 hinc
3198 832 3308 902 jam
3357 829 3427 886 ad
3469 838 3586 884 eer—

1992 937 2107 984 tum
2136 938 2189 985 et
2211 930 2455 984 cominus
2489 927 2838 983 dimicaturus
2870 922 2969 998 (α),
2997 925 3153 981 video
3189 923 3396 994 aliquas
3424 923 3587 980 etiam

1993 1036 2134 1076 nunc
2162 1019 2327 1075 lineas
2360 1018 2768 1090 prreducendas,
2802 1017 2869 1072 ad
2895 1032 3028 1088 quas
3056 1017 3158 1073 erit
3183 1015 3547 1071 dimicandum
3569 1057 3583 1083 ,

1992 1113 2057 1168 ad
2086 1113 2389 1183 Scripturas
2418 1113 2621 1168 scilicet
2660 1110 2948 1168 Creatoris.
2978 1108 3285 1167 Secundum
3324 1124 3417 1167 eas
3441 1109 3586 1165 enim

1993 1204 2313 1274 probaturus
2348 1204 2622 1258 Christum
2652 1201 2922 1259 Creatoris
2954 1203 3139 1270 fuisse,
3181 1211 3239 1259 ut
3270 1211 3452 1273 postea
3502 1198 3585 1274 (5)

1991 1295 2141 1352 Clu-is
2153 1304 2204 1349 tu
2221 1312 2319 1351 suo
2336 1295 2476 1350 aditu
2488 1295 2678 1365 pictas,
2695 1310 2918 1350 necesse
2936 1294 3108 1350 habeo
3123 1296 3358 1369 ipsarum
3371 1308 3587 1365 quoque

1991 1389 2306 1459 scripturam
2352 1386 2577 1443 formam
2609 1387 2710 1461 (b),
2755 1397 2807 1443 et
2834 1388 2923 1459 (ut
2949 1388 3019 1442 ita
3045 1368 3310 1458 dixerim.)
3341 1396 3585 1444 naturam

1991 1481 2349 1549 demandare,
2386 1497 2452 1537 ne
2479 1490 2604 1537 tunc
2634 1481 2685 1537 in
2707 1482 3128 1538 controversiam
3169 1481 3429 1549 deductae,
3460 1497 3585 1538 cum

1991 1573 2386 1631 adhibenturad
2410 1589 2646 1641 caussas,
2674 1584 2728 1631 et
2751 1590 2847 1630 sua
2870 1583 2924 1631 et
2951 1588 3256 1629 eaussarum
3272 1574 3585 1632 defensione

271 1701 488 1756 ratione
520 1699 670 1763 fecit,
703 1708 808 1752 [am
839 1695 1230 1753 revelat“)an
1255 1707 1412 1762 quam
1442 1687 1884 1745 intercessionem
1915 1683 1964 1743 B
1991 1678 2314 1743 commixta),
2340 1676 2637 1732 (ιιιιιιιιᾱειιιι
2667 1677 2883 1733 ICCIOI‘IS
2910 1676 3282 1732 intentionem.
3316 1676 3456 1731 Duas
3478 1676 3580 1730 ita-

269 1807 429 1847 suam
465 1790 749 1853 differens,
781 1786 968 1843 eadem
999 1785 1210 1841 ratione
1235 1783 1357 1840 dico
1393 1782 1542 1837 illum
1577 1780 1885 1853 patientiam

275 1885 540 1942 debuisse
561 1882 827 1947 Creatori,
850 1881 902 1936 in
925 1879 1138 1936 Christo
1157 1891 1371 1949 quoque
1387 1890 1485 1930 suo
1506 1872 1888 1944 dispositiones

266 1993 400 2033 suas
430 1984 783 2042 exsecutum,
815 1982 871 2028 ut
912 1973 1145 2044 perfecta
1185 1979 1237 2025 et
1267 1968 1480 2039 expleta
1512 1965 1658 2023 omni
1688 1979 1884 2035 opera-

269 2073 425 2129 tione
454 2071 639 2127 :muuli
669 2069 787 2131 Dei,
815 2079 870 2124 et
899 2065 1076 2122 aemuli
1108 2063 1329 2128 Christi,
1375 2071 1500 2115 tunc
1528 2066 1583 2115 et
1610 2057 1723 2129 ipse
1759 2072 1881 2127 pro—

268 2166 421 2237 prias
437 2162 827 2235 dispositiones
841 2157 1038 2231 superd
1047 2165 1250 2213 uceret.
1266 2155 1553 2217 Caeterum,
1570 2149 1882 2222 pwniteutia

269 2268 439 2313 tanta:
462 2255 689 2329 patienti
710 2274 737 2307 υ
766 2254 910 2331 fecit,
928 2250 1069 2323 quod
1099 2265 1206 2305 non
1238 2248 1289 2303 in
1322 2247 1481 2300 linem
1510 2260 1688 2299 rerum
1717 2242 1885 2296 Crea-

272 2350 411 2405 toris
446 2346 897 2420 perseveraverit.
930 2343 1075 2399 Vane
1102 2340 1358 2398 sustinuit
1386 2336 1663 2409 praedicari
1694 2334 1881 2391 Chris-

271 2452 388 2497 tum
444 2439 591 2512 ejus,
644 2452 804 2508 quem
851 2452 955 2491 non
998 2431 1248 2489 sustinuit
1297 2425 1578 2486 exhiberi?
1627 2435 1720 2482 aut
1766 2426 1882 2481 sine

271 2548 468 2592 caussa
512 2530 718 2587 laiudiu
757 2545 861 2586 non
910 2525 1219 2584 intercidit?
1248 2522 1383 2594 Quid
1430 2522 1578 2579 illum
1627 2521 1878 2588 detinuit,

270 2625 475 2697 quidve
519 2622 790 2679 turbavit?
820 2621 1015 2693 Atquin
1046 2623 1097 2674 in
1130 2627 1415 2687 utrumque
1444 2613 1727 2679 commisit,
1762 2622 1881 2683 pust

271 2720 595 2774 Creatorem
618 2714 832 2787 quidem
855 2724 959 2769 tam
989 2710 1139 2768 tarde
1161 2711 1446 2776 revelatus,
1470 2717 1595 2762 ante
1608 2704 1879 2762 Christum

271 2828 405 2868 vero
443 2811 563 2883 ejus
595 2819 703 2865 tam
736 2822 985 2879 propere.
1018 2807 1258 2860 Alterttm
1290 2816 1420 2858 vero
1440 2796 1752 2873 jamdudum
1780 2797 1876 2853 de-

274 2903 470 2961 buerat
497 2902 824 2965 traduxisse,
845 2899 1069 2955 alterum
1100 2895 1368 2960 nondum;
1394 2909 1461 2948 ne
1488 2893 1636 2947 illum
1661 2887 1877 2961 quidem

276 2998 485 3056 tamdiu
535 2998 850 3054 sa‘vientem
902 2992 1255 3056 sustinuisse;
1310 2989 1471 3043 istum
1521 3001 1650 3041 vero
1704 2982 1879 3038 adhuc

1991 1785 2096 1840 que
2116 1786 2339 1825 caussas
2364 1771 2661 1842 prephetici
2681 1771 2879 1842 eloquii
2907 1770 3079 1841 allego
3101 1770 3466 1842 agnoscendas
3491 1770 3584 1827 ab-

1991 1861 2114 1918 hinc
2148 1862 2472 1919 adversariis
2498 1864 2734 1918 nostris:
2766 1880 2947 1930 unam,
2980 1879 3080 1935 qua
3114 1863 3286 1919 futura
3315 1863 3582 1921 interdum

1991 1971 2086 2026 pro
2127 1954 2236 2026 jam
2285 1957 2567 2012 transactis
2613 1955 2981 2012 enuntiantnr.
3041 1955 3172 2011 Nam
3216 1967 3271 2013 et
3309 1956 3586 2015 Diviuitati

1987 2048 2235 2117 competit
2247 2091 2260 2114 ,
2277 2064 2630 2120 qua-cumque
2646 2048 2967 2112 decreverit,
2984 2059 3040 2104 ut
3060 2049 3290 2119 perfecta
3309 2060 3582 2121 reputare,

1985 2139 2109 2210 quia
2154 2156 2258 2194 non
2287 2141 2356 2195 sit
2397 2141 2539 2212 apud
2581 2141 2724 2197 illam
2771 2138 3068 2197 dill‘erentia
3114 2144 3406 2216 temporis,
3441 2145 3583 2214 apud

1986 2249 2143 2304 quam
2175 2232 2491 2288 uniformem
2514 2244 2711 2289 statum
2736 2244 3033 2306 temporum
3059 2233 3142 2309 (6)
3165 2236 3343 2308 dirigit
3368 2239 3585 2294 interni-

1987 2338 2067 2381 tas
2093 2327 2228 2397 ipsa,
2258 2336 2312 2382 ct
2338 2325 2649 2381 divinationi
2679 2325 3006 2396 prophetica:
3023 2328 3191 2399 magis
3218 2327 3475 2384 familiare
3499 2340 3583 2386 est

1987 2420 2038 2475 id
2058 2421 2199 2492 quod
2223 2421 2528 2492 prospiciat,
2545 2420 2671 2476 dum
2688 2414 2963 2491 prospicit,
2981 2421 3099 2491 jam
3118 2423 3307 2488 visum,
3327 2435 3489 2495 atque
3511 2426 3583 2482 ita

1978 2512 2089 2583 jam
2122 2512 2205 2585 (7)
2235 2523 2580 2583 expunctum,
2621 2512 2673 2566 id
2705 2521 2808 2579 est,
2853 2514 2997 2568 omni
3029 2512 3189 2568 modo
3222 2513 3458 2570 futurum
3487 2515 3582 2572 de-

1983 2616 2305 2673 monstrare,
2330 2608 2470 2661 sicut
2496 2604 2792 2676 perlsaiam
2818 2602 2922 2676 (Is.
2945 2604 3007 2661 L.
3026 2606 3099 2678 ϐ)
3131 2605 3389 2678 :Dorsum
3414 2627 3582 2664 meum

1983 2701 2129 2771 posui
2181 2701 2233 2753 in
2277 2697 2520 2770 ﬂagella,
2551 2695 2791 2752 maxillas
2834 2707 3004 2752 autent
3053 2676 3190 2754 metis
3238 2700 3292 2754 in
3343 2701 3581 2772 palmas;

1982 2793 2159 2863 faciem
2183 2809 2345 2846 meam
2373 2807 2487 2846 vero
2511 2808 2611 2845 non
2627 2790 2782 2844 averti
2809 2808 2840 2843 a
2860 2791 3253 2860 sputamiuibus.
3280 2792 3410 2849 Sive
3435 2796 3581 2853 enim

1980 2886 2228 2942 Christus
2255 2885 2362 2957 jam
2392 2893 2517 2940 tunc
2544 2884 2595 2938 in
2629 2883 2974 2954 semetipsum
3008 2883 3300 2940 secundum
3323 2902 3443 2953 nos,
3468 2887 3582 2944 sive

1982 2978 2271 3050 prophetes
2298 2976 2365 3032 de
2396 2976 2684 3046 semetipso
2710 2975 3002 3031 secundum
3023 2974 3239 3030 Iudaeos
3266 2978 3574 3046 pronuntia.

272 3092 647 3162 quiescentem
690 3087 1036 3160 inquietasse,
1077 3083 1219 3139 circa
1279 3079 1468 3135 ambos
1506 3076 1760 3136 excideris
1806 3075 1874 3130 ab
1900 3071 1945 3135 C
1980 3074 2089 3137 bat,
2119 3070 2351 3126 nondum
2375 3081 2552 3124 tamen
2573 3069 2766 3124 factum
2791 3067 3016 3141 projam
3041 3077 3308 3124 transacto
3330 3071 3575 3127 sonabat.

272 3183 598 3254 optimiﬁei
640 3180 816 3242 titulo,
860 3187 1008 3233 certe
1032 3175 1213 3229 varius
1243 3181 1299 3229 et
1344 3172 1458 3242 ipse
1510 3179 1561 3226 et
1607 3169 1870 3231 incertus;

275 3276 489 3349 tepidus
515 3274 723 3332 scilicet
743 3272 796 3328 iu
829 3272 1162 3334 Creatorem,
1193 3275 1248 3322 et
1272 3264 1479 3321 calidus
1507 3262 1558 3317 in
1577 3260 1871 3325 Christum,

268 3340 522 3427 et-vanus
552 3367 841 3436 utrobique
870 3361 975 3436 (ὅ).
1016 3359 1134 3416 Non
1161 3358 1328 3429 magis
1354 3354 1499 3412 enim
1539 3340 1916 3425 compescuit“

268 3460 613 3525 Creatorem,
645 3472 805 3529 quam
835 3452 1045 3511 obstitit
1070 3450 1308 3507 Christo.
1342 3447 1519 3502 Manet
1550 3453 1605 3500 et
1626 3444 1870 3508 Creator,

267 3554 451 3627 qualis
476 3551 699 3607 omnino
728 3559 843 3615 est;
876 3545 1053 3603 veniet
1078 3551 1134 3601 et
1161 3542 1430 3606 Christus,
1463 3538 1635 3610 qualis
1662 3544 1717 3592 et
1740 3534 1874 3590 scri-

268 3652 435 3706 bitur.
484 3647 623 3716 Quid
660 3645 802 3701 venit
843 3650 964 3715 post
1001 3639 1333 3704 Creatorem,
1376 3649 1535 3716 quem
1581 3630 1873 3688 emendare

266 3760 382 3802 non
412 3714 620 3797 valuit?
661 3738 797 3807 Quid
837 3746 962 3791 ante
1001 3732 1274 3789 Christum
1304 3728 1422 3798 ejus
1442 3714 1718 3781 revelatus
1765 3732 1869 3788 est,

261 3851 434 3910 quem
463 3847 718 3888 revocare
748 3844 851 3885 uon
886 3824 1152 3898 potuerit?
1178 3825 1283 3878 Aut
1309 3820 1353 3875 si
1375 3816 1680 3875 emendavit
1708 3814 1871 3871 Crea-

262 3940 470 3994 torem,
504 3935 626 3998 post
663 3924 810 3980 illum
840 3920 1106 3977 revelatus
1149 3926 1252 3983 est,
1281 3923 1339 3970 ut
1364 3910 1701 3968 emendanda
1734 3923 1870 3979 prae-

261 4020 569 4085 cederent;
610 4032 740 4088 ergo
767 4024 822 4071 et
853 4012 1126 4069 Christum
1154 4008 1271 4079 ejus
1296 4020 1448 4077 atque
1488 4001 1869 4060 emendaturus

258 4123 618 4187 exspectasse
671 4110 967 4175 debueratf,
1015 4102 1241 4177 proinde
1312 4108 1370 4156 et
1413 4099 1551 4153 illius
1604 4096 1872 4168 posterior

258 4205 591 4267 emendator
631 4203 864 4270 futurus,
897 4202 1036 4256 sicut
1066 4192 1361 4253 Creatoris.
1396 4190 1555 4246 Aliud
1593 4198 1696 4258 est,
1728 4189 1772 4242 si
1816 4196 1871 4243 et

257 4306 384 4374 ipse
411 4311 537 4372 post
581 4300 727 4355 illum
778 4310 967 4352 rursus
1005 4290 1283 4353 adveniet;
1330 4297 1391 4341 ut
1435 4285 1623 4356 primo“
1649 4282 1864 4354 quidem

253 4397 503 4453 adventu
546 4391 873 4467 processerit
919 4389 1178 4444 adversus
1205 4384 1539 4445 Creatorem,
1571 4380 1765 4450 Legem
1811 4386 1869 4433 et

1978 3166 2096 3220 Alia
2127 3164 2334 3234 Species
2359 3164 2482 3230 erit,
2511 3178 2610 3233 qua
2646 3160 2899 3231 pleraque
2930 3161 3149 3232 figurate
3178 3162 3577 3232 portenduntur

1976 3259 2367 3332 peraenigmata
2388 3265 2444 3312 et
2464 3255 2741 3326 allegorias
2779 3264 2834 3311 et
2860 3254 3174 3325 parabolas,
3202 3254 3356 3309 aliter
3393 3256 3580 3311 intelli-

1975 3353 2149 3426 genda
2174 3368 2332 3424 quam
2356 3352 2551 3422 scripta
2574 3359 2716 3406 sunt.
2735 3349 2866 3404 Nam
2894 3357 2948 3403 et.
2974 3359 3183 3404 montes
3222 3349 3445 3421 legimus
3469 3350 3578 3406 dis-

3608 2044 3635 2069 φ

3605 3180 3661 3215 ml

1980 3447 2238 3503 tillaturos
2264 3440 2721 3512 dulcorem(loel.
2747 3440 2835 3508 Ill,
2863 3440 2991 3510 i8);
3035 3456 3138 3494 non
3192 3450 3367 3497 tamen
3401 3450 3458 3496 ut
3484 3457 3576 3498 sa-
3670 3488 3685 3503 κ

1976 3556 2097 3611 pum
2131 3538 2197 3594 de
2223 3539 2387 3608 petris
2413 3534 2504 3607 (c),
2535 3543 2624 3588 aut
2645 3532 2912 3588 defrutum
2942 3532 3009 3587 de
3037 3531 3254 3603 rupibus
3273 3548 3459 3603 speres
3484 3552 3497 3588 :
3522 3543 3579 3591 et

1977 3641 2172 3690 terram
2202 3628 2449 3684 audimus
2470 3624 2608 3681 lacte
2626 3635 2679 3680 et
2700 3624 2859 3679 melle
2895 3633 3199 3678 manantem
3225 3641 3239 3690 ;
3274 3634 3576 3682 nontamen

1975 3733 2033 3781 ut
2063 3725 2129 3780 de
2156 3721 2328 3794 glebis
2348 3719 2537 3776 credas
2559 3728 2613 3774 te
2635 3732 2869 3788 unquam
2899 3716 3171 3787 placentas
3197 3726 3249 3775 ct
3269 3719 3466 3776 samias
3492 3718 3576 3793 (ά)

1976 3829 2285 3874 coacturum
2317 3832 2331 3870 :
2360 3813 2482 3883 quia
2525 3825 2624 3867 nec
2664 3811 2844 3865 statim
2882 3809 3165 3879 aquiliecm
3192 3818 3248 3865 et
3285 3811 3576 3881 agricolam

1974 3929 2035 3971 os
2060 3914 2150 3968 llei
2172 3910 2504 3983 repromisit,
2527 3908 2711 3963 dicens
2743 3905 2842 3979 (Is.
2867 3905 3004 3970 XLI,
3029 3906 3117 3975 I9)
3142 3924 3154 3959 :
3184 3905 3381 3961 Ponant
3401 3907 3601 3979 ιιιιηιὶ-⁷

1973 4024 2039 4062 ua
2069 4007 2124 4064 in
2151 4005 2353 4076 regione
2376 4002 2585 4068 sitienti,
2617 4011 2662 4056 et
2692 4001 2745 4055 in
2770 3998 3044 4055 solitudine
3064 4000 3269 4054 cedrum
3295 4010 3342 4055 et
3361 4001 3572 4058 (iurant.

1973 4098 2125 4153 Sicut
2144 4107 2197 4151 et
2220 4093 2515 4166 prmdicans
2536 4092 2601 4147 de
2620 4090 2904 4146 Nationunt
2933 4092 3320 4151 conversione:
3349 4091 3573 4147 Benedi-

1972 4201 2082 4246 ceut
2105 4205 2183 4243 me
2205 4186 2374 4243 bestia:
2389 4185 2520 4256 agri,
2550 4183 2740 4239 sireues
2761 4192 2805 4236 et
2823 4183 2945 4251 ﬁlia:
2966 4198 3230 4253 passerum
3258 4182 3361 4254 (Is.
3386 4183 3572 4255 XLIII,

1970 4284 2061 4355 ΞΟ)
2089 4300 2104 4349 ;
2147 4290 2251 4343 non
2280 4280 2461 4348 utique
2489 4276 2557 4331 ab
2598 4276 2943 4331 hirundinum
2983 4275 3142 4345 pullis
3168 4285 3222 4330 et
3253 4276 3567 4345 vulpeculis,

1970 4388 2027 4435 et
2079 4375 2183 4430 illis
2228 4369 2585 4429 monstruosis
2633 4367 2988 4437 fabulosisque
3030 4368 3359 4424 cautricibus
3401 4367 3574 4425 fausta

252 4455 568 4560 Prophetas
605 4487 888 4543 destruens
939 4482 1093 4554 ejus;
1150 4474 1390 4539 secundo
1434 4488 1565 4531 vero
1609 4470 1869 4544 procedat
1896 4465 1946 4525 Ι)
1973 4469 2151 4526 omina
2177 4465 2448 4521 relaturus
2471 4469 2576 4518 est.
2608 4459 2679 4514 Et
2706 4457 2835 4530 quid
2871 4471 2971 4531 ego
3000 4455 3068 4516 de
3090 4458 3193 4516 isto
3222 4456 3423 4533 genere
3450 4475 3572 4519 ant-

1494 4580 1874 4643 LECTIONES
1914 4577 2325 4641 VARIANTES.

323 4711 403 4965 gi
731 4768 923 4842 Ραῃιει.

348 4840 403 4965 tl
426 4830 923 4964 Ρίῖδιυιιξὲιῗιῗιῖέξξὰ

426 4830 1007 4964 ξ’ἳὲιυιιξὲιῗιῗιίὲξξάωι.
1036 4896 1204 4947 Venet.

2062 4693 2112 4744 5)
2131 4692 2250 4742 Post
2271 4703 2299 4742 a
2314 4696 2426 4740 Jun.

2062 4695 2092 4744 5
2131 4693 2250 4742 Post
2271 4696 2426 4742 aJuu.

2039 4693 2114 4885 {si
2136 4754 2396 4828 Temporis
2412 4745 2565 4804 Seml.
2589 4746 2775 4804 Pamel.

2140 4817 2206 4870 Ut
2222 4830 2321 4881 1am
2341 4823 2457 4867 Jun.

2140 4817 2206 4870 Ut.
2222 4817 2322 4909 iam
2341 4823 2457 4867 Jun.

1638 4984 2197 5047 COMMENTARIUS.

325 5111 485 5173 CAP.
511 5112 583 5170 ν.
612 5141 688 5186 σέ-
710 5109 786 5186 (a)
823 5108 908 5186 Ad
949 5117 1141 5186 certum
1181 5115 1229 5162 et
1256 5104 1485 5186 comiti-us
1507 5103 1864 5186 dimicaturas.

246 5172 425 5261 Quasi
460 5172 1200 5261 uiperioritspisjiutationes
1230 5172 1863 5261 νειίιιιιίοιιίξιξιιιιιυᾱιιιιι

246 5246 645 5317 Mosaeus:
676 5253 773 5309 hic
791 5246 978 5323 fortius
1004 5252 1363 5323 pugnaturum
1389 5261 1448 5323 se
1473 5246 1775 5323 pollicetur,
1806 5252 1864 5298 ut

243 5329 763 5404 Msponsione
783 5317 1149 5404 adveisariuiii
1160 5329 1396 5404 premat.
1419 5318 1661 5404 Appellat
1682 5317 1862 5404 itaque

244 5392 753 5473 id'Scri'pturam,
802 5408 959 5464 quam
1024 5393 1077 5448 in
1128 5392 1453 5447 Marciuncm
1517 5395 1857 5513 ciliJuttli't-quet.

1596 5474 1626 5512 ε
1695 5474 1747 5511 ιι.

1596 5474 1626 5512 Ε
1651 5474 1747 5512 I'R.

312 5545 405 5623 (te)
423 5544 829 5623 seﬂpturarum
875 5538 1268 5623 formamuete‘.
1311 5530 1642 5623 Pr‘a'mittere
1681 5527 1857 5598 expli-

238 5603 830 5681 M,deélaraudo,
873 5603 1318 5681 ξιθιιιηιειιιιξῃιύο.
1348 5604 1468 5681 Βιθ.

1083 5654 1463 5750 ﬁmum};
1483 5672 1712 5745 rupibus,
1745 5682 1847 5725 ctc.

1968 5096 2114 5153 Idem
2146 5097 2227 5151 lue
2253 5095 2372 5151 duae
2393 5110 2557 5151 voces
2586 5096 2918 5167 significant,
2955 5098 3188 5153 mustum
3222 5070 3416 5168 nempe
3440 5111 3568 5153 coc-

1971 5180 2102 5224 tum.
2132 5167 2427 5223 Discrimen
2475 5176 2559 5222 est
2606 5168 2747 5237 quod
2778 5182 2905 5236 sapa
2946 5177 3029 5222 est
3074 5179 3305 5223 mustum
3335 5168 3401 5222 ad
3449 5170 3596 5225 [ηιξ-⁹

1965 5240 2109 5295 diam
2139 5248 2343 5309 partem
2371 5238 2651 5309 decoctum
2669 5277 2684 5302 ,
2712 5238 2984 5294 defrutum
3011 5249 3190 5295 autem
3218 5239 3285 5295 ad
3314 5238 3561 5296 tertiam:

1965 5314 2035 5366 ita
2067 5308 2150 5366 M.’
2175 5310 2356 5364 Varro.
2396 5308 2469 5362 Le
2498 5308 2592 5362 Pa.

1948 5388 1959 5394 ’
2035 5380 2113 5453 (d)
2144 5380 2417 5453 Plaeeutas
2461 5387 2509 5431 et
2547 5379 2757 5442 samias,
2787 5380 2893 5453 etc.
2929 5378 3208 5453 ⁸ΡξιοιιζίτιιιΔ
3230 5379 3410 5448 legunt
3443 5377 3561 5442 alii,

1962 5448 2051 5509 alii
2093 5448 2320 5521 psomia,
2346 5464 2374 5502 a
2396 5463 2574 5521 grtpco
2603 5458 2804 5518 φώμισν.
2843 5449 2941 5519 Qui
2971 5448 3167 5521 samias
3196 5449 3397 5521 legunt.
3424 5461 3567 5521 puto

1960 5541 2056 5582 eus
2097 5516 2421 5588 intelligere
2455 5516 2523 5573 de
2568 5516 2825 5589 placentis
2872 5516 3055 5589 Samiis
3097 5535 3217 5588 qua:
3252 5516 3313 5589 in
3354 5516 3603 5589 deliciis'

1958 5605 2132 5661 Cl‘alll,
2163 5584 2402 5662 auctoris
2425 5605 2552 5645 vero
2571 5584 2770 5645 nomen
2810 5584 3195 5662 praeferebant,
3226 5587 3315 5660 qui
3343 5584 3566 5648 Samius

1956 5659 2250 5724 dicebatur.
2276 5659 2354 5715 Le
2385 5659 2481 5715 Pu.
