4008 6280
360 243 456 300 551

1775 229 2239 288 ΤΕΒΤΠΛΛΛΜ

3556 221 3661 280 532

359 360 692 437 indigttitalc,
717 371 840 414 cum
870 363 925 414 ct
953 353 1196 413 diabolus
1240 351 1622 410 adversabatur
1670 349 1742 419 ci,
1771 360 1956 405 auctor
1983 352 2032 411 Α
2061 360 2114 406 ει
2145 353 2244 404 hoc
2272 347 2432 404 modo
2470 345 2729 403 creatoris
2756 344 2975 401 forsitan
3015 343 3381 415 deputaretur,
3411 357 3517 397 non
3549 351 3663 428 erat

358 452 564 510 scilicet.
584 451 734 509 Iuda:
773 449 1076 517 traditoris,
1107 465 1174 505 ne
1217 447 1390 504 dicam
1441 446 1600 503 etiam
1631 453 1752 518 post
1782 445 1957 515 bapti-

357 562 473 603 sma
503 555 754 602 tentator.
787 543 989 598 Dehinc
1017 541 1202 614 (Zach.
1245 539 1335 608 III,
1369 539 1445 612 5),
1475 539 1800 610 despoliatus
1844 537 1954 608 pri-

357 641 524 694 stinas
549 638 756 704 sordes,
787 646 841 692 et
863 645 1151 693 exornatus
1178 635 1400 706 pedere,
1433 643 1486 690 et
1513 633 1689 699 mitra,
1715 643 1767 688 et
1792 631 1958 688 cidari

361 731 554 787 munda
574 774 588 796 ,
620 731 673 787 id
697 739 800 798 est,
835 730 1051 787 secundi
1079 730 1341 788 adventus
1375 727 1544 799 gloria
1572 739 1627 783 et
1656 725 1957 784 honore.‘Si

357 826 500 882 enim
527 825 710 900 (Levit.
741 824 882 898 XVI)
908 834 962 882 et
983 821 1215 880 duorum
1249 821 1612 892 hircornm(a)
1641 819 1731 892 qui
1755 817 1958 890 jejunio

357 917 723 973 oﬁ'crehautur
765 915 956 971 faciam
1003 915 1530 984 interpretationem,
1567 926 1744 967 nonne
1792 920 1846 966 et
1884 909 1958 965 illi

359 1022 643 1082 utrumque
664 1011 906 1065 ordinem
933 1007 1134 1063 Christi
1157 1007 1416 1078 ﬁgurant?
1437 1007 1600 1062 Pares
1634 1003 1846 1075 quidem
1876 1012 1960 1058 at-

357 1119 462 1172 que
487 1102 792 1158 consimiles
823 1108 1036 1171 propter
1085 1100 1332 1156 eumdem
1387 1099 1669 1153 Dominum
1700 1110 1959 1168 conspec-

359 1206 500 1261 tum,
532 1195 654 1265 quia
711 1210 814 1248 non
867 1194 915 1247 in
964 1193 1064 1247 alia
1113 1203 1369 1247 venturus
1419 1201 1500 1246 est
1546 1190 1831 1255 forma,nt
1870 1189 1960 1259 qui

356 1291 572 1358 agnosci
597 1286 808 1354 haheat,
836 1303 864 1343 a
889 1288 1082 1358 quibus
1107 1297 1162 1343 et
1191 1288 1345 1344 ltesus
1376 1297 1480 1343 est.
1510 1285 1660 1341 Alter
1679 1296 1856 1341 autem
1880 1284 1957 1356 (1)

357 1397 543 1437 eorum
598 1382 960 1437 circumdatus
1002 1382 1242 1449 coccino,
1303 1379 1648 1445 maledictns,
1709 1389 1764 1434 et
1825 1393 1956 1434 eon-

356 1483 600 1544 Sputatus
650 1473 766 1548 (Ξ),
822 1485 876 1530 ει
931 1475 1258 1542 convulsus,
1301 1483 1355 1528 et
1389 1481 1742 1542 compunctus
1783 1487 1812 1525 a
1870 1487 1962 1542 po-

356 1567 482 1637 pulo
535 1574 685 1622 extra
743 1553 1011 1622 civitatem
1069 1565 1417 1636 abjiciebatur
1465 1566 1515 1618 itt
1577 1559 1958 1634 perditionem,

356 1661 653 1732 manifestis
715 1671 927 1716 notatus
998 1659 1291 1739 insignibus
1343 1657 1626 1714 dominicae
1677 1656 1958 1727 passionis.

2063 440 2203 512 quod
2234 439 2530 505 videbatur,
2565 447 2620 493 et
2648 436 2789 508 quod
2821 446 2935 492 erat
2962 434 3356 500 mentiebatur;
3390 449 3534 499 caro,
3568 449 3664 490 nec

2063 546 2223 597 caro;
2254 534 2444 596 homo,
2479 545 2578 586 nec
2605 531 2802 585 homo:
2842 527 3065 600 proinde
3089 527 3229 582 Deus
3252 526 3519 592 Christus,
3566 539 3666 581 nec

2065 623 2222 680 Deus.
2249 623 2357 679 Cur
2383 625 2526 680 enim
2551 639 2655 678 non
2688 624 2848 678 etiam
2877 622 2969 677 Dei
3001 621 3316 692 phantasma
3343 613 3665 690 portaverit?

2064 718 2144 772 An
2172 717 2385 773 credam
2416 718 2464 772 ei
2494 716 2561 772 de
2585 709 2851 771 interiore
2875 715 3192 780 substantia,
3221 712 3308 783 qui
3332 711 3402 766 sit
3430 710 3496 767 dc
3522 720 3669 767 cxte-

2065 811 2206 867 riore
2254 795 2576 866 frustratus?
2621 808 2902 878 Quomodo
2939 795 3105 882 verax
3150 801 3430 861 habebitur
3483 804 3534 859 in
3581 819 3669 858 oc-

2037 901 2230 974 culto,
2258 910 2361 956 tam
2388 902 2544 956 fallax
2575 909 2818 982 repertus
2846 901 2899 952 in
2925 897 3152 969 aperto?
3185 895 3466 963 Quomodo
3491 891 3667 949 autem

2065 997 2116 1051 in
2142 997 2429 1066 semetipso
2452 973 2731 1051 veritate-tn
2757 992 2980 1064 spiritus
3010 976 3217 1045 IaIlacia
3241 990 3416 1044 carnis
3444 987 3671 1042 confun-

2065 1088 2220 1154 dens,
2247 1097 2491 1159 negatam
2524 1087 2591 1143 ab
2621 1087 2876 1156 Apostolo
2907 1083 2977 1157 (II
3017 1081 3135 1138 Cor.
3166 1080 3256 1148 Vl,
3288 1070 3378 1152 11)
3433 1080 3586 1145 lucis,
3619 1077 3670 1134 id

2065 1189 2146 1236 est
2180 1181 2455 1248 veritatis,
2488 1189 2543 1234 ct
2591 1178 2851 1244 fallaciae,
2886 1176 2938 1231 id
2989 1184 3070 1232 est
3120 1175 3482 1234 tenebrarum,
3526 1185 3667 1226 com-

2065 1273 2210 1328 misit
2239 1267 2822 1328 communicationem?
2874 1270 2989 1326 Jam
3048 1285 3209 1335 nunc,
3270 1284 3391 1324 cum
3457 1266 3675 1323 menda-

2068 1365 2209 1422 cium
2244 1364 2666 1436 deprehenditur
2687 1363 2884 1419 Christi
2915 1377 3039 1418 caro
3063 1404 3078 1427 ,
3133 1355 3375 1432 sequitur
3399 1369 3454 1414 ιιι
3481 1369 3535 1414 ει
3559 1375 3676 1413 ont-

2069 1457 2152 1511 nia
2184 1470 2304 1526 qna:
2329 1470 2424 1525 per
2454 1469 2670 1509 carnem
2697 1454 2894 1511 Christi
2921 1462 3072 1526 gesta
3103 1462 3245 1520 sunt,
3274 1449 3555 1507 mendacio
3580 1465 3676 1520 ge-

2067 1560 2148 1606 sta
2209 1551 2349 1616 sint,
2398 1564 2754 1620 congressus,
2809 1557 3130 1614 contactus,
3181 1547 3496 1613 convictus,
3547 1545 3678 1615 ipsa:

2069 1659 2280 1715 quoque
2311 1643 2554 1698 virtutes.
2594 1641 2652 1698 Si
2680 1642 2822 1698 enim
2870 1625 3133 1714 tangendo
3159 1641 3389 1712 aliquem
3432 1637 3680 1694 liberavit

354 1756 508 1810 Alter
533 1769 660 1810 vero
707 1770 804 1824 pro
834 1752 1042 1809 delictis
1073 1736 1305 1820 oblatus,
1341 1760 1394 1807 ει
1431 1748 1799 1806 sacerdotibus
1829 1757 1968 1826 tem-

2075 1753 2104 1790 a
2134 1737 2284 1804 vitio,
2315 1725 2400 1791 vel
2443 1746 2612 1792 tactus
2658 1733 2726 1792 ab
2771 1735 3155 1806 aliquo;'quod
3187 1733 3543 1805 corporaliter
3592 1748 3683 1788 ac-

355 1850 425 1918 pli
454 1849 504 1902 in
551 1837 801 1919 pabulum
839 1847 1015 1914 datus,
1061 1837 1311 1901 secundae
1355 1842 1842 1915 reprtesentationis
1869 1857 1959 1897 ar-

355 1951 605 2012 gumenta
633 1939 893 2010 signabat,
924 1955 1048 2010 qna,
1085 1937 1295 1993 delictis
1317 1938 1564 1992 omnibus
1591 1935 1841 2006 expiatis,
1871 1951 1959 1990 sa-

354 2034 601 2089 cerdotes
631 2033 816 2103 templi
861 2031 1137 2102 spiritalis,
1164 2029 1217 2085 id
1248 2029 1645 2103 estEcclcsiae,
1678 2024 1963 2083 dominica:

354 2127 540 2196 gratia:
585 2126 738 2196 quasi
782 2125 1134 2181 visceratione
1174 2123 1402 2196 quadam
1446 2102 1771 2188 fruerentur,
1822 2120 1965 2192 jeju-

356 2219 608 2274 nantibus
637 2220 850 2274 caeteris
879 2233 907 2272 a
934 2217 1125 2273 salute.
1158 2215 1344 2289 Igitur,
1368 2215 1618 2287 quoniam
1648 2217 1849 2287 primus
1867 2213 1966 2269 ad-

358 2323 571 2378 ventus,
607 2323 660 2368 ct
683 2313 968 2382 plut-imum
998 2311 1180 2382 figuris
1207 2309 1545 2376 obscuratus,
1569 2319 1624 2365 et
1644 2309 1789 2364 omni
1811 2307 1965 2363 inho-

356 2412 567 2458 nestate
607 2411 902 2473 prostratus
941 2402 1267 2467 cauebatur;
1295 2399 1566 2456 secundus
1597 2416 1723 2455 vero
1749 2409 1805 2455 et
1850 2393 1966 2454 ina-

354 2497 606 2563 nifestus‘,‘
629 2507 684 2551 et
730 2495 839 2550 Deo
887 2494 1218 2565 cendignus;
1249 2493 1468 2556 idcirco,
1509 2507 1669 2572 quem
1713 2490 1869 2546 facile
1915 2499 1970 2547 et

353 2593 655 2663 intelligere
707 2599 760 2645 et
789 2588 1011 2646 credere
1043 2597 1328 2658 potuerunt
1361 2585 1464 2661 ('5),
1499 2601 1622 2641 eum
1674 2587 1846 2641 solum
1889 2585 1969 2639 in-

356 2691 586 2746 tuentes,
615 2680 667 2735 id
717 2690 798 2736 est
842 2678 1158 2743 secundum,
1191 2678 1280 2748 qui
1315 2686 1409 2755 (est
1432 2678 1483 2731 itt
1514 2675 1720 2732 honore
1771 2683 1826 2730 et
1855 2676 1970 2746 glo-

354 2776 432 2831 ria
466 2773 570 2847 (4),
619 2788 725 2828 non
783 2771 1050 2828 immerito
1095 2771 1303 2841 decepti
1335 2779 1460 2824 sunt
1501 2769 1642 2825 circa
1687 2768 1965 2824 obscurio-

357 2883 495 2944 rem,
528 2876 676 2921 certe
709 2863 1170 2935 indigniorem,“
1200 2861 1561 2934 estprimum.
1595 2865 1768 2932 Atque
1803 2862 1871 2915 ita
1915 2861 1968 2916 in

357 2959 675 3015 hodiernum
719 2967 914 3030 negant
953 2957 1164 3014 venisse
1193 2955 1466 3012 Christum
1494 2970 1670 3020 suum,
1705 2956 1825 3026 quia
1860 2971 1967 3012 non

358 3051 412 3108 in
443 3051 768 3108 Sublitnitate
798 3051 1021 3115 venerit,
1054 3045 1178 3104 dum
1212 3049 1458 3121 ignorant
1487 3048 1647 3104 etiam
1691 3047 1744 3104 Ill
1789 3045 1968 3102 humi-

363 3146 514 3202 litate
541 3144 708 3200 fuisse
735 3153 1042 3200 venturum.

963 3213 1194 3270 CAPUT
1225 3211 1360 3269 VIII.

417 3311 636 3367 Desinat
666 3324 808 3365 nunc
834 3309 1118 3366 hatreticus
1139 3323 1170 3361 a
1195 3307 1405 3374 Iudaeo,
1429 3306 1575 3377 aspis
1600 3306 1768 3380 (quod
1796 3307 1969 3381 aiunt)

290 3419 320 3444 '
359 3423 391 3462 a
422 3407 603 3478 vipera
635 3405 862 3460 mutuari
889 3404 969 3479 (5)
1001 3409 1302 3468 venenum;
1331 3405 1543 3458 evOmat
1563 3401 1671 3471 jam
1696 3400 1819 3456 hinc
1844 3417 1970 3473 pro-

363 3502 466 3573 prii
515 3500 715 3571 ingenii
761 3500 927 3566 virus,
982 3498 1298 3568 phantasma
1347 3496 1624 3552 vindicans
1675 3497 1972 3554 Christum.

361 3591 474 3648 Nisi
505 3590 646 3661 quod
692 3599 747 3645 et
797 3589 897 3645 ista
951 3589 1218 3645 sententia
1275 3587 1410 3643 alios
1456 3587 1674 3642 habebit
1702 3597 1972 3654 auctores,

363 3697 680 3758 praecoques
701 3691 755 3736 et
778 3681 1051 3736 abortivos
1075 3680 1152 3754 (b)
1181 3677 1669 3753 (6)quodamntodo
1694 3677 1978 3734 Marcioni-

365 3789 470 3846 tas,
507 3791 641 3848 quos
665 3776 936 3846 apostolus
960 3773 1196 3831 Joannes
1226 3770 1405 3846 (Joan.
1435 3771 1479 3825 II
1499 3813 1514 3838 ,
1538 3769 1594 3845 4)
1629 3771 1977 3828 antichristos

368 3872 758 3944 pronuntiavit,
790 3878 1047 3940 negantes
1070 3863 1338 3923 Christum
1372 3867 1424 3920 in
1455 3881 1616 3922 carne
1637 3866 1851 3923 venisse
1878 3885 1891 3934 ;
1916 3873 1977 3924 et

369 3977 550 4022 tamen
582 3981 688 4020 non
718 3973 777 4019 ut
815 3963 1036 4019 alterius
1067 3962 1158 4016 Dei
1188 3957 1277 4032 jus
1317 3961 1742 4027 constituerent,
1767 3963 1891 4031 quia
1927 3970 1980 4016 et

372 4063 440 4117 de
470 4063 574 4116 isto
607 4058 686 4131 (7)
732 4059 896 4113 notati
943 4057 1204 4121 fuissent;
1243 4055 1336 4111 sed
1367 4055 1618 4127 quoniam
1669 4054 1981 4111 incredibile

374 4160 830 4223 prtesutupserant
875 4151 1040 4204 Deum
1071 4163 1311 4204 carnem.
1360 4147 1476 4214 Quo
1531 4147 1702 4217 magis
1729 4145 1984 4202 antichri-

372 4254 490 4301 stus
509 4242 742 4298 Marcion
775 4241 875 4296 sibi
903 4256 1020 4295 eam
1065 4240 1241 4311 rapuit
1271 4239 1780 4309 przcsumptionetn;
1810 4241 1984 4311 aptior

373 4338 581 4394 scilicet
605 4335 670 4391 ad
703 4333 1028 4390 renucudatn
1056 4330 1392 4402 corporalem
1439 4331 1789 4387 substantiam
1828 4332 1985 4388 Chri-

375 4430 468 4496 sti,
500 4429 590 4500 qui
621 4428 792 4497 ipsutn
836 4426 1004 4480 Deum
1044 4423 1160 4495 ejus
1203 4413 1302 4479 néc
1331 4433 1606 4480 auctorem
1635 4424 1812 4480 carnis
1831 4425 1985 4481 indu-

2069 1839 2179 1885 tum
2214 1839 2328 1896 est,
2358 1846 2462 1884 non
2508 1839 2682 1901 potest
2711 1846 2834 1885 vere
2869 1840 3045 1884 actum
3093 1828 3238 1884 credi
3281 1828 3396 1883 sine
3437 1825 3682 1895 corporis

2071 1921 2245 1994 ipsius
2267 1903 2508 1977 veritate.
2537 1919 2678 1976 Nihil
2703 1921 2932 1977 solidum
2959 1922 3025 1976 ah
3048 1921 3212 1987 inani,
3243 1919 3374 1975 nihil
3403 1918 3625 1989 plenum
3653 1931 3687 1997 τε

2068 2028 2236 2069 vacuo
2276 2013 2457 2085 perﬁci
2489 2015 2657 2070 licuit.
2686 2001 2962 2068 Pulativus
3011 2010 3246 2078 habitus,
3282 2013 3549 2083 putativns
3584 2013 3804 2065 ac-f'oV

2070 2118 2192 2163 tus:
2228 2108 2573 2179 imaginarius
2620 2095 2871 2178 operator
2909 2149 2924 2176 ,
2974 2107 3299 2178 imaginariae
3346 2123 3556 2177 Opera}.
3600 2111 3687 2167 Sic
3718 2129 3773 2142 -ο

2071 2215 2171 2256 nec
2208 2201 2483 2271 passiones
2520 2199 2718 2255 Christi
2745 2201 2860 2269 ejus
2910 2197 3067 2254 ﬁdem
3115 2200 3462 2254 merebuntur
3500 2219 3512 2253 :
3559 2204 3688 2262 nihil

2071 2294 2213 2348 enim
2244 2308 2430 2363 passus
2460 2302 2575 2360 est,
2616 2293 2704 2364 qui
2752 2308 2856 2347 non
2889 2308 3015 2347 vere
3057 2301 3140 2347 cst
3174 2307 3386 2362 passus.
3419 2292 3568 2350 Vere
3593 2311 3686 2349 au-

2073 2392 2179 2439 tem
2211 2384 2316 2454 pati
2338 2424 2353 2450 ,
2379 2384 2707 2453 phantasma
2740 2400 2844 2438 non
2890 2384 3080 2454 potuit.
3115 2384 3370 2438 Eversum
3410 2394 3494 2438 est
3523 2387 3684 2457 igitur

2073 2485 2242 2533 totum
2271 2476 2366 2532 Dei
2389 2491 2545 2548 Opus.
2586 2476 2778 2532 Totum
2809 2477 3086 2533 christiani
3116 2479 3348 2534 nominis
3383 2488 3438 2534 et
3470 2481 3681 2551 pondus

2071 2575 2127 2623 et
2149 2567 2351 2623 fructus
2371 2609 2387 2635 ,
2415 2584 2559 2623 mors
2587 2568 2785 2623 Christi
2818 2579 3062 2641 negatur,
3094 2587 3252 2640 quam
3284 2581 3388 2625 tam
3415 2573 3682 2643 impresso

2075 2660 2366 2730 Apostolus
2391 2659 2711 2728 dentandat,
2742 2663 2922 2732 tttique
2976 2677 3177 2731 veram,
3236 2679 3510 2720 summum
3563 2681 3682 2722 eam

2074 2748 2483 2806 fundamentum
2540 2751 2816 2824 Evangelii
2864 2753 3220 2821 constituens,
3255 2767 3310 2811 et
3351 2759 3543 2813 salutis
3588 2773 3683 2814 no-

2073 2852 2232 2907 strue,
2288 2852 2342 2898 et
2385 2843 2779 2914 praedicationis
2824 2861 2934 2901 suae
2975 2867 2985 2903 :
3038 2846 3254 2901 Tradidi
3295 2850 3449 2917 enim,
3512 2851 3686 2922 inquit.

2077 2935 2122 3009 (1
2154 2934 2274 2993 Cor.
2304 2935 2422 3006 XV,
2451 2939 2506 3006 5,
2531 2937 2611 3012 4),
2634 2940 2772 2994 vobis
2792 2941 2845 2993 in
2874 2941 3071 3012 primis,
3104 2941 3240 3013 quod
3277 2940 3513 2998 Christus
3543 2961 3684 2999 mor-

2073 3044 2188 3088 tuus
2237 3036 2301 3090 sit
2352 3053 2444 3106 pro
2492 3039 2710 3108 peccatis
2763 3039 2970 3104 nostris,
3001 3042 3208 3108 etquod
3251 3039 3483 3110 sepultus
3525 3041 3612 3106 sit,
3639 3041 3708 3096 et

1996 3146 2044 3212 ρ
2076 3127 2210 3197 quod
2241 3127 2567 3182 resnrrexerit
2593 3125 2670 3200 (9)
2704 3130 2852 3182 tertia
2879 3128 2983 3184 die.
3010 3129 3198 3195 Porro,
3223 3130 3268 3184 si
3290 3145 3418 3185 caro
3438 3132 3561 3202 ejus
3591 3145 3687 3188 ne-

2077 3228 2248 3288 gatnr,
2277 3217 2547 3289 quomodo
2577 3234 2721 3274 mors
2759 3219 2876 3290 ejus
2917 3229 3287 3289 asseveratur,
3319 3237 3438 3294 qute
3464 3223 3687 3294 propria

2077 3311 2252 3366 carnis
2283 3320 2366 3366 est
2406 3311 2585 3382 passio
2614 3327 2707 3382 per
2737 3323 2966 3368 mortem
2988 3312 3314 3368 devertentis
3344 3311 3460 3386 (10)
3491 3314 3545 3369 itt
3583 3324 3689 3369 ter-

2078 3417 2191 3458 ram
2211 3401 2322 3468 ,‘de
2350 3418 2454 3474 qua
2482 3413 2564 3458 est
2597 3414 2809 3474 sumpta
2849 3404 3142 3460 secundmn
3175 3404 3344 3475 legem
3385 3407 3472 3460 sui
3502 3414 3691 3462 aucto-

2078 3497 2190 3553 ris?
2212 3495 2408 3567 Negata
2441 3513 2569 3554 vero
2601 3506 2795 3567 morte,
2819 3497 2944 3553 dum
2967 3515 3092 3554 caro
3124 3509 3366 3571 negatur,
3393 3516 3497 3557 nec
3515 3500 3582 3556 de
3605 3517 3690 3556 re-

2079 3593 2412 3644 surrectione
2456 3590 2742 3645 constabit.
2773 3589 2976 3645 Eadem
3022 3590 3164 3644 enim
3212 3591 3418 3645 ratione
3465 3606 3574 3646 non
3605 3604 3691 3646 re-

2080 3682 2330 3748 surrexit,
2374 3698 2477 3753 qua
2532 3691 2774 3738 mortuus
2814 3692 3049 3750 nonest,
3100 3699 3205 3738 non
3262 3682 3514 3738 habendo
3554 3683 3692 3738 sub-

2081 3773 2331 3830 stantiam
2378 3774 2584 3831 Scilicet
2624 3776 2829 3840 carnis;
2861 3775 3014 3846 cujus
3057 3775 3193 3830 sicut
3243 3785 3297 3831 ct
3327 3792 3497 3842 mors,
3529 3777 3602 3831 ita
3636 3785 3693 3833 ct

2081 3868 2410 3923 resurrectio
2463 3878 2545 3922 est
2578 3865 2631 3938 (I
2662 3865 2779 3922 Cor.
2813 3866 2930 3934 XV,
2969 3865 3080 3939 15).
3135 3866 3364 3936 Proinde
3409 3881 3693 3923 resurrec«
3761 3927 3768 3934 Ι

2085 3961 2228 4017 tione
2255 3960 2450 4034 Christi
2499 3955 2804 4027 inﬁrmata,
2837 3961 2996 4016 etiam
3040 3971 3220 4015 nostra
3274 3947 3532 4017 Subversa
3584 3969 3692 4017 est.

2083 4053 2192 4110 Nec
2217 4071 2279 4109 ea
2305 4055 2449 4110 enim
2471 4055 2688 4118 valebit,
2720 4067 2937 4125 propter
2961 4053 3392 4125 quam‘Christus
3430 4053 3611 4119 venit,
3647 4054 3695 4108 si

2084 4145 2328 4202 Christus
2353 4161 2459 4201 non
2489 4148 2782 4202 resurrexit
2805 4145 3245 4220 (il).N.tmsicut
3287 4146 3394 4212 illi,
3419 4147 3512 4216 qui
3543 4146 3695 4202 dice-

2088 4238 2217 4294 bant
2252 4240 2704 4295 resurrectionem
2733 4247 3063 4294 mortuorum
3107 4253 3212 4294 non
3233 4251 3373 4302 esse,
3401 4238 3693 4293 revincun-

2087 4343 2175 4389 tur
2205 4333 2272 4388 ab
2300 4335 2554 4404 Apostolo
2579 4349 2646 4390 ex
2673 4337 3064 4390 resurrectione
3090 4333 3318 4398 Christi;
3350 4333 3420 4386 ita
3442 4371 3458 4397 ,
3502 4347 3695 4387 resur-

2087 4428 2326 4483 rectione
2349 4428 2546 4482 Christi
2576 4444 2681 4482 non
2711 4428 3060 4492 consistente,
3083 4425 3322 4480 aufertur
3360 4435 3414 4478 et
3450 4433 3699 4480 mortuo-

377 4529 549 4588 xerat,
579 4535 676 4577 nec
718 4519 1150 4576 resuscitatorem
1184 4535 1198 4572 :
1231 4518 1488 4587 Optimum
1531 4517 1801 4584 videlicet,
1832 4529 1883 4574 et
1928 4517 1980 4574 in
2006 4546 2062 4606 D
2089 4535 2206 4576 rum
2229 4522 2567 4585 resurrectio,
2594 4529 2751 4592 atque
2773 4520 2841 4574 ita
2864 4519 3038 4574 inanis
3062 4528 3142 4574 est
3167 4515 3281 4591 (12)
3314 4516 3450 4573 ﬁdes
3481 4526 3694 4583 nostra,

375 4616 482 4672 isto
507 4613 586 4688 (8)
611 4611 1030 4668 diversissimum
1065 4625 1094 4664 a
1121 4609 1413 4665 mendaciis
1434 4618 1488 4666 et
1517 4609 1741 4665 fallaciis
1771 4622 1981 4668 creato-

378 4706 477 4764 ris.
507 4707 574 4762 Et
603 4705 723 4760 ideo
743 4702 988 4760 Christus
1017 4701 1134 4773 ejus
1171 4717 1239 4756 ne
1282 4701 1614 4768 mentiretur,
1643 4716 1713 4756 ne
1752 4701 1981 4774 falleret,

2088 4613 2262 4670 inanis
2299 4623 2381 4670 est
2411 4613 2714 4686 prazdicatio
2745 4614 3157 4685 Apostolorum,
3204 4611 3556 4669 inveniuntur
3602 4627 3701 4667 au-

2092 4717 2197 4763 tem
2228 4707 2388 4762 etiam
2431 4705 2550 4763 falsi
2600 4716 2764 4763 testes
2802 4707 2932 4774 Dei,
2960 4705 3105 4778 quod
3137 4703 3507 4760 testimonium
3547 4703 3701 4759 dixe-

956 4814 989 4844 ⁶
1636 4818 1814 4876 LECT
1819 4820 1934 4879 ION
1939 4822 2022 4881 ES
2059 4823 2266 4882 VARIA
2275 4823 2470 4883 N'I‘ES.

475 4934 522 4998 1)
544 4937 682 4987 Unus
699 4934 896 4998 quidem
912 4929 1066 4985 Seml.
1088 4929 1278 4998 Punici.

472 4990 524 5068 ἓ)
545 4990 986 5068 (ξοηςριίιιιεέυιεη.
1008 4994 1157 5048 Seml.
1181 4990 1382 5049 Oberth.

477 5064 528 5114 5)
551 5063 792 5114 Poterant
810 5063 976 5112 Paris.

547 5126 638 5194 Qui
661 5125 804 5174 estin
825 5125 1008 5194 honore
1031 5130 1083 5173 et
1100 5121 1278 5186 gloria,
1298 5117 1476 5187 neglig.
1501 5117 1655 5172 Semf.
1676 5128 1790 5172 Jun.

555 5187 778 5238 Mutnare
797 5184 899 5237 alii.

473 5189 508 5239 ‘5
555 5189 778 5238 Mutnare
797 5189 899 5237 alii.

473 5189 528 5314 BI
544 5251 810 5301 Aborsivos
827 5245 935 5300 alii.

2178 5065 2229 5120 9)
2254 5066 2547 5118 ﬁesurrcxit
2563 5065 2715 5120 Rhea.
2740 5065 2892 5119 Seml.
2917 5065 3112 5120 Obertlt.

2185 5126 2261 5192 11))
2283 5127 2598 5180 Revertentts
2620 5132 2722 5180 Lat.

2185 5190 2261 5244 11)
2285 5189 2480 5241 Valebit
2497 5189 2649 5244 Rhea.
2673 5189 2825 5244 Seml.
2852 5191 3050 5243 Obertlt.

2250 4939 2276 4990 J
2281 4950 2389 4991 usto
2403 4945 2527 4994 Par.

2250 4942 2276 4990 J
2281 4950 2389 4991 usto
2403 4945 2527 4994 Par.

2099 5042 2104 5051 .
2254 5005 2312 5053 Et
2333 5001 2626 5077 adethen.
2646 5001 2799 5056 Seml.
2828 5000 3026 5056 Oberth.

2178 5066 2208 5130 9
2243 5066 2547 5130 _ﬁ_esurrcxtt
2563 5065 2715 5120 Rhea.
2740 5065 2892 5119 Seml.
2917 5069 3026 5120 Obet

2180 5006 2205 5052 8

2178 5066 2205 5114 9

2184 5128 2204 5176 1

2185 5190 2202 5239 1

2182 5251 2202 5300 1

2157 5195 2261 5315 (tl;
2286 5195 2480 5264 Yalebit
2497 5195 2649 5244 Rhea.
2673 5195 2825 5244 Seml.
2852 5195 3050 5243 Obertlt.

2121 5291 2126 5304 .
2182 5251 2238 5300 12
2282 5253 2344 5304 Et
2361 5253 2480 5305 add.
2501 5251 2652 5306 Rhea.
2674 5250 2828 5327 genti.
2852 5253 3050 5306 Oberth.

1772 5349 2332 5413 COMMENTARIUS.

465 5475 543 5550 (a)
575 5473 789 5550 Signini
819 5479 876 5550 et_
914 5467 1449 5550 d_ttor_um‘hircorum,
1471 5464 1804 5550 (deierauit
1841 5464 1985 5550 hunc

390 5535 691 5615 desumpsit
741 5543 878 5615 haud
926 5541 1102 5615 dubie_
1135 5539 1335 5593 Auctor
1363 5551 1428 5592 ex
1475 5535 1536 5590 Β.
1573 5536 1782 5591 Justino
1825 5543 1982 5590 niart.

394 5611 652 5672 adversus
682 5613 1042 5684 Tryphonem.
1072 5611 1204 5664 Pint.

467 5689 619 5743 CAP.
643 5677 836 5740 VIII:—
862 5683 940 5753 (h)
977 5683 1284 5753 Prwcoqnos
1305 5689 1350 5731 et
1372 5678 1640 5743 abortivos,
1669 5677 1984 5753 ctc._IIa-rcf

398 5760 482 5815 tici
518 5773 710 5829 nempe
751 5755 837 5808 alii
873 5748 1210 5808 Marcionitas
1247 5759 1664 5814 antecesserunt,
1715 5748 1801 5820 qui
1830 5748 1982 5818 quasi

2091 5469 2766 5551 aliortivihftetus“ltmresis
2796 5475 3014 5551 fuerunt
3060 5483 3114 5532 et
3151 5483 3425 5551 prmcoces
3470 5472 3702 5530 fructus.

2090 5539 2210 5593 Lih.
2226 5544 2287 5596 de
2308 5543 2476 5599 Pallio
2497 5544 2640 5601 Utica
2660 5548 2849 5602 civitas
2872 5547 3066 5602 dicitur
3091 5539 3284 5614 pariter
3311 5544 3558 5604 Romana
3579 5564 3710 5616 pra:-

2089 5627 2269 5679 σοφαί,
2295 5632 2411 5684 quae
2440 5617 2640 5670 scilicet
2666 5627 2788 5671 ante
2817 5626 3028 5686 tempus
3079 5617 3445 5686 Romanorum
3483 5616 3708 5672 habitus

2090 5695 2372 5751 gestasset,
2400 5689 2706 5758 priusquam
2734 5689 2823 5758 jus
2851 5684 3074 5744 colonia:
3103 5684 3451 5746 obtinuisset.
3489 5688 3570 5745 LE
3602 5688 3699 5746 I’n.
