4008 6280
328 191 447 269 sas

1448 192 1577 253 LIB.
1611 194 1675 254 Ill
1716 195 2081 269 ADVERSUS
2120 140 2545 262 hIARCIONEM.

3528 258 3535 265 .
3551 215 3655 273 554

331 311 451 368 rint
479 309 643 382 quasi
673 310 1069 371 resuscitaverft
1093 311 1364 370 Christum
1387 357 1400 383 ,
1431 331 1592 389 quem
1621 333 1727 371 non
1775 333 1956 373 resus-
1982 320 2035 380 A
2060 329 2113 374 ct
2140 322 2263 394 quia
2296 339 2400 403 non
2444 334 2661 394 possent
2706 322 3014 400 humanitus
3065 326 3280 385 tractari
3325 327 3392 399 ab
3434 328 3644 395 homini-

336 404 554 464 citavit.
584 413 642 459 et
672 420 856 460 smnus
885 406 1059 461 adhuc
1104 408 1156 462 in
1179 406 1408 472 delictis,
1439 421 1512 475 ct,
1545 410 1633 480 qui
1663 410 1715 463 in
1740 409 1957 466 Christo

338 497 710 562 dormierunt,
747 502 1016 573 perierunt
1037 543 1051 566 ,
1083 516 1213 556 sane
1241 504 1630 571 resurrecturi,
1661 503 1756 560 sed
1789 505 1958 577 phan-

342 597 584 645 tasmate
609 590 857 665 forsitan,
881 587 1019 647 sicut
1041 602 1094 661 et
1119 582 1387 650 Christus.
1424 616 1427 621 λ

957 670 1184 761 Carm
1221 686 1312 761 ιχ.

412 776 473 867 lu
518 779 623 835 ista
661 778 990 851 qumstione,
1039 782 1128 855 qui
1157 783 1426 854 putaveris
1459 785 1809 867 opperiendos
1837 801 1957 843 csse

344 856 510 926 nobis
537 871 764 944 angelos
790 870 1085 955 Creatoris,
1115 876 1269 955 quasi
1299 886 1347 932 et
1391 875 1467 931 illi
1501 856 1565 933 in,
1587 862 1957 949 phantasmate

343 964 601 1034 putativze
667 966 850 1037 utique
909 966 1086 1045 carnis
1139 968 1350 1041 egerint
1393 969 1531 1040 apud
1583 970 1853 1039 Abraham
1904 980 1959 1029 et
2004 1002 2007 1011 ·

345 1053 507 1119 Loth,
535 1067 591 1111 et
619 1065 796 1113 tamen
824 1058 950 1114 vere
972 1061 1080 1117 sint
1103 1072 1157 1138 et
1188 1063 1482 1138 congressi,
1501 1071 1554 1119 et
1581 1064 1735 1137 pasti,
1755 1076 1807 1120 et
1830 1081 1957 1138 ope-

345 1152 448 1227 rati
481 1149 627 1223 quod
660 1148 969 1206 mandatum
1001 1152 1079 1208 eis
1107 1136 1319 1221 fuerat,
1355 1155 1548 1225 primo,
1582 1136 1686 1217 non
1717 1136 1959 1215 admitte-

345 1241 425 1298 ris
447 1241 512 1297 ad
532 1241 649 1312 ejus
674 1242 767 1298 Dei
790 1244 1059 1315 exempla,
1083 1260 1240 1316 quem
1264 1244 1499 1307 destruis
1525 1265 1539 1302 :
1572 1263 1693 1304 nam
1712 1258 1767 1305 et
1790 1264 1960 1321 quau-

349 1346 405 1393 to
434 1336 719 1395 meliorem
768 1347 823 1393 et
871 1339 1243 1410 perfecﬁorem
1306 1340 1469 1396 Deum
1529 1342 1773 1411 inducis,
1810 1353 1958 1400 tanto

346 1444 460 1485 non
483 1438 800 1501 competunt
842 1429 920 1485 illi
971 1431 1085 1502 ejus
1115 1431 1381 1504 exempla,
1410 1448 1542 1506 quo,
1577 1418 1675 1491 nisi
1708 1434 1957 1511 diversus

347 1520 407 1576 in
434 1530 638 1587 totum,
672 1536 780 1577 non
818 1522 921 1578 erit
963 1523 1183 1602 omnino
1229 1525 1419 1595 melior
1443 1535 1604 1596 atque
1651 1527 1955 1597 perfectior.

348 1611 558 1697 Dehinc
587 1613 744 1680 scito,
779 1630 879 1671 nec
905 1615 1033 1671 illud
1056 1602 1276 1679 concedi
1308 1617 1399 1673 tibi
1427 1659 1442 1684 ,
1477 1629 1533 1672 ut
1561 1606 1795 1690 putativa
1848 1620 1961 1678 fuc-

2061 413 2179 481 bns,
2216 415 2313 495 nisi
2345 418 2394 470 in
2426 416 2723 473 sub~tantia
2766 418 3033 495 humana;
3080 415 3258 493 innata
3300 431 3502 488 autem,
3535 426 3657 494 quia

2061 507 2208 562 solus
2235 507 2480 565 Christus
2503 508 2555 564 in
2585 508 2801 572 carnem
2829 526 2893 571 ex
2924 525 3088 585 carne
3121 513 3266 568 nasci
3309 502 3570 580 habebat,
3605 527 3658 570 ut

2062 601 2389 669 nativitatem
2430 610 2668 673 nostram
2713 603 2989 680 nativitate
3039 618 3131 671 sua
3164 604 3243 677 (5)
3295 604 3613 662 rcformarct
3640 648 3656 673 ,

2059 703 2216 771 atque
2251 696 2320 773 ita
2352 695 2511 771 etiam
2545 706 2773 759 mortem
2803 705 3040 761 nostram
3070 707 3243 759 morte
3271 714 3365 757 sua
3393 698 3656 757 dissolve-

2060 797 2143 845 ret
2165 830 2178 853 ,
2205 787 2532 859 resurgendo
2551 789 2604 847 in
2633 804 2814 859 carne,
2848 789 2898 844 in
2928 806 3029 860 qua
3055 800 3212 845 natus
3234 800 3335 859 est,
3366 802 3424 847 ut
3448 802 3501 848 et
3523 792 3663 847 mori

2059 888 2262 951 posset.
2292 879 2527 954 Ideoque
2557 890 2609 937 et
2636 882 2751 952 ipse
2775 896 2897 937 cum
2926 882 3131 954 angelis
3164 893 3287 940 tunc
3308 884 3448 954 apud
3486 876 3661 940 Abra-

2062 971 2182 1027 ham
2208 973 2259 1028 in
2290 973 2514 1053 veritate
2543 973 2756 1045 quidem
2788 964 2968 1033 carnis
2996 976 3265 1046 apparuit,
3295 976 3389 1031 sed
3422 975 3657 1033 nondum

2061 1072 2236 1131 natae;
2277 1065 2397 1137 quia
2444 1065 2679 1141 nondum
2706 1110 2709 1115 .
2732 1069 3038 1134 moritura);
3067 1066 3162 1139 sed
3211 1076 3265 1122 et
3297 1065 3376 1140 (4)
3407 1066 3663 1135 discentis

2054 1152 2165 1225 jam
2194 1155 2332 1210 inter
2358 1155 2602 1211 homines
2639 1158 2969 1212 conversari.
2998 1158 3114 1224 Quo
3138 1160 3306 1229 magis
3328 1160 3525 1230 angeli,
3562 1176 3660 1216 ne-

2060 1263 2166 1318 quc
2202 1247 2268 1302 ad
2314 1247 2650 1303 moriendum
2700 1263 2796 1318 pro
2835 1249 2989 1305 nobis
3016 1249 3283 1322 dispositi,
3307 1251 3523 1308 brevem
3554 1268 3666 1307 car-

2063 1339 2146 1394 nis
2202 1349 2564 1395 commcatum
2634 1355 2741 1394 non
2814 1340 3121 1396 debuerunt
3184 1343 3456 1399 nascendo
3526 1358 3669 1398 sum-

2062 1435 2254 1505 psisse,
2306 1434 2427 1505 quia
2501 1447 2603 1507 nec
2661 1433 2945 1491 moriendo
3001 1434 3296 1506 deposituri
3371 1450 3491 1495 eam
3552 1435 3669 1492 fuc-

2062 1534 2204 1591 raut,
2231 1525 2328 1581 sed
2367 1525 2507 1581 unde
2534 1525 2675 1582 unde
2709 1524 2790 1600 (5)
2820 1537 3118 1597 sumptam,
3151 1538 3206 1585 et
3247 1544 3460 1602 quoquo
3504 1530 3665 1586 modo

2063 1617 2282 1673 omnino
2322 1606 2622 1688 dimissam,
2652 1619 2861 1691 mentiti
2907 1634 3025 1677 eam
3060 1630 3236 1677 tamen
3277 1637 3383 1678 non
3430 1633 3576 1693 sunt.
3607 1612 3665 1695 Si

350 1696 423 1764 rit
444 1696 502 1763 in
534 1708 741 1779 angelis
770 1723 917 1774 caro,
947 1696 1041 1775 sed
1064 1724 1206 1765 verte
1233 1720 1286 1792 et
1312 1696 1499 1793 solida:
1525 1710 1840 1793 substantia:
1863 1711 1962 1779 hu-
1991 1714 2039 1779 Β
2067 1709 2289 1766 Creator
2311 1710 2434 1781 facit
2473 1711 2683 1782 angelos
2709 1712 2941 1781 spiritus,
2972 1723 3019 1767 et
3060 1715 3379 1784 apparitores
3425 1733 3543 1771 suos
3581 1716 3663 1788 ig-

349 1816 548 1856 manae.
572 1802 628 1856 Si
673 1802 817 1857 enim
849 1791 1068 1870 difficile
1095 1816 1201 1861 non
1230 1788 1326 1861 fuit
1365 1788 1466 1870 illi,
1492 1788 1751 1879 putativm
1785 1808 1964 1879 carnis

349 1908 511 1953 veros
541 1904 595 1950 et
626 1909 821 1951 sensus
864 1904 920 1951 et
947 1902 1099 1956 actus
1133 1892 1415 1961 exhibere,
1446 1896 1612 1961 multo
1644 1895 1852 1952 facilius
1871 1896 1967 1954 ha-

349 1985 467 2042 bnit
496 1988 639 2043 veris
665 1998 718 2043 et
748 1987 1002 2059 sensibus
1046 1996 1101 2040 et
1134 1974 1341 2059 actibus
1382 2002 1564 2043 veram
1593 1987 1809 2055 dedisse
1832 1987 1965 2042 sub-

350 2080 607 2135 stantiam
667 2079 868 2151 carnis,
900 2070 981 2145 vel
1019 2095 1122 2152 qua
1165 2068 1413 2155 prOprius
1464 2086 1651 2141 auctor
1676 2088 1732 2137 et
1777 2080 1963 2149 artifex

351 2174 495 2244 ejus.
520 2173 666 2228 'funs
684 2182 863 2239 autem
896 2172 1056 2239 Deus,
1089 2158 1177 2245 co‘
1195 2172 1337 2244 quod
1364 2186 1581 2228 carnem
1611 2172 1815 2241 nullam
1843 2187 1966 2229 om-

330 2266 485 2321 ‘nino
528 2263 883 2339 produxerit,
904 2252 1109 2341 merito
1141 2253 1372 2321 fortasse
1398 2248 1713 2335 phantasma
1741 2266 1860 2337 ejus
1889 2265 1969 2345 iu-

352 2357 565 2425 tulerit,
613 2355 766 2427 cujus
812 2342 918 2438 non
950 2356 1195 2423 valuerat
1232 2357 1537 2414 veritatem.
1590 2358 1736 2438 alces
1785 2342 1965 2416 autem

354 2447 521 2514 Deus,
556 2447 648 2519 qui
674 2436 827 2503 illam
846 2432 925 2503 Vde
957 2448 1086 2503 limo
1105 2457 1407 2521 sumptam,
1435 2449 1487 2504 in
1531 2432 1631 2505 hac
1659 2451 1971 2507 reformavit

353 2541 635 2617 qualitate,
668 2540 904 2595 nondum
929 2558 994 2597 ex
1024 2536 1544 2617 semineconjugali,
1571 2553 1627 2598 et
1659 2554 1833 2605 tamen
1862 2560 1973 2602 car-

354 2651 479 2692 ncm
508 2651 665 2707 :eque
694 2635 869 2707 potuit
894 2651 958 2690 ex
994 2652 1330 2709 quacumque
1365 2639 1591 2702 materia
1622 2627 1823 2710 angelis
1846 2655 1973 2710 quo-

353 2743 461 2798 que
488 2712 826 2805 indstrusisse
849 2743 1088 2793 carnem,
1115 2730 1202 2800 qui
1234 2730 1395 2785 etiam
1422 2729 1680 2786 mundum
1707 2748 1772 2791 ex
1804 2734 1973 2789 nihilo

354 2820 413 2875 in
444 2830 521 2875 tot
551 2835 614 2874 ac
649 2819 774 2875 talia
814 2835 1061 2892 corpora,
1094 2821 1393 2892 etquidem
1438 2822 1624 2892 verbo,
1667 2824 1970 2880 auliticavit.

358 2911 427 2966 Et
453 2912 638 2983 utique
668 2911 712 2967 si
743 2912 882 2967 Deus
910 2921 1030 2967 tuus
1058 2928 1240 2969 veram
1271 2913 1591 2988 quandoque
1619 2915 1971 2974 substantiam

355 3005 678 3076 angelorum
700 3002 1009 3079 hominibus
1038 2994 1355 3077 pollicetur:
1389 2988 1559 3071 Erunt
1594 3011 1759 3079 enim,
1799 3010 1969 3089 inquit

2069 1819 2181 1857 nem
2208 1804 2512 1879 ﬂagrantem
2547 1802 2664 1874 (Ps.
2699 1802 2825 1871 CIII,
2859 1805 2913 1877 4)
2933 1848 2947 1872 ,
2976 1816 3078 1862 tam
3109 1823 3235 1863 vere
3255 1807 3477 1878 Spiritus
3507 1825 3666 1878 quam

2067 1905 2122 1951 et
2147 1896 2353 1975 ignem;
2380 1895 2520 1955 idem
2558 1896 2676 1952 illos
2722 1913 2847 1955 vere
2879 1898 3006 1953 fecit
3046 1908 3100 1954 et
3149 1914 3405 1957 carnem:
3437 1910 3496 1959 ut
3528 1916 3671 1967 nunc

2068 1989 2452 2057 recordemur,
2505 1998 2560 2045 et
2606 1989 2875 2045 haereticis
2925 1992 3330 2064 renturtiemus,
3377 1993 3495 2064 ejus
3549 2009 3670 2049 esse

2070 2082 2415 2154 promissum,
2449 2081 2691 2137 homines
2725 2082 2779 2136 in
2810 2082 3040 2159 angelos
3065 2082 3396 2139 reformandi
3424 2086 3670 2156 quando-
3694 2094 3707 2111 ‘

2070 2188 2197 2243 que,
2221 2174 2307 2244 qui
2340 2173 2560 2244 angelos
2590 2174 2643 2231 in
2669 2172 2914 2230 homines
2943 2173 3186 2249 formarit
3214 2176 3525 2248 aliquando.

2707 2265 2935 2322 CAPUT
2974 2265 3044 2321 Χ.

2142 2357 2307 2428 Igitur
2349 2371 2456 2415 non
2498 2356 2766 2429 admissus
2809 2358 2876 2414 ad
2929 2360 3259 2416 consortium
3298 2362 3670 2433 exemplorum

2072 2445 2365 2513 Creatoris,
2386 2457 2443 2502 ut
2463 2449 2757 2506 alienorum
2773 2459 2827 2506 ct
2846 2466 2971 2506 suas
2987 2450 3297 2510 habentium
3318 2468 3558 2521 caussas,
3584 2470 3671 2511 ve-

2075 2541 2168 2597 lim
2199 2542 2326 2596 edas
2354 2553 2406 2597 et
2439 2542 2554 2613 ipse
2591 2543 2874 2601 consilium
2908 2544 2998 2599 Dei
3030 2545 3102 2599 tui
3136 2545 3235 2618 (b),
3260 2561 3366 2617 quo
3397 2546 3675 2603 Christum

2074 2649 2229 2695 suum
2263 2650 2366 2690 non
2397 2636 2448 2691 in
2487 2636 2712 2693 veritate
2750 2637 2928 2697 carnis
2974 2637 3238 2709 exhibuit.
3270 2639 3326 2696 Si
3357 2650 3676 2710 aspernatus

2076 2736 2160 2793 est
2188 2727 2354 2792 illam,
2390 2736 2446 2781 ut
2472 2737 2766 2801 terrenam,
2800 2737 2873 2801 et,
2907 2738 2965 2784 ut
2991 2729 3191 2798 dicitis,
3223 2733 3554 2789 stercoribus
3583 2732 3672 2787 iu-

2076 2819 2271 2875 fersam
2300 2818 2405 2892 (6);
2429 2804 2525 2873 cur
2552 2834 2661 2874 non
2703 2828 2758 2875 et
2786 2819 3128 2877 simulacrum
3177 2822 3295 2894 ejus
3339 2824 3559 2893 proinde
3584 2825 3679 2881 de-

2078 2910 2287 2983 spexit?
2317 2911 2525 2967 Nullius
2570 2912 2714 2968 enim
2741 2911 3094 2983 dedignanda:
3134 2916 3211 2969 rei
3253 2920 3429 2986 imago
3451 2917 3677 2988 dignan-

2079 3003 2146 3059 da
2174 3013 2256 3059 est
2289 3019 2303 3057 :
2332 2988 2575 3079 sequitur
2625 3011 2823 3058 statum
2882 3004 3197 3081 similitudo.
3251 3006 3357 3062 Sed
3406 3010 3678 3078 quomodo

357 3082 517 3173 (an.
547 3096 671 3163 XX,
695 3095 814 3167 56),
843 3098 970 3152 sicut
999 3086 1199 3171 angeli;
1234 3114 1329 3153 cur
1368 3115 1470 3154 non
1516 3108 1571 3173 et
1626 3084 1768 3157 Deus
1812 3082 1966 3165 meus
1993 3107 2037 3170 (ζ
2072 3099 2213 3154 inter
2240 3094 2486 3151 homines
2510 3103 2945 3171 conversaretur,
2971 3096 3073 3151 nisi
3122 3112 3217 3167 per
3242 3098 3527 3169 imaginem
3549 3103 3679 3157 sub.

352 3206 546 3246 veram
574 3189 926 3245 substantiam
964 3180 1241 3246 hominum
1284 3176 1494 3263 angelis
1531 3176 1965 3261 accommodarit,

352 3284 504 3339 unde
548 3283 694 3339 unde
731 3283 813 3353 (1)
856 3283 1163 3354 sumptam?
1193 3282 1326 3350 Quia
1361 3298 1459 3338 nec
1502 3295 1554 3338 ιιι
1589 3285 1720 3339 mihi
1750 3300 1972 3355 respon-

352 3379 535 3443 debis,
588 3379 731 3436 unde
762 3379 849 3435 illa
880 3378 1019 3450 apud
1066 3391 1116 3434 te
1165 3374 1403 3451 angelica
1454 3389 1727 3447 sumatur,
1771 3380 1970 3438 sufﬁcit

352 3472 498 3528 mihi
531 3472 635 3526 hoc
661 3470 907 3539 delinire,
937 3458 1079 3544 quoii
1115 3472 1225 3529 Deo
1251 3473 1533 3544 congruit;
1567 3473 1846 3529 veritatem
1873 3475 1971 3531 sci-

351 3544 494 3620 licet
524 3562 643 3632 ejus
671 3564 768 3630 rei,
804 3580 962 3633 quam
1005 3563 1174 3619 tribus
1215 3563 1441 3619 testibus
1471 3565 1721 3621 sensibus
1747 3565 1963 3638 objecit,

350 3642 525 3725 visui,
558 3657 740 3724 tactui,
773 3655 999 3715 auditni.
1058 3642 1336 3713 Difficilius
1377 3655 1489 3712 Deo
1521 3659 1755 3723 mentiri,
1802 3675 1964 3732 quam

351 3749 548 3806 carnis
568 3734 849 3835 veritatem
881 3736 1023 3823 unde
1068 3748 1209 3835 unde
1243 3746 1322 3822 (ἓ)
1358 3734 1674 3821 producere,
1706 3751 1833 3808 licet
1859 3767 1964 3832 non

352 3850 526 3919 naue.
560 3828 862 3909 Catterum‘,
890 3835 944 3897 et
989 3828 1109 3896 aliis
1156 3840 1427 3897 hau'eticis
1475 3840 1856 3900 'definientibus
1887 3828 1962 3918 (τι)

351 3936 586 3989 carnem
620 3931 766 3986 illam
803 3932 854 3986 in
896 3920 1100 4003 angelis
1149 3948 1215 3988 ex
1241 3948 1405 3990 carne
1435 3935 1581 3990 nasci
1619 3922 1892 4003 debuisse,
1919 3939 1964 3993 si

350 4039 493 4080 vere
525 4022 713 4079 fuisset
734 4012 992 4090 humana,
1012 4033 1156 4080 certa
1185 4025 1395 4081 ratione
1423 4018 1835 4096 respondemus,
1859 4044 1962 4099 qua

357 4127 415 4173 et
448 4106 685 4170 humana
708 4130 835 4170 vere
857 4115 1036 4184 fuerit,
1066 4124 1122 4171 et
1150 4115 1332 4172 innata
1364 4135 1378 4172 :
1408 4115 1638 4175 humana
1670 4108 1813 4185 vere,
1842 4136 1965 4191 pro-

357 4212 488 4287 pter
509 4210 603 4267 Dei
634 4209 936 4280 veritatem,
968 4225 998 4266 a
1028 4209 1306 4268 mendacio
1340 4220 1397 4268 ct
1432 4209 1640 4268 fallacia
1682 4215 1921 4270 extranei
1944 4257 1958 4282 ,

2074 3189 2285 3246 stantia:
2308 3184 2593 3251 humanae?
2613 3185 2721 3243 Cur
2742 3201 2871 3258 ergo
2899 3202 3005 3243 non
3034 3189 3209 3259 potius
3231 3204 3326 3260 per
3356 3192 3636 3253 veritatem
3658 3237 3675 3263 ,

2076 3293 2134 3353 ut
2187 3298 2314 3343 vere
2355 3289 2788 3345 conversaretur,
2819 3281 2862 3336 si
2918 3295 3139 3343 necesse
3169 3281 3399 3341 habebat
3445 3300 3675 3342 conver-

2072 3378 2178 3437 sari
2195 3377 2217 3431 ?
2235 3383 2434 3448 quanto
2459 3373 2673 3445 dignius
2701 3373 2996 3428 necessitas
3017 3375 3199 3441 fidem,
3234 3376 3304 3447 (c)
3337 3392 3496 3447 quam
3527 3386 3668 3433 stro-

2072 3471 2231 3543 pham
2259 3467 2723 3525 administrasset?
2747 3466 2889 3525 Satis
2920 3467 3176 3522 miserum
3224 3468 3389 3523 Deum
3421 3470 3673 3538 instituis,

2072 3562 2176 3620 hoc
2203 3562 2341 3634 ipso,
2370 3558 2513 3632 quod
2539 3558 2813 3615 Christum
2850 3547 3006 3613 suum
3039 3568 3145 3613 neu
3177 3560 3348 3629 potuit
3391 3564 3670 3643 exhibere,

2068 3656 2171 3713 nisi
2196 3657 2247 3713 in
2270 3654 2498 3725 indigna:
2519 3653 2594 3709 rei
2617 3651 2881 3721 chigie,et
2910 3651 3126 3722 quidem
3157 3653 3365 3708 alienae.
3401 3656 3668 3726 Aliquan-

2071 3750 2139 3805 tis
2185 3749 2327 3823 enim
2376 3728 2608 3818 indignis
2639 3744 2925 3801 conveniet
2973 3743 3045 3799 uti
3069 3785 3084 3809 ,
3113 3745 3157 3801 si
3202 3744 3282 3818 (7)
3314 3750 3510 3805 nostris
3543 3747 3665 3821 (d);

2069 3844 2209 3906 sicut
2236 3841 2427 3899 alienis
2454 3854 2561 3897 non
2591 3846 2853 3910 congruet
2883 3836 2979 3923 uti,
3010 3837 3133 3893 licet
3169 3839 3362 3910 dignis.
3390 3840 3499 3895 Cur
3526 3843 3669 3896 enim

2071 3949 2179 4003 non
2204 3934 2258 3990 in
2287 3933 2464 4007 aliqua
2492 3932 2596 3987 alia
2625 3930 2868 4003 digniore
2895 3929 3193 3987 substantia
3221 3931 3385 3998 venit,
3401 3943 3454 3988 et
3479 3933 3531 3987 in
3565 3937 3675 4003 pri-

2069 4027 2173 4084 mis
2193 4042 2311 4095 sua,
2348 4040 2422 4097 ne
2447 4033 2502 4080 et
2528 4022 2747 4097 indigna
2775 4031 2831 4100 et
2875 4022 3047 4093 aliena
3091 4022 3364 4099 videretur
3414 4026 3666 4098 eguisse?

2067 4121 2125 4179 Si
2150 4121 2372 4193 Creator
2418 4131 2569 4195 meus
2600 4132 2702 4193 per
2739 4116 2931 4173 rubum
2977 4130 3190 4192 quoque
3214 4124 3269 4187 et
3297 4117 3494 4187 ignem,
3526 4119 3667 4177 idem

2068 4226 2250 4291 postea
2276 4229 2372 4286 per
2399 4211 2595 4279 nubem
2636 4218 2695 4268 et
2732 4208 2953 4283 globum
2999 4224 3122 4267 cum
3173 4209 3392 4268 homine
3419 4226 3671 4285 congres-

1620 4323 2004 4389 LECTIONES
2031 4326 2447 4386 VABIANTES.

458 4450 504 4511 t)
528 4446 674 4511 Unde
693 4458 787 4497 non
807 4451 962 4511 repet.
989 4436 1169 4511 mm.
1188 4447 1333 4499 Pam.
1358 4447 1654 4511 Par._1='ran.
1672 4468 1693 4497 υ

526 4505 1044 4588 ροᾴςέιιιιριειξλιςεηιει
1063 4505 1214 4562 Illum.
1238 4506 1389 4581 Sami.
1426 4506 1627 4587 Qberth.

454 4576 505 4701 ξι
1258 4592 1265 4595 ν
1362 4578 1390 4594 ’ί

2156 4502 2206 4558 (il
2230 4507 2460 4558 Infarsam
2478 4515 2592 4558 Jun.

2161 4564 2211 4636 7)
2238 4572 2282 4621 si
2303 4568 2432 4623 abest
2449 4572 2593 4622 Pam.
2614 4570 2735 4619 Par.
2759 4566 2914 4647 Fran.
2934 4567 3063 4618 sicut
3079 4564 3225 4618 Itlten.

1955 4450 1959 4453 ⁷
1989 4451 2044 4512 1)
2130 4447 2191 4507 ,5
2224 4443 2371 4502 Linde
2389 4441 2535 4497 sane!
2557 4440 2712 4496 Rhea.
2738 4438 2891 4494 Seml.
2911 4439 3135 4494 Oberth.’

2156 4510 2185 4557 6
2230 4507 2460 4558 Infarsam
2478 4515 2592 4558 Jun.

2012 4562 2019 4569 ’
2128 4444 2211 4636 ζῖξ
2238 4572 2282 4621 si
2303 4568 2432 4623 abest
2449 4572 2593 4622 Pam.
2614 4570 2735 4619 Par.
2759 4566 2914 4619 Fran.
2934 4567 3063 4618 sicut
3079 4564 3135 4618 It!

1757 4736 2315 4798 COMMENTARIUS.

440 4855 600 4912 CAP.
632 4852 728 4913 lX.
748 4882 821 4896 -
842 4852 919 4927 (θ)
942 4852 1192 4913 therum
1221 4861 1269 4908 et
1307 4852 1423 4911 aliis
1449 4852 1699 4909 liter-elicis
1725 4852 1975 4920 deﬁnien-

367 4930 529 4993 tipns.
558 4928 683 4995 Agit
701 4926 769 4985 de
786 4927 992 4996 Apelle,
1024 4924 1135 4996 qui,
1149 4925 1299 4988 sicut
1317 4924 1585 4996 indicatur
1606 4924 1698 4978 lib.
1724 4924 1787 4980 de
1808 4923 1976 4979 Carne

365 4998 587 5061 Christi,
612 4994 664 5051 c.
686 5000 740 5061 6,
765 4994 868 5052 non
899 4994 1057 5059 modo
1080 4996 1299 5059 Christi,
1322 4994 1420 5053 sed
1440 5006 1493 5055 et
1518 4997 1835 5065 angelorum
1857 5010 1975 5049 car-

371 5088 500 5135 nem
529 5086 595 5123 ex
628 5068 895 5131 sideribus
918 5066 1111 5129 factam
1139 5068 1438 5129 asseruisse
1465 5067 1692 5123 videtur.
1728 5067 1864 5122 Part.

420 5130 585 5199 “CAP
627 5130 694 5195 X.
715 5168 787 5179 --
818 5137 895 5215 (b)
931 5136 1093 5215 Velim
1123 5138 1244 5215 edas
1265 5138 1446 5215 etipse
1464 5139 1730 5215 consilium
1764 5137 1857 5192 Dei
1883 5136 1974 5190 tui.

366 5213 497 5283 Ipse
528 5228 618 5267 me
645 5208 839 5283 Sensus
855 5208 1045 5283 coegit,
1079 5218 1131 5264 ut
1160 5208 1248 5265 hic
1271 5208 1560 5283 dictionem
1581 5209 1687 5283 _uti,
1710 5221 1975 5273 verterem

367 5276 430 5341 in
456 5284 553 5357 tui.
571 5298 674 5357 quo
686 5276 942 5336 Christum
957 5276 1128 5357 ξιίιιηι,
1152 5292 1279 5337 etc.:
1300 5278 1625 5355 exemplaria
1643 5290 1819 5357 vetera
1851 5294 1952 5357 con
1964 5309 1979 5318 -

367 5353 623 5413 sentiunt
654 5354 705 5407 in
742 5366 947 5415 errore.
977 5353 1148 5407 linea.

594 5423 769 5499 Quae:
812 5423 1090 5499 λῖιταριίαοιέ-
1122 5423 1572 5499 administrasse}?
1600 5421 1838 5499 Strepit:
1881 5420 1982 5499 dq-

942 4851 1192 4913 therum
1221 4861 1269 4908 et
1307 4852 1423 4911 aliis
1449 4852 1699 4909 liter-elicis
1725 4852 1975 4920 deﬁnien-

594 5425 769 5490 Qdan't
812 5425 1078 5499 stropham
1122 5425 1572 5506 administrasse}?
1599 5425 1828 5507 Strepha
1881 5425 1982 5505 do-

370 5499 388 5556 1
495 5496 871 5571 ένθεειηξιιιπ,
898 5496 1429 5571 taquetnrposrurara
1468 5496 1757 5567 Significat,
1783 5491 1987 5549 Grmcts

466 5566 792 5641 mim-

558 5636 861 5715 ,λψιιὲᾲίιιὶε
887 5638 1291 5715 eninrinrtiguis
1313 5638 1566 5715 coqueniet
1608 5638 1680 5693 uti
1709 5635 1755 5715 si
1783 5634 1987 5715 nostris.

368 5706 467 5783 Siti
495 5706 713 5793 legitur
742 5709 795 5766 in
841 5710 1130 5785 exemplari
1162 5706 1465 5769 Pithteatio.
1508 5706 1639 5772 Haec
1684 5706 1862 5765 autem
1895 5706 1994 5763 sub

2075 4853 2359 4909 Marcionis
2392 4865 2620 4923 persona
2652 4849 2757 4906 dici
2784 4826 3069 4914 videntur:
3085 4849 3152 4905 ab
3187 4851 3251 4906 iis
3286 4852 3494 4911 verbis:
3530 4855 3671 4912 Satis

2077 4926 2334 4987 adrerum,
2362 4922 2530 4996 usque
2564 4923 2655 4996 ad,
2698 4933 2744 4977 et
2770 4924 2940 4996 aliena
2964 4922 3221 4996 videretur
3246 4926 3460 4996 eguisse.
3491 4927 3545 4983 Si
3578 4942 3680 4982 no-

2079 4999 2225 5060 stris,
2268 4993 2458 5067 inquit.
2490 4994 2746 5068 rnembris
2786 4993 2926 5068 Deus
2957 4994 3142 5057 utitur,
3166 5006 3229 5048 “ut
3257 4993 3533 5053 nobiseum
3560 5013 3679 5068 pos-

2080 5068 2149 5140 sit
2176 5065 2510 5129 conversari,
2547 5066 2710 5140 niuita
2740 5073 2865 5118 sunt
2893 5065 2945 5118 in
2988 5075 3215 5140 cornere
3240 5076 3440 5140 nostro
3466 5065 3675 5140 indigna

2084 5139 2215 5200 Deo,
2242 5140 2436 5206 quibus
2467 5150 2643 5190 tamen
2672 5137 2836 5189 Deum
2868 5136 3153 5190 conveniet
3177 5137 3274 5201 uti,
3306 5137 3349 5190 si
3384 5136 3679 5193 nostris'uti

2082 5211 2234 5266 velit.
2256 5202 2368 5265 Sed
2400 5211 2499 5263 e’tsi
2526 5208 2685 5277 digna
2722 5207 2831 5277 Deo
2852 5214 3038 5277 essent
3056 5216 3269 5272 nostra,
3298 5206 3464 5261 Deum
3504 5220 3679 5264 tamen

2084 5297 2192 5337 non
2220 5282 2369 5336 decet
2393 5281 2464 5334 nti
2499 5278 2705 5352 alienis.
2734 5276 2826 5330 Illa
2855 5276 3015 5331 etiam
3057 5290 3177 5345 quze
3206 5292 3549 5352 piarcessere,
3575 5280 3684 5352 Sed

2087 5352 2336 5426 (1⁸0³⁷10119
2368 5352 2497 5426 inter
2527 5349 2753 5426 Imminet:
2778 5356 3178 5426 corruersaretm',
3231 5346 3329 5411 nisi
3372 5346 3684 5426 per__inmgi-

2090 5417 2203 5479 item
2233 5422 2529 5478 substantia:
2553 5419 2812 5483 Immamv,
2842 5417 2944 5473 sub
2968 5417 3156 5471 eadem
3194 5426 3425 5485 persona
3458 5417 3686 5474 Marcio-

2094 5498 2176 5550 nis
2202 5494 2469 5549 dicuntur.
2506 5491 2567 5544 Et
2599 5488 2795 5543 similia
2829 5487 3022 5558 passim
3047 5496 3359 5558 occurrunt,
3394 5490 3478 5545 ubi
3509 5488 3689 5558 Septi-

2097 5565 2234 5620 mins
2262 5563 2520 5633 disputat,
2538 5575 2669 5632 quae
2698 5558 2799 5633 nisi
2825 5555 2999 5633 perjtc
3025 5555 3441 5627 distinguantur,
3473 5555 3688 5618 onlnem

2097 5627 2510 5709 disputationem
2535 5627 2876 5687 conturbant.
2904 5627 3075 5685 Rara.
