4008 6280
356 230 459 262 ’,ετ-,βε

359 251 462 288 ἶ)ὓῦ

1770 174 2231 290 TERTULLIAIliI

3545 231 3651 295 556

355 360 448 401 sus
469 354 573 413 est,
595 352 651 401 et
673 345 1060 404 elementorum
1092 345 1411 417 corporibus
1435 347 1486 402 in
1518 346 1952 417 reprazseutatio-
1976 349 2029 406 Α
2060 347 2196 401 hanc
2239 361 2450 418 quoque
2493 347 2808 419 impegisses
2853 348 3226 418 quazstiouem.
3271 348 3405 405 Nam
3437 359 3491 405 et
3531 365 3649 404 mu-

353 440 512 495 nibus
537 441 620 496 sui
670 456 797 496 usus
837 451 938 505 est,
969 441 1100 496 satis
1147 438 1263 494 htee
1291 439 1537 511 exempla
1572 438 1766 493 divina:
1799 449 1949 510 pote-

351 533 505 589 statis
530 532 840 595 ostendunt,
885 533 1052 589 Deum
1103 546 1209 588 non
1255 534 1466 602 eguisse
1515 541 1606 586 aut
1648 531 1812 611 falsae,
1856 540 1947 586 aut

276 690 287 696 κ
354 625 516 681 etiam
567 640 713 681 verte
758 624 936 697 carnis
992 625 1612 693 paratura.’Crcterum,
1646 624 1689 680 si
1729 625 1795 680 ad
1827 640 1946 681 cer-

330 726 464 772 tum
511 726 849 788 spectamus,
907 716 1050 773 nulla
1097 718 1391 774 substantia
1438 716 1598 789 digna
1651 726 1736 773 est
1785 733 1943 789 quam

353 808 493 864 Deus
562 808 799 866 inducat.
876 809 1259 879 Quodcumque
1332 809 1564 866 induerit
1639 811 1788 881 ipse,
1857 811 1943 866 di-

347 913 513 969 gnum
536 899 681 965 facit,
710 901 913 971 absque
956 901 1238 957 mendacio
1278 909 1475 956 tamen.
1512 903 1576 956 Et
1617 902 1756 969 ideo,
1786 905 1944 974 quale

348 1003 452 1061 εει,
482 1003 537 1046 ιιι
566 993 800 1050 dedecus
839 993 1162 1049 existimarit
1204 995 1483 1050 veritatem
1529 996 1740 1065 potius,
1782 1012 1939 1067 quam

349 1083 687 1142 mendacium
708 1084 926 1140 carnis?
947 1085 1144 1156 Atquin
1170 1084 1457 1143 honoravit
1487 1088 1629 1143 illam
1671 1087 1937 1160 ﬁngendo.

347 1179 556 1259 Quanta
581 1180 691 1250 jam
722 1192 848 1235 caro
873 1189 977 1246 est,
1005 1181 1160 1251 cujus
1208 1180 1523 1251 phantasma
1575 1184 1938 1239 necessarium

346 1272 446 1329 fuit
473 1273 584 1329 Deo
607 1273 869 1344 superiori
887 1273 913 1327 ἲ
981 1273 1000 1309 ι

926 1429 929 1433 η
964 1365 1196 1423 CAPUT
1223 1366 1316 1423 XI.

416 1457 580 1512 Totas
628 1457 757 1512 istas
793 1458 1092 1529 prtrstigias
1139 1460 1387 1528 putativre
1441 1459 1493 1515 in
1541 1457 1757 1516 Christo
1812 1476 1937 1517 cor-

351 1551 604 1622 pulentize
634 1549 744 1623 (tt),
774 1550 1009 1607 Marcion
1066 1551 1151 1607 illa
1206 1552 1502 1608 intentione
1548 1556 1817 1624 suscepit,
1870 1569 1939 1610 ue

338 1658 408 1700 ex
460 1642 766 1716 testimonio
815 1642 1126 1699 substantia:
1175 1642 1442 1711 humanae,
1498 1645 1746 1701 nativitas
1797 1661 1934 1716 quo-

2053 437 2288 494 liereula:
2360 454 2742 511 nonnunquam
2799 452 3140 513 praegnantes
3193 441 3297 496 sibi
3354 442 3646 515 videatur,

2050 539 2143 582 aut
2182 530 2254 601 (c)
2287 531 2561 602 sanguinis
2592 532 2825 601 tributo,
2854 542 2946 588 aut
2995 533 3171 603 aliqua
3215 534 3521 591 valetudine
3562 535 3646 590 in-

2050 622 2210 678 llatze.
2266 624 2326 678 Et
2358 625 2537 696 utique
2572 626 2651 696 (ά)
2679 626 2938 683 debuerat
2988 627 3374 698 phantasmatis
3427 645 3644 686 scenam

2048 713 2419 772 decucurrisse
2445 759 2458 780 ,
2485 733 2551 773 ne
2573 718 2832 790 originem
2858 721 3034 776 carnis
3065 736 3170 776 non
3193 721 3505 778 desaltasset
3533 722 3636 796 (2),

2047 807 2134 877 qui
2164 822 2446 877 personam
2475 811 2786 865 substantia:
2815 810 2984 882 ipsius
3004 813 3221 883 egisset.
3253 813 3418 871 Plane
3445 815 3644 871 nativi-

2048 898 2170 953 tatis
2191 899 2524 955 mendacium
2554 902 2837 970 recusasti,
2862 903 3030 973 ipsam
3054 904 3196 960 enitn
3222 919 3441 960 carnem
3468 921 3648 963 veram

2044 991 2277 1046 edidisti.
2320 992 2709 1064 Turpissimum
2736 995 2940 1051 scilicet
2971 995 3065 1051 Dei
3093 1038 3109 1063 ,
3135 998 3294 1051 etiam
3327 1013 3470 1064 vera,
3503 998 3644 1051 uati.

2044 1082 2200 1138 vitas.
2229 1086 2340 1154 Age
2373 1084 2484 1154 jam
2514 1086 2584 1156 (ε)
2608 1126 2624 1153 ,
2657 1102 2845 1156 perora
2885 1087 2938 1142 in
2967 1087 3072 1153 ,illa
3111 1090 3443 1144 sanctissima
3474 1101 3527 1145 et
3559 1109 3645 1147 re-
3665 1126 3684 1142 .

2042 1177 2274 1232 verenda
2304 1193 2465 1248 opera
2507 1189 2747 1234 naturae:
2778 1178 3032 1236 invehere
3075 1180 3127 1235 iu
3159 1191 3328 1236 totum
3360 1182 3500 1252 quod
3534 1197 3595 1239 es
3621 1199 3639 1239 :

2040 1269 2217 1323 carnis
2243 1276 2400 1341 atque
2429 1269 2619 1325 anima:
2645 1269 2906 1342 originem
2936 1270 3153 1328 destrue
3184 1292 3198 1328 :
3231 1273 3469 1328 cloacam
3505 1288 3639 1329 voca

2042 1368 2252 1416 uterum
2278 1402 2295 1428 ,
2330 1363 2458 1416 tanti
2492 1362 2740 1417 animalis
2768 1404 2784 1430 ,
2818 1363 2869 1418 id
2896 1372 3014 1429 est,
3048 1363 3283 1419 hominis
3312 1365 3645 1436 producendi

2039 1452 2310 1508 ofﬁcinam
2337 1472 2349 1508 :
2380 1470 2704 1526 persequere
2728 1465 2784 1511 et
2810 1467 2989 1524 partus
3014 1456 3286 1512 immunda
3311 1468 3365 1513 et
3391 1458 3647 1529 pudenda

2040 1556 2303 1602 lamenta
2343 1590 2359 1615 ,
2392 1558 2447 1603 et
2491 1550 2657 1619 ipsius
2694 1548 2888 1605 exinde
2935 1551 3199 1620 puerperii
3237 1560 3494 1621 spurcos,
3537 1566 3641 1605 aue

2039 1638 2186 1703 xios,
2242 1639 2478 1695 ludicros
2528 1641 2704 1695 exitus
2745 1639 2835 1713 (Ῑ).
2886 1639 3086 1697 Tamen
3133 1657 3253 1697 cum
3302 1642 3481 1697 omnia
3534 1642 3641 1699 ista

338 1752 444 1807 que
490 1735 606 1806 ejus
640 1713 1059 1802 .defenderctur,
1128 1745 1288 1804 atque
1362 1736 1430 1790 ita
1475 1724 1723 1792 Christus
1766 1713 1935 1809 Crea-
1966 1735 2014 1795 Β
2042 1731 2410 1794 destruxeris,
2443 1740 2499 1787 ut
2540 1733 2652 1788 Deo
2687 1733 2898 1804 indigna
2929 1734 3010 1802 (5)
3040 1735 3326 1790 conﬁrmes
3352 1775 3367 1797 ,
3399 1750 3503 1790 non
3532 1734 3641 1791 c‘rit

338 1831 470 1883 toris
524 1826 914 1894 vindicaretur,
965 1836 1022 1881 ut
1078 1827 1165 1897 qui
1214 1825 1521 1887 nascibilis.
1569 1843 1633 1883 ac
1675 1843 1770 1898 per
1808 1828 1930 1894 hoc,

338 1934 568 1976 carueus
613 1920 1039 1975 annuutiaretur.
1084 1919 1413 1977 Stultissime
1440 1930 1492 1976 et
1517 1919 1604 1976 hic
1635 1919 1713 1993 (I)
1748 1922 1930 1977 l’onti-

339 2029 436 2071 cus
463 2055 477 2079 ,
511 2013 661 2082 quasi
710 2027 815 2067 non
864 2011 1074 2067 facilius
1101 2012 1413 2067 crederetur
1450 2027 1577 2069 caro
1609 2015 1659 2067 in
1691 2014 1798 2069 Deo
1826 2028 1932 2069 non

337 2114 461 2161 nata
486 2145 502 2171 ,
526 2119 689 2176 quam
715 2103 844 2158 falsa
875 2145 888 2169 ,
925 2103 1369 2173 prsestruentibus
1394 2104 1479 2159 vel
1507 2105 1739 2159 maxime
1769 2105 1930 2161 ﬁdem

333 2199 490 2255 istam
536 2197 742 2268 angelis
787 2196 1078 2261 Creatoris,
1126 2195 1178 2251 in
1217 2212 1380 2252 carne
1410 2210 1535 2252 vera
1563 2198 1929 2265 conversatis,

333 2305 434 2346 nec
462 2300 638 2345 tamen
683 2298 824 2344 nata.
868 2289 999 2343 Nam
1029 2299 1085 2344 et
1114 2288 1429 2344 Philumene
1475 2288 1565 2345 illa
1614 2292 1781 2360 magis
1811 2307 1932 2362 pcr-

331 2383 501 2438 suasit
527 2380 697 2451 Apelli
725 2421 740 2445 ,
771 2380 1087 2451 cazterisque
1111 2380 1478 2437 desertoribus
1505 2380 1788 2437 Marcionis
1814 2426 1828 2448 ,
1863 2400 1930 2440 ex

335 2472 440 2529 ﬁde
465 2471 680 2543 quidem
708 2470 981 2526 Christum
1011 2470 1406 2528 circumtulisse
1446 2487 1663 2529 carnem
1688 2490 1703 2540 ;
1733 2474 1930 2530 nullius

334 2572 513 2620 tamen
563 2561 887 2627 nativitatis,
921 2570 1108 2632 utpote
1144 2563 1213 2619 de
1261 2563 1690 2620 elementis-eam
1720 2577 1930 2623 mutua-

331 2664 464 2710 tum.
495 2652 648 2721 Quod
692 2653 739 2709 si
788 2652 1080 2715 verebatur
1125 2652 1395 2717 Marcion,
1448 2671 1515 2710 ne
1565 2653 1702 2712 ﬁdes
1750 2658 1928 2714 carnis

329 2740 629 2802 nativitatis
694 2759 909 2816 quoque
974 2743 1133 2801 ﬁdem
1199 2745 1528 2812 induceret;
1578 2747 1694 2804 siue
1762 2749 1927 2806 dubio

326 2837 417 2909 qui
467 2837 628 2894 homo
674 2835 977 2905 videbatur,
1008 2845 1168 2893 natus
1196 2838 1381 2908 utique
1409 2833 1731 2896 credebatur
1758 2859 1771 2896 :
1803 2858 1924 2899 nam

323 2938 381 2986 et
405 2928 597 2985 mulier
619 2928 864 3000 qumdam
893 2929 1283 2986 exclamaverat
1320 2927 1468 3002 (Luc.
1498 2931 1602 2997 XI,
1632 2934 1760 3005 27):
1788 2933 1923 2991 Bea-

216 3053 231 3061 -
324 3028 405 3076 tus
432 3030 601 3076 venter
626 3021 714 3090 qui
759 3031 808 3076 te
853 3022 1112 3091 portavit,
1140 3031 1187 3075 et
1230 3021 1384 3076 ubera
1431 3039 1547 3094 qua:
1594 3025 1831 3082 hausisti.
1858 3028 1927 3085 Et

2038 1822 2306 1893 indignior
2340 1832 2514 1880 morte
2556 1825 2809 1880 nativitas
2830 1868 2844 1892 ,
2873 1836 2927 1882 et
2954 1841 3117 1882 cruce
3163 1826 3385 1882 infantia
3408 1868 3423 1893 ,
3457 1838 3509 1882 et
3539 1843 3639 1883 na-

2039 1924 2153 1970 tura
2186 1932 2377 1987 poena,
2406 1926 2461 1974 et
2505 1933 2669 1973 carne
2709 1919 3003 1975 damnatio.
3050 1920 3106 1977 Si
3137 1936 3265 1976 vera
3314 1923 3410 1976 ista
3443 1937 3636 1993 paSStlS

2035 2019 2119 2065 est
2148 2009 2394 2067 Christus
2418 2054 2433 2078 ,
2463 2009 2639 2067 minus
2664 2011 2762 2068 fuit
2792 2014 2871 2084 (4)
2901 2014 3066 2070 nasci.
3098 2014 3153 2069 Si
3183 2015 3461 2070 mendacio
3503 2032 3632 2085 pas~

2033 2116 2128 2156 sus
2172 2111 2292 2168 est,
2322 2114 2381 2158 ut
2431 2102 2777 2171 phantasma,
2813 2106 2984 2173 potuit
3028 2115 3082 2161 et
3130 2105 3411 2162 mendacio
3460 2108 3633 2163 nasci.

2035 2192 2256 2249 Summa
2282 2194 2382 2249 ista
2409 2194 2694 2251 Marcionis
2718 2206 3030 2267 argumenta
3056 2238 3071 2257 .
3102 2212 3199 2267 per
3222 2214 3341 2268 qua:
3370 2198 3533 2271 alium
3558 2198 3642 2255 ef-

2035 2284 2148 2341 ﬁcit
2183 2285 2489 2355 Christum,
2528 2289 2660 2344 satis
2689 2288 2899 2359 opinor,
2941 2289 3280 2345 ostendimus
3308 2306 3411 2347 non
3454 2291 3646 2347 eunsi-

2033 2387 2177 2435 stere
2200 2380 2454 2448 omnino,
2485 2382 2611 2436 dum
2638 2381 2898 2438 docemus
2927 2382 3096 2453 magis
3123 2383 3307 2453 utique
3332 2396 3646 2454 competere

2036 2473 2146 2528 Deo
2175 2475 2489 2541 veritatem,
2522 2489 2684 2546 quam
2737 2475 3074 2531 mendacium
3123 2475 3240 2546 ejus
3293 2476 3544 2546 habitus,
3592 2478 3645 2535 in
3716 2521 3733 2527 -

2031 2583 2139 2638 quo
2183 2569 2452 2626 Christum
2501 2587 2656 2626 suum
2703 2554 2965 2627 exhibuit.
3016 2571 3071 2629 Si
3120 2571 3320 2628 veritas
3348 2572 3480 2637 fuit,
3512 2587 3646 2630 caro

2032 2659 2170 2727 fuit;
2197 2663 2244 2718 si
2271 2677 2398 2718 caro
2428 2662 2526 2717 fuit
2550 2704 2564 2727 ,
2600 2672 2755 2718 natus
2786 2673 2886 2719 est.
2918 2663 2991 2719 Ea
3023 2665 3188 2731 enim,
3221 2680 3340 2736 qua:
3368 2673 3646 2735 expugnat

2030 2751 2148 2809 hate
2188 2753 2412 2810 haeresis
2432 2796 2446 2820 ,
2479 2757 2899 2822 confirmantur,
2932 2771 3055 2811 cum
3084 2772 3168 2829 ea,
3199 2771 3293 2828 per
3321 2773 3439 2828 qua:
3467 2772 3643 2828 cxpuo

2029 2855 2176 2916 gnat,
2217 2846 2584 2902 destruantur.
2616 2846 2800 2917 Itaque
2837 2847 2883 2903 si
2926 2862 3152 2904 carueus
3178 2848 3483 2912 habebitur,
3512 2850 3644 2921 quia

2030 2948 2187 2995 natus
2216 2982 2230 3006 ,
2274 2948 2329 2995 et
2357 2950 2514 2996 natus
2534 2982 2549 3007 ,
2581 2943 2702 3011 quia
2729 2955 2957 2996 carueus
2981 2957 2997 3008 ;
3029 2941 3153 3011 quia
3181 2942 3641 3013 phantasma-non

2031 3032 2220 3097 fuerit,
2254 3033 2369 3102 ipse
2419 3033 2522 3088 erit
2566 3032 2972 3102 agnoscendus.
3006 3031 3117 3103 qui
3146 3034 3198 3088 in
3244 3048 3408 3088 carne
3437 3075 3451 3099 ,
3486 3043 3548 3088 et
3573 3049 3642 3089 cx

325 3112 597 3184 quomodo
639 3120 801 3166 mater
843 3121 892 3166 et
946 3114 1129 3183 fratres
1180 3113 1290 3181 eius
1322 3112 1452 3168 dicti
1492 3123 1615 3169 sunt
1647 3118 1772 3188 [oris
1800 3129 1933 3179 stare
1958 3125 2004 3189 C
2038 3125 2311 3180 nativitate
2358 3135 2614 3180 venturus
2650 3110 3069 3182 atumntiabalur
3112 3140 3144 3181 a
3196 3125 3465 3183 Creatoris
3512 3143 3642 3198 pro-

331 3204 484 3279 (Luc.
517 3202 631 3262 VIII
659 3204 726 3276 )‘l
753 3205 819 3261 Et
845 3203 1246 3261 videbimusde
1278 3205 1362 3261 his
1384 3208 1634 3278 capitulis
1658 3225 1757 3266 suo
1783 3224 1922 3270 tem-

323 3313 477 3371 pore.
528 3296 688 3374 Certe
724 3311 847 3352 cum
890 3306 947 3353 et
972 3296 1087 3367 ipse
1116 3311 1176 3353 se
1206 3295 1371 3352 ﬁlium
1400 3297 1634 3361 hominis
1661 3304 1921 3372 [ιι-παίω-

322 3399 447 3457 ret,
481 3398 665 3446 natum
693 3389 898 3445 scilicet
927 3389 1299 3459 proﬁtebatur.
1330 3389 1481 3447 Nunc
1508 3401 1559 3447 ut
1594 3392 1710 3451 hzec
1738 3400 1920 3455 omnia

321 3488 388 3544 ad
417 3486 694 3558 Evangelii
722 3486 1025 3542 distulerim
1054 3485 1507 3554 examinationcm
1530 3530 1542 3552 ,
1570 3497 1745 3547 tamen
1775 3495 1917 3562 quod

317 3595 480 3649 supra
529 3580 726 3644 statui,
771 3578 814 3634 si
857 3580 1001 3632 omni
1051 3578 1211 3632 modo
1258 3587 1414 3635 natus
1459 3582 1602 3636 credi
1646 3583 1914 3655 habebat,

320 3671 412 3741 qui
442 3670 605 3727 homo
646 3668 965 3734 videbatur;
999 3684 1134 3725 vane
1177 3670 1472 3727 nativitatis
1500 3672 1659 3729 fidem
1690 3678 1921 3734 consilio

328 3762 660 3832 imaginaria:
684 3761 863 3819 carnis
891 3762 1298 3834 expungendum
1344 3766 1574 3834 putavit.
1607 3767 1745 3833 Quid
1777 3771 1920 3827 enim

321 3859 524 3939 proluit
569 3873 677 3913 non
731 3872 862 3913 vere
904 3856 1101 3924 fuisse,
1144 3856 1287 3927 quod
1318 3873 1569 3926 proovero
1609 3859 1916 3939 haberetur,

326 3934 432 4008 tam
471 3967 690 4009 carnem
737 3965 896 4021 quam
942 3950 1322 4005 nativitatem?
1352 3952 1455 4006 Aut
1483 3954 1527 4007 si
1559 3934 1803 4023 dixeris,
1834 3961 1918 4016 vi-

319 4044 460 4101 derit
502 4045 685 4114 opinio
728 4043 957 4099 lmmana
982 4084 997 4109 ,
1028 4044 1137 4113 jam
1171 4043 1338 4099 Deum
1379 4052 1526 4100 tuum
1555 4046 1789 4107 honoras
1817 4052 1917 4108 fal-

317 4137 470 4194 lacia:
497 4137 652 4191 titulo
671 4177 686 4202 ,
718 4137 763 4191 si
788 4133 929 4190 aliud
954 4149 1014 4191 se
1040 4134 1246 4190 sciebat
1275 4150 1429 4204 esse,
1458 4154 1619 4209 quam
1651 4143 1793 4211 quod
1821 4145 1918 4201 ho-

319 4229 492 4286 mines
547 4218 747 4283 fecerat
797 4226 1027 4296 opinari.
1072 4225 1192 4282 Jam
1240 4236 1366 4283 tmte
1393 4231 1608 4298 potuisti
1641 4234 1804 4291 etiam
1833 4237 1909 4310 (ὁ)

318 4319 649 4378 nativitatem
711 4318 1011 4391 putativam
1083 4317 1157 4374 illi
1220 4321 1695 4387 accommodasse.
1728 4344 1796 4384 nc
1856 4330 1909 4386 in

2029 3219 2203 3291 phetis
2223 3260 2238 3287 ,
2268 3229 2452 3292 utpote
2479 3204 2725 3275 Christus
2752 3219 3044 3275 Creatoris.

2370 3310 2375 3313 ⁷
2632 3310 2860 3369 CAPUT
2899 3311 3021 3367 XII.

2098 3402 2335 3458 Provoca
2368 3418 2510 3459 nunc
2529 3443 2546 3472 ,
2576 3413 2631 3458 ut
2661 3404 2806 3460 soles
2825 3446 2840 3471 ,
2869 3405 2937 3459 ad
2978 3406 3116 3461 hanc
3154 3406 3325 3462 Esaize
3355 3422 3639 3477 compara-

2025 3495 2223 3550 tionem
2251 3495 2481 3562 Christi,
2512 3496 2846 3551 coutendcns
2878 3497 3021 3550 illam
3054 3498 3105 3551 iu
3134 3498 3285 3552 nullo
3313 3500 3635 3557 convenire.

2024 3588 2204 3642 I’rimo
2241 3590 2419 3653 enim,
2474 3589 2688 3658 inquis,
2740 3587 2986 3644 Christus
3014 3588 3189 3644 Esaia.-
3235 3574 3336 3662 (ls.
3370 3589 3504 3659 VII,
3545 3593 3632 3665 I4;

2030 3681 2339 3736 Euuuanuel
2370 3681 2553 3737 vocari
2599 3681 2816 3737 habebit
2844 3696 2858 3743 ;
2891 3681 3095 3737 dehinc
3124 3684 3382 3755 virtutem
3412 3699 3633 3741 sumere

2030 3773 2306 3839 Damasci,
2337 3781 2390 3828 et
2412 3773 2583 3843 spolia
2621 3773 2880 3829 Samaria:
2909 3773 3199 3830 adversum
3245 3789 3424 3845 regem
3461 3779 3630 3846 Assy-

2025 3866 2248 3923 riorum.
2285 3867 2454 3921 Porro
2495 3867 2600 3938 (Is.
2638 3866 2782 3934 VIII,
2815 3865 2893 3940 4)
2959 3869 3058 3924 iste
3098 3869 3187 3939 qui
3230 3862 3421 3934 venit,
3455 3884 3632 3939 neque

2025 3962 2128 4017 sub
2156 3959 2417 4031 ejusmodi
2466 3962 2684 4017 nomine
2712 3971 2796 4017 est
2822 3961 3028 4026 editus,
3063 3977 3239 4033 neque
3278 3962 3384 4016 ulla
3415 3978 3473 4017 re
3505 3962 3629 4019 hel-

2027 4055 2126 4109 lica
2177 4055 2391 4109 functus
2432 4064 2534 4109 est.
2566 4055 2635 4108 At
2665 4070 2764 4126 ego
2794 4064 2845 4111 te
2875 4054 3210 4119 admonebo,
3244 4055 3318 4109 uti
3344 4054 3631 4112 colunt-cn-

2023 4147 2095 4201 tia
2118 4162 2330 4217 quoque
2361 4148 2637 4217 utriusque
2661 4147 2879 4217 capituli
2910 4162 3288 4220 recognoscas.
3321 4147 3623 4219 Suhjuncta

2020 4248 2104 4295 est
2151 4238 2292 4293 enim
2344 4248 2397 4294 et
2457 4240 2828 4308 interpretatio
2892 4239 3308 4306 Emmanuelis,
3360 4242 3661 4315 nobiscum,

2020 4332 2194 4398 Deus;
2221 4332 2293 4386 uti
2330 4346 2435 4387 non
2467 4332 2641 4389 solum
2667 4347 2859 4389 sonum
2900 4333 3134 4390 nominis
3163 4342 3375 4405 spectes
3401 4374 3416 4401 ,
3446 4333 3542 4391 scd
3567 4342 3624 4392 et

1528 4437 1908 4504 LECTIONES
1944 4445 2358 4508 VARIANTES.

398 4547 446 4601 Il
467 4548 573 4600 Hoc
589 4555 703 4599 Jun.
745 4526 751 4539 ’
1102 4580 1105 4585 μ

398 4551 418 4601 1
467 4548 573 4600 Hoc
589 4555 703 4599 Jun.
1102 4580 1105 4585 μ

366 4547 446 4678 (Ξῖ
465 4609 767 4663 Desultasset
785 4604 937 4661 Seml.
957 4607 1227 4661 dealtasset
1246 4610 1392 4663 lthen.

1930 4559 1985 4622 D
2099 4563 2131 4611 5
2173 4560 2334 4635 Digna
2353 4558 2506 4613 then.
2528 4559 2679 4613 Seml.
2702 4561 2901 4615 Oberth.

2076 4560 2150 4689 iii
2171 4623 2368 4676 Fuisset
2388 4621 2541 4676 Seml.
2562 4628 2708 4676 Pam.

2104 4621 2149 4676 4)
2171 4621 2368 4676 Fuisset
2388 4621 2541 4676 Seml.
2562 4628 2708 4676 Pam.

1684 4724 2241 4789 COMMENTARIUS.

380 4834 535 4909 CAP.
570 4833 668 4909 ΕΙ.
707 4864 776 4909 τ-
800 4830 888 4909 (ιι)
944 4832 1194 4909 [{utativat
1232 4834 1286 4890 in
1321 4834 1523 4909 Christo
1551 4840 1901 4909 corpulentite.

309 4907 544 4965 Baeticus
570 4904 664 4959 lih.
691 4904 759 4960 de
793 4902 934 4986 ﬁde:
967 4904 1231 4986 Hodieque
1259 4923 1361 4961 non
1371 4907 1588 4986 “desunt,
1619 4902 1707 4981 qui
1727 4925 1905 4986 negent

305 4995 423 5035 eum
450 4986 677 5032 nostram
706 4984 925 5047 gestasse
948 4976 1335 5045 corpulentiam.
1371 4978 1488 5036 th.

377 5049 457 5123 (1))
486 5047 816 5123 Natiuitateut
859 5049 1138 5123 putativaut
1163 5049 1240 5123 illi
1269 5051 1694 5123 accomntodasse.
1739 5053 1903 5121 Quasi

304 5119 446 5178 vere
477 5131 630 5175 natus
655 5129 707 5176 et
738 5119 916 5186 reipsa
963 5134 1070 5173 non
1114 5119 1320 5175 fuisset.
1363 5120 1417 5176 Id
1449 5123 1591 5179 enim
1636 5119 1902 5182 ιἰιΙιἸιςιιε

301 5208 403 5249 vox
434 5191 731 5263 palatinum,
764 5189 901 5263 sicut
932 5189 1094 5245 modo
1122 5190 1336 5247 dicebat
1355 5195 1667 5263 putativrein
1698 5193 1901 5253 Christo

297 5259 647 5335 corpulentia.
670 5261 753 5335 Le
791 5259 888 5335 Pa.

374 5330 449 5408 ('c)
475 5332 774 5409 Sanguinis_
794 5331 1008 5409 tributo.
1038 5330 1144 5409 _Sic
1172 5334 1267 5390 lib.
1297 5334 1367 5391 de
1399 5333 1650 5393 Vclaudis
1678 5339 1899 5409 virgini-

298 5403 400 5480 bus
417 5403 439 5471 ,'
464 5415 532 5480 σε
532 5403 698 5474 pudor
719 5403 902 5473 ubique
926 5404 1154 5471 vestitur,
1180 5414 1230 5460 et
1268 5423 1465 5462 menses
1491 5409 1678 5463 tributa
1705 5403 1899 5480 depen-

301 5478 449 5533 dunt.
499 5476 619 5531 RIG.

371 5549 453 5618 (ά)
481 5545 734 5601 Debuerat

298 5619 428 5676 dicit
469 5631 686 5673 scenam
732 5618 1119 5688 phantasmatis
1141 5658 1156 5682 ,
1181 5628 1239 5673 ut
1262 5618 1312 5672 in
1342 5620 1406 5673 de
1430 5621 1662 5676 haeresib.
1692 5638 1900 5676 uenam

296 5691 511 5755 erroris,
543 5696 720 5743 actum
760 5702 922 5759 quem
956 5697 1150 5745 vocant
1194 5690 1518 5762 intelligens.
1549 5691 1753 5749 Sensus
1772 5702 1895 5749 est:

813 5546 1149 5601 hantas‘matis
1173 5563 1376 5602 scenam
1410 5549 1776 5605 decucurrisse.
1809 5550 1901 5607 Sic

2009 4845 2267 4902 debuerat
2291 4862 2365 4921 ex
2385 4857 2496 4921 toto
2536 4848 2752 4921 servire,
2769 4863 2945 4921 scena:
2969 4857 3027 4921 et
3051 4858 3353 4921 susceptam
3377 4849 3615 4907 fabulam

2012 4934 2266 4987 peragere
2303 4918 2552 4992 Christus
2597 4920 2913 4992 Marcionis,
2941 4920 3102 4992 quisi
3129 4918 3416 4991 putativam
3443 4924 3616 4992 gessit

2007 5004 2222 5051 carnem
2246 5031 2258 5053 ,
2283 4989 2514 5045 debebat
2538 4991 2697 5045 etiam
2720 4989 3011 5060 putativain
3034 4989 3231 5048 habere
3252 4989 3609 5061 nativitatem,

2006 5061 2083 5114 sic
2112 5061 2254 5115 enim
2301 5061 2688 5132 phantasmatis
2727 5076 2945 5119 scenam
2987 5063 3397 5121 decucurrisset.
3425 5064 3607 5121 Ιὶιιεκ.

2078 5154 2156 5225 (e)
2192 5155 2296 5226 Age
2315 5157 2430 5226 jam
2455 5172 2658 5227 perora.
2696 5155 2846 5212 Ilunc
2875 5157 3050 5212 locum
3083 5157 3247 5212 habes
3278 5158 3328 5211 in
3356 5157 3419 5210 de
3440 5155 3612 5212 Carne

2007 5225 2197 5279 Christi
2235 5225 2422 5281 iisdem
2455 5225 2837 5296 propemodum
2881 5228 3057 5284 verbis
3087 5228 3346 5293 relatum,
3388 5245 3493 5282 non
3535 5229 3607 5284 ita

2006 5296 2163 5367 longe
2190 5308 2308 5367 post
2346 5299 2574 5354 initium.
2605 5298 2777 5354 Busa.

2050 5388 2145 5460 ,(f)
2174 5390 2422 5445 Ludicros
2458 5392 2640 5446 exitus.
2676 5390 2970 5447 Videbatur
3018 5389 3145 5445 mihi
3192 5389 3477 5460 aliquando
3520 5391 3607 5446 Ie-

2003 5461 2233 5529 gendum
2263 5462 2514 5527 lubricos,
2548 5462 2642 5517 sed
2684 5462 2815 5533 ipse
2838 5461 3057 5533 respicit
3080 5460 3149 5533 ad
3179 5460 3231 5516 id
3259 5463 3400 5533 quod
3428 5462 3483 5514 in
3506 5460 3605 5533 lib.

2004 5546 2162 5597 quem
2190 5533 2350 5586 modo
2377 5534 2657 5589 citavimus
2677 5574 2692 5597 ,
2716 5532 2878 5596 dicit,
2909 5531 2976 5586 de
3005 5532 3207 5587 infante
3235 5531 3425 5587 recens
3457 5532 3611 5588 edito

2004 5601 2278 5676 loquens,
2296 5603 2556 5658 blanditiis
2578 5604 2880 5676 deridetur;
2905 5612 2959 5659 et
2983 5618 3112 5658 mox
3129 5642 3145 5669 ,
3175 5600 3321 5658 illum
3351 5620 3440 5676 per
3466 5603 3616 5660 ludi-

2003 5671 2114 5726 bria
2141 5674 2421 5742 nutritum,
2447 5683 2552 5730 etc.
2584 5674 2759 5731 Rana.
