4008 6280
327 356 435 417 341

1453 360 1581 417 LIB.
1623 360 1691 417 III
1733 358 2094 420 ADVERSUS
2130 362 2548 425 MARCIONEM.

3539 374 3643 430 5ίὲ

330 472 655 563 supradicta
708 471 1093 545 tempestivitas
1143 484 1398 557 congruat
1420 466 1443 551 ,ί
1469 484 1524 531 et
1559 474 1730 547 gratia
1763 473 1936 531 labio-
1964 476 2018 538 A
2045 479 2460 559 appellationum
2507 485 2890 559 consignatur:
2920 489 3115 563 quibus
3159 487 3536 549 deﬁcientibus
3586 472 3635 544 si

332 580 496 632 rum;
542 560 709 637 quem
755 574 882 622 tunc
919 565 1025 636 jam
1072 552 1381 645 cingebatur
1418 581 1577 638 super
1603 565 1777 623 femur
1799 565 1940 637 apud

333 656 508 717 David
534 702 551 725 ,
574 650 902 731 quandoque
926 661 1183 715 missurus
1213 660 1265 716 in
1298 668 1518 716 terram.
1555 660 1665 716 Hoc
1687 670 1771 717 est
1796 661 1939 716 enim

336 750 482 825 quod
510 742 588 806 ait
606 770 629 819 δ,
664 762 711 807 et
741 752 952 807 extende
973 796 987 821 ,
1019 762 1068 808 et
1096 770 1429 826 prosperare,
1462 765 1509 809 et
1535 771 1712 827 regna.
1740 754 1939 812 Exten-

336 838 437 899 drs
492 858 808 900 sermonem
858 845 913 899 in
957 860 1170 900 omnem
1221 854 1415 900 terram
1459 844 1525 902 ad
1572 830 1939 904 universarum

252 1008 263 1017 _
337 936 584 1009 gentium
616 937 951 991 vocationem
981 953 996 1002 ;
1027 928 1438 1017 prosperaturus
1484 953 1733 995 successu
1781 939 1940 1006 ﬁdei,

340 1036 446 1101 tina
473 1037 560 1085 est
588 1022 909 1100 recepturus
933 1047 947 1096 ;
976 1041 1028 1086 et
1054 1044 1284 1100 regnans
1313 1032 1536 1096 exinde,
1571 1023 1673 1104 qua
1713 1022 1942 1088 mortem

341 1123 743 1178 resurrectione
776 1114 990 1177 devicit.
1030 1120 1099 1176 Et
1132 1120 1345 1178 deducet
1380 1133 1426 1178 te
1448 1167 1463 1191 ,
1495 1110 1702 1196 inquit,
1730 1125 1947 1195 miriﬁce

341 1210 554 1269 dextera
604 1225 731 1280 tua;
787 1213 955 1269 virtus
1010 1214 1217 1269 scilicet
1261 1216 1446 1285 gratiae
1494 1215 1791 1286 spiritalis,
1840 1232 1944 1288 qua

339 1304 545 1361 Christi
590 1305 793 1377 agnitio
838 1303 1141 1361 deducitur.
1189 1302 1407 1376 Sagime
1443 1315 1544 1360 tua:
1583 1316 1779 1375 acuue,
1824 1322 1947 1378 per-

343 1398 580 1455 volantia
633 1397 829 1470 ubique
861 1394 939 1472 (i)
984 1407 1248 1470 prmeepta
1275 1440 1288 1464 ,
1321 1408 1373 1453 et
1417 1402 1609 1465 minae,
1644 1409 1697 1454 et
1727 1396 1806 1473 (2)
1842 1412 1947 1455 tra-

343 1490 633 1550 du'ctiones
681 1491 764 1566 (5)
795 1480 973 1549 cordis
996 1535 1011 1560 ,
1042 1505 1462 1564 compungentes
1490 1503 1544 1549 et
1570 1492 1949 1569 transﬁgentes

344 1586 734 1646 conscientiam
749 1600 1032 1658 quamque.
1055 1584 1245 1655 Populi
1271 1586 1362 1640 sub
1380 1598 1426 1642 te
1452 1589 1743 1650 concident,
1769 1590 1950 1661 utique

346 1681 661 1737 adorantes.
688 1679 776 1736 Sic
802 1680 1125 1751 bellipotens
1154 1688 1209 1735 et
1251 1681 1485 1752 armiger
1512 1682 1756 1737 Christus
1782 1681 1948 1738 Crea-

349 1776 487 1832 toris
509 1819 524 1842 ,
559 1776 637 1830 sic
665 1786 720 1830 et
747 1790 888 1831 nunc
912 1775 1185 1845 accipiens
1212 1774 1403 1845 spolia,
1434 1790 1538 1829 non
1566 1776 1735 1831 solius
1759 1775 1947 1833 Sama~

2044 572 2255 641 quando
2279 615 2294 635 ,
2344 585 2469 659 tunc
2498 574 2577 651 (4)
2605 594 2779 661 grmca
2824 568 3154 637 catachresis
3191 579 3259 634 dc
3301 580 3481 636 alieno
3509 580 3640 636 abu-

2043 665 2205 731 tendo
2231 656 2515 741 succurrit.
2542 656 2700 743 Apud
2734 672 2899 729 Deum
2929 682 3106 728 autem
3138 672 3371 728 deﬁcere
3398 682 3527 743 puto
3558 674 3642 728 ni-

2045 757 2119 812 hil
2159 758 2316 814 debet
2342 803 2358 828 ,
2387 778 2486 837 nec
2514 763 2580 819 de
2611 763 2789 835 alieno
2835 757 3024 845 instrui
3074 764 3461 833 dispositiones
3491 765 3632 836 ejus.

2045 848 2176 935 Quis
2226 850 2313 907 hic
2359 848 2501 927 Deus
2549 865 2668 921 est,
2697 858 2788 929 qui
2838 858 2949 913 lilio
2992 874 3204 939 quoque
3233 873 3332 915 suo
3371 859 3640 915 nominaa

2045 936 2303 1001 Creatore
2347 947 2623 1003 vindicat?
2653 964 2758 1035 non
2804 949 2933 1019 dico
2972 934 3146 1007 aliena
3172 994 3187 1020 ,
3221 953 3316 1009 sed
3360 962 3544 1011 vetera
3591 963 3646 1009 et

2049 1035 2259 1109 vulgata
2285 1079 2300 1106 ,
2333 1054 2452 1111 quae
2483 1039 2571 1122 vel;
2597 1030 2676 1098 sic
2705 1030 2813 1099 non
2843 1054 3216 1127 competereut
3258 1046 3361 1102 deo
3407 1061 3548 1102 novo
3587 1056 3644 1103 et

2047 1133 2336 1205 inCOguito.
2370 1136 2650 1221 Quomodo
2677 1138 2908 1210 denique
2934 1139 3127 1208 docet,
3157 1155 3350 1197 novam
3378 1140 3642 1212 plagulam

2048 1240 2157 1309 non
2184 1228 2327 1297 assui
2356 1227 2536 1284 Veteri
2552 1229 2898 1287 Testamento
2914 1232 3014 1309 (α),
3037 1248 3135 1291 nec
3147 1233 3329 1299 vinum
3343 1248 3542 1289 novum
3557 1248 3648 1287 vce

2049 1304 2253 1374 toribus
2282 1318 2486 1376 utribus
2512 1319 2657 1401 credi
2691 1321 2795 1399 (ρ),
2817 1304 3041 1391 adsutus
3071 1324 3186 1393 ipse
3214 1334 3265 1383 et
3292 1308 3508 1401 indutus
3546 1340 3645 1379 no—

2050 1414 2253 1468 minum
2281 1415 2465 1491 senio?
2485 1414 2768 1489 Quomodo
2790 1417 3017 1473 abscidit
3039 1402 3389 1489 Evangelium
3415 1434 3445 1474 a
3473 1418 3645 1490 Lege,

2053 1513 2159 1559 tota
2188 1488 2330 1578 Lege
2354 1488 2616 1564 vestitus?
2644 1496 2701 1564 in
2734 1509 2950 1566 nomine
2995 1488 3211 1583 scilicet,
3239 1510 3459 1566 Christi.
3513 1488 3648 1579 Quis

2053 1600 2203 1657 illum
2261 1602 2531 1683 prohibuit
2574 1602 2725 1689 aliud
2769 1603 2982 1675 vocari,
3013 1603 3159 1659 aliud
3215 1603 3638 1689 praedicantem,

2053 1694 2269 1751 aliunde
2298 1698 2641 1767 venientem?
2664 1713 2786 1753 cum
2822 1706 3103 1769 propterea
3133 1711 3233 1752 nec
3261 1698 3504 1768 corporis
3525 1712 3648 1753 sus-

2054 1770 2259 1865 ceperit
2289 1795 2597 1855 veritatem,
2634 1807 2704 1849 ne
2724 1782 2970 1871 Christus
2994 1790 3267 1875 Creatoris
3293 1774 3646 1847 crederetur?

349 1868 448 1924 ria:
472 1910 486 1934 ,
516 1882 705 1961 verum
734 1876 800 1967 ξι
838 1868 1076 1921 Omnium
1113 1872 1374 1967 3f‘llliuﬁl-
1424 1867 1670 1967 {ignosce
1708 1870 1951 1939 ειεροιίὶὶ
1979 1872 2030 1935 Β
2059 1856 2207 1953 Vane
2252 1892 2432 1959 autem
2479 1884 2650 1941 noluit
2679 1899 2801 1967 eum
2835 1862 2894 1939 se
2920 1868 3130 1949 videri,
3162 1898 3320 1957 quem
3348 1883 3515 1939 voluit
3551 1898 3650 1937 vo-

351 1954 585 2033 ﬁgurata
612 2003 626 2028 ,
660 1958 815 2031 Cujus
842 1968 895 2015 et
922 1975 1069 2015 arma
1097 1958 1384 2031 allegorica
1415 1950 1670 2019 didicisti.
1698 1962 1952 2035 Figurate

350 2053 635 2126 itaque’et
675 2053 902 2109 Domino
956 2050 1217 2125 ejusmodi
1268 2055 1555 2125 loquente,
1606 2066 1660 2111 et
1691 2057 1951 2127 Apostolo

296 2161 309 2170 '
349 2149 622 2205 scribente
644 2191 661 2216 ,
684 2163 791 2203 non
814 2157 1013 2204 temere
1045 2149 1572 2220 interpretationibus
1593 2148 1709 2221 ejus
1729 2151 1949 2220 utimur,

349 2255 581 2314 quarum
611 2231 857 2310 esetnpla
897 2239 1059 2296 etiam
1109 2240 1405 2319 adversarii
1433 2239 1721 2297 admittunt
1749 2259 1764 2297 :
1794 2252 1952 2314 atque

351 2335 428 2390 ita
447 2334 498 2389 in
526 2343 733 2405 tantum.
757 2329 932 2389 Esaiae
948 2332 1052 2389 erit
1065 2333 1311 2413 Christus
1332 2333 1421 2406 qui
1440 2335 1604 2402 venit,
1628 2333 1680 2391 in
1698 2327 1954 2406 quantum

353 2425 580 2483 nonfuit
605 2420 855 2494 bellator,
887 2426 1011 2498 quia
1046 2441 1150 2481 non
1184 2426 1304 2483 talis
1332 2426 1401 2482 ab
1427 2427 1582 2483 Esaia
1610 2428 1950 2499 prtedieatur.

961 2510 1191 2575 CAPUT
1229 2517 1348 2574 XV.

432 2606 510 2669 De
559 2602 857 2683 quaestione
901 2610 1112 2679 carnis,
1147 2621 1200 2667 et
1232 2628 1326 2683 per
1367 2628 1488 2669 eam
1542 2610 1833 2672 nativitatis
1856 2656 1872 2683 ,
1901 2625 1956 2673 et

355 2704 519 2762 unius
566 2705 780 2761 interim
833 2690 1066 2762 nominis
1115 2694 1463 2762 Eutmanuelis
1520 2705 1817 2780 hucusque.
1876 2698 1955 2765 De

355 2801 570 2856 cmtcris
614 2814 745 2855 vero
788 2799 1093 2855 nominibus
1114 2841 1129 2866 ,
1160 2810 1213 2855 et
1244 2796 1297 2854 in
1348 2800 1533 2870 primis
1571 2799 1799 2867 Christi,
1827 2800 1955 2873 quid

354 2876 483 2967 pars
513 2879 725 2973 diversa
770 2892 1163 2966 respondebit?
1186 2893 1242 2953 Si
1287 2894 1515 2972 proinde
1545 2910 1834 2959 commune
1872 2906 1956 2971 est

353 2988 502 3063 apud
534 3005 628 3044 vos
657 2982 856 3045 Christi
903 3004 1098 3044 nomen
1121 3029 1137 3054 ,
1172 2988 1625 3060 quemadmodum
1649 3001 1704 3045 et
1734 2990 1826 3045 Dei
1852 3032 1866 3056 ,
1900 2974 1955 3046 ut

355 3068 503 3139 sicut
545 3082 823 3153 utriusque
872 3080 966 3137 Dei
1020 3080 1184 3138 ﬁlium
1209 3068 1481 3138 Christum
1513 3066 1779 3154 competat
1808 3066 1953 3155 dici,

355 3172 439 3231 sic
471 3184 754 3247 utrumque
779 3185 985 3246 patrem
1017 3174 1297 3233 Dominum
1323 3170 1338 3242 ζ
1370 3185 1517 3233 certe
1542 3180 1682 3234 ratio
1710 3174 1832 3235 huic
1864 3160 1953 3235 ar-

2053 1974 2161 2032 cari
2195 1994 2206 2032 :
2242 1975 2459 2046 quando
2486 2019 2502 2044 ,
2548 1978 2655 2051 etsi
2702 1962 2833 2041 vere
2876 1991 3170 2048 corporeus
3223 1962 3449 2051 fuisset,
3482 1976 3653 2048 magis

2053 2069 2300 2133 Christus
2330 2069 2601 2151 Creatoris
2644 2085 2751 2155 non
2797 2070 3094 2151 videretur,
3137 2072 3182 2129 si
3212 2056 3316 2128 non
3348 2081 3652 2128 vocaretur.

2055 2166 2126 2223 At.
2149 2179 2293 2220 nunc
2319 2154 2671 2241 substantiam
2716 2164 2950 2237 respuit,
2973 2164 3126 2235 cujus
3152 2179 3348 2220 nomen
3376 2164 3457 2238 (5)
3492 2179 3652 2223 acce-

2055 2258 2171 2331 pit,
2200 2256 2360 2317 etiam
2416 2255 2773 2333 substantiam
2822 2256 3143 2327 probaturus
3189 2271 3255 2313 ex
3301 2257 3539 2333 nomine.
3594 2256 3652 2313 Si

2055 2349 2199 2425 enim
2227 2346 2472 2404 Christus
2500 2330 2690 2426 unctus
2717 2330 2829 2415 est,
2859 2348 3023 2419 ungui
3054 2346 3236 2419 utique
3265 2330 3508 2418 corporis
3532 2363 3654 2418 pas-

2055 2432 2138 2498 sio
2165 2451 2267 2523 est.
2299 2441 2399 2511 Qui
2443 2456 2640 2523 corpus
2685 2457 2788 2496 non
2837 2439 3063 2509 habuit,
3098 2428 3261 2519 ungui
3286 2440 3507 2521 omnino
3538 2455 3646 2497 non

2056 2514 2262 2604 potuit:
2292 2533 2381 2604 qui
2405 2518 2566 2605 ungui
2596 2533 2823 2613 omnino
2851 2547 2952 2587 non
2977 2531 3181 2603 potuit,
3203 2514 3448 2588 Christus
3474 2532 3655 2588 vocari

2057 2628 2205 2683 nullo
2255 2616 2416 2682 modo
2465 2627 2656 2697 potuit.
2703 2625 2861 2682 Aliud
2911 2633 3024 2694 est,
3056 2629 3101 2682 si
3132 2636 3185 2682 et
3217 2627 3452 2683 nominis
3480 2628 3655 2696 phan-

2058 2729 2228 2777 tasma
2261 2718 2549 2776 ali’ectavit.
2580 2717 2687 2776 Sed
2719 2718 2991 2790 quomodo
3016 2761 3031 2785 ,
3064 2718 3275 2789 inquit,
3311 2719 3572 2796 irreperet
3600 2719 3654 2777 in

2057 2814 2367 2871 Judacornm
2401 2811 2564 2868 ﬁdem
2589 2855 2605 2881 ,
2639 2812 2742 2868 nisi
2770 2827 2867 2885 per
2889 2812 3113 2887 solenne
3138 2812 3278 2882 apud
3307 2827 3403 2868 eos
3429 2822 3484 2868 et
3512 2812 3660 2868 fanti-

2058 2906 2189 2963 liare
2211 2906 2456 2962 nomen?
2486 2905 2884 2979 lnconstantem
2914 2913 3005 2958 aut
3031 2903 3319 2959 subdolum
3349 2903 3510 2981 deum
3535 2919 3658 2959 nar-

2060 2988 2190 3069 ras,
2240 3008 2331 3053 aut
2373 2997 2724 3071 difﬁdentiae,
2767 3006 2860 3052 aut
2907 2995 3284 3073 malitiositatis
3331 2982 3613 3071 consilium
3639 3038 3655 3064 ,

2060 3082 2294 3146 fallendo
2324 3088 2473 3161 quid,
2503 3103 2843 3165 promovere.
2892 3086 3057 3145 Multo
3086 3087 3305 3145 liberius
3329 3074 3493 3160 atque
3520 3088 3654 3143 sim-

2061 3183 2249 3267 plicius
2277 3172 2499 3257 egerunt
2521 3168 3032 3257 Pseudoprophctze,
3062 3179 3320 3261 adversus
3345 3182 3655 3239 Creatorem

357 3266 751 3344 guinentationi
797 3265 1174 3339 refragabitur.
1205 3268 1301 3324 Dei
1349 3269 1494 3325 enim
1548 3285 1768 3353 nomen,
1806 3271 1955 3343 quasi
1983 3266 2028 3331 C
2063 3265 2116 3333 in
2143 3278 2225 3332 sui
2252 3277 2338 3333 dei
2368 3276 2585 3333 nomine
2613 3276 2913 3361 venientes.
2946 3273 3057 3332 Sed
3100 3290 3201 3333 nec
3238 3275 3490 3359 eﬁ'ectum
3522 3292 3657 3332 con-

359 3359 610 3416 naturale
653 3359 974 3425 divinitatis,
1033 3369 1207 3433 potest
1240 3360 1294 3416 in
1343 3377 1533 3418 omnes
1572 3364 1958 3421 communicari

357 3436 562 3539 quibus
603 3436 856 3508 divinitas
888 3451 1213 3522 vindicatur,
1240 3447 1380 3510 sicut
1423 3463 1478 3512 et
1500 3440 1713 3541 iidolisc,
1746 3456 1961 3533 dicente

357 3528 626 3623 A‘postolo
662 3543 719 3621 (Ι
749 3543 866 3601 Cor.
914 3545 1064 3629 Vill,
1106 3538 1183 3629 5).
1212 3545 1354 3604 Nam
1380 3560 1424 3604 et
1457 3561 1573 3606 sunt
1607 3528 1694 3627 qui
1723 3530 1962 3608 dicuntur

359 3638 472 3721 dii,
510 3638 613 3692 sive
647 3636 701 3693 in
732 3635 884 3706 caelo,
923 3624 1027 3694 sive
1050 3638 1105 3694 in
1143 3624 1307 3695 terris.
1337 3639 1538 3697 Christi
1576 3657 1703 3721 vero
1731 3660 1958 3711 nomen,

361 3710 479 3789 noti
532 3746 597 3786 ex
643 3741 831 3811 natura
879 3731 1136 3807 veniens,
1165 3718 1259 3813 sed
1307 3724 1370 3789 es
1425 3710 1962 3809 dispositione,pro-

358 3824 546 3903 prium
570 3826 686 3898 ejus
710 3825 961 3896 efﬁcitur,
995 3842 1025 3883 a
1054 3815 1161 3909 quo
1186 3819 1504 3909 dispositum
1536 3831 1822 3886 invenitur.
1846 3820 1964 3909 Nec

361 3920 425 3976 in
456 3908 998 3999 communicationem
1035 3903 1126 3975 alii
1171 3911 1275 3996 deo
1320 3903 1562 3989 sul~jacet
1584 3963 1599 3989 ,
1631 3904 1865 3978 maxime
1893 3939 1965 3979 tc-

364 4000 556 4079 mulo,
585 4023 640 4067 et
685 3998 903 4068 b’abenti
958 4002 1110 4067 suam
1158 4004 1595 4083 dispositidnem,
1625 4014 1710 4071 cui
1760 4025 1815 4072 et
1864 4033 1964 4072 no-

365 4106 519 4163 mina
569 4103 772 4174 privata
802 4102 1037 4160 debebit.
1069 4103 1237 4173 Quale
1267 4114 1351 4161 est
1378 4106 1520 4161 enim
1555 4107 1696 4177 quod
1724 4092 1968 4166 diversas

366 4196 756 4268 dispositiones
795 4194 1023 4251 duorum
1065 4198 1415 4259 commcntati
1445 4197 1710 4266 deorum,
1740 4203 1971 4275 societa.

367 4298 486 4347 tem
540 4289 812 4345 nominum
859 4286 1149 4344 admittunt
1191 4288 1245 4343 in
1284 4286 1605 4353 discordiam
1655 4278 1968 4363 diSpositid.

368 4382 543 4445 num?
582 4381 798 4455 quando
840 4380 983 4439 nulla
1036 4382 1208 4453 magis
1252 4374 1495 4453 probatio
1533 4376 1813 4455 assisteret
1838 4387 1970 4446 duo.

366 4492 496 4536 rum
537 4486 593 4533 et
629 4476 946 4532 mutulorum
987 4476 1211 4531 deorum
1234 4519 1248 4541 ,
1275 4489 1434 4547 quam
1467 4477 1510 4533 si
1542 4480 1593 4533 in
1619 4454 1973 4551 dispositione

368 4583 566 4627 eorum
596 4569 757 4624 etiam
785 4568 1068 4624 diversitas
1093 4567 1369 4624 nominum
1402 4569 1751 4628 inveniretur.
1783 4572 1971 4634 Nullus

2063 3370 2166 3426 silii
2192 3368 2352 3440 hujus
2380 3368 2614 3435 invenio,
2644 3383 2766 3427 cum
2800 3354 3010 3431 facilius
3035 3379 3300 3437 antsuum
3326 3354 3659 3431 crediderint

2062 3460 2336 3541 Christum
2358 3502 2373 3528 ,
2401 3470 2496 3517 aut
2540 3461 2757 3535 planum
2807 3460 2984 3533 potius
3036 3460 3305 3544 aliquem,
3333 3475 3494 3530 quam
3520 3460 3658 3516 alte-

2064 3558 2177 3614 rius
2206 3556 2292 3613 dei
2336 3555 2611 3614 Christum
2639 3598 2653 3618 ,
2684 3556 2823 3612 sicut
2869 3554 3221 3627 Evangelium
3252 3552 3515 3627 probabit.

2655 3646 2882 3723 CAPUT
2921 3646 3062 3707 xvr.

2136 3741 2287 3798 Nunc
2316 3741 2361 3797 si
2394 3756 2588 3811 nomen
2618 3740 2816 3807 Christi
2845 3782 2861 3808 ,
2892 3749 2953 3795 ut
2989 3739 3285 3819 sportulam
3314 3738 3660 3819 furunculus,

2067 3837 2327 3917 captavit,
2352 3850 2449 3917 cur
2479 3828 2640 3890 etiam
2677 3832 2836 3913 Jesus
2870 3816 3035 3888 voluit
3083 3832 3379 3904 appellari,
3415 3816 3521 3888 non
3553 3842 3659 3887 tam

2068 3908 2419 4009 etispectabili
2464 3922 2603 3999 apud
2650 3908 2866 4009 Judmos
2905 3923 3124 3980 nomine
3145 3923 3168 3978 ?
3189 3922 3299 4003 Nec
3323 3925 3466 3979 enim
3493 3925 3536 3979 si
3565 3939 3666 3980 nos

2068 4000 2166 4091 per
2188 4002 2280 4074 Dei
2296 4018 2522 4089 gratiam
2548 4000 2877 4073 intellectum
2904 4017 3180 4071 consecuti
3205 4000 3664 4072 sacramentorum

2070 4111 2216 4181 ejus,
2252 4112 2351 4166 hoc
2378 4102 2590 4181 quoque
2620 4124 2817 4167 nomen
2863 4109 3208 4179 agnoscimus
3254 4108 3471 4164 Christo
3498 4109 3667 4165 desti-

2072 4213 2258 4262 natum
2282 4248 2295 4270 ,
2327 4204 2448 4261 ideo
2472 4213 2525 4261 et
2562 4202 2764 4261 Judmis
2783 4244 2800 4270 ,
2831 4204 3025 4275 quibus
3068 4202 3319 4275 adempta
3347 4213 3431 4259 est
3454 4194 3666 4275 sapien-

2073 4299 2182 4364 tia,
2217 4307 2338 4354 nota
2376 4298 2480 4352 erit
2513 4311 2621 4354 res.
2656 4296 2895 4375 Denique
2933 4294 3000 4351 ad
3032 4280 3350 4353 hodiernum
3389 4288 3665 4351 Christum

2074 4399 2326 4467 sperant,
2360 4405 2466 4446 non
2493 4388 2713 4455 Jesum;
2743 4396 2799 4444 et
2843 4387 3045 4443 Heliam
3097 4388 3274 4458 potius
3305 4387 3669 4467 interpretan-

2074 4492 2165 4542 tur
2186 4483 2461 4541 Christum
2487 4524 2501 4548 ,
2535 4496 2695 4553 quam
2741 4480 2945 4537 .lesum.
2993 4478 3095 4550 Qui
3140 4494 3267 4550 ergo
3293 4488 3349 4536 et
3387 4466 3440 4534 in
3472 4494 3537 4535 eo
3574 4493 3673 4535 no-

2076 4570 2220 4632 mine
2243 4566 2423 4640 venit,
2454 4574 2507 4630 in
2535 4587 2642 4644 quo
2666 4570 2914 4629 Christus
2939 4586 3045 4628 non
3090 4569 3542 4642 prtesumebatur,
3571 4584 3671 4640 po-

284 4674 339 4731 '7
367 4660 520 4725 enim
573 4668 744 4716 status
800 4657 1219 4717 diﬁ‘erentiarum
1284 4660 1496 4718 nonnisi
1554 4662 2048 4734 proprietatibusl)
2073 4668 2248 4733 tuitin
2280 4682 2348 4729 eo
2373 4666 2490 4725 solo
2534 4666 2753 4724 nomine
2791 4665 3037 4734 venisse,
3065 4663 3209 4738 quod
3256 4662 3431 4722 solum
3464 4676 3671 4735 prmsu-

1573 4753 1976 4829 ,LECTIONES
2003 4761 2418 4822 VARIANTES.

545 4866 729 4934 Utique
751 4864 860 4919 alii.
984 4927 1006 4947 ρ

440 4866 1279 5061 ωξᾙιίίεξιῗῗέῖηᾶῖιωοηθω
1310 4991 1465 5045 Fran.
1488 4988 1564 5046 vel
1585 4994 1708 5061 forte
1725 4997 1959 5061 trajectio

2080 4890 2199 4930 nem
2221 4876 2374 4931 Scmt.

2147 4939 2222 5061 iii
2244 4935 2561 5057 ibam
2573 4932 2739 5056 iiii:
2757 4934 2960 5053 mf“

464 4939 521 5059 ἓ)
542 4939 1279 5048 ξ”ᾙιὲεδηῗέξῖηάἶιωοηθω
1310 4991 1465 5045 Fran.
1488 4988 1564 5046 vel
1585 4994 1708 5061 forte
1725 4997 1978 5063 trajectio-
2244 4939 2739 5057 §3§EW'§%Z

1709 5106 2272 5168 COMMENTARIUS.

377 5240 506 5299 qua:
530 5218 694 5301 habet
716 5235 836 5301 cap.
870 5220 941 5301 ιρ
986 5220 1078 5301 de)
1095 5216 1403 5301 ξὲνᾳεξοτῆριζ
1429 5219 1522 5301 ub_i
1548 5221 1658 5290 ait,
1684 5224 1823 5294 quod
1848 5223 1979 5296 ﬁdes

379 5282 877 5367 ἦὸὰτᾷῌοὸξςχηὶὶιηι
898 5282 1139 5367 ᾼροξεόιο
1159 5282 1354 5367 debeat'.
1379 5290 1459 5367 με
1486 5292 1581 5349 Pn.

456 5307 560 5359 uta
585 5307 877 5358 Obsequium
898 5307 941 5356 Α
1010 5307 1139 5348 stato
1159 5307 1354 5348 ueneat.
1379 5307 1459 5349 1.2
1486 5307 1581 5349 νη.

787 5393 864 5441 -_—-
892 5307 1198 5441 (asmNavam
1223 5354 1486 5441 piqgulam
1509 5380 1629 5441 _non
1651 5365 1790 5441 αδδιᾳὶ
1825 5367 1978 5441 ueteri

383 5446 501 5518 ξας,
526 5432 744 5518 μιξοῖιίε
778 5432 927 5518 QVI:
948 5432 979 5518 ί
999 5434 1176 5518 03.911
1208 5432 1396 5518 ’λίάδΨ
1440 5434 1601 5518 1³³Ψῖ
1632 5452 1646 5489 ⁵
1680 5436 1781 5518 Pi?!
1796 5437 1979 5518 9133;!"

526 5493 770 5581 [Batarnas
796 5493 1174 5581 hicin'leliigit,
1209 5493 1416 5576 plagula
1447 5493 1645 5581 quippe
1667 5493 1694 5559 εί
1720 5493 1977 5564 ΤυΤηὲὓο

385 5572 580 5639 nostro
600 5572 746 5636 inter
775 5572 1106 5631 νρειίηιριιιςῐ
1132 5572 1664 5635 ὲὸόοηέθιυιθῖιιὴῐῠίι
1697 5588 1875 5635 autem
1909 5580 1977 5635 ne

385 5651 541 5723 Nam
565 5651 917 5723 hstamr‘ntp
936 5656 1182 5723 tanquam
1206 5649 1339 5723 vesti
1362 5647 1568 5721 pinguia
1585 5648 1861 5723 assuatur;
1886 5646 1978 5722 de.

648 5716 792 5801 enim
813 5716 915 5773 huc
937 5716 1088 5801 [iacio
1112 5716 1476 5801 contrahetur,
1492 5718 1665 5801 qualis
1685 5716 1983 5801 explicatur

389 5810 422 5853 ³
445 5790 771 5863 'l’lieuiistio,
801 5799 939 5846 orat.
971 5790 1022 5845 12
1054 5796 1333 5862 συρῥᾶττειν
1361 5801 1473 5862 πρὸς
1504 5797 1681 5848 ἕκατι-α.
1711 5792 1832 5862 lipsi
1860 5795 1984 5861 μηδὲ

386 5864 677 5933 dominium
704 5866 797 5940 τῷν
821 5868 1192 5933 «pecuni-Iron
1216 5869 1270 5921 αἱ
1288 5865 1547 5934 ἰρεστρῐδις
1567 5864 1985 5933 συμπεπλεγμέναι

2080 5216 2328 5311 “rem
2352 5220 2699 5311 ᾆμσι
2717 5225 2799 5282 καὶ
2821 5215 3678 5311 (verrebat:i’!!ftt’°.‘9ff:_“i"

2082 5288 2291 5354 minime
2317 5288 2538 5366 unquam
2565 5288 2776 5361 decere;
2806 5288 2963 5366 sicuti'
2993 5288 3400 5366 mendicantium
3424 5288 3641 5344 lacerna
3662 5326 3679 5353 ,

2082 5386 2146 5426 ex
2168 5360 2553 5440 plagulis'novis
2579 5375 2625 5420 et
2656 5364 2853 5420 detritis
2888 5369 3232 5440 confutantur.
3256 5360 3333 5414 LE
3365 5360 3463 5440 PR.

2154 5429 2236 5511 ('b)
2257 5429 2576 5511 "Nequinum
2600 5451 2784 5511 nouum
2821 5433 3067 5511 timoribus
3107 5429 3306 5511 utribus
3340 5430 3504 5511 credi.
3534 5429 3679 5511 [meo

2082 5499 2245 5571 citato
2271 5509 2336 5564 de
2375 5506 2520 5577 Orat.
2564 5506 2705 5577 idem
2748 5503 2990 5577 habetur
3018 5502 3210 5577 iisdem
3239 5499 3453 5577 verbis,
3485 5500 3679 5577 quibus

2085 5568 2274 5643 similis
2322 5572 2405 5634 est
2456 5576 2622 5632 ferme
2668 5567 2815 5632 locus
2842 5567 3103 5635 Cassiani,
3133 5584 3253 5638 cap.
3283 5567 3390 5631 24,
3418 5567 3545 5622 coll.
3578 5567 3676 5620 ﬂ:

2090 5651 2253 5718 Nemo
2277 5650 2487 5718 enimin
2508 5663 2596 5700 vas
2616 5644 3019 5718 [alidurtt‘utque
3037 5648 3335 5718 corruptum
3362 5644 3677 5718 unguentum

2088 5704 2293 5790 aliquod
2315 5704 2480 5773 nobile
2502 5759 2515 5778 ,
2534 5704 2625 5790 aut
2645 5711 2741 5790 mag
2761 5704 3005 5784 optimum
3024 5752 3042 5782 ,
3068 5719 3156 5768 aut
3176 5704 3384 5781 pretiosi
3398 5704 3675 5779 quidquam

2091 5784 2300 5864 liquoris
2330 5790 2575 5861 infundit.
2606 5788 2680 5843 LE
2706 5784 2803 5842 Pn.
