  <div class='ocr_page' id='page_1' title='image "/cluster/home/n/w/nwhite01/storage/ocr_20150623/2/uva.x000669815/177.png"; bbox 0 0 4008 6280; ppageno 0'>
   <div class='ocr_carea' id='block_1_1' title="bbox 352 302 460 359">
    <p class='ocr_par' dir='ltr' id='par_1_1' title="bbox 352 302 460 359">
     <span class='ocr_line' id='line_1_1' title="bbox 352 302 460 359; baseline 0.009 -1"><span class='ocrx_word' id='word_1_1' title='bbox 352 302 460 359; x_wconf 70' lang='grc' dir='ltr'><strong>5ἱ5</strong></span> 
     </span>
    </p>
   </div>
   <div class='ocr_carea' id='block_1_2' title="bbox 1727 293 2188 352">
    <p class='ocr_par' dir='ltr' id='par_1_2' title="bbox 1727 293 2188 352">
     <span class='ocr_line' id='line_1_2' title="bbox 1727 293 2188 352; baseline -0.004 -1"><span class='ocrx_word' id='word_1_2' title='bbox 1727 293 2188 352; x_wconf 77' lang='lat' dir='ltr'><strong>TERTULLIANI</strong></span> 
     </span>
    </p>
   </div>
   <div class='ocr_carea' id='block_1_3' title="bbox 3547 305 3650 361">
    <p class='ocr_par' dir='ltr' id='par_1_3' title="bbox 3547 305 3650 361">
     <span class='ocr_line' id='line_1_3' title="bbox 3547 305 3650 361; baseline 0.019 -2"><span class='ocrx_word' id='word_1_3' title='bbox 3547 305 3650 361; x_wconf 70' lang='grc' dir='ltr'><strong>ΞΗ</strong></span> 
     </span>
    </p>
   </div>
   <div class='ocr_carea' id='block_1_4' title="bbox 355 414 3653 494">
    <p class='ocr_par' dir='ltr' id='par_1_4' title="bbox 355 414 3653 494">
     <span class='ocr_line' id='line_1_4' title="bbox 355 414 3653 494; baseline 0.001 -19"><span class='ocrx_word' id='word_1_4' title='bbox 355 423 616 483; x_wconf 74' lang='lat' dir='ltr'><strong>tuebatur.</strong></span> <span class='ocrx_word' id='word_1_5' title='bbox 649 420 948 488; x_wconf 61' lang='lat' dir='ltr'><strong>Caeterum,</strong></span> <span class='ocrx_word' id='word_1_6' title='bbox 973 435 1093 476; x_wconf 91' lang='lat' dir='ltr'><strong>cum</strong></span> <span class='ocrx_word' id='word_1_7' title='bbox 1145 419 1250 475; x_wconf 92' lang='lat' dir='ltr'><strong>duo</strong></span> <span class='ocrx_word' id='word_1_8' title='bbox 1297 419 1550 485; x_wconf 90' lang='lat' dir='ltr'><strong>miscuit,</strong></span> <span class='ocrx_word' id='word_1_9' title='bbox 1589 427 1860 488; x_wconf 90' lang='lat' dir='ltr'><strong>speratum</strong></span> <span class='ocrx_word' id='word_1_10' title='bbox 1891 424 1946 470; x_wconf 91' lang='lat' dir='ltr'><strong>ct</strong></span> <span class='ocrx_word' id='word_1_11' title='bbox 1973 415 2026 474; x_wconf 80' lang='grc' dir='ltr'><strong>Λ</strong></span> <span class='ocrx_word' id='word_1_12' title='bbox 2051 429 2157 484; x_wconf 91' lang='lat' dir='ltr'><strong>que</strong></span> <span class='ocrx_word' id='word_1_13' title='bbox 2215 429 2408 494; x_wconf 78' lang='lat' dir='ltr'><strong>nomen</strong></span> <span class='ocrx_word' id='word_1_14' title='bbox 2456 414 2712 484; x_wconf 91' lang='lat' dir='ltr'><strong>competit</strong></span> <span class='ocrx_word' id='word_1_15' title='bbox 2741 416 2792 472; x_wconf 93' lang='lat' dir='ltr'><strong>in</strong></span> <span class='ocrx_word' id='word_1_16' title='bbox 2823 415 3093 474; x_wconf 83' lang='lat' dir='ltr'><strong>Christum</strong></span> <span class='ocrx_word' id='word_1_17' title='bbox 3141 419 3410 478; x_wconf 87' lang='lat' dir='ltr'><strong>Creatoris</strong></span> <span class='ocrx_word' id='word_1_18' title='bbox 3435 463 3451 487; x_wconf 92' lang='lat'><strong>,</strong></span> <span class='ocrx_word' id='word_1_19' title='bbox 3504 433 3653 480; x_wconf 92' lang='lat' dir='ltr'><strong>tanto</strong></span> 
     </span>
    </p>
   </div>
   <div class='ocr_carea' id='block_1_5' title="bbox 350 508 1941 582">
    <p class='ocr_par' dir='ltr' id='par_1_5' title="bbox 350 508 1941 582">
     <span class='ocr_line' id='line_1_5' title="bbox 350 508 1941 582; baseline -0.004 -15"><span class='ocrx_word' id='word_1_20' title='bbox 350 514 678 582; x_wconf 79' lang='lat' dir='ltr'><strong>iuSprratum</strong></span> <span class='ocrx_word' id='word_1_21' title='bbox 708 553 722 572; x_wconf 87' lang='lat'><strong>,</strong></span> <span class='ocrx_word' id='word_1_22' title='bbox 769 519 1105 581; x_wconf 88' lang='lat' dir='ltr'><strong>expugnatur</strong></span> <span class='ocrx_word' id='word_1_23' title='bbox 1153 521 1437 580; x_wconf 90' lang='lat' dir='ltr'><strong>utrumque</strong></span> <span class='ocrx_word' id='word_1_24' title='bbox 1480 509 1764 566; x_wconf 83' lang='lat' dir='ltr'><strong>consilium</strong></span> <span class='ocrx_word' id='word_1_25' title='bbox 1806 508 1941 578; x_wconf 84' lang='lat' dir='ltr'><strong>ejus.</strong></span> 
     </span>
    </p>
   </div>
   <div class='ocr_carea' id='block_1_6' title="bbox 350 603 1946 674">
    <p class='ocr_par' dir='ltr' id='par_1_6' title="bbox 350 603 1946 674">
     <span class='ocr_line' id='line_1_6' title="bbox 350 603 1946 674; baseline -0.002 -13"><span class='ocrx_word' id='word_1_26' title='bbox 350 608 475 661; x_wconf 69' lang='lat' dir='ltr'><strong>Sive</strong></span> <span class='ocrx_word' id='word_1_27' title='bbox 505 610 643 660; x_wconf 87' lang='lat' dir='ltr'><strong>enim</strong></span> <span class='ocrx_word' id='word_1_28' title='bbox 677 607 798 660; x_wconf 86' lang='lat' dir='ltr'><strong>ideo</strong></span> <span class='ocrx_word' id='word_1_29' title='bbox 831 604 1098 669; x_wconf 84' lang='lat' dir='ltr'><strong>Chrisuts,</strong></span> <span class='ocrx_word' id='word_1_30' title='bbox 1125 615 1184 659; x_wconf 92' lang='lat' dir='ltr'><strong>ut</strong></span> <span class='ocrx_word' id='word_1_31' title='bbox 1230 605 1446 660; x_wconf 83' lang='lat' dir='ltr'><strong>interim</strong></span> <span class='ocrx_word' id='word_1_32' title='bbox 1486 605 1636 674; x_wconf 89' lang='lat' dir='ltr'><strong>quasi</strong></span> <span class='ocrx_word' id='word_1_33' title='bbox 1673 603 1946 658; x_wconf 78' lang='lat' dir='ltr'><strong>Creatoris</strong></span> 
     </span>
    </p>
   </div>
   <div class='ocr_carea' id='block_1_7' title="bbox 351 698 1946 771">
    <p class='ocr_par' dir='ltr' id='par_1_7' title="bbox 351 698 1946 771">
     <span class='ocr_line' id='line_1_7' title="bbox 351 698 1946 771; baseline 0 -19"><span class='ocrx_word' id='word_1_34' title='bbox 351 699 616 768; x_wconf 84' lang='lat' dir='ltr'><strong>irreperet</strong></span> <span class='ocrx_word' id='word_1_35' title='bbox 637 742 649 759; x_wconf 84' lang='lat'><strong>.</strong></span> <span class='ocrx_word' id='word_1_36' title='bbox 683 699 945 770; x_wconf 79' lang='lat' dir='ltr'><strong>obstrepit</strong></span> <span class='ocrx_word' id='word_1_37' title='bbox 977 699 1056 771; x_wconf 93' lang='grc' dir='ltr'><strong>(Ι)</strong></span> <span class='ocrx_word' id='word_1_38' title='bbox 1083 698 1280 764; x_wconf 78' lang='lat' dir='ltr'><strong>Iesus;</strong></span> <span class='ocrx_word' id='word_1_39' title='bbox 1313 699 1435 768; x_wconf 86' lang='lat' dir='ltr'><strong>quia</strong></span> <span class='ocrx_word' id='word_1_40' title='bbox 1479 714 1588 753; x_wconf 92' lang='lat' dir='ltr'><strong>non</strong></span> <span class='ocrx_word' id='word_1_41' title='bbox 1628 698 1946 769; x_wconf 78' lang='lat' dir='ltr'><strong>sperabatur</strong></span> 
     </span>
    </p>
   </div>
   <div class='ocr_carea' id='block_1_8' title="bbox 347 773 1945 856">
    <p class='ocr_par' dir='ltr' id='par_1_8' title="bbox 347 773 1945 856">
     <span class='ocr_line' id='line_1_8' title="bbox 347 773 1945 856; baseline 0 -10"><span class='ocrx_word' id='word_1_42' title='bbox 347 773 506 846; x_wconf 72' lang='lat' dir='ltr'><strong>Iesus</strong></span> <span class='ocrx_word' id='word_1_43' title='bbox 534 792 586 847; x_wconf 92' lang='lat' dir='ltr'><strong>in</strong></span> <span class='ocrx_word' id='word_1_44' title='bbox 615 792 827 847; x_wconf 82' lang='lat' dir='ltr'><strong>Christo</strong></span> <span class='ocrx_word' id='word_1_45' title='bbox 867 791 1126 846; x_wconf 84' lang='lat' dir='ltr'><strong>creatoris</strong></span> <span class='ocrx_word' id='word_1_46' title='bbox 1152 809 1166 845; x_wconf 76' lang='grc' dir='ltr'><strong>ε</strong></span> <span class='ocrx_word' id='word_1_47' title='bbox 1197 791 1310 846; x_wconf 85' lang='lat' dir='ltr'><strong>sive</strong></span> <span class='ocrx_word' id='word_1_48' title='bbox 1341 789 1484 856; x_wconf 89' lang='lat' dir='ltr'><strong>ideo,</strong></span> <span class='ocrx_word' id='word_1_49' title='bbox 1528 789 1688 847; x_wconf 77' lang='lat' dir='ltr'><strong>Iesus</strong></span> <span class='ocrx_word' id='word_1_50' title='bbox 1727 799 1786 846; x_wconf 92' lang='lat' dir='ltr'><strong>ut</strong></span> <span class='ocrx_word' id='word_1_51' title='bbox 1809 791 1945 846; x_wconf 83' lang='lat' dir='ltr'><strong>alte-</strong></span> 
     </span>
    </p>
   </div>
   <div class='ocr_carea' id='block_1_9' title="bbox 346 883 1943 955">
    <p class='ocr_par' dir='ltr' id='par_1_9' title="bbox 346 883 1943 955">
     <span class='ocr_line' id='line_1_9' title="bbox 346 883 1943 955; baseline -0.001 -16"><span class='ocrx_word' id='word_1_52' title='bbox 346 885 460 939; x_wconf 83' lang='lat' dir='ltr'><strong>rius</strong></span> <span class='ocrx_word' id='word_1_53' title='bbox 487 885 794 951; x_wconf 73' lang='lat' dir='ltr'><strong>haberetur,</strong></span> <span class='ocrx_word' id='word_1_54' title='bbox 830 901 934 940; x_wconf 90' lang='lat' dir='ltr'><strong>non</strong></span> <span class='ocrx_word' id='word_1_55' title='bbox 965 885 1092 939; x_wconf 92' lang='lat' dir='ltr'><strong>sinit</strong></span> <span class='ocrx_word' id='word_1_56' title='bbox 1117 883 1365 939; x_wconf 90' lang='lat' dir='ltr'><strong>Christus</strong></span> <span class='ocrx_word' id='word_1_57' title='bbox 1391 902 1406 951; x_wconf 93' lang='lat'><strong>;</strong></span> <span class='ocrx_word' id='word_1_58' title='bbox 1433 884 1557 955; x_wconf 83' lang='lat' dir='ltr'><strong>quia</strong></span> <span class='ocrx_word' id='word_1_59' title='bbox 1589 900 1695 940; x_wconf 91' lang='lat' dir='ltr'><strong>non</strong></span> <span class='ocrx_word' id='word_1_60' title='bbox 1721 884 1943 939; x_wconf 89' lang='lat' dir='ltr'><strong>alterius</strong></span> 
     </span>
    </p>
   </div>
   <div class='ocr_carea' id='block_1_10' title="bbox 345 975 1940 1046">
    <p class='ocr_par' dir='ltr' id='par_1_10' title="bbox 345 975 1940 1046">
     <span class='ocr_line' id='line_1_10' title="bbox 345 975 1940 1046; baseline -0.002 -13"><span class='ocrx_word' id='word_1_61' title='bbox 345 976 660 1046; x_wconf 69' lang='lat' dir='ltr'><strong>Spei-aliatur</strong></span> <span class='ocrx_word' id='word_1_62' title='bbox 699 977 982 1041; x_wconf 78' lang='lat' dir='ltr'><strong>Christus,</strong></span> <span class='ocrx_word' id='word_1_63' title='bbox 1015 991 1175 1043; x_wconf 91' lang='lat' dir='ltr'><strong>quam</strong></span> <span class='ocrx_word' id='word_1_64' title='bbox 1219 976 1511 1032; x_wconf 90' lang='lat' dir='ltr'><strong>Creatoris.</strong></span> <span class='ocrx_word' id='word_1_65' title='bbox 1565 975 1702 1045; x_wconf 86' lang='lat' dir='ltr'><strong>Quid</strong></span> <span class='ocrx_word' id='word_1_66' title='bbox 1749 975 1940 1031; x_wconf 89' lang='lat' dir='ltr'><strong>horum</strong></span> 
     </span>
    </p>
   </div>
   <div class='ocr_carea' id='block_1_11' title="bbox 344 1071 1943 1142">
    <p class='ocr_par' dir='ltr' id='par_1_11' title="bbox 344 1071 1943 1142">
     <span class='ocr_line' id='line_1_11' title="bbox 344 1071 1943 1142; baseline 0 -16"><span class='ocrx_word' id='word_1_67' title='bbox 344 1083 594 1127; x_wconf 79' lang='lat' dir='ltr'><strong>Constare</strong></span> <span class='ocrx_word' id='word_1_68' title='bbox 619 1073 818 1141; x_wconf 87' lang='lat' dir='ltr'><strong>possit,</strong></span> <span class='ocrx_word' id='word_1_69' title='bbox 853 1073 1063 1142; x_wconf 88' lang='lat' dir='ltr'><strong>ignoro.</strong></span> <span class='ocrx_word' id='word_1_70' title='bbox 1098 1071 1379 1126; x_wconf 87' lang='lat' dir='ltr'><strong>Constabit</strong></span> <span class='ocrx_word' id='word_1_71' title='bbox 1422 1080 1601 1126; x_wconf 89' lang='lat' dir='ltr'><strong>autem</strong></span> <span class='ocrx_word' id='word_1_72' title='bbox 1655 1081 1943 1140; x_wconf 88' lang='lat' dir='ltr'><strong>utrumque</strong></span> 
     </span>
    </p>
   </div>
   <div class='ocr_carea' id='block_1_12' title="bbox 295 1163 1937 1235">
    <p class='ocr_par' dir='ltr' id='par_1_12' title="bbox 295 1163 1937 1235">
     <span class='ocr_line' id='line_1_12' title="bbox 295 1163 1937 1235; baseline -0.002 -13"><span class='ocrx_word' id='word_1_73' title='bbox 295 1213 308 1222; x_wconf 92' lang='lat'><strong>.</strong></span> <span class='ocrx_word' id='word_1_74' title='bbox 345 1169 396 1221; x_wconf 90' lang='lat' dir='ltr'><strong>in</strong></span> <span class='ocrx_word' id='word_1_75' title='bbox 426 1167 638 1220; x_wconf 83' lang='lat' dir='ltr'><strong>Christo</strong></span> <span class='ocrx_word' id='word_1_76' title='bbox 669 1165 940 1220; x_wconf 88' lang='lat' dir='ltr'><strong>Creatoris</strong></span> <span class='ocrx_word' id='word_1_77' title='bbox 965 1207 980 1229; x_wconf 93' lang='lat'><strong>,</strong></span> <span class='ocrx_word' id='word_1_78' title='bbox 1015 1163 1068 1218; x_wconf 91' lang='lat' dir='ltr'><strong>in</strong></span> <span class='ocrx_word' id='word_1_79' title='bbox 1099 1180 1207 1235; x_wconf 88' lang='lat' dir='ltr'><strong>quo</strong></span> <span class='ocrx_word' id='word_1_80' title='bbox 1260 1164 1529 1220; x_wconf 77' lang='lat' dir='ltr'><strong>invenitur</strong></span> <span class='ocrx_word' id='word_1_81' title='bbox 1567 1165 1728 1219; x_wconf 89' lang='lat' dir='ltr'><strong>etiam</strong></span> <span class='ocrx_word' id='word_1_82' title='bbox 1759 1163 1937 1219; x_wconf 74' lang='lat' dir='ltr'><strong>Iesus.</strong></span> 
     </span>
    </p>
   </div>
   <div class='ocr_carea' id='block_1_13' title="bbox 345 1257 1940 1327">
    <p class='ocr_par' dir='ltr' id='par_1_13' title="bbox 345 1257 1940 1327">
     <span class='ocr_line' id='line_1_13' title="bbox 345 1257 1940 1327; baseline 0.001 -17"><span class='ocrx_word' id='word_1_83' title='bbox 345 1257 654 1326; x_wconf 79' lang='lat' dir='ltr'><strong>Quomodo,</strong></span> <span class='ocrx_word' id='word_1_84' title='bbox 680 1257 891 1325; x_wconf 87' lang='lat' dir='ltr'><strong>inquis?</strong></span> <span class='ocrx_word' id='word_1_85' title='bbox 923 1257 1075 1314; x_wconf 75' lang='lat' dir='ltr'><strong>Disce</strong></span> <span class='ocrx_word' id='word_1_86' title='bbox 1099 1267 1153 1312; x_wconf 87' lang='lat' dir='ltr'><strong>et</strong></span> <span class='ocrx_word' id='word_1_87' title='bbox 1183 1258 1266 1311; x_wconf 91' lang='lat' dir='ltr'><strong>hic</strong></span> <span class='ocrx_word' id='word_1_88' title='bbox 1292 1272 1412 1312; x_wconf 91' lang='lat' dir='ltr'><strong>eum</strong></span> <span class='ocrx_word' id='word_1_89' title='bbox 1443 1257 1707 1327; x_wconf 87' lang='lat' dir='ltr'><strong>partiariis</strong></span> <span class='ocrx_word' id='word_1_90' title='bbox 1737 1257 1940 1312; x_wconf 90' lang='lat' dir='ltr'><strong>erroris</strong></span> 
     </span>
    </p>
   </div>
   <div class='ocr_carea' id='block_1_14' title="bbox 345 1348 1940 1421">
    <p class='ocr_par' dir='ltr' id='par_1_14' title="bbox 345 1348 1940 1421">
     <span class='ocr_line' id='line_1_14' title="bbox 345 1348 1940 1421; baseline 0 -17"><span class='ocrx_word' id='word_1_91' title='bbox 345 1353 417 1404; x_wconf 91' lang='lat' dir='ltr'><strong>tui</strong></span> <span class='ocrx_word' id='word_1_92' title='bbox 447 1349 666 1405; x_wconf 65' lang='lat' dir='ltr'><strong>Iudaeis.</strong></span> <span class='ocrx_word' id='word_1_93' title='bbox 699 1348 832 1404; x_wconf 90' lang='lat' dir='ltr'><strong>Cum</strong></span> <span class='ocrx_word' id='word_1_94' title='bbox 865 1364 1149 1419; x_wconf 70' lang='lat' dir='ltr'><strong>successor</strong></span> <span class='ocrx_word' id='word_1_95' title='bbox 1202 1348 1367 1421; x_wconf 82' lang='lat' dir='ltr'><strong>Moysi</strong></span> <span class='ocrx_word' id='word_1_96' title='bbox 1413 1349 1778 1404; x_wconf 83' lang='lat' dir='ltr'><strong>destinaretur</strong></span> <span class='ocrx_word' id='word_1_97' title='bbox 1831 1351 1940 1404; x_wconf 86' lang='lat' dir='ltr'><strong>Au-</strong></span> 
     </span>
    </p>
   </div>
   <div class='ocr_carea' id='block_1_15' title="bbox 339 1441 1934 1512">
    <p class='ocr_par' dir='ltr' id='par_1_15' title="bbox 339 1441 1934 1512">
     <span class='ocr_line' id='line_1_15' title="bbox 339 1441 1934 1512; baseline 0 -15"><span class='ocrx_word' id='word_1_98' title='bbox 339 1458 426 1498; x_wconf 88' lang='lat' dir='ltr'><strong>ses</strong></span> <span class='ocrx_word' id='word_1_99' title='bbox 459 1443 598 1497; x_wconf 84' lang='lat' dir='ltr'><strong>titius</strong></span> <span class='ocrx_word' id='word_1_100' title='bbox 625 1441 768 1498; x_wconf 85' lang='lat' dir='ltr'><strong>Nave</strong></span> <span class='ocrx_word' id='word_1_101' title='bbox 793 1484 808 1508; x_wconf 88' lang='lat'><strong>,</strong></span> <span class='ocrx_word' id='word_1_102' title='bbox 842 1441 1163 1498; x_wconf 75' lang='lat' dir='ltr'><strong>transfertur</strong></span> <span class='ocrx_word' id='word_1_103' title='bbox 1183 1450 1328 1497; x_wconf 89' lang='lat' dir='ltr'><strong>certe</strong></span> <span class='ocrx_word' id='word_1_104' title='bbox 1349 1441 1416 1497; x_wconf 89' lang='lat' dir='ltr'><strong>de</strong></span> <span class='ocrx_word' id='word_1_105' title='bbox 1444 1442 1668 1512; x_wconf 82' lang='lat' dir='ltr'><strong>pristino</strong></span> <span class='ocrx_word' id='word_1_106' title='bbox 1695 1443 1934 1506; x_wconf 90' lang='lat' dir='ltr'><strong>nomine,</strong></span> 
     </span>
    </p>
   </div>
   <div class='ocr_carea' id='block_1_16' title="bbox 340 1532 1938 1606">
    <p class='ocr_par' dir='ltr' id='par_1_16' title="bbox 340 1532 1938 1606">
     <span class='ocr_line' id='line_1_16' title="bbox 340 1532 1938 1606; baseline -0.001 -17"><span class='ocrx_word' id='word_1_107' title='bbox 340 1544 390 1589; x_wconf 93' lang='lat' dir='ltr'><strong>et</strong></span> <span class='ocrx_word' id='word_1_108' title='bbox 425 1535 501 1606; x_wconf 86' lang='lat' dir='ltr'><strong>(o)</strong></span> <span class='ocrx_word' id='word_1_109' title='bbox 529 1535 712 1604; x_wconf 83' lang='lat' dir='ltr'><strong>incipit</strong></span> <span class='ocrx_word' id='word_1_110' title='bbox 738 1536 911 1590; x_wconf 88' lang='lat' dir='ltr'><strong>vocari</strong></span> <span class='ocrx_word' id='word_1_111' title='bbox 938 1533 1115 1589; x_wconf 79' lang='lat' dir='ltr'><strong>lesos.</strong></span> <span class='ocrx_word' id='word_1_112' title='bbox 1163 1532 1324 1590; x_wconf 90' lang='lat' dir='ltr'><strong>Certe</strong></span> <span class='ocrx_word' id='word_1_113' title='bbox 1345 1575 1358 1596; x_wconf 92' lang='lat'><strong>,</strong></span> <span class='ocrx_word' id='word_1_114' title='bbox 1385 1533 1580 1604; x_wconf 86' lang='lat' dir='ltr'><strong>inquis.</strong></span> <span class='ocrx_word' id='word_1_115' title='bbox 1616 1532 1766 1588; x_wconf 85' lang='lat' dir='ltr'><strong>Hauc</strong></span> <span class='ocrx_word' id='word_1_116' title='bbox 1789 1533 1938 1602; x_wconf 90' lang='lat' dir='ltr'><strong>prius</strong></span> 
     </span>
    </p>
   </div>
   <div class='ocr_carea' id='block_1_17' title="bbox 337 1625 1937 1699">
    <p class='ocr_par' dir='ltr' id='par_1_17' title="bbox 337 1625 1937 1699">
     <span class='ocr_line' id='line_1_17' title="bbox 337 1625 1937 1699; baseline -0.002 -16"><span class='ocrx_word' id='word_1_117' title='bbox 337 1629 568 1683; x_wconf 77' lang='lat' dir='ltr'><strong>dicimus</strong></span> <span class='ocrx_word' id='word_1_118' title='bbox 606 1629 827 1699; x_wconf 89' lang='lat' dir='ltr'><strong>ﬁguram</strong></span> <span class='ocrx_word' id='word_1_119' title='bbox 873 1628 1032 1683; x_wconf 81' lang='lat' dir='ltr'><strong>futuri</strong></span> <span class='ocrx_word' id='word_1_120' title='bbox 1065 1629 1251 1683; x_wconf 79' lang='lat' dir='ltr'><strong>fuisse.</strong></span> <span class='ocrx_word' id='word_1_121' title='bbox 1282 1627 1416 1683; x_wconf 88' lang='lat' dir='ltr'><strong>Nam</strong></span> <span class='ocrx_word' id='word_1_122' title='bbox 1445 1627 1568 1698; x_wconf 83' lang='lat' dir='ltr'><strong>quia</strong></span> <span class='ocrx_word' id='word_1_123' title='bbox 1606 1626 1764 1683; x_wconf 73' lang='lat' dir='ltr'><strong>Iesus</strong></span> <span class='ocrx_word' id='word_1_124' title='bbox 1787 1625 1937 1682; x_wconf 86' lang='lat' dir='ltr'><strong>Chri-</strong></span> 
     </span>
    </p>
   </div>
   <div class='ocr_carea' id='block_1_18' title="bbox 335 1719 1932 1792">
    <p class='ocr_par' dir='ltr' id='par_1_18' title="bbox 335 1719 1932 1792">
     <span class='ocr_line' id='line_1_18' title="bbox 335 1719 1932 1792; baseline -0.001 -17"><span class='ocrx_word' id='word_1_125' title='bbox 335 1731 451 1775; x_wconf 86' lang='lat' dir='ltr'><strong>stus</strong></span> <span class='ocrx_word' id='word_1_126' title='bbox 499 1721 793 1776; x_wconf 87' lang='lat' dir='ltr'><strong>sceundum</strong></span> <span class='ocrx_word' id='word_1_127' title='bbox 849 1720 1318 1792; x_wconf 89' lang='lat' dir='ltr'><strong>populum,quod</strong></span> <span class='ocrx_word' id='word_1_128' title='bbox 1369 1735 1558 1776; x_wconf 84' lang='lat' dir='ltr'><strong>smnus</strong></span> <span class='ocrx_word' id='word_1_129' title='bbox 1609 1734 1707 1775; x_wconf 90' lang='lat' dir='ltr'><strong>nos</strong></span> <span class='ocrx_word' id='word_1_130' title='bbox 1738 1719 1848 1774; x_wconf 89' lang='lat' dir='ltr'><strong>nati</strong></span> <span class='ocrx_word' id='word_1_131' title='bbox 1880 1720 1932 1774; x_wconf 91' lang='lat' dir='ltr'><strong>in</strong></span> 
     </span>
    </p>
   </div>
   <div class='ocr_carea' id='block_1_19' title="bbox 2052 509 3653 581">
    <p class='ocr_par' dir='ltr' id='par_1_19' title="bbox 2052 509 3653 581">
     <span class='ocr_line' id='line_1_19' title="bbox 2052 509 3653 581; baseline 0.007 -22"><span class='ocrx_word' id='word_1_132' title='bbox 2052 516 2338 578; x_wconf 88' lang='lat' dir='ltr'><strong>utrumque</strong></span> <span class='ocrx_word' id='word_1_133' title='bbox 2365 522 2469 562; x_wconf 88' lang='lat' dir='ltr'><strong>non</strong></span> <span class='ocrx_word' id='word_1_134' title='bbox 2491 510 2750 578; x_wconf 88' lang='lat' dir='ltr'><strong>competit</strong></span> <span class='ocrx_word' id='word_1_135' title='bbox 2773 509 2823 563; x_wconf 89' lang='lat' dir='ltr'><strong>itt</strong></span> <span class='ocrx_word' id='word_1_136' title='bbox 2848 511 3116 565; x_wconf 90' lang='lat' dir='ltr'><strong>Christum</strong></span> <span class='ocrx_word' id='word_1_137' title='bbox 3134 527 3240 566; x_wconf 90' lang='lat' dir='ltr'><strong>non</strong></span> <span class='ocrx_word' id='word_1_138' title='bbox 3254 514 3526 570; x_wconf 82' lang='lat' dir='ltr'><strong>Creatoris</strong></span> <span class='ocrx_word' id='word_1_139' title='bbox 3545 557 3559 581; x_wconf 92' lang='lat'><strong>,</strong></span> <span class='ocrx_word' id='word_1_140' title='bbox 3584 517 3653 571; x_wconf 82' lang='lat' dir='ltr'><strong>si-</strong></span> 
     </span>
    </p>
   </div>
   <div class='ocr_carea' id='block_1_20' title="bbox 2050 583 3652 678">
    <p class='ocr_par' dir='ltr' id='par_1_20' title="bbox 2050 583 3652 678">
     <span class='ocr_line' id='line_1_20' title="bbox 2050 583 3652 678; baseline 0.006 -24"><span class='ocrx_word' id='word_1_141' title='bbox 2050 609 2139 654; x_wconf 93' lang='lat' dir='ltr'><strong>cut</strong></span> <span class='ocrx_word' id='word_1_142' title='bbox 2169 615 2266 654; x_wconf 91' lang='lat' dir='ltr'><strong>nec</strong></span> <span class='ocrx_word' id='word_1_143' title='bbox 2298 599 2377 673; x_wconf 73' lang='grc' dir='ltr'><strong>(ὅ)</strong></span> <span class='ocrx_word' id='word_1_144' title='bbox 2415 601 2652 672; x_wconf 89' lang='lat' dir='ltr'><strong>reliquus</strong></span> <span class='ocrx_word' id='word_1_145' title='bbox 2682 602 2834 656; x_wconf 88' lang='lat' dir='ltr'><strong>ordo.</strong></span> <span class='ocrx_word' id='word_1_146' title='bbox 2879 603 3145 658; x_wconf 85' lang='lat' dir='ltr'><strong>Facienda</strong></span> <span class='ocrx_word' id='word_1_147' title='bbox 3172 617 3253 660; x_wconf 90' lang='lat' dir='ltr'><strong>est</strong></span> <span class='ocrx_word' id='word_1_148' title='bbox 3283 583 3515 678; x_wconf 65' lang='lat' dir='ltr'><strong>denique</strong></span> <span class='ocrx_word' id='word_1_149' title='bbox 3536 609 3652 678; x_wconf 87' lang='lat' dir='ltr'><strong>jam</strong></span> 
     </span>
    </p>
   </div>
   <div class='ocr_carea' id='block_1_21' title="bbox 2050 681 3653 772">
    <p class='ocr_par' dir='ltr' id='par_1_21' title="bbox 2050 681 3653 772">
     <span class='ocr_line' id='line_1_21' title="bbox 2050 681 3653 772; baseline 0.007 -24"><span class='ocrx_word' id='word_1_150' title='bbox 2050 693 2179 750; x_wconf 89' lang='lat' dir='ltr'><strong>hinc</strong></span> <span class='ocrx_word' id='word_1_151' title='bbox 2209 681 2362 750; x_wconf 82' lang='lat' dir='ltr'><strong>inter</strong></span> <span class='ocrx_word' id='word_1_152' title='bbox 2409 711 2508 750; x_wconf 91' lang='lat' dir='ltr'><strong>nos</strong></span> <span class='ocrx_word' id='word_1_153' title='bbox 2546 706 2693 751; x_wconf 84' lang='lat' dir='ltr'><strong>certa</strong></span> <span class='ocrx_word' id='word_1_154' title='bbox 2741 697 2839 751; x_wconf 88' lang='lat' dir='ltr'><strong>ista</strong></span> <span class='ocrx_word' id='word_1_155' title='bbox 2885 708 2937 752; x_wconf 94' lang='lat' dir='ltr'><strong>et</strong></span> <span class='ocrx_word' id='word_1_156' title='bbox 2988 698 3142 767; x_wconf 43' lang='lat' dir='ltr'><strong>justa.</strong></span> <span class='ocrx_word' id='word_1_157' title='bbox 3191 701 3560 772; x_wconf 69' lang='lat' dir='ltr'><strong>praescriptio,</strong></span> <span class='ocrx_word' id='word_1_158' title='bbox 3595 714 3653 759; x_wconf 89' lang='lat' dir='ltr'><strong>et</strong></span> 
     </span>
    </p>
   </div>
   <div class='ocr_carea' id='block_1_22' title="bbox 2049 787 3647 860">
    <p class='ocr_par' dir='ltr' id='par_1_22' title="bbox 2049 787 3647 860">
     <span class='ocr_line' id='line_1_22' title="bbox 2049 787 3647 860; baseline 0.005 -19"><span class='ocrx_word' id='word_1_159' title='bbox 2049 787 2266 855; x_wconf 84' lang='lat' dir='ltr'><strong>utrique</strong></span> <span class='ocrx_word' id='word_1_160' title='bbox 2288 788 2422 857; x_wconf 86' lang='lat' dir='ltr'><strong>parti</strong></span> <span class='ocrx_word' id='word_1_161' title='bbox 2450 789 2774 853; x_wconf 86' lang='lat' dir='ltr'><strong>necessaria,</strong></span> <span class='ocrx_word' id='word_1_162' title='bbox 2797 790 2918 859; x_wconf 85' lang='lat' dir='ltr'><strong>quia</strong></span> <span class='ocrx_word' id='word_1_163' title='bbox 2951 789 3365 846; x_wconf 84' lang='lat' dir='ltr'><strong>determinatam</strong></span> <span class='ocrx_word' id='word_1_164' title='bbox 3389 793 3480 860; x_wconf 89' lang='lat' dir='ltr'><strong>sit,</strong></span> <span class='ocrx_word' id='word_1_165' title='bbox 3511 796 3647 850; x_wconf 87' lang='lat' dir='ltr'><strong>nihil</strong></span> 
     </span>
    </p>
   </div>
   <div class='ocr_carea' id='block_1_23' title="bbox 2049 881 3650 966">
    <p class='ocr_par' dir='ltr' id='par_1_23' title="bbox 2049 881 3650 966">
     <span class='ocr_line' id='line_1_23' title="bbox 2049 881 3650 966; baseline 0.006 -32"><span class='ocrx_word' id='word_1_166' title='bbox 2049 881 2269 936; x_wconf 90' lang='lat' dir='ltr'><strong>omnino</strong></span> <span class='ocrx_word' id='word_1_167' title='bbox 2322 895 2608 938; x_wconf 89' lang='lat' dir='ltr'><strong>commune</strong></span> <span class='ocrx_word' id='word_1_168' title='bbox 2651 895 2773 938; x_wconf 88' lang='lat' dir='ltr'><strong>esse</strong></span> <span class='ocrx_word' id='word_1_169' title='bbox 2812 882 3012 966; x_wconf 74' lang='lat' dir='ltr'><strong>debere</strong></span> <span class='ocrx_word' id='word_1_170' title='bbox 3056 884 3275 940; x_wconf 85' lang='lat' dir='ltr'><strong>alterius</strong></span> <span class='ocrx_word' id='word_1_171' title='bbox 3317 886 3402 941; x_wconf 88' lang='lat' dir='ltr'><strong>dei</strong></span> <span class='ocrx_word' id='word_1_172' title='bbox 3433 887 3650 944; x_wconf 90' lang='lat' dir='ltr'><strong>Clu-isto</strong></span> 
     </span>
    </p>
   </div>
   <div class='ocr_carea' id='block_1_24' title="bbox 2048 974 3651 1048">
    <p class='ocr_par' dir='ltr' id='par_1_24' title="bbox 2048 974 3651 1048">
     <span class='ocr_line' id='line_1_24' title="bbox 2048 974 3651 1048; baseline 0.003 -16"><span class='ocrx_word' id='word_1_173' title='bbox 2048 991 2170 1032; x_wconf 90' lang='lat' dir='ltr'><strong>cum</strong></span> <span class='ocrx_word' id='word_1_174' title='bbox 2189 974 2402 1031; x_wconf 87' lang='lat' dir='ltr'><strong>Christo</strong></span> <span class='ocrx_word' id='word_1_175' title='bbox 2427 975 2721 1032; x_wconf 88' lang='lat' dir='ltr'><strong>Creatoris.</strong></span> <span class='ocrx_word' id='word_1_176' title='bbox 2744 975 2878 1031; x_wconf 90' lang='lat' dir='ltr'><strong>Nam</strong></span> <span class='ocrx_word' id='word_1_177' title='bbox 2909 988 2961 1031; x_wconf 91' lang='lat' dir='ltr'><strong>et</strong></span> <span class='ocrx_word' id='word_1_178' title='bbox 2990 993 3018 1030; x_wconf 91' lang='lat' dir='ltr'><strong>a</strong></span> <span class='ocrx_word' id='word_1_179' title='bbox 3047 978 3196 1032; x_wconf 85' lang='lat' dir='ltr'><strong>vobis</strong></span> <span class='ocrx_word' id='word_1_180' title='bbox 3225 980 3450 1048; x_wconf 90' lang='lat' dir='ltr'><strong>proinde</strong></span> <span class='ocrx_word' id='word_1_181' title='bbox 3477 982 3651 1039; x_wconf 87' lang='lat' dir='ltr'><strong>diver-</strong></span> 
     </span>
    </p>
   </div>
   <div class='ocr_carea' id='block_1_25' title="bbox 2046 1069 3645 1143">
    <p class='ocr_par' dir='ltr' id='par_1_25' title="bbox 2046 1069 3645 1143">
     <span class='ocr_line' id='line_1_25' title="bbox 2046 1069 3645 1143; baseline 0.003 -19"><span class='ocrx_word' id='word_1_182' title='bbox 2046 1069 2181 1124; x_wconf 88' lang='lat' dir='ltr'><strong>sitas</strong></span> <span class='ocrx_word' id='word_1_183' title='bbox 2209 1069 2550 1126; x_wconf 83' lang='lat' dir='ltr'><strong>defendenda</strong></span> <span class='ocrx_word' id='word_1_184' title='bbox 2579 1078 2660 1125; x_wconf 88' lang='lat' dir='ltr'><strong>est</strong></span> <span class='ocrx_word' id='word_1_185' title='bbox 2681 1112 2698 1138; x_wconf 95' lang='lat'><strong>,</strong></span> <span class='ocrx_word' id='word_1_186' title='bbox 2737 1070 2877 1125; x_wconf 87' lang='lat' dir='ltr'><strong>sicut</strong></span> <span class='ocrx_word' id='word_1_187' title='bbox 2904 1087 2932 1126; x_wconf 90' lang='lat' dir='ltr'><strong>a</strong></span> <span class='ocrx_word' id='word_1_188' title='bbox 2963 1071 3118 1126; x_wconf 87' lang='lat' dir='ltr'><strong>nobis</strong></span> <span class='ocrx_word' id='word_1_189' title='bbox 3147 1073 3487 1143; x_wconf 86' lang='lat' dir='ltr'><strong>repugnauda</strong></span> <span class='ocrx_word' id='word_1_190' title='bbox 3520 1085 3602 1129; x_wconf 88' lang='lat' dir='ltr'><strong>est</strong></span> <span class='ocrx_word' id='word_1_191' title='bbox 3631 1094 3645 1130; x_wconf 89' lang='lat'>:</span> 
     </span>
    </p>
   </div>
   <div class='ocr_carea' id='block_1_26' title="bbox 2046 1164 3647 1235">
    <p class='ocr_par' dir='ltr' id='par_1_26' title="bbox 2046 1164 3647 1235">
     <span class='ocr_line' id='line_1_26' title="bbox 2046 1164 3647 1235; baseline 0.005 -17"><span class='ocrx_word' id='word_1_192' title='bbox 2046 1165 2167 1235; x_wconf 88' lang='lat' dir='ltr'><strong>quia</strong></span> <span class='ocrx_word' id='word_1_193' title='bbox 2196 1179 2296 1219; x_wconf 92' lang='lat' dir='ltr'><strong>nec</strong></span> <span class='ocrx_word' id='word_1_194' title='bbox 2323 1181 2416 1221; x_wconf 90' lang='lat' dir='ltr'><strong>vos</strong></span> <span class='ocrx_word' id='word_1_195' title='bbox 2453 1164 2682 1232; x_wconf 85' lang='lat' dir='ltr'><strong>probare</strong></span> <span class='ocrx_word' id='word_1_196' title='bbox 2711 1166 2956 1234; x_wconf 91' lang='lat' dir='ltr'><strong>poteritis</strong></span> <span class='ocrx_word' id='word_1_197' title='bbox 2982 1206 2998 1232; x_wconf 94' lang='lat'><strong>,</strong></span> <span class='ocrx_word' id='word_1_198' title='bbox 3025 1165 3246 1220; x_wconf 86' lang='lat' dir='ltr'><strong>alterius</strong></span> <span class='ocrx_word' id='word_1_199' title='bbox 3287 1167 3381 1222; x_wconf 90' lang='lat' dir='ltr'><strong>Dei</strong></span> <span class='ocrx_word' id='word_1_200' title='bbox 3433 1168 3647 1226; x_wconf 82' lang='lat' dir='ltr'><strong>venisse</strong></span> 
     </span>
    </p>
   </div>
   <div class='ocr_carea' id='block_1_27' title="bbox 2044 1253 3645 1328">
    <p class='ocr_par' dir='ltr' id='par_1_27' title="bbox 2044 1253 3645 1328">
     <span class='ocr_line' id='line_1_27' title="bbox 2044 1253 3645 1328; baseline 0.004 -18"><span class='ocrx_word' id='word_1_201' title='bbox 2044 1253 2316 1324; x_wconf 85' lang='lat' dir='ltr'><strong>Christum</strong></span> <span class='ocrx_word' id='word_1_202' title='bbox 2345 1299 2358 1322; x_wconf 97' lang='lat'><strong>,</strong></span> <span class='ocrx_word' id='word_1_203' title='bbox 2393 1257 2497 1312; x_wconf 92' lang='lat' dir='ltr'><strong>nisi</strong></span> <span class='ocrx_word' id='word_1_204' title='bbox 2528 1272 2650 1312; x_wconf 89' lang='lat' dir='ltr'><strong>eum</strong></span> <span class='ocrx_word' id='word_1_205' title='bbox 2688 1261 2846 1328; x_wconf 82' lang='lat' dir='ltr'><strong>longe</strong></span> <span class='ocrx_word' id='word_1_206' title='bbox 2885 1258 3046 1312; x_wconf 90' lang='lat' dir='ltr'><strong>alium</strong></span> <span class='ocrx_word' id='word_1_207' title='bbox 3078 1257 3584 1316; x_wconf 85' lang='lat' dir='ltr'><strong>demonstraveritis</strong></span> <span class='ocrx_word' id='word_1_208' title='bbox 3615 1278 3645 1317; x_wconf 91' lang='lat' dir='ltr'><strong>a</strong></span> 
     </span>
    </p>
   </div>
   <div class='ocr_carea' id='block_1_28' title="bbox 2043 1347 3641 1422">
    <p class='ocr_par' dir='ltr' id='par_1_28' title="bbox 2043 1347 3641 1422">
     <span class='ocr_line' id='line_1_28' title="bbox 2043 1347 3641 1422; baseline 0.005 -20"><span class='ocrx_word' id='word_1_209' title='bbox 2043 1347 2258 1404; x_wconf 87' lang='lat' dir='ltr'><strong>Christo</strong></span> <span class='ocrx_word' id='word_1_210' title='bbox 2285 1347 2558 1404; x_wconf 87' lang='lat' dir='ltr'><strong>Creatoris</strong></span> <span class='ocrx_word' id='word_1_211' title='bbox 2581 1366 2596 1414; x_wconf 91' lang='lat'><strong>;</strong></span> <span class='ocrx_word' id='word_1_212' title='bbox 2628 1363 2728 1404; x_wconf 89' lang='lat' dir='ltr'><strong>nec</strong></span> <span class='ocrx_word' id='word_1_213' title='bbox 2756 1363 2854 1404; x_wconf 92' lang='lat' dir='ltr'><strong>nos</strong></span> <span class='ocrx_word' id='word_1_214' title='bbox 2882 1365 3004 1404; x_wconf 90' lang='lat' dir='ltr'><strong>eum</strong></span> <span class='ocrx_word' id='word_1_215' title='bbox 3035 1349 3314 1406; x_wconf 89' lang='lat' dir='ltr'><strong>Creatoris</strong></span> <span class='ocrx_word' id='word_1_216' title='bbox 3344 1352 3641 1422; x_wconf 86' lang='lat' dir='ltr'><strong>vindicare,</strong></span> 
     </span>
    </p>
   </div>
   <div class='ocr_carea' id='block_1_29' title="bbox 2045 1441 3641 1510">
    <p class='ocr_par' dir='ltr' id='par_1_29' title="bbox 2045 1441 3641 1510">
     <span class='ocr_line' id='line_1_29' title="bbox 2045 1441 3641 1510; baseline 0.003 -15"><span class='ocrx_word' id='word_1_217' title='bbox 2045 1441 2146 1496; x_wconf 89' lang='lat' dir='ltr'><strong>nisi</strong></span> <span class='ocrx_word' id='word_1_218' title='bbox 2192 1441 2350 1496; x_wconf 91' lang='lat' dir='ltr'><strong>talem</strong></span> <span class='ocrx_word' id='word_1_219' title='bbox 2399 1457 2522 1497; x_wconf 90' lang='lat' dir='ltr'><strong>emn</strong></span> <span class='ocrx_word' id='word_1_220' title='bbox 2575 1441 2969 1496; x_wconf 74' lang='lat' dir='ltr'><strong>ostenderimus</strong></span> <span class='ocrx_word' id='word_1_221' title='bbox 2994 1483 3008 1505; x_wconf 89' lang='lat'><strong>,</strong></span> <span class='ocrx_word' id='word_1_222' title='bbox 3043 1441 3216 1510; x_wconf 86' lang='lat' dir='ltr'><strong>qualis</strong></span> <span class='ocrx_word' id='word_1_223' title='bbox 3242 1445 3589 1500; x_wconf 91' lang='lat' dir='ltr'><strong>constituitur</strong></span> <span class='ocrx_word' id='word_1_224' title='bbox 3613 1461 3641 1500; x_wconf 90' lang='lat' dir='ltr'><strong>a</strong></span> 
     </span>
    </p>
   </div>
   <div class='ocr_carea' id='block_1_30' title="bbox 2041 1531 3645 1602">
    <p class='ocr_par' dir='ltr' id='par_1_30' title="bbox 2041 1531 3645 1602">
     <span class='ocr_line' id='line_1_30' title="bbox 2041 1531 3645 1602; baseline 0.003 -15"><span class='ocrx_word' id='word_1_225' title='bbox 2041 1531 2315 1588; x_wconf 88' lang='lat' dir='ltr'><strong>Creatorc.</strong></span> <span class='ocrx_word' id='word_1_226' title='bbox 2348 1533 2422 1587; x_wconf 86' lang='lat' dir='ltr'><strong>Dc</strong></span> <span class='ocrx_word' id='word_1_227' title='bbox 2453 1533 2761 1588; x_wconf 91' lang='lat' dir='ltr'><strong>nominibus</strong></span> <span class='ocrx_word' id='word_1_228' title='bbox 2811 1533 2922 1602; x_wconf 90' lang='lat' dir='ltr'><strong>jam</strong></span> <span class='ocrx_word' id='word_1_229' title='bbox 2969 1532 3314 1589; x_wconf 80' lang='lat' dir='ltr'><strong>abduximus.</strong></span> <span class='ocrx_word' id='word_1_230' title='bbox 3361 1535 3487 1590; x_wconf 82' lang='lat' dir='ltr'><strong>Mihi</strong></span> <span class='ocrx_word' id='word_1_231' title='bbox 3535 1537 3645 1592; x_wconf 85' lang='lat' dir='ltr'><strong>vin-</strong></span> 
     </span>
    </p>
   </div>
   <div class='ocr_carea' id='block_1_31' title="bbox 2041 1625 3174 1696">
    <p class='ocr_par' dir='ltr' id='par_1_31' title="bbox 2041 1625 3174 1696">
     <span class='ocr_line' id='line_1_31' title="bbox 2041 1625 3174 1696; baseline -0.001 -14"><span class='ocrx_word' id='word_1_232' title='bbox 2041 1626 2163 1683; x_wconf 84' lang='lat' dir='ltr'><strong>dico</strong></span> <span class='ocrx_word' id='word_1_233' title='bbox 2188 1627 2458 1683; x_wconf 89' lang='lat' dir='ltr'><strong>Christum</strong></span> <span class='ocrx_word' id='word_1_234' title='bbox 2479 1670 2493 1696; x_wconf 96' lang='lat'><strong>,</strong></span> <span class='ocrx_word' id='word_1_235' title='bbox 2525 1627 2653 1683; x_wconf 91' lang='lat' dir='ltr'><strong>mihi</strong></span> <span class='ocrx_word' id='word_1_236' title='bbox 2693 1625 2924 1683; x_wconf 82' lang='lat' dir='ltr'><strong>defendo</strong></span> <span class='ocrx_word' id='word_1_237' title='bbox 2965 1625 3174 1682; x_wconf 83' lang='lat' dir='ltr'><strong>Iesum.</strong></span> 
     </span>
    </p>
   </div>
   <div class='ocr_carea' id='block_1_32' title="bbox 2628 1718 3060 1775">
    <p class='ocr_par' dir='ltr' id='par_1_32' title="bbox 2628 1718 3060 1775">
     <span class='ocr_line' id='line_1_32' title="bbox 2628 1718 3060 1775; baseline -0.007 0"><span class='ocrx_word' id='word_1_238' title='bbox 2628 1719 2856 1775; x_wconf 78' lang='lat' dir='ltr'><strong>CAPUT</strong></span> <span class='ocrx_word' id='word_1_239' title='bbox 2897 1718 3060 1774; x_wconf 78' lang='lat' dir='ltr'><strong>XVII.</strong></span> 
     </span>
    </p>
   </div>
   <div class='ocr_carea' id='block_1_33' title="bbox 334 1811 3640 1886">
    <p class='ocr_par' dir='ltr' id='par_1_33' title="bbox 334 1811 3640 1886">
     <span class='ocr_line' id='line_1_33' title="bbox 334 1811 3640 1886; baseline 0.002 -19"><span class='ocrx_word' id='word_1_240' title='bbox 334 1813 518 1867; x_wconf 72' lang='lat' dir='ltr'><strong>smculi</strong></span> <span class='ocrx_word' id='word_1_241' title='bbox 549 1813 814 1880; x_wconf 87' lang='lat' dir='ltr'><strong>desertis,</strong></span> <span class='ocrx_word' id='word_1_242' title='bbox 849 1813 1251 1869; x_wconf 89' lang='lat' dir='ltr'><strong>iutrodueturus</strong></span> <span class='ocrx_word' id='word_1_243' title='bbox 1293 1822 1408 1868; x_wconf 88' lang='lat' dir='ltr'><strong>erat</strong></span> <span class='ocrx_word' id='word_1_244' title='bbox 1460 1813 1514 1868; x_wconf 91' lang='lat' dir='ltr'><strong>in</strong></span> <span class='ocrx_word' id='word_1_245' title='bbox 1557 1820 1754 1868; x_wconf 90' lang='lat' dir='ltr'><strong>terram</strong></span> <span class='ocrx_word' id='word_1_246' title='bbox 1803 1828 1930 1884; x_wconf 85' lang='lat' dir='ltr'><strong>pro-</strong></span> <span class='ocrx_word' id='word_1_247' title='bbox 1963 1811 2010 1870; x_wconf 89' lang='lat' dir='ltr'><strong>B</strong></span> <span class='ocrx_word' id='word_1_248' title='bbox 2110 1815 2395 1886; x_wconf 83' lang='lat' dir='ltr'><strong>Reliquum</strong></span> <span class='ocrx_word' id='word_1_249' title='bbox 2447 1813 2694 1870; x_wconf 90' lang='lat' dir='ltr'><strong>ordinem</strong></span> <span class='ocrx_word' id='word_1_250' title='bbox 2742 1813 2858 1884; x_wconf 85' lang='lat' dir='ltr'><strong>ejus</strong></span> <span class='ocrx_word' id='word_1_251' title='bbox 2911 1828 3033 1869; x_wconf 91' lang='lat' dir='ltr'><strong>cum</strong></span> <span class='ocrx_word' id='word_1_252' title='bbox 3075 1813 3368 1886; x_wconf 90' lang='lat' dir='ltr'><strong>Scripturis</strong></span> <span class='ocrx_word' id='word_1_253' title='bbox 3394 1815 3640 1872; x_wconf 78' lang='lat' dir='ltr'><strong>confera-</strong></span> 
     </span>
    </p>
   </div>
   <div class='ocr_carea' id='block_1_34' title="bbox 335 1905 1932 1974">
    <p class='ocr_par' dir='ltr' id='par_1_34' title="bbox 335 1905 1932 1974">
     <span class='ocr_line' id='line_1_34' title="bbox 335 1905 1932 1974; baseline 0.001 -16"><span class='ocrx_word' id='word_1_254' title='bbox 335 1905 648 1971; x_wconf 84' lang='lat' dir='ltr'><strong>missionis,</strong></span> <span class='ocrx_word' id='word_1_255' title='bbox 694 1906 850 1962; x_wconf 88' lang='lat' dir='ltr'><strong>melle</strong></span> <span class='ocrx_word' id='word_1_256' title='bbox 888 1915 943 1961; x_wconf 91' lang='lat' dir='ltr'><strong>et</strong></span> <span class='ocrx_word' id='word_1_257' title='bbox 983 1906 1122 1962; x_wconf 88' lang='lat' dir='ltr'><strong>lacte</strong></span> <span class='ocrx_word' id='word_1_258' title='bbox 1169 1914 1510 1974; x_wconf 91' lang='lat' dir='ltr'><strong>manantem,</strong></span> <span class='ocrx_word' id='word_1_259' title='bbox 1544 1905 1596 1960; x_wconf 89' lang='lat' dir='ltr'><strong>id</strong></span> <span class='ocrx_word' id='word_1_260' title='bbox 1646 1914 1766 1973; x_wconf 89' lang='lat' dir='ltr'><strong>est,</strong></span> <span class='ocrx_word' id='word_1_261' title='bbox 1811 1906 1932 1960; x_wconf 71' lang='lat' dir='ltr'><strong>vita:</strong></span> 
     </span>
    </p>
   </div>
   <div class='ocr_carea' id='block_1_35' title="bbox 331 1996 1930 2070">
    <p class='ocr_par' dir='ltr' id='par_1_35' title="bbox 331 1996 1930 2070">
     <span class='ocr_line' id='line_1_35' title="bbox 331 1996 1930 2070; baseline -0.001 -17"><span class='ocrx_word' id='word_1_262' title='bbox 331 2008 547 2053; x_wconf 54' lang='lat' dir='ltr'><strong>aeterna:</strong></span> <span class='ocrx_word' id='word_1_263' title='bbox 585 1999 978 2068; x_wconf 87' lang='lat' dir='ltr'><strong>possessionem</strong></span> <span class='ocrx_word' id='word_1_264' title='bbox 1001 2039 1015 2063; x_wconf 89' lang='lat'><strong>,</strong></span> <span class='ocrx_word' id='word_1_265' title='bbox 1044 2013 1149 2070; x_wconf 89' lang='lat' dir='ltr'><strong>qua</strong></span> <span class='ocrx_word' id='word_1_266' title='bbox 1191 1998 1322 2052; x_wconf 93' lang='lat' dir='ltr'><strong>nihil</strong></span> <span class='ocrx_word' id='word_1_267' title='bbox 1353 1997 1603 2062; x_wconf 89' lang='lat' dir='ltr'><strong>dulcius;</strong></span> <span class='ocrx_word' id='word_1_268' title='bbox 1634 1996 1795 2067; x_wconf 85' lang='lat' dir='ltr'><strong>idque</strong></span> <span class='ocrx_word' id='word_1_269' title='bbox 1824 2013 1930 2052; x_wconf 93' lang='lat' dir='ltr'><strong>non</strong></span> 
     </span>
    </p>
   </div>
   <div class='ocr_carea' id='block_1_36' title="bbox 335 2089 1930 2162">
    <p class='ocr_par' dir='ltr' id='par_1_36' title="bbox 335 2089 1930 2162">
     <span class='ocr_line' id='line_1_36' title="bbox 335 2089 1930 2162; baseline -0.001 -16"><span class='ocrx_word' id='word_1_270' title='bbox 335 2108 429 2161; x_wconf 90' lang='lat' dir='ltr'><strong>per</strong></span> <span class='ocrx_word' id='word_1_271' title='bbox 459 2091 674 2162; x_wconf 76' lang='lat' dir='ltr'><strong>Moysen</strong></span> <span class='ocrx_word' id='word_1_272' title='bbox 698 2133 712 2158; x_wconf 93' lang='lat'><strong>,</strong></span> <span class='ocrx_word' id='word_1_273' title='bbox 745 2092 792 2145; x_wconf 89' lang='lat' dir='ltr'><strong>id</strong></span> <span class='ocrx_word' id='word_1_274' title='bbox 839 2101 942 2156; x_wconf 91' lang='lat' dir='ltr'><strong>est,</strong></span> <span class='ocrx_word' id='word_1_275' title='bbox 978 2108 1083 2146; x_wconf 84' lang='lat' dir='ltr'><strong>non</strong></span> <span class='ocrx_word' id='word_1_276' title='bbox 1110 2107 1208 2162; x_wconf 90' lang='lat' dir='ltr'><strong>per</strong></span> <span class='ocrx_word' id='word_1_277' title='bbox 1235 2089 1393 2161; x_wconf 83' lang='lat' dir='ltr'><strong>chis</strong></span> <span class='ocrx_word' id='word_1_278' title='bbox 1419 2090 1756 2160; x_wconf 88' lang='lat' dir='ltr'><strong>disciplinam</strong></span> <span class='ocrx_word' id='word_1_279' title='bbox 1790 2106 1804 2155; x_wconf 89' lang='lat'><strong>;</strong></span> <span class='ocrx_word' id='word_1_280' title='bbox 1835 2091 1930 2145; x_wconf 89' lang='lat' dir='ltr'><strong>sed</strong></span> 
     </span>
    </p>
   </div>
   <div class='ocr_carea' id='block_1_37' title="bbox 334 2181 1931 2256">
    <p class='ocr_par' dir='ltr' id='par_1_37' title="bbox 334 2181 1931 2256">
     <span class='ocr_line' id='line_1_37' title="bbox 334 2181 1931 2256; baseline 0.003 -23"><span class='ocrx_word' id='word_1_281' title='bbox 334 2199 430 2251; x_wconf 92' lang='lat' dir='ltr'><strong>per</strong></span> <span class='ocrx_word' id='word_1_282' title='bbox 454 2181 672 2251; x_wconf 79' lang='lat' dir='ltr'><strong>Iesum,</strong></span> <span class='ocrx_word' id='word_1_283' title='bbox 699 2182 748 2237; x_wconf 90' lang='lat' dir='ltr'><strong>id</strong></span> <span class='ocrx_word' id='word_1_284' title='bbox 780 2193 862 2239; x_wconf 82' lang='lat' dir='ltr'><strong>est</strong></span> <span class='ocrx_word' id='word_1_285' title='bbox 891 2181 970 2256; x_wconf 66' lang='grc' dir='ltr'><strong>(ἰ)</strong></span> <span class='ocrx_word' id='word_1_286' title='bbox 1000 2225 1014 2250; x_wconf 88' lang='grc'><em>,</em></span> <span class='ocrx_word' id='word_1_287' title='bbox 1051 2198 1146 2252; x_wconf 91' lang='lat' dir='ltr'><strong>per</strong></span> <span class='ocrx_word' id='word_1_288' title='bbox 1175 2181 1449 2252; x_wconf 72' lang='lat' dir='ltr'><strong>Evangelii</strong></span> <span class='ocrx_word' id='word_1_289' title='bbox 1478 2182 1704 2253; x_wconf 79' lang='lat' dir='ltr'><strong>gratiam</strong></span> <span class='ocrx_word' id='word_1_290' title='bbox 1734 2197 1931 2252; x_wconf 89' lang='lat' dir='ltr'><strong>prove-</strong></span> 
     </span>
    </p>
   </div>
   <div class='ocr_carea' id='block_1_38' title="bbox 332 2274 1930 2346">
    <p class='ocr_par' dir='ltr' id='par_1_38' title="bbox 332 2274 1930 2346">
     <span class='ocr_line' id='line_1_38' title="bbox 332 2274 1930 2346; baseline 0.001 -17"><span class='ocrx_word' id='word_1_291' title='bbox 332 2276 448 2329; x_wconf 90' lang='lat' dir='ltr'><strong>nire</strong></span> <span class='ocrx_word' id='word_1_292' title='bbox 480 2275 748 2341; x_wconf 84' lang='lat' dir='ltr'><strong>habebat,</strong></span> <span class='ocrx_word' id='word_1_293' title='bbox 775 2276 1106 2331; x_wconf 83' lang='lat' dir='ltr'><strong>circumcisis</strong></span> <span class='ocrx_word' id='word_1_294' title='bbox 1147 2275 1302 2330; x_wconf 89' lang='lat' dir='ltr'><strong>nobis</strong></span> <span class='ocrx_word' id='word_1_295' title='bbox 1331 2275 1538 2346; x_wconf 86' lang='lat' dir='ltr'><strong>petrina</strong></span> <span class='ocrx_word' id='word_1_296' title='bbox 1583 2275 1732 2340; x_wconf 90' lang='lat' dir='ltr'><strong>acie,</strong></span> <span class='ocrx_word' id='word_1_297' title='bbox 1766 2274 1815 2329; x_wconf 94' lang='lat' dir='ltr'><strong>id</strong></span> <span class='ocrx_word' id='word_1_298' title='bbox 1847 2283 1930 2330; x_wconf 89' lang='lat' dir='ltr'><strong>est</strong></span> 
     </span>
    </p>
   </div>
   <div class='ocr_carea' id='block_1_39' title="bbox 255 2369 1922 2442">
    <p class='ocr_par' dir='ltr' id='par_1_39' title="bbox 255 2369 1922 2442">
     <span class='ocr_line' id='line_1_39' title="bbox 255 2369 1922 2442; baseline -0.001 -18"><span class='ocrx_word' id='word_1_299' title='bbox 255 2386 304 2430; x_wconf 69' lang='lat' dir='ltr'><strong>t:</strong></span> <span class='ocrx_word' id='word_1_300' title='bbox 330 2369 530 2424; x_wconf 79' lang='lat' dir='ltr'><strong>Christi</strong></span> <span class='ocrx_word' id='word_1_301' title='bbox 549 2371 824 2438; x_wconf 68' lang='lat' dir='ltr'><strong>praeceptis</strong></span> <span class='ocrx_word' id='word_1_302' title='bbox 843 2370 921 2442; x_wconf 80' lang='grc'><strong>(5)</strong></span> <span class='ocrx_word' id='word_1_303' title='bbox 943 2386 956 2434; x_wconf 94' lang='grc'><strong>;</strong></span> <span class='ocrx_word' id='word_1_304' title='bbox 984 2370 1141 2424; x_wconf 82' lang='lat' dir='ltr'><strong>Petra</strong></span> <span class='ocrx_word' id='word_1_305' title='bbox 1164 2369 1307 2425; x_wconf 88' lang='lat' dir='ltr'><strong>enim</strong></span> <span class='ocrx_word' id='word_1_306' title='bbox 1328 2369 1558 2424; x_wconf 78' lang='lat' dir='ltr'><strong>Christus</strong></span> <span class='ocrx_word' id='word_1_307' title='bbox 1580 2383 1598 2423; x_wconf 89' lang='lat'><strong><em>:</em></strong></span> <span class='ocrx_word' id='word_1_308' title='bbox 1621 2369 1742 2424; x_wconf 89' lang='lat' dir='ltr'><strong>ideo</strong></span> <span class='ocrx_word' id='word_1_309' title='bbox 1763 2369 1808 2424; x_wconf 90' lang='lat' dir='ltr'><strong>is</strong></span> <span class='ocrx_word' id='word_1_310' title='bbox 1824 2370 1922 2432; x_wconf 82' lang='lat' dir='ltr'><strong>vir,</strong></span> 
     </span>
    </p>
   </div>
   <div class='ocr_carea' id='block_1_40' title="bbox 328 2460 1929 2532">
    <p class='ocr_par' dir='ltr' id='par_1_40' title="bbox 328 2460 1929 2532">
     <span class='ocr_line' id='line_1_40' title="bbox 328 2460 1929 2532; baseline -0.001 -17"><span class='ocrx_word' id='word_1_311' title='bbox 328 2463 418 2530; x_wconf 86' lang='lat' dir='ltr'><strong>qui</strong></span> <span class='ocrx_word' id='word_1_312' title='bbox 445 2461 495 2515; x_wconf 91' lang='lat' dir='ltr'><strong>in</strong></span> <span class='ocrx_word' id='word_1_313' title='bbox 517 2461 672 2532; x_wconf 85' lang='lat' dir='ltr'><strong>hujus</strong></span> <span class='ocrx_word' id='word_1_314' title='bbox 692 2462 1014 2517; x_wconf 87' lang='lat' dir='ltr'><strong>sacramenti</strong></span> <span class='ocrx_word' id='word_1_315' title='bbox 1039 2463 1295 2531; x_wconf 81' lang='lat' dir='ltr'><strong>imagines</strong></span> <span class='ocrx_word' id='word_1_316' title='bbox 1319 2460 1806 2532; x_wconf 87' lang='lat' dir='ltr'><strong>parabatur,etiam</strong></span> <span class='ocrx_word' id='word_1_317' title='bbox 1830 2475 1929 2514; x_wconf 88' lang='lat' dir='ltr'><strong>no-</strong></span> 
     </span>
    </p>
   </div>
   <div class='ocr_carea' id='block_1_41' title="bbox 330 2554 1924 2627">
    <p class='ocr_par' dir='ltr' id='par_1_41' title="bbox 330 2554 1924 2627">
     <span class='ocr_line' id='line_1_41' title="bbox 330 2554 1924 2627; baseline 0.001 -20"><span class='ocrx_word' id='word_1_318' title='bbox 330 2555 489 2608; x_wconf 85' lang='lat' dir='ltr'><strong>minis</strong></span> <span class='ocrx_word' id='word_1_319' title='bbox 513 2554 765 2610; x_wconf 89' lang='lat' dir='ltr'><strong>dominici</strong></span> <span class='ocrx_word' id='word_1_320' title='bbox 788 2556 1134 2627; x_wconf 80' lang='lat' dir='ltr'><strong>inauguratns</strong></span> <span class='ocrx_word' id='word_1_321' title='bbox 1147 2566 1232 2611; x_wconf 91' lang='lat' dir='ltr'><strong>est</strong></span> <span class='ocrx_word' id='word_1_322' title='bbox 1255 2555 1445 2626; x_wconf 88' lang='lat' dir='ltr'><strong>ﬁgura,</strong></span> <span class='ocrx_word' id='word_1_323' title='bbox 1468 2554 1623 2611; x_wconf 89' lang='lat' dir='ltr'><strong>.Iesus</strong></span> <span class='ocrx_word' id='word_1_324' title='bbox 1643 2556 1924 2626; x_wconf 81' lang='lat' dir='ltr'><strong>cognomi-</strong></span> 
     </span>
    </p>
   </div>
   <div class='ocr_carea' id='block_1_42' title="bbox 335 2646 1924 2719">
    <p class='ocr_par' dir='ltr' id='par_1_42' title="bbox 335 2646 1924 2719">
     <span class='ocr_line' id='line_1_42' title="bbox 335 2646 1924 2719; baseline 0.002 -19"><span class='ocrx_word' id='word_1_325' title='bbox 335 2657 512 2701; x_wconf 87' lang='lat' dir='ltr'><strong>natus.</strong></span> <span class='ocrx_word' id='word_1_326' title='bbox 548 2646 661 2702; x_wconf 88' lang='lat' dir='ltr'><strong>lloc</strong></span> <span class='ocrx_word' id='word_1_327' title='bbox 687 2663 879 2704; x_wconf 89' lang='lat' dir='ltr'><strong>nomen</strong></span> <span class='ocrx_word' id='word_1_328' title='bbox 908 2648 1024 2717; x_wconf 90' lang='lat' dir='ltr'><strong>ipse</strong></span> <span class='ocrx_word' id='word_1_329' title='bbox 1051 2648 1296 2704; x_wconf 90' lang='lat' dir='ltr'><strong>Christus</strong></span> <span class='ocrx_word' id='word_1_330' title='bbox 1326 2664 1481 2703; x_wconf 91' lang='lat' dir='ltr'><strong>suum</strong></span> <span class='ocrx_word' id='word_1_331' title='bbox 1508 2649 1618 2719; x_wconf 88' lang='lat' dir='ltr'><strong>jam</strong></span> <span class='ocrx_word' id='word_1_332' title='bbox 1647 2657 1774 2703; x_wconf 91' lang='lat' dir='ltr'><strong>tunc</strong></span> <span class='ocrx_word' id='word_1_333' title='bbox 1802 2662 1924 2704; x_wconf 91' lang='lat' dir='ltr'><strong>esse</strong></span> 
     </span>
    </p>
   </div>
   <div class='ocr_carea' id='block_1_43' title="bbox 327 2741 1922 2813">
    <p class='ocr_par' dir='ltr' id='par_1_43' title="bbox 327 2741 1922 2813">
     <span class='ocr_line' id='line_1_43' title="bbox 327 2741 1922 2813; baseline -0.001 -18"><span class='ocrx_word' id='word_1_334' title='bbox 327 2749 552 2796; x_wconf 84' lang='lat' dir='ltr'><strong>testatus</strong></span> <span class='ocrx_word' id='word_1_335' title='bbox 575 2753 676 2808; x_wconf 92' lang='lat' dir='ltr'><strong>est,</strong></span> <span class='ocrx_word' id='word_1_336' title='bbox 700 2756 818 2796; x_wconf 92' lang='lat' dir='ltr'><strong>cum</strong></span> <span class='ocrx_word' id='word_1_337' title='bbox 839 2742 902 2797; x_wconf 91' lang='lat' dir='ltr'><strong>ad</strong></span> <span class='ocrx_word' id='word_1_338' title='bbox 923 2743 1139 2810; x_wconf 76' lang='lat' dir='ltr'><strong>Moysen</strong></span> <span class='ocrx_word' id='word_1_339' title='bbox 1164 2743 1500 2813; x_wconf 85' lang='lat' dir='ltr'><strong>loquebatur.</strong></span> <span class='ocrx_word' id='word_1_340' title='bbox 1527 2741 1658 2809; x_wconf 87' lang='lat' dir='ltr'><strong>Quis</strong></span> <span class='ocrx_word' id='word_1_341' title='bbox 1678 2741 1820 2796; x_wconf 90' lang='lat' dir='ltr'><strong>enim</strong></span> <span class='ocrx_word' id='word_1_342' title='bbox 1845 2742 1922 2796; x_wconf 90' lang='lat' dir='ltr'><strong>lo-</strong></span> 
     </span>
    </p>
   </div>
   <div class='ocr_carea' id='block_1_44' title="bbox 323 2832 1922 2904">
    <p class='ocr_par' dir='ltr' id='par_1_44' title="bbox 323 2832 1922 2904">
     <span class='ocr_line' id='line_1_44' title="bbox 323 2832 1922 2904; baseline 0.004 -23"><span class='ocrx_word' id='word_1_343' title='bbox 323 2833 612 2902; x_wconf 88' lang='lat' dir='ltr'><strong>quebatur,</strong></span> <span class='ocrx_word' id='word_1_344' title='bbox 663 2835 762 2887; x_wconf 89' lang='lat' dir='ltr'><strong>nisi</strong></span> <span class='ocrx_word' id='word_1_345' title='bbox 800 2834 1020 2904; x_wconf 88' lang='lat' dir='ltr'><strong>spiritus</strong></span> <span class='ocrx_word' id='word_1_346' title='bbox 1047 2833 1347 2900; x_wconf 84' lang='lat' dir='ltr'><strong>Creatoris,</strong></span> <span class='ocrx_word' id='word_1_347' title='bbox 1382 2835 1469 2904; x_wconf 89' lang='lat' dir='ltr'><strong>qui</strong></span> <span class='ocrx_word' id='word_1_348' title='bbox 1499 2843 1582 2888; x_wconf 89' lang='lat' dir='ltr'><strong>est</strong></span> <span class='ocrx_word' id='word_1_349' title='bbox 1627 2832 1922 2889; x_wconf 84' lang='lat' dir='ltr'><strong>Christus?</strong></span> 
     </span>
    </p>
   </div>
   <div class='ocr_carea' id='block_1_45' title="bbox 324 2926 1917 2999">
    <p class='ocr_par' dir='ltr' id='par_1_45' title="bbox 324 2926 1917 2999">
     <span class='ocr_line' id='line_1_45' title="bbox 324 2926 1917 2999; baseline 0.004 -21"><span class='ocrx_word' id='word_1_350' title='bbox 324 2926 458 2979; x_wconf 88' lang='lat' dir='ltr'><strong>Cum</strong></span> <span class='ocrx_word' id='word_1_351' title='bbox 473 2941 600 2996; x_wconf 89' lang='lat' dir='ltr'><strong>ergo</strong></span> <span class='ocrx_word' id='word_1_352' title='bbox 616 2927 868 2982; x_wconf 89' lang='lat' dir='ltr'><strong>mandato</strong></span> <span class='ocrx_word' id='word_1_353' title='bbox 890 2928 1092 2983; x_wconf 85' lang='lat' dir='ltr'><strong>diceret</strong></span> <span class='ocrx_word' id='word_1_354' title='bbox 1116 2929 1311 2998; x_wconf 92' lang='lat' dir='ltr'><strong>popqu</strong></span> <span class='ocrx_word' id='word_1_355' title='bbox 1336 2928 1561 2998; x_wconf 74' lang='lat' dir='ltr'><strong>(Exod.,</strong></span> <span class='ocrx_word' id='word_1_356' title='bbox 1579 2927 1772 2994; x_wconf 79' lang='lat' dir='ltr'><strong>XXIII,</strong></span> <span class='ocrx_word' id='word_1_357' title='bbox 1791 2927 1917 2999; x_wconf 70' lang='lat'><strong>20):</strong></span> 
     </span>
    </p>
   </div>
   <div class='ocr_carea' id='block_1_46' title="bbox 321 3016 1921 3094">
    <p class='ocr_par' dir='ltr' id='par_1_46' title="bbox 321 3016 1921 3094">
     <span class='ocr_line' id='line_1_46' title="bbox 321 3016 1921 3094; baseline 0.004 -24"><span class='ocrx_word' id='word_1_358' title='bbox 321 3016 456 3071; x_wconf 88' lang='lat' dir='ltr'><strong>Ecce</strong></span> <span class='ocrx_word' id='word_1_359' title='bbox 481 3035 572 3088; x_wconf 83' lang='lat' dir='ltr'><strong>ego</strong></span> <span class='ocrx_word' id='word_1_360' title='bbox 602 3021 743 3074; x_wconf 87' lang='lat' dir='ltr'><strong>ntitto</strong></span> <span class='ocrx_word' id='word_1_361' title='bbox 770 3019 1007 3092; x_wconf 79' lang='lat' dir='ltr'><strong>angelum</strong></span> <span class='ocrx_word' id='word_1_362' title='bbox 1047 3037 1209 3075; x_wconf 87' lang='lat' dir='ltr'><strong>meum</strong></span> <span class='ocrx_word' id='word_1_363' title='bbox 1248 3030 1365 3076; x_wconf 90' lang='lat' dir='ltr'><strong>ante</strong></span> <span class='ocrx_word' id='word_1_364' title='bbox 1404 3022 1587 3094; x_wconf 79' lang='lat' dir='ltr'><strong>[aciem</strong></span> <span class='ocrx_word' id='word_1_365' title='bbox 1632 3033 1772 3075; x_wconf 89' lang='lat' dir='ltr'><strong>tuam</strong></span> <span class='ocrx_word' id='word_1_366' title='bbox 1796 3065 1807 3085; x_wconf 86' lang='lat'><strong>,</strong></span> <span class='ocrx_word' id='word_1_367' title='bbox 1833 3024 1921 3093; x_wconf 84' lang='lat' dir='ltr'><strong>qui</strong></span> 
     </span>
    </p>
   </div>
   <div class='ocr_carea' id='block_1_47' title="bbox 321 3113 1917 3186">
    <p class='ocr_par' dir='ltr' id='par_1_47' title="bbox 321 3113 1917 3186">
     <span class='ocr_line' id='line_1_47' title="bbox 321 3113 1917 3186; baseline 0.003 -23"><span class='ocrx_word' id='word_1_368' title='bbox 321 3119 368 3164; x_wconf 91' lang='lat' dir='ltr'><strong>te</strong></span> <span class='ocrx_word' id='word_1_369' title='bbox 390 3113 640 3166; x_wconf 80' lang='lat' dir='ltr'><strong>custodiat</strong></span> <span class='ocrx_word' id='word_1_370' title='bbox 663 3115 713 3166; x_wconf 88' lang='lat' dir='ltr'><strong>in</strong></span> <span class='ocrx_word' id='word_1_371' title='bbox 745 3115 854 3178; x_wconf 88' lang='lat' dir='ltr'><strong>via,</strong></span> <span class='ocrx_word' id='word_1_372' title='bbox 884 3124 931 3167; x_wconf 91' lang='lat' dir='ltr'><strong>et</strong></span> <span class='ocrx_word' id='word_1_373' title='bbox 969 3115 1257 3169; x_wconf 86' lang='lat' dir='ltr'><strong>introducat</strong></span> <span class='ocrx_word' id='word_1_374' title='bbox 1292 3115 1344 3169; x_wconf 92' lang='lat' dir='ltr'><strong>in</strong></span> <span class='ocrx_word' id='word_1_375' title='bbox 1385 3126 1599 3179; x_wconf 82' lang='lat' dir='ltr'><strong>terram,</strong></span> <span class='ocrx_word' id='word_1_376' title='bbox 1629 3131 1780 3186; x_wconf 86' lang='lat' dir='ltr'><strong>quant</strong></span> <span class='ocrx_word' id='word_1_377' title='bbox 1821 3132 1917 3182; x_wconf 87' lang='lat' dir='ltr'><strong>pa-</strong></span> 
     </span>
    </p>
   </div>
   <div class='ocr_carea' id='block_1_48' title="bbox 2038 1906 3637 1981">
    <p class='ocr_par' dir='ltr' id='par_1_48' title="bbox 2038 1906 3637 1981">
     <span class='ocr_line' id='line_1_48' title="bbox 2038 1906 3637 1981; baseline 0.001 -16"><span class='ocrx_word' id='word_1_378' title='bbox 2038 1926 2180 1966; x_wconf 92' lang='lat' dir='ltr'><strong>mus.</strong></span> <span class='ocrx_word' id='word_1_379' title='bbox 2214 1908 2603 1978; x_wconf 82' lang='lat' dir='ltr'><strong>Quodcumque</strong></span> <span class='ocrx_word' id='word_1_380' title='bbox 2646 1906 2778 1962; x_wconf 91' lang='lat' dir='ltr'><strong>illud</strong></span> <span class='ocrx_word' id='word_1_381' title='bbox 2822 1909 3196 1976; x_wconf 88' lang='lat' dir='ltr'><strong>corpusculum</strong></span> <span class='ocrx_word' id='word_1_382' title='bbox 3237 1910 3348 1975; x_wconf 89' lang='lat' dir='ltr'><strong>sit,</strong></span> <span class='ocrx_word' id='word_1_383' title='bbox 3382 1913 3637 1981; x_wconf 89' lang='lat' dir='ltr'><strong>quoniam</strong></span> 
     </span>
    </p>
   </div>
   <div class='ocr_carea' id='block_1_49' title="bbox 2038 2002 3637 2076">
    <p class='ocr_par' dir='ltr' id='par_1_49' title="bbox 2038 2002 3637 2076">
     <span class='ocr_line' id='line_1_49' title="bbox 2038 2002 3637 2076; baseline 0.001 -17"><span class='ocrx_word' id='word_1_384' title='bbox 2038 2003 2320 2071; x_wconf 86' lang='lat' dir='ltr'><strong>habitum,</strong></span> <span class='ocrx_word' id='word_1_385' title='bbox 2351 2012 2407 2058; x_wconf 92' lang='lat' dir='ltr'><strong>et</strong></span> <span class='ocrx_word' id='word_1_386' title='bbox 2453 2002 2709 2072; x_wconf 92' lang='lat' dir='ltr'><strong>quoniam</strong></span> <span class='ocrx_word' id='word_1_387' title='bbox 2769 2012 3114 2073; x_wconf 77' lang='lat' dir='ltr'><strong>conspectuin</strong></span> <span class='ocrx_word' id='word_1_388' title='bbox 3183 2003 3326 2071; x_wconf 81' lang='lat' dir='ltr'><strong>fuit;</strong></span> <span class='ocrx_word' id='word_1_389' title='bbox 3363 2005 3407 2059; x_wconf 91' lang='lat' dir='ltr'><strong>si</strong></span> <span class='ocrx_word' id='word_1_390' title='bbox 3469 2005 3637 2076; x_wconf 85' lang='lat' dir='ltr'><strong>inglo-</strong></span> 
     </span>
    </p>
   </div>
   <div class='ocr_carea' id='block_1_50' title="bbox 2041 2085 3639 2169">
    <p class='ocr_par' dir='ltr' id='par_1_50' title="bbox 2041 2085 3639 2169">
     <span class='ocr_line' id='line_1_50' title="bbox 2041 2085 3639 2169; baseline 0.001 -17"><span class='ocrx_word' id='word_1_391' title='bbox 2041 2098 2193 2161; x_wconf 90' lang='lat' dir='ltr'><strong>rius,</strong></span> <span class='ocrx_word' id='word_1_392' title='bbox 2241 2097 2285 2151; x_wconf 90' lang='lat' dir='ltr'><strong>si</strong></span> <span class='ocrx_word' id='word_1_393' title='bbox 2351 2095 2645 2166; x_wconf 82' lang='lat' dir='ltr'><strong>ignobilis,</strong></span> <span class='ocrx_word' id='word_1_394' title='bbox 2679 2095 2724 2149; x_wconf 88' lang='lat' dir='ltr'><strong>si</strong></span> <span class='ocrx_word' id='word_1_395' title='bbox 2772 2085 3280 2169; x_wconf 85' lang='lat' dir='ltr'><strong>iuhonorabilis(b),</strong></span> <span class='ocrx_word' id='word_1_396' title='bbox 3329 2112 3481 2152; x_wconf 90' lang='lat' dir='ltr'><strong>meus</strong></span> <span class='ocrx_word' id='word_1_397' title='bbox 3532 2098 3639 2154; x_wconf 91' lang='lat' dir='ltr'><strong>erit</strong></span> 
     </span>
    </p>
   </div>
   <div class='ocr_carea' id='block_1_51' title="bbox 2033 2174 3622 2258">
    <p class='ocr_par' dir='ltr' id='par_1_51' title="bbox 2033 2174 3622 2258">
     <span class='ocr_line' id='line_1_51' title="bbox 2033 2174 3622 2258; baseline -0.001 -12"><span class='ocrx_word' id='word_1_398' title='bbox 2033 2190 2282 2246; x_wconf 85' lang='lat' dir='ltr'><strong>Christus</strong></span> <span class='ocrx_word' id='word_1_399' title='bbox 2307 2208 2320 2244; x_wconf 88' lang='lat'><strong>:</strong></span> <span class='ocrx_word' id='word_1_400' title='bbox 2343 2189 2462 2244; x_wconf 89' lang='lat' dir='ltr'><strong>talis</strong></span> <span class='ocrx_word' id='word_1_401' title='bbox 2489 2174 2630 2243; x_wconf 86' lang='lat' dir='ltr'><strong>enim</strong></span> <span class='ocrx_word' id='word_1_402' title='bbox 2651 2187 2832 2242; x_wconf 88' lang='lat' dir='ltr'><strong>habitu</strong></span> <span class='ocrx_word' id='word_1_403' title='bbox 2861 2197 2916 2243; x_wconf 89' lang='lat' dir='ltr'><strong>et</strong></span> <span class='ocrx_word' id='word_1_404' title='bbox 2937 2199 3157 2258; x_wconf 90' lang='lat' dir='ltr'><strong>aspectu</strong></span> <span class='ocrx_word' id='word_1_405' title='bbox 3183 2191 3622 2245; x_wconf 89' lang='lat' dir='ltr'><strong>auuuntiabatur.</strong></span> 
     </span>
    </p>
   </div>
   <div class='ocr_carea' id='block_1_52' title="bbox 2032 2281 3632 2356">
    <p class='ocr_par' dir='ltr' id='par_1_52' title="bbox 2032 2281 3632 2356">
     <span class='ocr_line' id='line_1_52' title="bbox 2032 2281 3632 2356; baseline -0.001 -16"><span class='ocrx_word' id='word_1_406' title='bbox 2032 2283 2200 2340; x_wconf 82' lang='lat' dir='ltr'><strong>Adest</strong></span> <span class='ocrx_word' id='word_1_407' title='bbox 2229 2298 2417 2338; x_wconf 89' lang='lat' dir='ltr'><strong>rursus</strong></span> <span class='ocrx_word' id='word_1_408' title='bbox 2463 2281 2627 2336; x_wconf 89' lang='lat' dir='ltr'><strong>Isaias</strong></span> <span class='ocrx_word' id='word_1_409' title='bbox 2659 2281 2761 2356; x_wconf 88' lang='lat' dir='ltr'><strong>(Is.</strong></span> <span class='ocrx_word' id='word_1_410' title='bbox 2795 2281 2944 2348; x_wconf 89' lang='lat' dir='ltr'><strong>LIII,</strong></span> <span class='ocrx_word' id='word_1_411' title='bbox 2978 2281 3106 2354; x_wconf 71' lang='grc'><strong>1-2)</strong></span> <span class='ocrx_word' id='word_1_412' title='bbox 3133 2300 3147 2338; x_wconf 88' lang='lat'><strong>:</strong></span> <span class='ocrx_word' id='word_1_413' title='bbox 3175 2284 3632 2353; x_wconf 83' lang='lat' dir='ltr'><strong>Annuntiavinms,</strong></span> 
     </span>
    </p>
   </div>
   <div class='ocr_carea' id='block_1_53' title="bbox 2033 2373 3634 2446">
    <p class='ocr_par' dir='ltr' id='par_1_53' title="bbox 2033 2373 3634 2446">
     <span class='ocr_line' id='line_1_53' title="bbox 2033 2373 3634 2446; baseline 0.001 -16"><span class='ocrx_word' id='word_1_414' title='bbox 2033 2375 2244 2446; x_wconf 85' lang='lat' dir='ltr'><strong>inquit,</strong></span> <span class='ocrx_word' id='word_1_415' title='bbox 2281 2390 2454 2429; x_wconf 87' lang='lat' dir='ltr'><strong>coram</strong></span> <span class='ocrx_word' id='word_1_416' title='bbox 2508 2375 2621 2445; x_wconf 85' lang='lat' dir='ltr'><strong>ipso</strong></span> <span class='ocrx_word' id='word_1_417' title='bbox 2651 2391 2671 2440; x_wconf 87' lang='lat'><strong><em>;</em></strong></span> <span class='ocrx_word' id='word_1_418' title='bbox 2707 2373 2839 2428; x_wconf 84' lang='lat' dir='ltr'><strong>velut</strong></span> <span class='ocrx_word' id='word_1_419' title='bbox 2885 2376 3129 2444; x_wconf 81' lang='lat' dir='ltr'><strong>puerulus</strong></span> <span class='ocrx_word' id='word_1_420' title='bbox 3155 2418 3168 2439; x_wconf 96' lang='lat'><strong>,</strong></span> <span class='ocrx_word' id='word_1_421' title='bbox 3210 2374 3344 2429; x_wconf 83' lang='lat' dir='ltr'><strong>velut</strong></span> <span class='ocrx_word' id='word_1_422' title='bbox 3391 2377 3544 2430; x_wconf 76' lang='lat' dir='ltr'><strong>radix</strong></span> <span class='ocrx_word' id='word_1_423' title='bbox 3579 2379 3634 2432; x_wconf 88' lang='lat' dir='ltr'><strong>in</strong></span> 
     </span>
    </p>
   </div>
   <div class='ocr_carea' id='block_1_54' title="bbox 2031 2466 3633 2538">
    <p class='ocr_par' dir='ltr' id='par_1_54' title="bbox 2031 2466 3633 2538">
     <span class='ocr_line' id='line_1_54' title="bbox 2031 2466 3633 2538; baseline 0.002 -17"><span class='ocrx_word' id='word_1_424' title='bbox 2031 2476 2166 2522; x_wconf 86' lang='lat' dir='ltr'><strong>terra</strong></span> <span class='ocrx_word' id='word_1_425' title='bbox 2203 2466 2429 2531; x_wconf 80' lang='lat' dir='ltr'><strong>sitienti,</strong></span> <span class='ocrx_word' id='word_1_426' title='bbox 2463 2475 2510 2520; x_wconf 87' lang='lat' dir='ltr'><strong>et</strong></span> <span class='ocrx_word' id='word_1_427' title='bbox 2545 2482 2647 2520; x_wconf 88' lang='lat' dir='ltr'><strong>non</strong></span> <span class='ocrx_word' id='word_1_428' title='bbox 2694 2477 2764 2520; x_wconf 86' lang='lat' dir='ltr'><strong>est</strong></span> <span class='ocrx_word' id='word_1_429' title='bbox 2809 2467 2998 2536; x_wconf 82' lang='lat' dir='ltr'><strong>species</strong></span> <span class='ocrx_word' id='word_1_430' title='bbox 3044 2467 3162 2536; x_wconf 78' lang='lat' dir='ltr'><strong>ejus</strong></span> <span class='ocrx_word' id='word_1_431' title='bbox 3176 2483 3335 2537; x_wconf 83' lang='lat' dir='ltr'><strong>neque</strong></span> <span class='ocrx_word' id='word_1_432' title='bbox 3355 2469 3519 2538; x_wconf 85' lang='lat' dir='ltr'><strong>gloria</strong></span> <span class='ocrx_word' id='word_1_433' title='bbox 3546 2486 3561 2534; x_wconf 92' lang='lat'><strong>;</strong></span> <span class='ocrx_word' id='word_1_434' title='bbox 3585 2482 3633 2524; x_wconf 87' lang='lat' dir='ltr'><strong>et</strong></span> 
     </span>
    </p>
   </div>
   <div class='ocr_carea' id='block_1_55' title="bbox 2029 2557 3629 2630">
    <p class='ocr_par' dir='ltr' id='par_1_55' title="bbox 2029 2557 3629 2630">
     <span class='ocr_line' id='line_1_55' title="bbox 2029 2557 3629 2630; baseline 0.001 -17"><span class='ocrx_word' id='word_1_435' title='bbox 2029 2559 2246 2614; x_wconf 87' lang='lat' dir='ltr'><strong>vidimus</strong></span> <span class='ocrx_word' id='word_1_436' title='bbox 2270 2574 2383 2612; x_wconf 89' lang='lat' dir='ltr'><strong>eum</strong></span> <span class='ocrx_word' id='word_1_437' title='bbox 2409 2601 2426 2627; x_wconf 90' lang='lat'><strong>,</strong></span> <span class='ocrx_word' id='word_1_438' title='bbox 2457 2569 2504 2612; x_wconf 86' lang='lat' dir='ltr'><strong>et</strong></span> <span class='ocrx_word' id='word_1_439' title='bbox 2543 2575 2644 2612; x_wconf 90' lang='lat' dir='ltr'><strong>non</strong></span> <span class='ocrx_word' id='word_1_440' title='bbox 2672 2557 2885 2612; x_wconf 70' lang='lat' dir='ltr'><strong>habebat</strong></span> <span class='ocrx_word' id='word_1_441' title='bbox 2909 2559 3127 2629; x_wconf 75' lang='lat' dir='ltr'><strong>speciem</strong></span> <span class='ocrx_word' id='word_1_442' title='bbox 3158 2575 3317 2630; x_wconf 86' lang='lat' dir='ltr'><strong>neque</strong></span> <span class='ocrx_word' id='word_1_443' title='bbox 3350 2560 3579 2616; x_wconf 89' lang='lat' dir='ltr'><strong>decorem</strong></span> <span class='ocrx_word' id='word_1_444' title='bbox 3608 2581 3629 2630; x_wconf 75' lang='lat'><strong>,-</strong></span> 
     </span>
    </p>
   </div>
   <div class='ocr_carea' id='block_1_56' title="bbox 2028 2650 3630 2722">
    <p class='ocr_par' dir='ltr' id='par_1_56' title="bbox 2028 2650 3630 2722">
     <span class='ocr_line' id='line_1_56' title="bbox 2028 2650 3630 2722; baseline 0.001 -15"><span class='ocrx_word' id='word_1_445' title='bbox 2028 2651 2117 2707; x_wconf 84' lang='lat' dir='ltr'><strong>sed</strong></span> <span class='ocrx_word' id='word_1_446' title='bbox 2176 2652 2366 2722; x_wconf 87' lang='lat' dir='ltr'><strong>species</strong></span> <span class='ocrx_word' id='word_1_447' title='bbox 2431 2652 2544 2721; x_wconf 84' lang='lat' dir='ltr'><strong>ejus</strong></span> <span class='ocrx_word' id='word_1_448' title='bbox 2609 2650 2915 2705; x_wconf 87' lang='lat' dir='ltr'><strong>inhonorata</strong></span> <span class='ocrx_word' id='word_1_449' title='bbox 2946 2691 2960 2714; x_wconf 92' lang='lat'><strong>,</strong></span> <span class='ocrx_word' id='word_1_450' title='bbox 3012 2651 3253 2720; x_wconf 79' lang='lat' dir='ltr'><strong>deﬁciens</strong></span> <span class='ocrx_word' id='word_1_451' title='bbox 3322 2654 3451 2707; x_wconf 87' lang='lat' dir='ltr'><strong>citra</strong></span> <span class='ocrx_word' id='word_1_452' title='bbox 3521 2673 3630 2709; x_wconf 87' lang='lat' dir='ltr'><strong>ont-</strong></span> 
     </span>
    </p>
   </div>
   <div class='ocr_carea' id='block_1_57' title="bbox 2027 2741 3624 2814">
    <p class='ocr_par' dir='ltr' id='par_1_57' title="bbox 2027 2741 3624 2814">
     <span class='ocr_line' id='line_1_57' title="bbox 2027 2741 3624 2814; baseline 0.001 -15"><span class='ocrx_word' id='word_1_453' title='bbox 2027 2761 2115 2801; x_wconf 87' lang='lat' dir='ltr'><strong>nes</strong></span> <span class='ocrx_word' id='word_1_454' title='bbox 2165 2745 2418 2798; x_wconf 83' lang='lat' dir='ltr'><strong>homines.</strong></span> <span class='ocrx_word' id='word_1_455' title='bbox 2465 2741 2618 2800; x_wconf 87' lang='lat' dir='ltr'><strong>Sicut</strong></span> <span class='ocrx_word' id='word_1_456' title='bbox 2659 2753 2712 2798; x_wconf 93' lang='lat' dir='ltr'><strong>et</strong></span> <span class='ocrx_word' id='word_1_457' title='bbox 2756 2759 2918 2814; x_wconf 87' lang='lat' dir='ltr'><strong>supra</strong></span> <span class='ocrx_word' id='word_1_458' title='bbox 2945 2742 3118 2798; x_wconf 74' lang='lat' dir='ltr'><strong>Patris</strong></span> <span class='ocrx_word' id='word_1_459' title='bbox 3144 2743 3210 2798; x_wconf 88' lang='lat' dir='ltr'><strong>ad</strong></span> <span class='ocrx_word' id='word_1_460' title='bbox 3246 2744 3437 2800; x_wconf 84' lang='lat' dir='ltr'><strong>Filium</strong></span> <span class='ocrx_word' id='word_1_461' title='bbox 3493 2763 3624 2813; x_wconf 82' lang='lat' dir='ltr'><strong>vox,</strong></span> 
     </span>
    </p>
   </div>
   <div class='ocr_carea' id='block_1_58' title="bbox 2026 2833 3629 2908">
    <p class='ocr_par' dir='ltr' id='par_1_58' title="bbox 2026 2833 3629 2908">
     <span class='ocr_line' id='line_1_58' title="bbox 2026 2833 3629 2908; baseline 0.002 -19"><span class='ocrx_word' id='word_1_462' title='bbox 2026 2837 2045 2908; x_wconf 89' lang='lat'><strong>(</strong></span> <span class='ocrx_word' id='word_1_463' title='bbox 2084 2835 2183 2900; x_wconf 88' lang='lat' dir='ltr'><strong>ls.,</strong></span> <span class='ocrx_word' id='word_1_464' title='bbox 2236 2833 2341 2898; x_wconf 89' lang='lat' dir='ltr'><strong>LII,</strong></span> <span class='ocrx_word' id='word_1_465' title='bbox 2395 2835 2463 2890; x_wconf 80' lang='grc'><strong>14</strong></span> <span class='ocrx_word' id='word_1_466' title='bbox 2508 2835 2526 2907; x_wconf 92' lang='grc'><strong>)</strong></span> <span class='ocrx_word' id='word_1_467' title='bbox 2565 2853 2577 2889; x_wconf 91' lang='lat'>:</span> <span class='ocrx_word' id='word_1_468' title='bbox 2629 2833 3069 2900; x_wconf 83' lang='lat' dir='ltr'><strong>Quemadmodum</strong></span> <span class='ocrx_word' id='word_1_469' title='bbox 3108 2846 3436 2905; x_wconf 67' lang='lat' dir='ltr'><strong>expavescent</strong></span> <span class='ocrx_word' id='word_1_470' title='bbox 3480 2840 3629 2894; x_wconf 86' lang='lat' dir='ltr'><strong>multi</strong></span> 
     </span>
    </p>
   </div>
   <div class='ocr_carea' id='block_1_59' title="bbox 2023 2925 3628 3000">
    <p class='ocr_par' dir='ltr' id='par_1_59' title="bbox 2023 2925 3628 3000">
     <span class='ocr_line' id='line_1_59' title="bbox 2023 2925 3628 3000; baseline 0.001 -16"><span class='ocrx_word' id='word_1_471' title='bbox 2023 2946 2177 3000; x_wconf 83' lang='lat' dir='ltr'><strong>super</strong></span> <span class='ocrx_word' id='word_1_472' title='bbox 2218 2939 2265 2982; x_wconf 89' lang='lat' dir='ltr'><strong>te</strong></span> <span class='ocrx_word' id='word_1_473' title='bbox 2286 2931 2382 3000; x_wconf 77' lang='grc' dir='ltr'><strong>(ε),</strong></span> <span class='ocrx_word' id='word_1_474' title='bbox 2410 2928 2486 2982; x_wconf 86' lang='lat' dir='ltr'><strong>sic</strong></span> <span class='ocrx_word' id='word_1_475' title='bbox 2531 2928 2641 2981; x_wconf 88' lang='lat' dir='ltr'><strong>sine</strong></span> <span class='ocrx_word' id='word_1_476' title='bbox 2688 2926 2856 2998; x_wconf 86' lang='lat' dir='ltr'><strong>gloria</strong></span> <span class='ocrx_word' id='word_1_477' title='bbox 2891 2927 2985 2980; x_wconf 89' lang='lat' dir='ltr'><strong>erit</strong></span> <span class='ocrx_word' id='word_1_478' title='bbox 3033 2925 3097 2980; x_wconf 83' lang='lat' dir='ltr'><strong>ab</strong></span> <span class='ocrx_word' id='word_1_479' title='bbox 3139 2928 3430 2982; x_wconf 86' lang='lat' dir='ltr'><strong>hominibus</strong></span> <span class='ocrx_word' id='word_1_480' title='bbox 3457 2930 3628 2998; x_wconf 81' lang='lat' dir='ltr'><strong>{arma</strong></span> 
     </span>
    </p>
   </div>
   <div class='ocr_carea' id='block_1_60' title="bbox 2025 3019 3626 3092">
    <p class='ocr_par' dir='ltr' id='par_1_60' title="bbox 2025 3019 3626 3092">
     <span class='ocr_line' id='line_1_60' title="bbox 2025 3019 3626 3092; baseline 0 -13"><span class='ocrx_word' id='word_1_481' title='bbox 2025 3035 2135 3079; x_wconf 87' lang='lat' dir='ltr'><strong>tua.</strong></span> <span class='ocrx_word' id='word_1_482' title='bbox 2187 3023 2317 3078; x_wconf 92' lang='lat' dir='ltr'><strong>Nam</strong></span> <span class='ocrx_word' id='word_1_483' title='bbox 2367 3021 2466 3077; x_wconf 90' lang='lat' dir='ltr'><strong>etsi</strong></span> <span class='ocrx_word' id='word_1_484' title='bbox 2519 3021 2836 3092; x_wconf 84' lang='lat' dir='ltr'><strong>tempestivus</strong></span> <span class='ocrx_word' id='word_1_485' title='bbox 2885 3019 3068 3074; x_wconf 89' lang='lat' dir='ltr'><strong>decore</strong></span> <span class='ocrx_word' id='word_1_486' title='bbox 3099 3020 3213 3089; x_wconf 87' lang='lat' dir='ltr'><strong>(d),</strong></span> <span class='ocrx_word' id='word_1_487' title='bbox 3266 3022 3403 3091; x_wconf 89' lang='lat' dir='ltr'><strong>apud</strong></span> <span class='ocrx_word' id='word_1_488' title='bbox 3460 3022 3626 3090; x_wconf 83' lang='lat' dir='ltr'><strong>David</strong></span> 
     </span>
    </p>
   </div>
   <div class='ocr_carea' id='block_1_61' title="bbox 2028 3106 3625 3188">
    <p class='ocr_par' dir='ltr' id='par_1_61' title="bbox 2028 3106 3625 3188">
     <span class='ocr_line' id='line_1_61' title="bbox 2028 3106 3625 3188; baseline 0 -18"><span class='ocrx_word' id='word_1_489' title='bbox 2028 3115 2144 3188; x_wconf 82' lang='lat' dir='ltr'><strong>(Ps.</strong></span> <span class='ocrx_word' id='word_1_490' title='bbox 2173 3113 2358 3181; x_wconf 78' lang='lat' dir='ltr'><strong>XLIV,</strong></span> <span class='ocrx_word' id='word_1_491' title='bbox 2384 3114 2464 3185; x_wconf 80' lang='lat'><strong>5).</strong></span> <span class='ocrx_word' id='word_1_492' title='bbox 2493 3106 2652 3184; x_wconf 81' lang='lat' dir='ltr'><strong>supra</strong></span> <span class='ocrx_word' id='word_1_493' title='bbox 2672 3113 2807 3182; x_wconf 86' lang='lat' dir='ltr'><strong>ﬁlios</strong></span> <span class='ocrx_word' id='word_1_494' title='bbox 2829 3111 3123 3177; x_wconf 81' lang='lat' dir='ltr'><strong>hominum;</strong></span> <span class='ocrx_word' id='word_1_495' title='bbox 3145 3110 3238 3167; x_wconf 87' lang='lat' dir='ltr'><strong>sed</strong></span> <span class='ocrx_word' id='word_1_496' title='bbox 3263 3113 3312 3166; x_wconf 88' lang='lat' dir='ltr'><strong>iu</strong></span> <span class='ocrx_word' id='word_1_497' title='bbox 3335 3113 3625 3183; x_wconf 76' lang='lat' dir='ltr'><strong>allegorica</strong></span> 
     </span>
    </p>
   </div>
   <div class='ocr_carea' id='block_1_62' title="bbox 318 3202 3618 3280">
    <p class='ocr_par' dir='ltr' id='par_1_62' title="bbox 318 3202 3618 3280">
     <span class='ocr_line' id='line_1_62' title="bbox 318 3202 3618 3280; baseline 0.001 -22"><span class='ocrx_word' id='word_1_498' title='bbox 318 3207 428 3258; x_wconf 81' lang='lat' dir='ltr'><strong>rari</strong></span> <span class='ocrx_word' id='word_1_499' title='bbox 457 3206 546 3260; x_wconf 80' lang='lat' dir='ltr'><strong>tibi</strong></span> <span class='ocrx_word' id='word_1_500' title='bbox 578 3223 589 3258; x_wconf 90' lang='lat'>:</span> <span class='ocrx_word' id='word_1_501' title='bbox 623 3206 826 3260; x_wconf 86' lang='lat' dir='ltr'><strong>intende</strong></span> <span class='ocrx_word' id='word_1_502' title='bbox 866 3207 980 3271; x_wconf 89' lang='lat' dir='ltr'><strong>illi,</strong></span> <span class='ocrx_word' id='word_1_503' title='bbox 1010 3215 1058 3261; x_wconf 91' lang='lat' dir='ltr'><strong>et</strong></span> <span class='ocrx_word' id='word_1_504' title='bbox 1087 3207 1272 3261; x_wconf 73' lang='lat' dir='ltr'><strong>exaudi</strong></span> <span class='ocrx_word' id='word_1_505' title='bbox 1302 3224 1456 3274; x_wconf 78' lang='lat' dir='ltr'><strong>eunt;</strong></span> <span class='ocrx_word' id='word_1_506' title='bbox 1486 3224 1548 3261; x_wconf 92' lang='lat' dir='ltr'><strong>ne</strong></span> <span class='ocrx_word' id='word_1_507' title='bbox 1575 3206 1918 3262; x_wconf 86' lang='lat' dir='ltr'><strong>inobaudieris</strong></span> <span class='ocrx_word' id='word_1_508' title='bbox 1945 3202 1989 3264; x_wconf 91' lang='lat' dir='ltr'><strong>C</strong></span> <span class='ocrx_word' id='word_1_509' title='bbox 2025 3209 2116 3266; x_wconf 91' lang='lat' dir='ltr'><strong>illo</strong></span> <span class='ocrx_word' id='word_1_510' title='bbox 2143 3219 2282 3264; x_wconf 87' lang='lat' dir='ltr'><strong>statu</strong></span> <span class='ocrx_word' id='word_1_511' title='bbox 2319 3209 2502 3278; x_wconf 67' lang='lat' dir='ltr'><strong>gratiae</strong></span> <span class='ocrx_word' id='word_1_512' title='bbox 2533 3205 2807 3276; x_wconf 81' lang='lat' dir='ltr'><strong>Spiritalis,</strong></span> <span class='ocrx_word' id='word_1_513' title='bbox 2839 3219 2961 3259; x_wconf 90' lang='lat' dir='ltr'><strong>cum</strong></span> <span class='ocrx_word' id='word_1_514' title='bbox 2994 3205 3286 3276; x_wconf 87' lang='lat' dir='ltr'><strong>accingitur</strong></span> <span class='ocrx_word' id='word_1_515' title='bbox 3325 3221 3508 3262; x_wconf 89' lang='lat' dir='ltr'><strong>ensem</strong></span> <span class='ocrx_word' id='word_1_516' title='bbox 3537 3207 3618 3280; x_wconf 87' lang='grc'><strong>(6)</strong></span> 
     </span>
    </p>
   </div>
   <div class='ocr_carea' id='block_1_63' title="bbox 318 3298 1918 3370">
    <p class='ocr_par' dir='ltr' id='par_1_63' title="bbox 318 3298 1918 3370">
     <span class='ocr_line' id='line_1_63' title="bbox 318 3298 1918 3370; baseline 0.001 -19"><span class='ocrx_word' id='word_1_517' title='bbox 318 3313 431 3351; x_wconf 88' lang='lat' dir='ltr'><strong>eum</strong></span> <span class='ocrx_word' id='word_1_518' title='bbox 462 3313 480 3351; x_wconf 90' lang='lat'><strong><em>:</em></strong></span> <span class='ocrx_word' id='word_1_519' title='bbox 506 3314 605 3351; x_wconf 91' lang='lat' dir='ltr'><strong>non</strong></span> <span class='ocrx_word' id='word_1_520' title='bbox 641 3300 774 3352; x_wconf 87' lang='lat' dir='ltr'><strong>enim</strong></span> <span class='ocrx_word' id='word_1_521' title='bbox 815 3298 992 3352; x_wconf 77' lang='lat' dir='ltr'><strong>celavit</strong></span> <span class='ocrx_word' id='word_1_522' title='bbox 1023 3298 1100 3370; x_wconf 77' lang='grc'><strong>(4)</strong></span> <span class='ocrx_word' id='word_1_523' title='bbox 1129 3309 1210 3364; x_wconf 88' lang='lat' dir='ltr'><strong>te,</strong></span> <span class='ocrx_word' id='word_1_524' title='bbox 1240 3300 1479 3368; x_wconf 87' lang='lat' dir='ltr'><strong>quoniam</strong></span> <span class='ocrx_word' id='word_1_525' title='bbox 1524 3315 1705 3354; x_wconf 88' lang='lat' dir='ltr'><strong>nomen</strong></span> <span class='ocrx_word' id='word_1_526' title='bbox 1751 3316 1918 3354; x_wconf 88' lang='lat' dir='ltr'><strong>meum</strong></span> 
     </span>
    </p>
   </div>
   <div class='ocr_carea' id='block_1_64' title="bbox 316 3391 1918 3466">
    <p class='ocr_par' dir='ltr' id='par_1_64' title="bbox 316 3391 1918 3466">
     <span class='ocr_line' id='line_1_64' title="bbox 316 3391 1918 3466; baseline 0.002 -22"><span class='ocrx_word' id='word_1_527' title='bbox 316 3407 470 3456; x_wconf 83' lang='lat' dir='ltr'><strong>super</strong></span> <span class='ocrx_word' id='word_1_528' title='bbox 497 3391 641 3466; x_wconf 76' lang='lat' dir='ltr'><strong>illum</strong></span> <span class='ocrx_word' id='word_1_529' title='bbox 671 3403 760 3446; x_wconf 80' lang='lat' dir='ltr'><strong>est.</strong></span> <span class='ocrx_word' id='word_1_530' title='bbox 799 3392 1058 3463; x_wconf 76' lang='lat' dir='ltr'><strong>Angelutn</strong></span> <span class='ocrx_word' id='word_1_531' title='bbox 1101 3392 1316 3463; x_wconf 89' lang='lat' dir='ltr'><strong>quidem</strong></span> <span class='ocrx_word' id='word_1_532' title='bbox 1356 3407 1482 3448; x_wconf 87' lang='lat' dir='ltr'><strong>eum</strong></span> <span class='ocrx_word' id='word_1_533' title='bbox 1511 3392 1679 3458; x_wconf 75' lang='lat' dir='ltr'><strong>dixit,</strong></span> <span class='ocrx_word' id='word_1_534' title='bbox 1713 3392 1783 3447; x_wconf 90' lang='lat' dir='ltr'><strong>oh</strong></span> <span class='ocrx_word' id='word_1_535' title='bbox 1812 3408 1918 3448; x_wconf 82' lang='lat' dir='ltr'><strong>ma-</strong></span> 
     </span>
    </p>
   </div>
   <div class='ocr_carea' id='block_1_65' title="bbox 315 3485 1914 3556">
    <p class='ocr_par' dir='ltr' id='par_1_65' title="bbox 315 3485 1914 3556">
     <span class='ocr_line' id='line_1_65' title="bbox 315 3485 1914 3556; baseline 0.002 -19"><span class='ocrx_word' id='word_1_536' title='bbox 315 3485 649 3554; x_wconf 85' lang='lat' dir='ltr'><strong>gnitudinem</strong></span> <span class='ocrx_word' id='word_1_537' title='bbox 679 3487 934 3541; x_wconf 90' lang='lat' dir='ltr'><strong>virtutum</strong></span> <span class='ocrx_word' id='word_1_538' title='bbox 981 3502 1114 3556; x_wconf 87' lang='lat' dir='ltr'><strong>quas</strong></span> <span class='ocrx_word' id='word_1_539' title='bbox 1157 3494 1276 3541; x_wconf 90' lang='lat' dir='ltr'><strong>erat</strong></span> <span class='ocrx_word' id='word_1_540' title='bbox 1319 3485 1601 3549; x_wconf 87' lang='lat' dir='ltr'><strong>editurus,</strong></span> <span class='ocrx_word' id='word_1_541' title='bbox 1658 3496 1712 3543; x_wconf 90' lang='lat' dir='ltr'><strong>et</strong></span> <span class='ocrx_word' id='word_1_542' title='bbox 1741 3487 1914 3540; x_wconf 78' lang='lat' dir='ltr'><strong>obol-</strong></span> 
     </span>
    </p>
   </div>
   <div class='ocr_carea' id='block_1_66' title="bbox 317 3577 1914 3646">
    <p class='ocr_par' dir='ltr' id='par_1_66' title="bbox 317 3577 1914 3646">
     <span class='ocr_line' id='line_1_66' title="bbox 317 3577 1914 3646; baseline 0.003 -16"><span class='ocrx_word' id='word_1_543' title='bbox 317 3577 498 3631; x_wconf 87' lang='lat' dir='ltr'><strong>ﬁeium</strong></span> <span class='ocrx_word' id='word_1_544' title='bbox 538 3578 819 3646; x_wconf 75' lang='lat' dir='ltr'><strong>Propheta:</strong></span> <span class='ocrx_word' id='word_1_545' title='bbox 841 3619 856 3644; x_wconf 91' lang='lat'><strong>,</strong></span> <span class='ocrx_word' id='word_1_546' title='bbox 891 3578 1186 3632; x_wconf 91' lang='lat' dir='ltr'><strong>nuntiantis</strong></span> <span class='ocrx_word' id='word_1_547' title='bbox 1223 3578 1431 3633; x_wconf 90' lang='lat' dir='ltr'><strong>scilicet</strong></span> <span class='ocrx_word' id='word_1_548' title='bbox 1459 3579 1692 3632; x_wconf 83' lang='lat' dir='ltr'><strong>divinam</strong></span> <span class='ocrx_word' id='word_1_549' title='bbox 1724 3579 1914 3642; x_wconf 85' lang='lat' dir='ltr'><strong>volun-</strong></span> 
     </span>
    </p>
   </div>
   <div class='ocr_carea' id='block_1_67' title="bbox 313 3669 1911 3738">
    <p class='ocr_par' dir='ltr' id='par_1_67' title="bbox 313 3669 1911 3738">
     <span class='ocr_line' id='line_1_67' title="bbox 313 3669 1911 3738; baseline 0.003 -15"><span class='ocrx_word' id='word_1_550' title='bbox 313 3669 730 3736; x_wconf 83' lang='lat' dir='ltr'><strong>tatem;.lesum</strong></span> <span class='ocrx_word' id='word_1_551' title='bbox 777 3681 992 3738; x_wconf 90' lang='lat' dir='ltr'><strong>autem,</strong></span> <span class='ocrx_word' id='word_1_552' title='bbox 1021 3671 1091 3725; x_wconf 85' lang='lat' dir='ltr'><strong>ob</strong></span> <span class='ocrx_word' id='word_1_553' title='bbox 1142 3673 1373 3728; x_wconf 82' lang='lat' dir='ltr'><strong>nominis</strong></span> <span class='ocrx_word' id='word_1_554' title='bbox 1420 3673 1499 3726; x_wconf 91' lang='lat' dir='ltr'><strong>sui</strong></span> <span class='ocrx_word' id='word_1_555' title='bbox 1547 3671 1710 3727; x_wconf 85' lang='lat' dir='ltr'><strong>futuri</strong></span> <span class='ocrx_word' id='word_1_556' title='bbox 1738 3688 1911 3728; x_wconf 87' lang='lat' dir='ltr'><strong>sacra-</strong></span> 
     </span>
    </p>
   </div>
   <div class='ocr_carea' id='block_1_68' title="bbox 314 3764 1909 3837">
    <p class='ocr_par' dir='ltr' id='par_1_68' title="bbox 314 3764 1909 3837">
     <span class='ocr_line' id='line_1_68' title="bbox 314 3764 1909 3837; baseline 0.004 -21"><span class='ocrx_word' id='word_1_557' title='bbox 314 3773 576 3819; x_wconf 87' lang='lat' dir='ltr'><strong>mentum.</strong></span> <span class='ocrx_word' id='word_1_558' title='bbox 606 3765 898 3820; x_wconf 76' lang='lat' dir='ltr'><strong>Idemidem</strong></span> <span class='ocrx_word' id='word_1_559' title='bbox 943 3781 1137 3821; x_wconf 84' lang='lat' dir='ltr'><strong>nomen</strong></span> <span class='ocrx_word' id='word_1_560' title='bbox 1179 3764 1334 3820; x_wconf 81' lang='lat' dir='ltr'><strong>su‘um</strong></span> <span class='ocrx_word' id='word_1_561' title='bbox 1364 3765 1705 3823; x_wconf 82' lang='lat' dir='ltr'><strong>conﬁrmavit</strong></span> <span class='ocrx_word' id='word_1_562' title='bbox 1724 3809 1739 3833; x_wconf 97' lang='lat'><strong>,</strong></span> <span class='ocrx_word' id='word_1_563' title='bbox 1767 3766 1909 3837; x_wconf 84' lang='lat' dir='ltr'><strong>quod</strong></span> 
     </span>
    </p>
   </div>
   <div class='ocr_carea' id='block_1_69' title="bbox 312 3858 1907 3935">
    <p class='ocr_par' dir='ltr' id='par_1_69' title="bbox 312 3858 1907 3935">
     <span class='ocr_line' id='line_1_69' title="bbox 312 3858 1907 3935; baseline 0.004 -21"><span class='ocrx_word' id='word_1_564' title='bbox 312 3858 430 3929; x_wconf 88' lang='lat' dir='ltr'><strong>ipse</strong></span> <span class='ocrx_word' id='word_1_565' title='bbox 454 3860 501 3914; x_wconf 91' lang='lat' dir='ltr'><strong>ei</strong></span> <span class='ocrx_word' id='word_1_566' title='bbox 535 3859 801 3916; x_wconf 87' lang='lat' dir='ltr'><strong>indiderat</strong></span> <span class='ocrx_word' id='word_1_567' title='bbox 829 3878 843 3926; x_wconf 90' lang='lat'><strong>;</strong></span> <span class='ocrx_word' id='word_1_568' title='bbox 869 3863 990 3932; x_wconf 83' lang='lat' dir='ltr'><strong>quia</strong></span> <span class='ocrx_word' id='word_1_569' title='bbox 1015 3878 1120 3917; x_wconf 91' lang='lat' dir='ltr'><strong>non</strong></span> <span class='ocrx_word' id='word_1_570' title='bbox 1151 3865 1435 3935; x_wconf 83' lang='lat' dir='ltr'><strong>angelum,</strong></span> <span class='ocrx_word' id='word_1_571' title='bbox 1460 3879 1559 3921; x_wconf 90' lang='lat' dir='ltr'><strong>nec</strong></span> <span class='ocrx_word' id='word_1_572' title='bbox 1581 3868 1786 3934; x_wconf 84' lang='lat' dir='ltr'><strong>Ausen,</strong></span> <span class='ocrx_word' id='word_1_573' title='bbox 1813 3863 1907 3921; x_wconf 90' lang='lat' dir='ltr'><strong>sed</strong></span> 
     </span>
    </p>
   </div>
   <div class='ocr_carea' id='block_1_70' title="bbox 311 3949 1911 4029">
    <p class='ocr_par' dir='ltr' id='par_1_70' title="bbox 311 3949 1911 4029">
     <span class='ocr_line' id='line_1_70' title="bbox 311 3949 1911 4029; baseline 0.003 -23"><span class='ocrx_word' id='word_1_574' title='bbox 311 3949 493 4008; x_wconf 86' lang='lat' dir='ltr'><strong>Jesum</strong></span> <span class='ocrx_word' id='word_1_575' title='bbox 525 3968 645 4009; x_wconf 91' lang='lat' dir='ltr'><strong>eum</strong></span> <span class='ocrx_word' id='word_1_576' title='bbox 679 3953 917 4025; x_wconf 87' lang='lat' dir='ltr'><strong>jusserat</strong></span> <span class='ocrx_word' id='word_1_577' title='bbox 958 3955 1154 4013; x_wconf 80' lang='lat' dir='ltr'><strong>exinde</strong></span> <span class='ocrx_word' id='word_1_578' title='bbox 1188 3957 1432 4013; x_wconf 81' lang='lat' dir='ltr'><strong>vocitari.</strong></span> <span class='ocrx_word' id='word_1_579' title='bbox 1466 3959 1608 4029; x_wconf 84' lang='lat' dir='ltr'><strong>Ergo</strong></span> <span class='ocrx_word' id='word_1_580' title='bbox 1633 3959 1678 4014; x_wconf 91' lang='lat' dir='ltr'><strong>si</strong></span> <span class='ocrx_word' id='word_1_581' title='bbox 1711 3966 1911 4013; x_wconf 88' lang='lat' dir='ltr'><strong>utrum-</strong></span> 
     </span>
    </p>
   </div>
   <div class='ocr_carea' id='block_1_71' title="bbox 2023 3296 3623 3370">
    <p class='ocr_par' dir='ltr' id='par_1_71' title="bbox 2023 3296 3623 3370">
     <span class='ocr_line' id='line_1_71' title="bbox 2023 3296 3623 3370; baseline -0.003 -13"><span class='ocrx_word' id='word_1_582' title='bbox 2023 3301 2310 3364; x_wconf 80' lang='lat' dir='ltr'><strong>sermonis,</strong></span> <span class='ocrx_word' id='word_1_583' title='bbox 2343 3301 2429 3370; x_wconf 89' lang='lat' dir='ltr'><strong>qni</strong></span> <span class='ocrx_word' id='word_1_584' title='bbox 2461 3313 2588 3354; x_wconf 81' lang='lat' dir='ltr'><strong>vere</strong></span> <span class='ocrx_word' id='word_1_585' title='bbox 2617 3298 2826 3368; x_wconf 89' lang='lat' dir='ltr'><strong>species</strong></span> <span class='ocrx_word' id='word_1_586' title='bbox 2865 3305 2919 3351; x_wconf 86' lang='lat' dir='ltr'><strong>et</strong></span> <span class='ocrx_word' id='word_1_587' title='bbox 2948 3296 3113 3350; x_wconf 90' lang='lat' dir='ltr'><strong>decor</strong></span> <span class='ocrx_word' id='word_1_588' title='bbox 3152 3307 3206 3352; x_wconf 93' lang='lat' dir='ltr'><strong>et</strong></span> <span class='ocrx_word' id='word_1_589' title='bbox 3243 3298 3409 3367; x_wconf 88' lang='lat' dir='ltr'><strong>gloria</strong></span> <span class='ocrx_word' id='word_1_590' title='bbox 3455 3300 3623 3369; x_wconf 90' lang='lat' dir='ltr'><strong>ipsius</strong></span> 
     </span>
    </p>
   </div>
   <div class='ocr_carea' id='block_1_72' title="bbox 2023 3388 3618 3463">
    <p class='ocr_par' dir='ltr' id='par_1_72' title="bbox 2023 3388 3618 3463">
     <span class='ocr_line' id='line_1_72' title="bbox 2023 3388 3618 3463; baseline -0.003 -14"><span class='ocrx_word' id='word_1_591' title='bbox 2023 3404 2134 3450; x_wconf 88' lang='lat' dir='ltr'><strong>est:</strong></span> <span class='ocrx_word' id='word_1_592' title='bbox 2168 3403 2421 3448; x_wconf 67' lang='lat' dir='ltr'><strong>cauerunt</strong></span> <span class='ocrx_word' id='word_1_593' title='bbox 2453 3392 2525 3463; x_wconf 79' lang='grc' dir='ltr'><strong>(ε)</strong></span> <span class='ocrx_word' id='word_1_594' title='bbox 2559 3391 2746 3445; x_wconf 89' lang='lat' dir='ltr'><strong>habitu</strong></span> <span class='ocrx_word' id='word_1_595' title='bbox 2773 3388 3150 3460; x_wconf 88' lang='lat' dir='ltr'><strong>incorporahili</strong></span> <span class='ocrx_word' id='word_1_596' title='bbox 3185 3389 3266 3459; x_wconf 88' lang='lat'><strong>(7)</strong></span> <span class='ocrx_word' id='word_1_597' title='bbox 3296 3390 3432 3460; x_wconf 88' lang='lat' dir='ltr'><strong>apud</strong></span> <span class='ocrx_word' id='word_1_598' title='bbox 3459 3405 3618 3446; x_wconf 82' lang='lat' dir='ltr'><strong>eum-</strong></span> 
     </span>
    </p>
   </div>
   <div class='ocr_carea' id='block_1_73' title="bbox 2021 3481 3619 3556">
    <p class='ocr_par' dir='ltr' id='par_1_73' title="bbox 2021 3481 3619 3556">
     <span class='ocr_line' id='line_1_73' title="bbox 2021 3481 3619 3556; baseline -0.003 -14"><span class='ocrx_word' id='word_1_599' title='bbox 2021 3488 2140 3542; x_wconf 89' lang='lat' dir='ltr'><strong>dctn</strong></span> <span class='ocrx_word' id='word_1_600' title='bbox 2190 3484 2502 3556; x_wconf 89' lang='lat' dir='ltr'><strong>prophetam</strong></span> <span class='ocrx_word' id='word_1_601' title='bbox 2533 3482 2649 3554; x_wconf 86' lang='lat' dir='ltr'><strong>(Ps.</strong></span> <span class='ocrx_word' id='word_1_602' title='bbox 2695 3481 2837 3548; x_wconf 78' lang='lat' dir='ltr'><strong>XXI,</strong></span> <span class='ocrx_word' id='word_1_603' title='bbox 2881 3481 2962 3551; x_wconf 90' lang='lat'><strong>7),</strong></span> <span class='ocrx_word' id='word_1_604' title='bbox 2994 3483 3175 3536; x_wconf 84' lang='lat' dir='ltr'><strong>vermis</strong></span> <span class='ocrx_word' id='word_1_605' title='bbox 3211 3483 3375 3537; x_wconf 92' lang='lat' dir='ltr'><strong>etiam</strong></span> <span class='ocrx_word' id='word_1_606' title='bbox 3421 3493 3469 3536; x_wconf 90' lang='lat' dir='ltr'><strong>et</strong></span> <span class='ocrx_word' id='word_1_607' title='bbox 3508 3499 3619 3538; x_wconf 83' lang='lat' dir='ltr'><strong>non</strong></span> 
     </span>
    </p>
   </div>
   <div class='ocr_carea' id='block_1_74' title="bbox 2019 3574 3616 3653">
    <p class='ocr_par' dir='ltr' id='par_1_74' title="bbox 2019 3574 3616 3653">
     <span class='ocr_line' id='line_1_74' title="bbox 2019 3574 3616 3653; baseline -0.004 -17"><span class='ocrx_word' id='word_1_608' title='bbox 2019 3584 2190 3650; x_wconf 89' lang='lat' dir='ltr'><strong>homo,</strong></span> <span class='ocrx_word' id='word_1_609' title='bbox 2222 3579 2501 3653; x_wconf 86' lang='lat' dir='ltr'><strong>ignominia</strong></span> <span class='ocrx_word' id='word_1_610' title='bbox 2548 3577 2766 3632; x_wconf 86' lang='lat' dir='ltr'><strong>hominis</strong></span> <span class='ocrx_word' id='word_1_611' title='bbox 2802 3574 2883 3648; x_wconf 82' lang='lat'><strong>(8)</strong></span> <span class='ocrx_word' id='word_1_612' title='bbox 2930 3585 2975 3630; x_wconf 86' lang='lat' dir='ltr'><strong>et</strong></span> <span class='ocrx_word' id='word_1_613' title='bbox 3024 3574 3372 3644; x_wconf 79' lang='lat' dir='ltr'><strong>nulliﬁcamen</strong></span> <span class='ocrx_word' id='word_1_614' title='bbox 3415 3575 3616 3647; x_wconf 84' lang='lat' dir='ltr'><strong>populi.</strong></span> 
     </span>
    </p>
   </div>
   <div class='ocr_carea' id='block_1_75' title="bbox 2015 3665 3618 3744">
    <p class='ocr_par' dir='ltr' id='par_1_75' title="bbox 2015 3665 3618 3744">
     <span class='ocr_line' id='line_1_75' title="bbox 2015 3665 3618 3744; baseline -0.004 -15"><span class='ocrx_word' id='word_1_615' title='bbox 2015 3674 2198 3744; x_wconf 86' lang='lat' dir='ltr'><strong>Neque</strong></span> <span class='ocrx_word' id='word_1_616' title='bbox 2219 3672 2526 3728; x_wconf 90' lang='lat' dir='ltr'><strong>interiorem</strong></span> <span class='ocrx_word' id='word_1_617' title='bbox 2549 3668 2858 3740; x_wconf 87' lang='lat' dir='ltr'><strong>qualitatem</strong></span> <span class='ocrx_word' id='word_1_618' title='bbox 2881 3667 3018 3737; x_wconf 90' lang='lat' dir='ltr'><strong>ejus,</strong></span> <span class='ocrx_word' id='word_1_619' title='bbox 3046 3665 3375 3735; x_wconf 90' lang='lat' dir='ltr'><strong>ejuscemodi</strong></span> <span class='ocrx_word' id='word_1_620' title='bbox 3405 3681 3618 3723; x_wconf 87' lang='lat' dir='ltr'><strong>auuun-</strong></span> 
     </span>
    </p>
   </div>
   <div class='ocr_carea' id='block_1_76' title="bbox 2015 3758 3614 3838">
    <p class='ocr_par' dir='ltr' id='par_1_76' title="bbox 2015 3758 3614 3838">
     <span class='ocr_line' id='line_1_76' title="bbox 2015 3758 3614 3838; baseline -0.004 -17"><span class='ocrx_word' id='word_1_621' title='bbox 2015 3767 2147 3822; x_wconf 90' lang='lat' dir='ltr'><strong>tiaut</strong></span> <span class='ocrx_word' id='word_1_622' title='bbox 2171 3765 2272 3838; x_wconf 89' lang='lat'><strong>(9).</strong></span> <span class='ocrx_word' id='word_1_623' title='bbox 2303 3764 2358 3820; x_wconf 90' lang='lat' dir='ltr'><strong>Si</strong></span> <span class='ocrx_word' id='word_1_624' title='bbox 2392 3764 2534 3819; x_wconf 89' lang='lat' dir='ltr'><strong>enim</strong></span> <span class='ocrx_word' id='word_1_625' title='bbox 2579 3759 2853 3834; x_wconf 89' lang='lat' dir='ltr'><strong>plenitudo</strong></span> <span class='ocrx_word' id='word_1_626' title='bbox 2883 3761 2936 3813; x_wconf 91' lang='lat' dir='ltr'><strong>in</strong></span> <span class='ocrx_word' id='word_1_627' title='bbox 2968 3759 3060 3813; x_wconf 92' lang='lat' dir='ltr'><strong>illo</strong></span> <span class='ocrx_word' id='word_1_628' title='bbox 3098 3758 3319 3828; x_wconf 79' lang='lat' dir='ltr'><strong>Spiritus</strong></span> <span class='ocrx_word' id='word_1_629' title='bbox 3348 3759 3614 3826; x_wconf 90' lang='lat' dir='ltr'><strong>constitit,</strong></span> 
     </span>
    </p>
   </div>
   <div class='ocr_carea' id='block_1_77' title="bbox 2011 3849 3617 3932">
    <p class='ocr_par' dir='ltr' id='par_1_77' title="bbox 2011 3849 3617 3932">
     <span class='ocr_line' id='line_1_77' title="bbox 2011 3849 3617 3932; baseline -0.004 -17"><span class='ocrx_word' id='word_1_630' title='bbox 2011 3873 2248 3932; x_wconf 87' lang='lat' dir='ltr'><strong>agnosco</strong></span> <span class='ocrx_word' id='word_1_631' title='bbox 2277 3859 2480 3930; x_wconf 83' lang='lat' dir='ltr'><strong>virgam</strong></span> <span class='ocrx_word' id='word_1_632' title='bbox 2511 3856 2581 3913; x_wconf 88' lang='lat' dir='ltr'><strong>de</strong></span> <span class='ocrx_word' id='word_1_633' title='bbox 2620 3853 2802 3911; x_wconf 89' lang='lat' dir='ltr'><strong>radice</strong></span> <span class='ocrx_word' id='word_1_634' title='bbox 2827 3852 2978 3908; x_wconf 83' lang='lat' dir='ltr'><strong>.Icssc</strong></span> <span class='ocrx_word' id='word_1_635' title='bbox 3009 3851 3106 3906; x_wconf 89' lang='lat' dir='ltr'><strong>llos</strong></span> <span class='ocrx_word' id='word_1_636' title='bbox 3136 3849 3251 3921; x_wconf 87' lang='lat' dir='ltr'><strong>ejus</strong></span> <span class='ocrx_word' id='word_1_637' title='bbox 3281 3869 3295 3906; x_wconf 93' lang='lat'><strong>:</strong></span> <span class='ocrx_word' id='word_1_638' title='bbox 3332 3866 3480 3906; x_wconf 90' lang='lat' dir='ltr'><strong>meus</strong></span> <span class='ocrx_word' id='word_1_639' title='bbox 3510 3854 3617 3909; x_wconf 84' lang='lat' dir='ltr'><strong>erit</strong></span> 
     </span>
    </p>
   </div>
   <div class='ocr_carea' id='block_1_78' title="bbox 2009 3942 3610 4023">
    <p class='ocr_par' dir='ltr' id='par_1_78' title="bbox 2009 3942 3610 4023">
     <span class='ocr_line' id='line_1_78' title="bbox 2009 3942 3610 4023; baseline -0.006 -13"><span class='ocrx_word' id='word_1_640' title='bbox 2009 3954 2277 4018; x_wconf 86' lang='lat' dir='ltr'><strong>Christus,</strong></span> <span class='ocrx_word' id='word_1_641' title='bbox 2297 3954 2350 4008; x_wconf 89' lang='lat' dir='ltr'><strong>in</strong></span> <span class='ocrx_word' id='word_1_642' title='bbox 2386 3967 2485 4023; x_wconf 88' lang='lat' dir='ltr'><strong>quo</strong></span> <span class='ocrx_word' id='word_1_643' title='bbox 2503 3948 2765 4020; x_wconf 80' lang='lat' dir='ltr'><strong>requievit,</strong></span> <span class='ocrx_word' id='word_1_644' title='bbox 2789 3944 3083 4002; x_wconf 87' lang='lat' dir='ltr'><strong>secundum</strong></span> <span class='ocrx_word' id='word_1_645' title='bbox 3118 3942 3308 4000; x_wconf 88' lang='lat' dir='ltr'><strong>Isaiam</strong></span> <span class='ocrx_word' id='word_1_646' title='bbox 3329 3942 3455 4016; x_wconf 87' lang='lat' dir='ltr'><strong>(Is.,</strong></span> <span class='ocrx_word' id='word_1_647' title='bbox 3492 3943 3610 4015; x_wconf 80' lang='lat' dir='ltr'><strong>XC,</strong></span> 
     </span>
    </p>
   </div>
   <div class='ocr_carea' id='block_1_79' title="bbox 1543 4073 2374 4136">
    <p class='ocr_par' dir='ltr' id='par_1_79' title="bbox 1543 4073 2374 4136">
     <span class='ocr_line' id='line_1_79' title="bbox 1543 4073 2374 4136; baseline -0.002 -4"><span class='ocrx_word' id='word_1_648' title='bbox 1543 4075 1926 4134; x_wconf 78' lang='lat' dir='ltr'><strong>LECTIONES</strong></span> <span class='ocrx_word' id='word_1_649' title='bbox 1961 4073 2374 4136; x_wconf 75' lang='lat' dir='ltr'><strong>VARIAN’I‘ES.</strong></span> 
     </span>
    </p>
   </div>
   <div class='ocr_carea' id='block_1_80' title="bbox 401 4189 1246 4254">
    <p class='ocr_par' dir='ltr' id='par_1_80' title="bbox 401 4189 1246 4254">
     <span class='ocr_line' id='line_1_80' title="bbox 401 4189 1246 4254; baseline 0 -12"><span class='ocrx_word' id='word_1_650' title='bbox 401 4189 441 4254; x_wconf 87' lang='grc' dir='ltr'><strong>Ι)</strong></span> <span class='ocrx_word' id='word_1_651' title='bbox 469 4190 676 4252; x_wconf 87' lang='lat' dir='ltr'><strong>Obrepit</strong></span> <span class='ocrx_word' id='word_1_652' title='bbox 697 4191 846 4243; x_wconf 81' lang='lat' dir='ltr'><strong>Ithen.</strong></span> <span class='ocrx_word' id='word_1_653' title='bbox 869 4191 1020 4244; x_wconf 89' lang='lat' dir='ltr'><strong>Seml.</strong></span> <span class='ocrx_word' id='word_1_654' title='bbox 1051 4192 1246 4244; x_wconf 81' lang='lat' dir='ltr'><strong>Oberth.</strong></span> 
     </span>
    </p>
   </div>
   <div class='ocr_carea' id='block_1_81' title="bbox 392 4254 962 4308">
    <p class='ocr_par' dir='ltr' id='par_1_81' title="bbox 392 4254 962 4308">
     <span class='ocr_line' id='line_1_81' title="bbox 392 4254 962 4308; baseline 0.002 -5"><span class='ocrx_word' id='word_1_655' title='bbox 392 4257 442 4308; x_wconf 75' lang='grc' dir='ltr'><strong>Ξ)</strong></span> <span class='ocrx_word' id='word_1_656' title='bbox 470 4254 519 4307; x_wconf 88' lang='lat' dir='ltr'><strong>Id</strong></span> <span class='ocrx_word' id='word_1_657' title='bbox 547 4264 623 4306; x_wconf 83' lang='lat' dir='ltr'><strong>est</strong></span> <span class='ocrx_word' id='word_1_658' title='bbox 644 4255 791 4308; x_wconf 86' lang='lat' dir='ltr'><strong>omitl.</strong></span> <span class='ocrx_word' id='word_1_659' title='bbox 811 4254 962 4306; x_wconf 87' lang='lat' dir='ltr'><strong>Seml.</strong></span> 
     </span>
    </p>
   </div>
   <div class='ocr_carea' id='block_1_82' title="bbox 391 4315 1496 4382">
    <p class='ocr_par' dir='ltr' id='par_1_82' title="bbox 391 4315 1496 4382">
     <span class='ocr_line' id='line_1_82' title="bbox 391 4315 1496 4382; baseline 0.003 -16"><span class='ocrx_word' id='word_1_660' title='bbox 391 4315 440 4382; x_wconf 79' lang='lat'><strong>3)</strong></span> <span class='ocrx_word' id='word_1_661' title='bbox 471 4319 737 4382; x_wconf 61' lang='grc' dir='ltr'><strong>Ιίκῐιοοιιίὶε</strong></span> <span class='ocrx_word' id='word_1_662' title='bbox 767 4318 918 4370; x_wconf 88' lang='lat' dir='ltr'><strong>omitt.</strong></span> <span class='ocrx_word' id='word_1_663' title='bbox 944 4315 1096 4370; x_wconf 84' lang='lat' dir='ltr'><strong>Rhen.</strong></span> <span class='ocrx_word' id='word_1_664' title='bbox 1121 4317 1272 4370; x_wconf 88' lang='lat' dir='ltr'><strong>Seml.</strong></span> <span class='ocrx_word' id='word_1_665' title='bbox 1301 4317 1496 4370; x_wconf 81' lang='lat' dir='ltr'><strong>Oberth.</strong></span> 
     </span>
    </p>
   </div>
   <div class='ocr_carea' id='block_1_83' title="bbox 370 4381 974 4446">
    <p class='ocr_par' dir='ltr' id='par_1_83' title="bbox 370 4381 974 4446">
     <span class='ocr_line' id='line_1_83' title="bbox 370 4381 974 4446; baseline -0.002 -16"><span class='ocrx_word' id='word_1_666' title='bbox 370 4381 437 4446; x_wconf 82' lang='grc'><strong>(4)</strong></span> <span class='ocrx_word' id='word_1_667' title='bbox 461 4381 654 4446; x_wconf 71' lang='lat' dir='ltr'><strong>Celahit</strong></span> <span class='ocrx_word' id='word_1_668' title='bbox 677 4383 827 4433; x_wconf 88' lang='lat' dir='ltr'><strong>Seml.</strong></span> <span class='ocrx_word' id='word_1_669' title='bbox 853 4384 974 4446; x_wconf 76' lang='lat' dir='ltr'><strong>Jun.</strong></span> 
     </span>
    </p>
   </div>
   <div class='ocr_carea' id='block_1_84' title="bbox 364 4442 1133 4509">
    <p class='ocr_par' dir='ltr' id='par_1_84' title="bbox 364 4442 1133 4509">
     <span class='ocr_line' id='line_1_84' title="bbox 364 4442 1133 4509; baseline -0.007 -12"><span class='ocrx_word' id='word_1_670' title='bbox 364 4442 436 4509; x_wconf 73' lang='grc' dir='ltr'><strong>(ὅ)</strong></span> <span class='ocrx_word' id='word_1_671' title='bbox 465 4445 570 4496; x_wconf 87' lang='lat' dir='ltr'><strong>Non</strong></span> <span class='ocrx_word' id='word_1_672' title='bbox 593 4445 744 4498; x_wconf 78' lang='lat' dir='ltr'><strong>Rhea.</strong></span> <span class='ocrx_word' id='word_1_673' title='bbox 765 4443 914 4496; x_wconf 89' lang='lat' dir='ltr'><strong>Seml.</strong></span> <span class='ocrx_word' id='word_1_674' title='bbox 937 4442 1133 4497; x_wconf 86' lang='lat' dir='ltr'><strong>Oberth.</strong></span> 
     </span>
    </p>
   </div>
   <div class='ocr_carea' id='block_1_85' title="bbox 368 4194 386 4256">
    <p class='ocr_par' dir='ltr' id='par_1_85' title="bbox 368 4194 386 4256">
     <span class='ocr_line' id='line_1_85' title="bbox 368 4194 386 4256; baseline 0 0"><span class='ocrx_word' id='word_1_675' title='bbox 368 4194 386 4256; x_wconf 77' lang='lat' dir='ltr'><strong>I</strong></span> 
     </span>
    </p>
   </div>
   <div class='ocr_carea' id='block_1_86' title="bbox 367 4259 387 4381">
    <p class='ocr_par' dir='ltr' id='par_1_86' title="bbox 367 4259 387 4381">
     <span class='ocr_line' id='line_1_86' title="bbox 367 4259 387 4381; baseline 0 0"><span class='ocrx_word' id='word_1_676' title='bbox 367 4259 387 4381; x_wconf 64' lang='grc' dir='ltr'>ἓ</span> 
     </span>
    </p>
   </div>
   <div class='ocr_carea' id='block_1_87' title="bbox 2090 4191 3028 4262">
    <p class='ocr_par' dir='ltr' id='par_1_87' title="bbox 2090 4191 3028 4262">
     <span class='ocr_line' id='line_1_87' title="bbox 2090 4191 3028 4262; baseline -0.002 -16"><span class='ocrx_word' id='word_1_677' title='bbox 2090 4195 2142 4262; x_wconf 78' lang='grc'><strong>6)</strong></span> <span class='ocrx_word' id='word_1_678' title='bbox 2167 4196 2299 4262; x_wconf 71' lang='lat' dir='ltr'><strong>Ense</strong></span> <span class='ocrx_word' id='word_1_679' title='bbox 2316 4192 2659 4262; x_wconf 60' lang='lat' dir='ltr'><strong>Rhen._Seml._</strong></span> <span class='ocrx_word' id='word_1_680' title='bbox 2678 4191 2876 4246; x_wconf 85' lang='lat' dir='ltr'><strong>Oberth.</strong></span> <span class='ocrx_word' id='word_1_681' title='bbox 2903 4253 2935 4262; x_wconf 45' lang='grc' dir='ltr'>μ</span> <span class='ocrx_word' id='word_1_682' title='bbox 2998 4250 3028 4262; x_wconf 52' lang='grc' dir='ltr'><strong><em>η</em></strong></span> 
     </span>
    </p>
   </div>
   <div class='ocr_carea' id='block_1_88' title="bbox 2001 4253 3066 4332">
    <p class='ocr_par' dir='ltr' id='par_1_88' title="bbox 2001 4253 3066 4332">
     <span class='ocr_line' id='line_1_88' title="bbox 2001 4253 3066 4332; baseline -0.002 -24"><span class='ocrx_word' id='word_1_683' title='bbox 2001 4261 2017 4319; x_wconf 75' lang='lat' dir='ltr'><strong>i,</strong></span> <span class='ocrx_word' id='word_1_684' title='bbox 2160 4259 2225 4332; x_wconf 55' lang='lat' dir='ltr'><strong>In</strong></span> <span class='ocrx_word' id='word_1_685' title='bbox 2248 4257 2485 4332; x_wconf 67' lang='lat' dir='ltr'><strong>corporali</strong></span> <span class='ocrx_word' id='word_1_686' title='bbox 2509 4266 2624 4332; x_wconf 53' lang='lat' dir='ltr'><strong>(uti.</strong></span> <span class='ocrx_word' id='word_1_687' title='bbox 2648 4253 2938 4321; x_wconf 85' lang='lat' dir='ltr'><strong>incorporaii</strong></span> <span class='ocrx_word' id='word_1_688' title='bbox 2959 4253 3066 4306; x_wconf 78' lang='lat' dir='ltr'><strong>alii.</strong></span> 
     </span>
    </p>
   </div>
   <div class='ocr_carea' id='block_1_89' title="bbox 2009 4318 2674 4386">
    <p class='ocr_par' dir='ltr' id='par_1_89' title="bbox 2009 4318 2674 4386">
     <span class='ocr_line' id='line_1_89' title="bbox 2009 4318 2674 4386; baseline -0.005 -14"><span class='ocrx_word' id='word_1_689' title='bbox 2009 4318 2020 4352; x_wconf 67' lang='grc' dir='ltr'><strong>ἓ·</strong></span> <span class='ocrx_word' id='word_1_690' title='bbox 2065 4318 2137 4386; x_wconf 83' lang='grc'><strong>(8)</strong></span> <span class='ocrx_word' id='word_1_691' title='bbox 2160 4318 2380 4386; x_wconf 66' lang='lat' dir='ltr'><strong>Hominis</strong></span> <span class='ocrx_word' id='word_1_692' title='bbox 2397 4318 2526 4386; x_wconf 69' lang='lat' dir='ltr'><strong>abest</strong></span> <span class='ocrx_word' id='word_1_693' title='bbox 2551 4323 2674 4370; x_wconf 86' lang='lat' dir='ltr'><strong>Par.</strong></span> 
     </span>
    </p>
   </div>
   <div class='ocr_carea' id='block_1_90' title="bbox 2085 4374 3608 4448">
    <p class='ocr_par' dir='ltr' id='par_1_90' title="bbox 2085 4374 3608 4448">
     <span class='ocr_line' id='line_1_90' title="bbox 2085 4374 3608 4448; baseline -0.003 -14"><span class='ocrx_word' id='word_1_694' title='bbox 2085 4374 2440 4448; x_wconf 74' lang='lat' dir='ltr'><strong>9)Cujusmodi</strong></span> <span class='ocrx_word' id='word_1_695' title='bbox 2487 4381 2748 4448; x_wconf 83' lang='lat' dir='ltr'><strong>annuntias</strong></span> <span class='ocrx_word' id='word_1_696' title='bbox 2781 4374 2950 4448; x_wconf 28' lang='lat' dir='ltr'><strong>‘S_eml.</strong></span> <span class='ocrx_word' id='word_1_697' title='bbox 3009 4377 3246 4443; x_wconf 84' lang='lat' dir='ltr'><strong>ejusmodi</strong></span> <span class='ocrx_word' id='word_1_698' title='bbox 3313 4378 3608 4430; x_wconf 79' lang='lat' dir='ltr'><strong>annuntiant</strong></span> 
     </span>
    </p>
   </div>
   <div class='ocr_carea' id='block_1_91' title="bbox 1920 4427 2880 4506">
    <p class='ocr_par' dir='ltr' id='par_1_91' title="bbox 1920 4427 2880 4506">
     <span class='ocr_line' id='line_1_91' title="bbox 1920 4427 2880 4506; baseline 0.001 -16"><span class='ocrx_word' id='word_1_699' title='bbox 1920 4427 1974 4490; x_wconf 91' lang='lat' dir='ltr'><strong>D</strong></span> <span class='ocrx_word' id='word_1_700' title='bbox 2000 4427 2474 4499; x_wconf 43' lang='lat' dir='ltr'><strong>putissimis.</strong></span> <span class='ocrx_word' id='word_1_701' title='bbox 2488 4427 2751 4496; x_wconf 54' lang='lat' dir='ltr'><strong>manu</strong></span> <span class='ocrx_word' id='word_1_702' title='bbox 2773 4427 2880 4506; x_wconf 57' lang='lat' dir='ltr'><strong>dig.</strong></span> 
     </span>
    </p>
   </div>
   <div class='ocr_carea' id='block_1_92' title="bbox 1603 4549 2166 4610">
    <p class='ocr_par' dir='ltr' id='par_1_92' title="bbox 1603 4549 2166 4610">
     <span class='ocr_line' id='line_1_92' title="bbox 1603 4549 2166 4610; baseline 0.005 -3"><span class='ocrx_word' id='word_1_703' title='bbox 1603 4549 2166 4610; x_wconf 75' lang='lat' dir='ltr'><strong>COMMENTARIUS.</strong></span> 
     </span>
    </p>
   </div>
   <div class='ocr_carea' id='block_1_93' title="bbox 369 4662 1874 4740">
    <p class='ocr_par' dir='ltr' id='par_1_93' title="bbox 369 4662 1874 4740">
     <span class='ocr_line' id='line_1_93' title="bbox 369 4662 1874 4740; baseline -0.003 -13"><span class='ocrx_word' id='word_1_704' title='bbox 369 4673 520 4728; x_wconf 67' lang='lat' dir='ltr'><strong>CAP.</strong></span> <span class='ocrx_word' id='word_1_705' title='bbox 555 4669 696 4726; x_wconf 75' lang='lat' dir='ltr'><strong>XVI.</strong></span> <span class='ocrx_word' id='word_1_706' title='bbox 726 4699 798 4710; x_wconf 89' lang='lat'><strong><em>—</em></strong></span> <span class='ocrx_word' id='word_1_707' title='bbox 826 4667 904 4740; x_wconf 76' lang='grc' dir='ltr'><strong>(τι)</strong></span> <span class='ocrx_word' id='word_1_708' title='bbox 936 4666 1130 4740; x_wconf 72' lang='lat' dir='ltr'><strong>Incipit</strong></span> <span class='ocrx_word' id='word_1_709' title='bbox 1170 4665 1340 4740; x_wconf 77' lang='lat' dir='ltr'><strong>vocari</strong></span> <span class='ocrx_word' id='word_1_710' title='bbox 1363 4662 1538 4720; x_wconf 75' lang='lat' dir='ltr'><strong>Iesus.</strong></span> <span class='ocrx_word' id='word_1_711' title='bbox 1560 4665 1770 4740; x_wconf 12' lang='lat' dir='ltr'><strong>iAlludit</strong></span> <span class='ocrx_word' id='word_1_712' title='bbox 1805 4666 1874 4723; x_wconf 86' lang='lat' dir='ltr'><strong>ad</strong></span> 
     </span>
    </p>
   </div>
   <div class='ocr_carea' id='block_1_94' title="bbox 209 4737 1870 4808">
    <p class='ocr_par' dir='ltr' id='par_1_94' title="bbox 209 4737 1870 4808">
     <span class='ocr_line' id='line_1_94' title="bbox 209 4737 1870 4808; baseline -0.005 -10"><span class='ocrx_word' id='word_1_713' title='bbox 209 4759 218 4762; x_wconf 84' lang='lat'>&#39;</span> <span class='ocrx_word' id='word_1_714' title='bbox 296 4744 424 4800; x_wconf 87' lang='lat' dir='ltr'><strong>illud</strong></span> <span class='ocrx_word' id='word_1_715' title='bbox 460 4745 644 4796; x_wconf 72' lang='lat' dir='ltr'><strong>Matth.</strong></span> <span class='ocrx_word' id='word_1_716' title='bbox 670 4757 733 4795; x_wconf 90' lang='lat' dir='ltr'><strong>ac</strong></span> <span class='ocrx_word' id='word_1_717' title='bbox 766 4737 920 4794; x_wconf 69' lang='lat' dir='ltr'><strong>Luem</strong></span> <span class='ocrx_word' id='word_1_718' title='bbox 951 4739 999 4793; x_wconf 89' lang='lat' dir='ltr'><strong>I:</strong></span> <span class='ocrx_word' id='word_1_719' title='bbox 1030 4749 1074 4791; x_wconf 89' lang='lat' dir='ltr'><strong>et</strong></span> <span class='ocrx_word' id='word_1_720' title='bbox 1096 4737 1294 4791; x_wconf 86' lang='lat' dir='ltr'><strong>vocabis</strong></span> <span class='ocrx_word' id='word_1_721' title='bbox 1314 4753 1494 4791; x_wconf 87' lang='lat' dir='ltr'><strong>nomen</strong></span> <span class='ocrx_word' id='word_1_722' title='bbox 1523 4739 1633 4808; x_wconf 83' lang='lat' dir='ltr'><strong>ejus</strong></span> <span class='ocrx_word' id='word_1_723' title='bbox 1660 4737 1870 4802; x_wconf 85' lang='lat' dir='ltr'><strong>Jesum,</strong></span> 
     </span>
    </p>
   </div>
   <div class='ocr_carea' id='block_1_95' title="bbox 294 4809 1874 4877">
    <p class='ocr_par' dir='ltr' id='par_1_95' title="bbox 294 4809 1874 4877">
     <span class='ocr_line' id='line_1_95' title="bbox 294 4809 1874 4877; baseline -0.003 -9"><span class='ocrx_word' id='word_1_724' title='bbox 294 4816 473 4869; x_wconf 83' lang='lat' dir='ltr'><strong>addita</strong></span> <span class='ocrx_word' id='word_1_725' title='bbox 497 4815 654 4868; x_wconf 72' lang='lat' dir='ltr'><strong>t&#39;liattt</strong></span> <span class='ocrx_word' id='word_1_726' title='bbox 672 4811 902 4867; x_wconf 88' lang='lat' dir='ltr'><strong>nominis</strong></span> <span class='ocrx_word' id='word_1_727' title='bbox 922 4809 1360 4877; x_wconf 88' lang='lat' dir='ltr'><strong>interpretatione</strong></span> <span class='ocrx_word' id='word_1_728' title='bbox 1379 4827 1392 4862; x_wconf 91' lang='lat'>:</span> <span class='ocrx_word' id='word_1_729' title='bbox 1411 4810 1520 4877; x_wconf 87' lang='lat' dir='ltr'><strong>ipse</strong></span> <span class='ocrx_word' id='word_1_730' title='bbox 1535 4810 1667 4863; x_wconf 88' lang='lat' dir='ltr'><strong>enim</strong></span> <span class='ocrx_word' id='word_1_731' title='bbox 1679 4811 1874 4864; x_wconf 88' lang='lat' dir='ltr'><strong>salvum</strong></span> 
     </span>
    </p>
   </div>
   <div class='ocr_carea' id='block_1_96' title="bbox 291 4878 1876 4955">
    <p class='ocr_par' dir='ltr' id='par_1_96' title="bbox 291 4878 1876 4955">
     <span class='ocr_line' id='line_1_96' title="bbox 291 4878 1876 4955; baseline -0.003 -16"><span class='ocrx_word' id='word_1_732' title='bbox 291 4887 443 4955; x_wconf 73' lang='lat' dir='ltr'><strong>faciet</strong></span> <span class='ocrx_word' id='word_1_733' title='bbox 489 4885 731 4954; x_wconf 82' lang='lat' dir='ltr'><strong>populum</strong></span> <span class='ocrx_word' id='word_1_734' title='bbox 764 4897 911 4955; x_wconf 82' lang='lat' dir='ltr'><strong>suum</strong></span> <span class='ocrx_word' id='word_1_735' title='bbox 943 4899 974 4934; x_wconf 89' lang='lat' dir='ltr'><strong>a</strong></span> <span class='ocrx_word' id='word_1_736' title='bbox 1005 4878 1584 4955; x_wconf 73' lang='lat' dir='ltr'><strong>peccatis_eorum._Hoc</strong></span> <span class='ocrx_word' id='word_1_737' title='bbox 1610 4882 1750 4936; x_wconf 87' lang='lat' dir='ltr'><strong>enim</strong></span> <span class='ocrx_word' id='word_1_738' title='bbox 1776 4890 1876 4955; x_wconf 12' lang='lat' dir='ltr'><strong>rest</strong></span> 
     </span>
    </p>
   </div>
   <div class='ocr_carea' id='block_1_97' title="bbox 291 4949 1876 5028">
    <p class='ocr_par' dir='ltr' id='par_1_97' title="bbox 291 4949 1876 5028">
     <span class='ocr_line' id='line_1_97' title="bbox 291 4949 1876 5028; baseline -0.003 -17"><span class='ocrx_word' id='word_1_739' title='bbox 291 4949 432 5028; x_wconf 78' lang='lat' dir='ltr'><strong>quod</strong></span> <span class='ocrx_word' id='word_1_740' title='bbox 463 4949 590 5010; x_wconf 75' lang='lat' dir='ltr'><strong>dicit</strong></span> <span class='ocrx_word' id='word_1_741' title='bbox 618 4957 710 5028; x_wconf 83' lang='lat' dir='ltr'><strong>lib.</strong></span> <span class='ocrx_word' id='word_1_742' title='bbox 734 4954 860 5028; x_wconf 76' lang='lat' dir='ltr'><strong>adv.</strong></span> <span class='ocrx_word' id='word_1_743' title='bbox 885 4953 1122 5028; x_wconf 81' lang='lat' dir='ltr'><strong>l’raxcau</strong></span> <span class='ocrx_word' id='word_1_744' title='bbox 1150 4969 1162 5004; x_wconf 91' lang='lat'>:</span> <span class='ocrx_word' id='word_1_745' title='bbox 1197 4949 1580 5028; x_wconf 75' lang='lat' dir='ltr'><strong>Nomen_.lesus</strong></span> <span class='ocrx_word' id='word_1_746' title='bbox 1609 4954 1876 5023; x_wconf 86' lang='lat' dir='ltr'><strong>praprium</strong></span> 
     </span>
    </p>
   </div>
   <div class='ocr_carea' id='block_1_98' title="bbox 290 5022 1524 5097">
    <p class='ocr_par' dir='ltr' id='par_1_98' title="bbox 290 5022 1524 5097">
     <span class='ocr_line' id='line_1_98' title="bbox 290 5022 1524 5097; baseline -0.006 -13"><span class='ocrx_word' id='word_1_747' title='bbox 290 5022 397 5084; x_wconf 78' lang='lat' dir='ltr'><strong>esse</strong></span> <span class='ocrx_word' id='word_1_748' title='bbox 416 5073 428 5090; x_wconf 85' lang='lat'><strong>,</strong></span> <span class='ocrx_word' id='word_1_749' title='bbox 462 5029 595 5097; x_wconf 80' lang='lat' dir='ltr'><strong>quod</strong></span> <span class='ocrx_word' id='word_1_750' title='bbox 622 5025 685 5080; x_wconf 83' lang='lat' dir='ltr'><strong>ab</strong></span> <span class='ocrx_word' id='word_1_751' title='bbox 713 5027 892 5097; x_wconf 84' lang='lat' dir='ltr'><strong>angelo</strong></span> <span class='ocrx_word' id='word_1_752' title='bbox 930 5022 1222 5097; x_wconf 69' lang='lat' dir='ltr'><strong>impositum</strong></span> <span class='ocrx_word' id='word_1_753' title='bbox 1263 5031 1355 5097; x_wconf 71' lang='lat' dir='ltr'><strong>est.</strong></span> <span class='ocrx_word' id='word_1_754' title='bbox 1382 5022 1524 5097; x_wconf 70' lang='lat' dir='ltr'><strong>Plut.</strong></span> 
     </span>
    </p>
   </div>
   <div class='ocr_carea' id='block_1_99' title="bbox 362 5093 1877 5166">
    <p class='ocr_par' dir='ltr' id='par_1_99' title="bbox 362 5093 1877 5166">
     <span class='ocr_line' id='line_1_99' title="bbox 362 5093 1877 5166; baseline -0.003 -11"><span class='ocrx_word' id='word_1_755' title='bbox 362 5093 513 5155; x_wconf 73' lang='lat' dir='ltr'><strong>CAP.</strong></span> <span class='ocrx_word' id='word_1_756' title='bbox 548 5097 709 5154; x_wconf 76' lang='lat' dir='ltr'><strong>XVII.</strong></span> <span class='ocrx_word' id='word_1_757' title='bbox 732 5093 804 5137; x_wconf 59' lang='grc' dir='ltr'><strong>-ἐ</strong></span> <span class='ocrx_word' id='word_1_758' title='bbox 825 5095 902 5166; x_wconf 89' lang='lat' dir='ltr'><strong>(h)</strong></span> <span class='ocrx_word' id='word_1_759' title='bbox 935 5093 996 5148; x_wconf 92' lang='lat' dir='ltr'><strong>Si</strong></span> <span class='ocrx_word' id='word_1_760' title='bbox 1019 5093 1290 5166; x_wconf 84' lang='lat' dir='ltr'><strong>inglorius.</strong></span> <span class='ocrx_word' id='word_1_761' title='bbox 1313 5094 1356 5166; x_wconf 84' lang='lat' dir='ltr'><strong>si</strong></span> <span class='ocrx_word' id='word_1_762' title='bbox 1375 5094 1628 5165; x_wconf 84' lang='lat' dir='ltr'><strong>ignobilis,</strong></span> <span class='ocrx_word' id='word_1_763' title='bbox 1660 5094 1705 5149; x_wconf 92' lang='lat' dir='ltr'><strong>si</strong></span> <span class='ocrx_word' id='word_1_764' title='bbox 1727 5095 1877 5150; x_wconf 87' lang='lat' dir='ltr'><strong>inho-</strong></span> 
     </span>
    </p>
   </div>
   <div class='ocr_carea' id='block_1_100' title="bbox 284 5164 1877 5236">
    <p class='ocr_par' dir='ltr' id='par_1_100' title="bbox 284 5164 1877 5236">
     <span class='ocr_line' id='line_1_100' title="bbox 284 5164 1877 5236; baseline -0.004 -11"><span class='ocrx_word' id='word_1_765' title='bbox 284 5173 548 5234; x_wconf 76' lang='lat' dir='ltr'><strong>norubills,</strong></span> <span class='ocrx_word' id='word_1_766' title='bbox 567 5186 702 5224; x_wconf 86' lang='lat' dir='ltr'><strong>mens</strong></span> <span class='ocrx_word' id='word_1_767' title='bbox 724 5171 814 5222; x_wconf 87' lang='lat' dir='ltr'><strong>erit</strong></span> <span class='ocrx_word' id='word_1_768' title='bbox 835 5164 1256 5236; x_wconf 29' lang='lat' dir='ltr'><strong>ChristusiBona</strong></span> <span class='ocrx_word' id='word_1_769' title='bbox 1275 5164 1466 5236; x_wconf 89' lang='lat' dir='ltr'><strong>piaquc</strong></span> <span class='ocrx_word' id='word_1_770' title='bbox 1487 5176 1664 5220; x_wconf 89' lang='lat' dir='ltr'><strong>mente</strong></span> <span class='ocrx_word' id='word_1_771' title='bbox 1692 5181 1877 5221; x_wconf 88' lang='lat' dir='ltr'><strong>saera-</strong></span> 
     </span>
    </p>
   </div>
   <div class='ocr_carea' id='block_1_101' title="bbox 285 5235 1873 5311">
    <p class='ocr_par' dir='ltr' id='par_1_101' title="bbox 285 5235 1873 5311">
     <span class='ocr_line' id='line_1_101' title="bbox 285 5235 1873 5311; baseline -0.005 -13"><span class='ocrx_word' id='word_1_772' title='bbox 285 5246 360 5299; x_wconf 85' lang='lat' dir='ltr'><strong>vit</strong></span> <span class='ocrx_word' id='word_1_773' title='bbox 388 5243 666 5298; x_wconf 76' lang='lat' dir='ltr'><strong>Iorutnlazn</strong></span> <span class='ocrx_word' id='word_1_774' title='bbox 686 5284 700 5305; x_wconf 84' lang='grc'>,</span> <span class='ocrx_word' id='word_1_775' title='bbox 727 5255 830 5308; x_wconf 90' lang='lat' dir='ltr'><strong>qua</strong></span> <span class='ocrx_word' id='word_1_776' title='bbox 855 5238 1044 5311; x_wconf 86' lang='lat' dir='ltr'><strong>Cypris</strong></span> <span class='ocrx_word' id='word_1_777' title='bbox 1068 5235 1390 5306; x_wconf 88' lang='lat' dir='ltr'><strong>Cupidinem</strong></span> <span class='ocrx_word' id='word_1_778' title='bbox 1416 5251 1570 5293; x_wconf 88' lang='lat' dir='ltr'><strong>suum</strong></span> <span class='ocrx_word' id='word_1_779' title='bbox 1601 5237 1831 5308; x_wconf 86' lang='lat' dir='ltr'><strong>vestigat</strong></span> <span class='ocrx_word' id='word_1_780' title='bbox 1860 5254 1873 5290; x_wconf 91' lang='lat'><strong>:</strong></span> 
     </span>
    </p>
   </div>
   <div class='ocr_carea' id='block_1_102' title="bbox 409 5358 1329 5418">
    <p class='ocr_par' dir='ltr' id='par_1_102' title="bbox 409 5358 1329 5418">
     <span class='ocr_line' id='line_1_102' title="bbox 409 5358 1329 5418; baseline -0.009 -11"><span class='ocrx_word' id='word_1_781' title='bbox 409 5367 453 5408; x_wconf 73' lang='grc' dir='ltr'><strong>Εἴ</strong></span> <span class='ocrx_word' id='word_1_782' title='bbox 469 5384 524 5414; x_wconf 77' lang='grc' dir='ltr'><strong>τις</strong></span> <span class='ocrx_word' id='word_1_783' title='bbox 549 5369 598 5406; x_wconf 77' lang='lat' dir='ltr'><strong>ivi.</strong></span> <span class='ocrx_word' id='word_1_784' title='bbox 617 5364 798 5418; x_wconf 68' lang='grc' dir='ltr'><strong>τριόδοισι</strong></span> <span class='ocrx_word' id='word_1_785' title='bbox 819 5367 1047 5418; x_wconf 59' lang='grc' dir='ltr'><strong>πλανῶιιςιον</strong></span> <span class='ocrx_word' id='word_1_786' title='bbox 1071 5358 1171 5418; x_wconf 51' lang='lat' dir='ltr'><strong>suo:</strong></span> <span class='ocrx_word' id='word_1_787' title='bbox 1188 5361 1329 5418; x_wconf 51' lang='lat' dir='ltr'><strong>ipsa,</strong></span> 
     </span>
    </p>
   </div>
   <div class='ocr_carea' id='block_1_103' title="bbox 405 5410 1870 5480">
    <p class='ocr_par' dir='ltr' id='par_1_103' title="bbox 405 5410 1870 5480">
     <span class='ocr_line' id='line_1_103' title="bbox 405 5410 1870 5480; baseline -0.005 -10"><span class='ocrx_word' id='word_1_788' title='bbox 405 5410 630 5480; x_wconf 64' lang='grc' dir='ltr'><strong>Δραπέτίδας</strong></span> <span class='ocrx_word' id='word_1_789' title='bbox 644 5410 740 5480; x_wconf 43' lang='lat' dir='ltr'><strong>ius;</strong></span> <span class='ocrx_word' id='word_1_790' title='bbox 761 5432 874 5468; x_wconf 74' lang='grc' dir='ltr'><strong>ιστιν.</strong></span> <span class='ocrx_word' id='word_1_791' title='bbox 944 5410 1315 5463; x_wconf 59' lang='lat' dir='ltr'><strong>him—Credat</strong></span> <span class='ocrx_word' id='word_1_792' title='bbox 1329 5410 1521 5474; x_wconf 70' lang='lat' dir='ltr'><strong>judseus</strong></span> <span class='ocrx_word' id='word_1_793' title='bbox 1539 5410 1727 5474; x_wconf 78' lang='lat' dir='ltr'><strong>Apollo.</strong></span> <span class='ocrx_word' id='word_1_794' title='bbox 1746 5411 1870 5462; x_wconf 84' lang='lat' dir='ltr'><strong>Eoo.</strong></span> 
     </span>
    </p>
   </div>
   <div class='ocr_carea' id='block_1_104' title="bbox 356 5516 1869 5598">
    <p class='ocr_par' dir='ltr' id='par_1_104' title="bbox 356 5516 1869 5598">
     <span class='ocr_line' id='line_1_104' title="bbox 356 5516 1869 5598; baseline -0.002 -22"><span class='ocrx_word' id='word_1_795' title='bbox 356 5526 428 5598; x_wconf 90' lang='grc'><strong>(‹·)</strong></span> <span class='ocrx_word' id='word_1_796' title='bbox 476 5523 1292 5598; x_wconf 65' lang='lat' dir='ltr'><strong>Quemadmodum_e:cpqt3escent</strong></span> <span class='ocrx_word' id='word_1_797' title='bbox 1326 5518 1502 5598; x_wconf 49' lang='lat' dir='ltr'><strong>multi,</strong></span> <span class='ocrx_word' id='word_1_798' title='bbox 1532 5527 1638 5572; x_wconf 89' lang='lat' dir='ltr'><strong>etc.</strong></span> <span class='ocrx_word' id='word_1_799' title='bbox 1669 5516 1869 5598; x_wconf 82' lang='lat' dir='ltr'><strong>Locum</strong></span> 
     </span>
    </p>
   </div>
   <div class='ocr_carea' id='block_1_105' title="bbox 279 5587 1870 5658">
    <p class='ocr_par' dir='ltr' id='par_1_105' title="bbox 279 5587 1870 5658">
     <span class='ocr_line' id='line_1_105' title="bbox 279 5587 1870 5658; baseline -0.004 -11"><span class='ocrx_word' id='word_1_800' title='bbox 279 5587 421 5650; x_wconf 74' lang='lat' dir='ltr'><strong>hunc</strong></span> <span class='ocrx_word' id='word_1_801' title='bbox 466 5587 677 5650; x_wconf 60' lang='lat' dir='ltr'><strong>tindeut</strong></span> <span class='ocrx_word' id='word_1_802' title='bbox 726 5591 899 5656; x_wconf 80' lang='lat' dir='ltr'><strong>reperi</strong></span> <span class='ocrx_word' id='word_1_803' title='bbox 933 5592 998 5644; x_wconf 89' lang='lat' dir='ltr'><strong>Is.</strong></span> <span class='ocrx_word' id='word_1_804' title='bbox 1031 5589 1147 5653; x_wconf 85' lang='lat' dir='ltr'><strong>LII,</strong></span> <span class='ocrx_word' id='word_1_805' title='bbox 1183 5592 1331 5658; x_wconf 80' lang='lat' dir='ltr'><strong>juxta</strong></span> <span class='ocrx_word' id='word_1_806' title='bbox 1367 5587 1538 5650; x_wconf 74' lang='lat' dir='ltr'><strong>LXX.</strong></span> <span class='ocrx_word' id='word_1_807' title='bbox 1569 5603 1663 5642; x_wconf 91' lang='lat' dir='ltr'><strong>seu</strong></span> <span class='ocrx_word' id='word_1_808' title='bbox 1696 5591 1870 5658; x_wconf 85' lang='lat' dir='ltr'><strong>potius</strong></span> 
     </span>
    </p>
   </div>
   <div class='ocr_carea' id='block_1_106' title="bbox 276 5657 1870 5732">
    <p class='ocr_par' dir='ltr' id='par_1_106' title="bbox 276 5657 1870 5732">
     <span class='ocr_line' id='line_1_106' title="bbox 276 5657 1870 5732; baseline -0.004 -14"><span class='ocrx_word' id='word_1_809' title='bbox 276 5679 484 5720; x_wconf 55' lang='lat' dir='ltr'><strong>veteres</strong></span> <span class='ocrx_word' id='word_1_810' title='bbox 511 5667 718 5729; x_wconf 82' lang='lat' dir='ltr'><strong>Patres,</strong></span> <span class='ocrx_word' id='word_1_811' title='bbox 749 5663 884 5726; x_wconf 86' lang='lat' dir='ltr'><strong>LIII,</strong></span> <span class='ocrx_word' id='word_1_812' title='bbox 911 5663 998 5732; x_wconf 92' lang='lat' dir='ltr'><strong>qui</strong></span> <span class='ocrx_word' id='word_1_813' title='bbox 1031 5661 1158 5713; x_wconf 88' lang='lat' dir='ltr'><strong>illud</strong></span> <span class='ocrx_word' id='word_1_814' title='bbox 1183 5657 1532 5732; x_wconf 48' lang='lat' dir='ltr'><strong>incipiunueo</strong></span> <span class='ocrx_word' id='word_1_815' title='bbox 1559 5659 1708 5732; x_wconf 85' lang='lat' dir='ltr'><strong>loco:</strong></span> <span class='ocrx_word' id='word_1_816' title='bbox 1731 5657 1870 5732; x_wconf 59' lang='lat' dir='ltr'><strong>Ecce</strong></span> 
     </span>
    </p>
   </div>
   <div class='ocr_carea' id='block_1_107' title="bbox 272 5728 1866 5807">
    <p class='ocr_par' dir='ltr' id='par_1_107' title="bbox 272 5728 1866 5807">
     <span class='ocr_line' id='line_1_107' title="bbox 272 5728 1866 5807; baseline -0.006 -19"><span class='ocrx_word' id='word_1_817' title='bbox 272 5737 536 5807; x_wconf 77' lang='lat' dir='ltr'><strong>intelliget,</strong></span> <span class='ocrx_word' id='word_1_818' title='bbox 573 5746 676 5791; x_wconf 89' lang='lat' dir='ltr'><strong>etc.</strong></span> <span class='ocrx_word' id='word_1_819' title='bbox 707 5728 956 5807; x_wconf 68' lang='lat' dir='ltr'><strong>Imitatur</strong></span> <span class='ocrx_word' id='word_1_820' title='bbox 975 5746 1103 5807; x_wconf 80' lang='lat' dir='ltr'><strong>vero</strong></span> <span class='ocrx_word' id='word_1_821' title='bbox 1133 5732 1181 5784; x_wconf 91' lang='lat' dir='ltr'><strong>in</strong></span> <span class='ocrx_word' id='word_1_822' title='bbox 1213 5729 1315 5807; x_wconf 77' lang='lat' dir='ltr'><strong>hoc</strong></span> <span class='ocrx_word' id='word_1_823' title='bbox 1345 5730 1405 5784; x_wconf 90' lang='lat' dir='ltr'><strong>B.</strong></span> <span class='ocrx_word' id='word_1_824' title='bbox 1430 5728 1700 5807; x_wconf 61' lang='lat' dir='ltr'><strong>Iustinum</strong></span> <span class='ocrx_word' id='word_1_825' title='bbox 1729 5728 1866 5807; x_wconf 69' lang='lat' dir='ltr'><strong>Mar-</strong></span> 
     </span>
    </p>
   </div>
   <div class='ocr_carea' id='block_1_108' title="bbox 273 5798 1864 5877">
    <p class='ocr_par' dir='ltr' id='par_1_108' title="bbox 273 5798 1864 5877">
     <span class='ocr_line' id='line_1_108' title="bbox 273 5798 1864 5877; baseline -0.003 -17"><span class='ocrx_word' id='word_1_826' title='bbox 273 5798 474 5876; x_wconf 61' lang='lat' dir='ltr'><strong>tyrem&quot;,</strong></span> <span class='ocrx_word' id='word_1_827' title='bbox 528 5798 680 5877; x_wconf 67' lang='lat' dir='ltr'><strong>Apol.</strong></span> <span class='ocrx_word' id='word_1_828' title='bbox 721 5807 775 5871; x_wconf 74' lang='grc'><strong>2,</strong></span> <span class='ocrx_word' id='word_1_829' title='bbox 818 5801 959 5875; x_wconf 91' lang='lat' dir='ltr'><strong>quod</strong></span> <span class='ocrx_word' id='word_1_830' title='bbox 1011 5801 1186 5856; x_wconf 87' lang='lat' dir='ltr'><strong>locum</strong></span> <span class='ocrx_word' id='word_1_831' title='bbox 1213 5801 1362 5856; x_wconf 90' lang='lat' dir='ltr'><strong>illum</strong></span> <span class='ocrx_word' id='word_1_832' title='bbox 1411 5801 1478 5856; x_wconf 88' lang='lat' dir='ltr'><strong>de</strong></span> <span class='ocrx_word' id='word_1_833' title='bbox 1526 5798 1864 5856; x_wconf 85' lang='lat' dir='ltr'><strong>contumeliis</strong></span> 
     </span>
    </p>
   </div>
   <div class='ocr_carea' id='block_1_109' title="bbox 1979 4664 3600 4734">
    <p class='ocr_par' dir='ltr' id='par_1_109' title="bbox 1979 4664 3600 4734">
     <span class='ocr_line' id='line_1_109' title="bbox 1979 4664 3600 4734; baseline 0.002 -14"><span class='ocrx_word' id='word_1_834' title='bbox 1979 4666 2198 4722; x_wconf 82' lang='lat' dir='ltr'><strong>Christo</strong></span> <span class='ocrx_word' id='word_1_835' title='bbox 2270 4665 2423 4721; x_wconf 79' lang='lat' dir='ltr'><strong>factis</strong></span> <span class='ocrx_word' id='word_1_836' title='bbox 2487 4665 2540 4720; x_wconf 94' lang='lat' dir='ltr'><strong>in</strong></span> <span class='ocrx_word' id='word_1_837' title='bbox 2597 4665 2844 4734; x_wconf 86' lang='lat' dir='ltr'><strong>passione</strong></span> <span class='ocrx_word' id='word_1_838' title='bbox 2910 4664 3189 4733; x_wconf 80' lang='lat' dir='ltr'><strong>intelligat.</strong></span> <span class='ocrx_word' id='word_1_839' title='bbox 3257 4665 3446 4723; x_wconf 83' lang='lat' dir='ltr'><strong>Graece</strong></span> <span class='ocrx_word' id='word_1_840' title='bbox 3511 4676 3600 4724; x_wconf 88' lang='lat' dir='ltr'><strong>est</strong></span> 
     </span>
    </p>
   </div>
   <div class='ocr_carea' id='block_1_110' title="bbox 1978 4736 3598 4807">
    <p class='ocr_par' dir='ltr' id='par_1_110' title="bbox 1978 4736 3598 4807">
     <span class='ocr_line' id='line_1_110' title="bbox 1978 4736 3598 4807; baseline -0.002 -13"><span class='ocrx_word' id='word_1_841' title='bbox 1978 4745 2305 4801; x_wconf 63' lang='grc' dir='ltr'><strong>ἔκστῆσινται.</strong></span> <span class='ocrx_word' id='word_1_842' title='bbox 2333 4737 2476 4807; x_wconf 90' lang='lat' dir='ltr'><strong>quod</strong></span> <span class='ocrx_word' id='word_1_843' title='bbox 2505 4738 2673 4807; x_wconf 81' lang='lat' dir='ltr'><strong>magis</strong></span> <span class='ocrx_word' id='word_1_844' title='bbox 2701 4736 2914 4807; x_wconf 90' lang='lat' dir='ltr'><strong>proprie</strong></span> <span class='ocrx_word' id='word_1_845' title='bbox 2935 4737 3003 4791; x_wconf 87' lang='lat' dir='ltr'><strong>ab</strong></span> <span class='ocrx_word' id='word_1_846' title='bbox 3025 4737 3145 4791; x_wconf 91' lang='lat' dir='ltr'><strong>aliis</strong></span> <span class='ocrx_word' id='word_1_847' title='bbox 3169 4739 3390 4792; x_wconf 72' lang='lat' dir='ltr'><strong>vertitur</strong></span> <span class='ocrx_word' id='word_1_848' title='bbox 3417 4740 3598 4792; x_wconf 82' lang='lat' dir='ltr'><strong>obstu-</strong></span> 
     </span>
    </p>
   </div>
   <div class='ocr_carea' id='block_1_111' title="bbox 1982 4809 3597 4880">
    <p class='ocr_par' dir='ltr' id='par_1_111' title="bbox 1982 4809 3597 4880">
     <span class='ocr_line' id='line_1_111' title="bbox 1982 4809 3597 4880; baseline 0 -16"><span class='ocrx_word' id='word_1_849' title='bbox 1982 4821 2202 4880; x_wconf 85' lang='lat' dir='ltr'><strong>pescent.</strong></span> <span class='ocrx_word' id='word_1_850' title='bbox 2223 4825 2380 4880; x_wconf 89' lang='lat' dir='ltr'><strong>quam</strong></span> <span class='ocrx_word' id='word_1_851' title='bbox 2397 4809 2466 4864; x_wconf 89' lang='lat' dir='ltr'><strong>ah</strong></span> <span class='ocrx_word' id='word_1_852' title='bbox 2490 4811 2722 4880; x_wconf 77' lang='lat' dir='ltr'><strong>Auctore</strong></span> <span class='ocrx_word' id='word_1_853' title='bbox 2749 4819 3097 4880; x_wconf 74' lang='lat' dir='ltr'><strong>expavescent,</strong></span> <span class='ocrx_word' id='word_1_854' title='bbox 3127 4819 3181 4880; x_wconf 82' lang='lat' dir='ltr'><strong>et</strong></span> <span class='ocrx_word' id='word_1_855' title='bbox 3205 4809 3357 4863; x_wconf 89' lang='lat' dir='ltr'><strong>unica</strong></span> <span class='ocrx_word' id='word_1_856' title='bbox 3385 4825 3483 4863; x_wconf 77' lang='lat' dir='ltr'><strong>vox</strong></span> <span class='ocrx_word' id='word_1_857' title='bbox 3510 4819 3597 4864; x_wconf 89' lang='lat' dir='ltr'><strong>est</strong></span> 
     </span>
    </p>
   </div>
   <div class='ocr_carea' id='block_1_112' title="bbox 1980 4879 3587 4950">
    <p class='ocr_par' dir='ltr' id='par_1_112' title="bbox 1980 4879 3587 4950">
     <span class='ocr_line' id='line_1_112' title="bbox 1980 4879 3587 4950; baseline -0.001 -13"><span class='ocrx_word' id='word_1_858' title='bbox 1980 4879 2249 4947; x_wconf 45' lang='lat'><strong>526.573”,</strong></span> <span class='ocrx_word' id='word_1_859' title='bbox 2273 4895 2368 4950; x_wconf 88' lang='lat' dir='ltr'><strong>pro</strong></span> <span class='ocrx_word' id='word_1_860' title='bbox 2394 4895 2460 4933; x_wconf 91' lang='lat' dir='ltr'><strong>eo</strong></span> <span class='ocrx_word' id='word_1_861' title='bbox 2488 4879 2628 4950; x_wconf 88' lang='lat' dir='ltr'><strong>quod</strong></span> <span class='ocrx_word' id='word_1_862' title='bbox 2673 4879 2759 4934; x_wconf 91' lang='lat' dir='ltr'><strong>hic</strong></span> <span class='ocrx_word' id='word_1_863' title='bbox 2785 4888 2897 4935; x_wconf 66' lang='lat' dir='ltr'><strong>est.</strong></span> <span class='ocrx_word' id='word_1_864' title='bbox 2949 4879 3059 4932; x_wconf 82' lang='lat' dir='ltr'><strong>sine</strong></span> <span class='ocrx_word' id='word_1_865' title='bbox 3093 4879 3257 4948; x_wconf 87' lang='lat' dir='ltr'><strong>gloria</strong></span> <span class='ocrx_word' id='word_1_866' title='bbox 3288 4881 3398 4933; x_wconf 86' lang='lat' dir='ltr'><strong>erit.</strong></span> <span class='ocrx_word' id='word_1_867' title='bbox 3451 4881 3587 4936; x_wconf 64' lang='lat' dir='ltr'><strong>Pius.</strong></span> 
     </span>
    </p>
   </div>
   <div class='ocr_carea' id='block_1_113' title="bbox 2055 4950 3587 5026">
    <p class='ocr_par' dir='ltr' id='par_1_113' title="bbox 2055 4950 3587 5026">
     <span class='ocr_line' id='line_1_113' title="bbox 2055 4950 3587 5026; baseline -0.001 -20"><span class='ocrx_word' id='word_1_868' title='bbox 2055 4952 2134 5026; x_wconf 87' lang='lat' dir='ltr'><strong>(d)</strong></span> <span class='ocrx_word' id='word_1_869' title='bbox 2160 4951 2506 5022; x_wconf 84' lang='lat' dir='ltr'><strong>Tempestivus</strong></span> <span class='ocrx_word' id='word_1_870' title='bbox 2531 4951 2728 5004; x_wconf 88' lang='lat' dir='ltr'><strong>decore.</strong></span> <span class='ocrx_word' id='word_1_871' title='bbox 2749 4950 2837 5005; x_wconf 87' lang='lat' dir='ltr'><strong>Sic</strong></span> <span class='ocrx_word' id='word_1_872' title='bbox 2855 4950 3054 5020; x_wconf 89' lang='lat' dir='ltr'><strong>placuit</strong></span> <span class='ocrx_word' id='word_1_873' title='bbox 3069 4950 3330 5026; x_wconf 79' lang='lat' dir='ltr'><strong>Septimio</strong></span> <span class='ocrx_word' id='word_1_874' title='bbox 3349 4966 3587 5021; x_wconf 69' lang='lat' dir='ltr'><strong>grzccum</strong></span> 
     </span>
    </p>
   </div>
   <div class='ocr_carea' id='block_1_114' title="bbox 1983 5019 3584 5092">
    <p class='ocr_par' dir='ltr' id='par_1_114' title="bbox 1983 5019 3584 5092">
     <span class='ocr_line' id='line_1_114' title="bbox 1983 5019 3584 5092; baseline -0.002 -14"><span class='ocrx_word' id='word_1_875' title='bbox 1983 5019 2444 5092; x_wconf 61' lang='lat' dir='ltr'><strong>illud&#39;expritnere</strong></span> <span class='ocrx_word' id='word_1_876' title='bbox 2471 5028 2644 5092; x_wconf 77' lang='grc' dir='ltr'><strong>ὡραῖος</strong></span> <span class='ocrx_word' id='word_1_877' title='bbox 2666 5032 2729 5090; x_wconf 80' lang='grc' dir='ltr'><strong>τῷ</strong></span> <span class='ocrx_word' id='word_1_878' title='bbox 2755 5019 2938 5082; x_wconf 63' lang='grc' dir='ltr'><strong>κάλλει,</strong></span> <span class='ocrx_word' id='word_1_879' title='bbox 2968 5019 3108 5091; x_wconf 91' lang='lat' dir='ltr'><strong>quod</strong></span> <span class='ocrx_word' id='word_1_880' title='bbox 3139 5019 3189 5074; x_wconf 89' lang='lat' dir='ltr'><strong>in</strong></span> <span class='ocrx_word' id='word_1_881' title='bbox 3219 5019 3426 5092; x_wconf 78' lang='lat' dir='ltr'><strong>vulgata</strong></span> <span class='ocrx_word' id='word_1_882' title='bbox 3458 5037 3584 5074; x_wconf 86' lang='lat' dir='ltr'><strong>ver-</strong></span> 
     </span>
    </p>
   </div>
   <div class='ocr_carea' id='block_1_115' title="bbox 1982 5091 3579 5166">
    <p class='ocr_par' dir='ltr' id='par_1_115' title="bbox 1982 5091 3579 5166">
     <span class='ocr_line' id='line_1_115' title="bbox 1982 5091 3579 5166; baseline -0.002 -17"><span class='ocrx_word' id='word_1_883' title='bbox 1982 5095 2152 5156; x_wconf 89' lang='lat' dir='ltr'><strong>sione.</strong></span> <span class='ocrx_word' id='word_1_884' title='bbox 2182 5095 2438 5159; x_wconf 87' lang='lat' dir='ltr'><strong>speciosus</strong></span> <span class='ocrx_word' id='word_1_885' title='bbox 2459 5091 2646 5166; x_wconf 72' lang='lat' dir='ltr'><strong>forma.</strong></span> <span class='ocrx_word' id='word_1_886' title='bbox 2696 5093 3044 5166; x_wconf 73' lang='lat' dir='ltr'><strong>Allegoricam</strong></span> <span class='ocrx_word' id='word_1_887' title='bbox 3077 5091 3579 5166; x_wconf 77' lang='lat' dir='ltr'><strong>formositatemin-</strong></span> 
     </span>
    </p>
   </div>
   <div class='ocr_carea' id='block_1_116' title="bbox 1985 5163 3580 5237">
    <p class='ocr_par' dir='ltr' id='par_1_116' title="bbox 1985 5163 3580 5237">
     <span class='ocr_line' id='line_1_116' title="bbox 1985 5163 3580 5237; baseline -0.003 -17"><span class='ocrx_word' id='word_1_888' title='bbox 1985 5165 2149 5237; x_wconf 83' lang='lat' dir='ltr'><strong>telligi</strong></span> <span class='ocrx_word' id='word_1_889' title='bbox 2193 5165 2414 5237; x_wconf 85' lang='lat' dir='ltr'><strong>debere.</strong></span> <span class='ocrx_word' id='word_1_890' title='bbox 2460 5163 2697 5237; x_wconf 87' lang='lat' dir='ltr'><strong>indicant</strong></span> <span class='ocrx_word' id='word_1_891' title='bbox 2748 5179 2810 5237; x_wconf 89' lang='lat' dir='ltr'><strong>ea</strong></span> <span class='ocrx_word' id='word_1_892' title='bbox 2863 5179 2981 5233; x_wconf 85' lang='lat' dir='ltr'><strong>qu:e</strong></span> <span class='ocrx_word' id='word_1_893' title='bbox 3035 5165 3084 5216; x_wconf 95' lang='lat' dir='ltr'><strong>in</strong></span> <span class='ocrx_word' id='word_1_894' title='bbox 3130 5164 3322 5219; x_wconf 90' lang='lat' dir='ltr'><strong>eodem</strong></span> <span class='ocrx_word' id='word_1_895' title='bbox 3375 5164 3580 5231; x_wconf 88' lang='lat' dir='ltr'><strong>psalmo</strong></span> 
     </span>
    </p>
   </div>
   <div class='ocr_carea' id='block_1_117' title="bbox 1983 5234 3576 5306">
    <p class='ocr_par' dir='ltr' id='par_1_117' title="bbox 1983 5234 3576 5306">
     <span class='ocr_line' id='line_1_117' title="bbox 1983 5234 3576 5306; baseline -0.001 -18"><span class='ocrx_word' id='word_1_896' title='bbox 1983 5234 2263 5306; x_wconf 76' lang='lat' dir='ltr'><strong>leguntur:</strong></span> <span class='ocrx_word' id='word_1_897' title='bbox 2323 5234 2596 5305; x_wconf 80' lang='lat' dir='ltr'><strong>Accingere</strong></span> <span class='ocrx_word' id='word_1_898' title='bbox 2638 5235 2810 5306; x_wconf 86' lang='lat' dir='ltr'><strong>gladio</strong></span> <span class='ocrx_word' id='word_1_899' title='bbox 2861 5244 2946 5289; x_wconf 90' lang='lat' dir='ltr'><strong>tua</strong></span> <span class='ocrx_word' id='word_1_900' title='bbox 2997 5250 3149 5302; x_wconf 87' lang='lat' dir='ltr'><strong>super</strong></span> <span class='ocrx_word' id='word_1_901' title='bbox 3203 5237 3368 5304; x_wconf 79' lang='lat' dir='ltr'><strong>femur</strong></span> <span class='ocrx_word' id='word_1_902' title='bbox 3413 5245 3576 5287; x_wconf 86' lang='lat' dir='ltr'><strong>tuum.</strong></span> 
     </span>
    </p>
   </div>
   <div class='ocr_carea' id='block_1_118' title="bbox 1982 5305 3576 5376">
    <p class='ocr_par' dir='ltr' id='par_1_118' title="bbox 1982 5305 3576 5376">
     <span class='ocr_line' id='line_1_118' title="bbox 1982 5305 3576 5376; baseline -0.002 -16"><span class='ocrx_word' id='word_1_903' title='bbox 1982 5305 2192 5362; x_wconf 85' lang='lat' dir='ltr'><strong>Etenim</strong></span> <span class='ocrx_word' id='word_1_904' title='bbox 2227 5307 2313 5362; x_wconf 88' lang='lat' dir='ltr'><strong>hic</strong></span> <span class='ocrx_word' id='word_1_905' title='bbox 2354 5306 2560 5376; x_wconf 84' lang='lat' dir='ltr'><strong>gladius</strong></span> <span class='ocrx_word' id='word_1_906' title='bbox 2589 5305 2669 5360; x_wconf 84' lang='lat' dir='ltr'><strong>est</strong></span> <span class='ocrx_word' id='word_1_907' title='bbox 2708 5305 3047 5376; x_wconf 80' lang='lat' dir='ltr'><strong>allegoricus,</strong></span> <span class='ocrx_word' id='word_1_908' title='bbox 3079 5317 3133 5359; x_wconf 88' lang='lat' dir='ltr'><strong>et</strong></span> <span class='ocrx_word' id='word_1_909' title='bbox 3161 5306 3226 5359; x_wconf 91' lang='lat' dir='ltr'><strong>ad</strong></span> <span class='ocrx_word' id='word_1_910' title='bbox 3269 5319 3576 5360; x_wconf 89' lang='lat' dir='ltr'><strong>sermonem</strong></span> 
     </span>
    </p>
   </div>
   <div class='ocr_carea' id='block_1_119' title="bbox 1978 5375 3574 5445">
    <p class='ocr_par' dir='ltr' id='par_1_119' title="bbox 1978 5375 3574 5445">
     <span class='ocr_line' id='line_1_119' title="bbox 1978 5375 3574 5445; baseline -0.001 -14"><span class='ocrx_word' id='word_1_911' title='bbox 1978 5375 2172 5432; x_wconf 89' lang='lat' dir='ltr'><strong>Christi</strong></span> <span class='ocrx_word' id='word_1_912' title='bbox 2216 5375 2464 5437; x_wconf 81' lang='lat' dir='ltr'><strong>refertur.</strong></span> <span class='ocrx_word' id='word_1_913' title='bbox 2502 5376 2821 5445; x_wconf 90' lang='lat' dir='ltr'><strong>allegoricus</strong></span> <span class='ocrx_word' id='word_1_914' title='bbox 2861 5375 3052 5437; x_wconf 91' lang='lat' dir='ltr'><strong>decor,</strong></span> <span class='ocrx_word' id='word_1_915' title='bbox 3083 5377 3362 5441; x_wconf 72' lang='lat' dir='ltr'><strong>allegorica</strong></span> <span class='ocrx_word' id='word_1_916' title='bbox 3403 5390 3574 5430; x_wconf 89' lang='lat' dir='ltr'><strong>arma.</strong></span> 
     </span>
    </p>
   </div>
   <div class='ocr_carea' id='block_1_120' title="bbox 1981 5445 3573 5516">
    <p class='ocr_par' dir='ltr' id='par_1_120' title="bbox 1981 5445 3573 5516">
     <span class='ocr_line' id='line_1_120' title="bbox 1981 5445 3573 5516; baseline -0.002 -15"><span class='ocrx_word' id='word_1_917' title='bbox 1981 5447 2122 5502; x_wconf 89' lang='lat' dir='ltr'><strong>Satis</strong></span> <span class='ocrx_word' id='word_1_918' title='bbox 2167 5448 2447 5516; x_wconf 87' lang='lat' dir='ltr'><strong>ambiguus</strong></span> <span class='ocrx_word' id='word_1_919' title='bbox 2494 5447 2659 5502; x_wconf 90' lang='lat' dir='ltr'><strong>animi</strong></span> <span class='ocrx_word' id='word_1_920' title='bbox 2710 5447 2873 5501; x_wconf 81' lang='lat' dir='ltr'><strong>fuisse</strong></span> <span class='ocrx_word' id='word_1_921' title='bbox 2927 5445 3134 5500; x_wconf 76' lang='lat' dir='ltr'><strong>videtur</strong></span> <span class='ocrx_word' id='word_1_922' title='bbox 3184 5446 3573 5516; x_wconf 71' lang='lat' dir='ltr'><strong>Hieronymus,</strong></span> 
     </span>
    </p>
   </div>
   <div class='ocr_carea' id='block_1_121' title="bbox 1975 5517 3575 5588">
    <p class='ocr_par' dir='ltr' id='par_1_121' title="bbox 1975 5517 3575 5588">
     <span class='ocr_line' id='line_1_121' title="bbox 1975 5517 3575 5588; baseline -0.003 -16"><span class='ocrx_word' id='word_1_923' title='bbox 1975 5535 2098 5574; x_wconf 89' lang='lat' dir='ltr'><strong>eum</strong></span> <span class='ocrx_word' id='word_1_924' title='bbox 2141 5521 2254 5572; x_wconf 76' lang='lat' dir='ltr'><strong>ltmc</strong></span> <span class='ocrx_word' id='word_1_925' title='bbox 2284 5518 2591 5585; x_wconf 89' lang='lat' dir='ltr'><strong>prophetica</strong></span> <span class='ocrx_word' id='word_1_926' title='bbox 2624 5519 2797 5588; x_wconf 80' lang='lat' dir='ltr'><strong>attigit</strong></span> <span class='ocrx_word' id='word_1_927' title='bbox 2823 5517 2979 5586; x_wconf 87' lang='lat' dir='ltr'><strong>epist.</strong></span> <span class='ocrx_word' id='word_1_928' title='bbox 3029 5518 3092 5570; x_wconf 91' lang='lat' dir='ltr'><strong>ad</strong></span> <span class='ocrx_word' id='word_1_929' title='bbox 3124 5517 3442 5586; x_wconf 84' lang='lat' dir='ltr'><strong>Principiam</strong></span> <span class='ocrx_word' id='word_1_930' title='bbox 3468 5517 3575 5569; x_wconf 82' lang='lat' dir='ltr'><strong>vir-</strong></span> 
     </span>
    </p>
   </div>
   <div class='ocr_carea' id='block_1_122' title="bbox 1975 5589 2500 5659">
    <p class='ocr_par' dir='ltr' id='par_1_122' title="bbox 1975 5589 2500 5659">
     <span class='ocr_line' id='line_1_122' title="bbox 1975 5589 2500 5659; baseline -0.004 -16"><span class='ocrx_word' id='word_1_931' title='bbox 1975 5590 2188 5659; x_wconf 77' lang='lat' dir='ltr'><strong>ginem,</strong></span> <span class='ocrx_word' id='word_1_932' title='bbox 2207 5589 2329 5643; x_wconf 69' lang='lat'><strong>140.</strong></span> <span class='ocrx_word' id='word_1_933' title='bbox 2365 5589 2500 5643; x_wconf 72' lang='lat' dir='ltr'><strong>Pu.</strong></span> 
     </span>
    </p>
   </div>
   <div class='ocr_carea' id='block_1_123' title="bbox 2048 5656 3570 5731">
    <p class='ocr_par' dir='ltr' id='par_1_123' title="bbox 2048 5656 3570 5731">
     <span class='ocr_line' id='line_1_123' title="bbox 2048 5656 3570 5731; baseline -0.003 -17"><span class='ocrx_word' id='word_1_934' title='bbox 2048 5657 2124 5731; x_wconf 84' lang='lat' dir='ltr'><strong>(e)</strong></span> <span class='ocrx_word' id='word_1_935' title='bbox 2171 5658 2358 5712; x_wconf 79' lang='lat' dir='ltr'><strong>Habitu</strong></span> <span class='ocrx_word' id='word_1_936' title='bbox 2398 5659 2786 5731; x_wconf 80' lang='lat' dir='ltr'><strong>incorporabili.</strong></span> <span class='ocrx_word' id='word_1_937' title='bbox 2828 5657 3017 5731; x_wconf 77' lang='lat' dir='ltr'><strong>Forma</strong></span> <span class='ocrx_word' id='word_1_938' title='bbox 3066 5656 3570 5731; x_wconf 76' lang='lat' dir='ltr'><strong>qua_i_ncttrpor::_ri,</strong></span> 
     </span>
    </p>
   </div>
   <div class='ocr_carea' id='block_1_124' title="bbox 1972 5726 3570 5784">
    <p class='ocr_par' dir='ltr' id='par_1_124' title="bbox 1972 5726 3570 5784">
     <span class='ocr_line' id='line_1_124' title="bbox 1972 5726 3570 5784; baseline -0.002 -1"><span class='ocrx_word' id='word_1_939' title='bbox 1972 5726 2084 5783; x_wconf 79' lang='lat' dir='ltr'><strong>sive</strong></span> <span class='ocrx_word' id='word_1_940' title='bbox 2104 5726 2376 5784; x_wconf 64' lang='lat' dir='ltr'><strong>&#39;incarnari</strong></span> <span class='ocrx_word' id='word_1_941' title='bbox 2412 5726 2640 5784; x_wconf 66' lang='lat' dir='ltr'><strong>habebat</strong></span> <span class='ocrx_word' id='word_1_942' title='bbox 2668 5729 2928 5784; x_wconf 88' lang='lat' dir='ltr'><strong>Christus.</strong></span> <span class='ocrx_word' id='word_1_943' title='bbox 2952 5729 3066 5784; x_wconf 75' lang='lat' dir='ltr'><strong>Iitc.</strong></span> <span class='ocrx_word' id='word_1_944' title='bbox 3095 5759 3163 5768; x_wconf 94' lang='lat'><strong><em>—</em></strong></span> <span class='ocrx_word' id='word_1_945' title='bbox 3190 5726 3243 5779; x_wconf 69' lang='lat' dir='ltr'><strong>Itl</strong></span> <span class='ocrx_word' id='word_1_946' title='bbox 3282 5726 3376 5781; x_wconf 60' lang='lat' dir='ltr'><strong>est</strong></span> <span class='ocrx_word' id='word_1_947' title='bbox 3400 5728 3570 5782; x_wconf 90' lang='lat' dir='ltr'><strong>multo</strong></span> 
     </span>
    </p>
   </div>
   <div class='ocr_carea' id='block_1_125' title="bbox 1972 5797 3336 5871">
    <p class='ocr_par' dir='ltr' id='par_1_125' title="bbox 1972 5797 3336 5871">
     <span class='ocr_line' id='line_1_125' title="bbox 1972 5797 3336 5871; baseline -0.004 -15"><span class='ocrx_word' id='word_1_948' title='bbox 1972 5803 2167 5871; x_wconf 87' lang='lat' dir='ltr'><strong>pOtius,</strong></span> <span class='ocrx_word' id='word_1_949' title='bbox 2200 5809 2259 5856; x_wconf 87' lang='lat' dir='ltr'><strong>ut</strong></span> <span class='ocrx_word' id='word_1_950' title='bbox 2289 5801 2438 5856; x_wconf 85' lang='lat' dir='ltr'><strong>nobis</strong></span> <span class='ocrx_word' id='word_1_951' title='bbox 2469 5801 2698 5868; x_wconf 81' lang='lat' dir='ltr'><strong>videtur,</strong></span> <span class='ocrx_word' id='word_1_952' title='bbox 2730 5800 2912 5854; x_wconf 88' lang='lat' dir='ltr'><strong>habitu</strong></span> <span class='ocrx_word' id='word_1_953' title='bbox 2941 5800 3174 5854; x_wconf 76' lang='lat' dir='ltr'><strong>informi.</strong></span> <span class='ocrx_word' id='word_1_954' title='bbox 3205 5797 3336 5852; x_wconf 85' lang='lat' dir='ltr'><strong>Eoo.</strong></span> 
     </span>
    </p>
   </div>
  </div>
