  <div class='ocr_page' id='page_1' title='image "/cluster/home/n/w/nwhite01/storage/ocr_20150623/2/uva.x000669815/178.png"; bbox 0 0 4008 6280; ppageno 0'>
   <div class='ocr_carea' id='block_1_1' title="bbox 274 302 375 363">
    <p class='ocr_par' dir='ltr' id='par_1_1' title="bbox 274 302 375 363">
     <span class='ocr_line' id='line_1_1' title="bbox 274 302 375 363; baseline -0.01 0"><span class='ocrx_word' id='word_1_1' title='bbox 274 302 375 363; x_wconf 73' lang='grc'><strong>313</strong></span> 
     </span>
    </p>
   </div>
   <div class='ocr_carea' id='block_1_2' title="bbox 1373 292 2485 354">
    <p class='ocr_par' dir='ltr' id='par_1_2' title="bbox 1373 292 2485 354">
     <span class='ocr_line' id='line_1_2' title="bbox 1373 292 2485 354; baseline 0 -2"><span class='ocrx_word' id='word_1_2' title='bbox 1373 296 1503 354; x_wconf 87' lang='lat' dir='ltr'><strong>LIB.</strong></span> <span class='ocrx_word' id='word_1_3' title='bbox 1546 294 1614 351; x_wconf 91' lang='lat' dir='ltr'><strong>Ill</strong></span> <span class='ocrx_word' id='word_1_4' title='bbox 1654 292 2019 353; x_wconf 66' lang='lat' dir='ltr'><strong>ADVERSUS</strong></span> <span class='ocrx_word' id='word_1_5' title='bbox 2059 293 2485 353; x_wconf 79' lang='lat' dir='ltr'><strong>MARCIONEM.</strong></span> 
     </span>
    </p>
   </div>
   <div class='ocr_carea' id='block_1_3' title="bbox 3469 299 3579 358">
    <p class='ocr_par' dir='ltr' id='par_1_3' title="bbox 3469 299 3579 358">
     <span class='ocr_line' id='line_1_3' title="bbox 3469 299 3579 358; baseline 0.018 -2"><span class='ocrx_word' id='word_1_6' title='bbox 3469 299 3579 358; x_wconf 71' lang='grc'><strong>546</strong></span> 
     </span>
    </p>
   </div>
   <div class='ocr_carea' id='block_1_4' title="bbox 277 410 3579 490">
    <p class='ocr_par' dir='ltr' id='par_1_4' title="bbox 277 410 3579 490">
     <span class='ocr_line' id='line_1_4' title="bbox 277 410 3579 490; baseline -0.001 -16"><span class='ocrx_word' id='word_1_7' title='bbox 277 421 360 488; x_wconf 72' lang='grc' dir='ltr'><strong>Ξ),</strong></span> <span class='ocrx_word' id='word_1_8' title='bbox 391 418 614 489; x_wconf 85' lang='lat' dir='ltr'><strong>spiritus</strong></span> <span class='ocrx_word' id='word_1_9' title='bbox 645 415 903 486; x_wconf 66' lang='lat' dir='ltr'><strong>sapientia</strong></span> <span class='ocrx_word' id='word_1_10' title='bbox 928 423 974 470; x_wconf 86' lang='lat' dir='ltr'><strong>et</strong></span> <span class='ocrx_word' id='word_1_11' title='bbox 1009 413 1311 479; x_wconf 80' lang='lat' dir='ltr'><strong>intellectus,</strong></span> <span class='ocrx_word' id='word_1_12' title='bbox 1340 413 1550 485; x_wconf 73' lang='lat' dir='ltr'><strong>spiritus</strong></span> <span class='ocrx_word' id='word_1_13' title='bbox 1586 411 1786 467; x_wconf 75' lang='lat' dir='ltr'><strong>consilii</strong></span> <span class='ocrx_word' id='word_1_14' title='bbox 1828 420 1874 465; x_wconf 88' lang='lat' dir='ltr'><strong>et</strong></span> <span class='ocrx_word' id='word_1_15' title='bbox 1901 410 1954 470; x_wconf 84' lang='grc' dir='ltr'><strong>Λ</strong></span> <span class='ocrx_word' id='word_1_16' title='bbox 1981 410 2134 475; x_wconf 87' lang='lat' dir='ltr'><strong>ritur,</strong></span> <span class='ocrx_word' id='word_1_17' title='bbox 2159 412 2280 490; x_wconf 86' lang='lat' dir='ltr'><strong>quia</strong></span> <span class='ocrx_word' id='word_1_18' title='bbox 2306 420 2362 466; x_wconf 93' lang='lat' dir='ltr'><strong>et</strong></span> <span class='ocrx_word' id='word_1_19' title='bbox 2379 411 2512 466; x_wconf 88' lang='lat' dir='ltr'><strong>alias</strong></span> <span class='ocrx_word' id='word_1_20' title='bbox 2533 410 2802 468; x_wconf 86' lang='lat' dir='ltr'><strong>antecedit</strong></span> <span class='ocrx_word' id='word_1_21' title='bbox 2822 425 3001 473; x_wconf 86' lang='lat' dir='ltr'><strong>rerum</strong></span> <span class='ocrx_word' id='word_1_22' title='bbox 3022 411 3268 482; x_wconf 78' lang='lat' dir='ltr'><strong>probatio</strong></span> <span class='ocrx_word' id='word_1_23' title='bbox 3288 415 3579 472; x_wconf 84' lang='lat' dir='ltr'><strong>rationem.</strong></span> 
     </span>
    </p>
   </div>
   <div class='ocr_carea' id='block_1_5' title="bbox 280 505 1873 581">
    <p class='ocr_par' dir='ltr' id='par_1_5' title="bbox 280 505 1873 581">
     <span class='ocr_line' id='line_1_5' title="bbox 280 505 1873 581; baseline -0.006 -15"><span class='ocrx_word' id='word_1_24' title='bbox 280 513 481 581; x_wconf 77' lang='lat' dir='ltr'><strong>rigoris,</strong></span> <span class='ocrx_word' id='word_1_25' title='bbox 528 511 745 580; x_wconf 85' lang='lat' dir='ltr'><strong>spiritus</strong></span> <span class='ocrx_word' id='word_1_26' title='bbox 784 508 1054 581; x_wconf 71' lang='lat' dir='ltr'><strong><em>agnitionis</em></strong></span> <span class='ocrx_word' id='word_1_27' title='bbox 1101 515 1146 560; x_wconf 90' lang='lat' dir='ltr'><strong>et</strong></span> <span class='ocrx_word' id='word_1_28' title='bbox 1175 505 1396 574; x_wconf 83' lang='lat' dir='ltr'><strong>pietatis,</strong></span> <span class='ocrx_word' id='word_1_29' title='bbox 1429 505 1640 574; x_wconf 84' lang='lat' dir='ltr'><strong>spiritus</strong></span> <span class='ocrx_word' id='word_1_30' title='bbox 1678 505 1873 557; x_wconf 89' lang='lat' dir='ltr'><strong>timoris</strong></span> 
     </span>
    </p>
   </div>
   <div class='ocr_carea' id='block_1_6' title="bbox 281 595 1872 673">
    <p class='ocr_par' dir='ltr' id='par_1_6' title="bbox 281 595 1872 673">
     <span class='ocr_line' id='line_1_6' title="bbox 281 595 1872 673; baseline -0.005 -14"><span class='ocrx_word' id='word_1_31' title='bbox 281 605 391 659; x_wconf 79' lang='lat' dir='ltr'><strong>Dei.</strong></span> <span class='ocrx_word' id='word_1_32' title='bbox 427 603 618 673; x_wconf 78' lang='lat' dir='ltr'><strong>Neque</strong></span> <span class='ocrx_word' id='word_1_33' title='bbox 645 602 785 657; x_wconf 89' lang='lat' dir='ltr'><strong>enim</strong></span> <span class='ocrx_word' id='word_1_34' title='bbox 814 601 902 656; x_wconf 93' lang='lat' dir='ltr'><strong>ulli</strong></span> <span class='ocrx_word' id='word_1_35' title='bbox 932 598 1208 654; x_wconf 83' lang='lat' dir='ltr'><strong>hominum</strong></span> <span class='ocrx_word' id='word_1_36' title='bbox 1227 596 1525 661; x_wconf 72' lang='lat' dir='ltr'><strong>diversitas</strong></span> <span class='ocrx_word' id='word_1_37' title='bbox 1553 595 1872 665; x_wconf 72' lang='lat' dir='ltr'><strong>spiritalium</strong></span> 
     </span>
    </p>
   </div>
   <div class='ocr_carea' id='block_1_7' title="bbox 281 683 1871 764">
    <p class='ocr_par' dir='ltr' id='par_1_7' title="bbox 281 683 1871 764">
     <span class='ocr_line' id='line_1_7' title="bbox 281 683 1871 764; baseline -0.004 -14"><span class='ocrx_word' id='word_1_38' title='bbox 281 697 727 752; x_wconf 77' lang='lat' dir='ltr'><strong>documentorum</strong></span> <span class='ocrx_word' id='word_1_39' title='bbox 768 693 1123 764; x_wconf 86' lang='lat' dir='ltr'><strong>competebat,</strong></span> <span class='ocrx_word' id='word_1_40' title='bbox 1169 691 1274 746; x_wconf 85' lang='lat' dir='ltr'><strong>nisi</strong></span> <span class='ocrx_word' id='word_1_41' title='bbox 1319 683 1706 745; x_wconf 30' lang='lat' dir='ltr'><strong>in&#39;Cltristum:</strong></span> <span class='ocrx_word' id='word_1_42' title='bbox 1753 688 1871 744; x_wconf 79' lang='lat' dir='ltr'><strong>Iluri</strong></span> 
     </span>
    </p>
   </div>
   <div class='ocr_carea' id='block_1_8' title="bbox 279 780 1875 861">
    <p class='ocr_par' dir='ltr' id='par_1_8' title="bbox 279 780 1875 861">
     <span class='ocr_line' id='line_1_8' title="bbox 279 780 1875 861; baseline -0.005 -17"><span class='ocrx_word' id='word_1_43' title='bbox 279 790 490 861; x_wconf 45' lang='lat' dir='ltr'><strong>quidem</strong></span> <span class='ocrx_word' id='word_1_44' title='bbox 535 789 606 842; x_wconf 88' lang='lat' dir='ltr'><strong>ob</strong></span> <span class='ocrx_word' id='word_1_45' title='bbox 655 788 874 859; x_wconf 80' lang='lat' dir='ltr'><strong>gratiam</strong></span> <span class='ocrx_word' id='word_1_46' title='bbox 918 786 1136 856; x_wconf 87' lang='lat' dir='ltr'><strong>spiritus</strong></span> <span class='ocrx_word' id='word_1_47' title='bbox 1174 783 1544 852; x_wconf 71' lang='lat' dir='ltr'><strong>aqunatum;</strong></span> <span class='ocrx_word' id='word_1_48' title='bbox 1592 797 1656 836; x_wconf 78' lang='lat' dir='ltr'><strong>ex</strong></span> <span class='ocrx_word' id='word_1_49' title='bbox 1706 780 1875 852; x_wconf 86' lang='lat' dir='ltr'><strong>stirpe</strong></span> 
     </span>
    </p>
   </div>
   <div class='ocr_carea' id='block_1_9' title="bbox 280 873 1876 948">
    <p class='ocr_par' dir='ltr' id='par_1_9' title="bbox 280 873 1876 948">
     <span class='ocr_line' id='line_1_9' title="bbox 280 873 1876 948; baseline -0.005 -13"><span class='ocrx_word' id='word_1_50' title='bbox 280 892 452 936; x_wconf 86' lang='lat' dir='ltr'><strong>autem</strong></span> <span class='ocrx_word' id='word_1_51' title='bbox 498 880 655 936; x_wconf 84' lang='lat' dir='ltr'><strong>.Iesse</strong></span> <span class='ocrx_word' id='word_1_52' title='bbox 697 879 1026 948; x_wconf 89' lang='lat' dir='ltr'><strong>deputatum,</strong></span> <span class='ocrx_word' id='word_1_53' title='bbox 1073 892 1168 946; x_wconf 90' lang='lat' dir='ltr'><strong>per</strong></span> <span class='ocrx_word' id='word_1_54' title='bbox 1212 875 1431 930; x_wconf 74' lang='lat' dir='ltr'><strong>Mariam</strong></span> <span class='ocrx_word' id='word_1_55' title='bbox 1477 873 1599 928; x_wconf 86' lang='lat' dir='ltr'><strong>inde</strong></span> <span class='ocrx_word' id='word_1_56' title='bbox 1645 888 1876 928; x_wconf 89' lang='lat' dir='ltr'><strong>censen-</strong></span> 
     </span>
    </p>
   </div>
   <div class='ocr_carea' id='block_1_10' title="bbox 278 965 1874 1044">
    <p class='ocr_par' dir='ltr' id='par_1_10' title="bbox 278 965 1874 1044">
     <span class='ocr_line' id='line_1_10' title="bbox 278 965 1874 1044; baseline -0.003 -17"><span class='ocrx_word' id='word_1_57' title='bbox 278 973 397 1027; x_wconf 90' lang='lat' dir='ltr'><strong>dum</strong></span> <span class='ocrx_word' id='word_1_58' title='bbox 438 971 542 1044; x_wconf 82' lang='lat' dir='ltr'><strong>(l).</strong></span> <span class='ocrx_word' id='word_1_59' title='bbox 590 970 884 1039; x_wconf 84' lang='lat' dir='ltr'><strong>Exposmlo</strong></span> <span class='ocrx_word' id='word_1_60' title='bbox 925 981 1102 1025; x_wconf 88' lang='lat' dir='ltr'><strong>autem</strong></span> <span class='ocrx_word' id='word_1_61' title='bbox 1148 968 1218 1024; x_wconf 91' lang='lat' dir='ltr'><strong>de</strong></span> <span class='ocrx_word' id='word_1_62' title='bbox 1259 968 1533 1038; x_wconf 90' lang='lat' dir='ltr'><strong>proposito</strong></span> <span class='ocrx_word' id='word_1_63' title='bbox 1566 966 1649 1023; x_wconf 86' lang='lat' dir='ltr'><strong>:si</strong></span> <span class='ocrx_word' id='word_1_64' title='bbox 1692 965 1789 1021; x_wconf 87' lang='lat' dir='ltr'><strong>das</strong></span> <span class='ocrx_word' id='word_1_65' title='bbox 1825 968 1874 1022; x_wconf 90' lang='lat' dir='ltr'><strong>ei</strong></span> 
     </span>
    </p>
   </div>
   <div class='ocr_carea' id='block_1_11' title="bbox 283 1058 1876 1132">
    <p class='ocr_par' dir='ltr' id='par_1_11' title="bbox 283 1058 1876 1132">
     <span class='ocr_line' id='line_1_11' title="bbox 283 1058 1876 1132; baseline -0.004 -14"><span class='ocrx_word' id='word_1_66' title='bbox 283 1065 456 1118; x_wconf 80' lang='lat' dir='ltr'><strong>onmis</strong></span> <span class='ocrx_word' id='word_1_67' title='bbox 490 1063 803 1118; x_wconf 76' lang='lat' dir='ltr'><strong>humilitatis</strong></span> <span class='ocrx_word' id='word_1_68' title='bbox 824 1073 874 1116; x_wconf 89' lang='lat' dir='ltr'><strong>et</strong></span> <span class='ocrx_word' id='word_1_69' title='bbox 908 1061 1176 1132; x_wconf 67' lang='lat' dir='ltr'><strong>patientia:</strong></span> <span class='ocrx_word' id='word_1_70' title='bbox 1196 1070 1251 1115; x_wconf 89' lang='lat' dir='ltr'><strong>et</strong></span> <span class='ocrx_word' id='word_1_71' title='bbox 1277 1059 1678 1132; x_wconf 83' lang='lat' dir='ltr'><strong>tranquillitatis</strong></span> <span class='ocrx_word' id='word_1_72' title='bbox 1699 1058 1876 1113; x_wconf 85' lang='lat' dir='ltr'><strong>inten-</strong></span> 
     </span>
    </p>
   </div>
   <div class='ocr_carea' id='block_1_12' title="bbox 279 1151 1872 1224">
    <p class='ocr_par' dir='ltr' id='par_1_12' title="bbox 279 1151 1872 1224">
     <span class='ocr_line' id='line_1_12' title="bbox 279 1151 1872 1224; baseline -0.003 -14"><span class='ocrx_word' id='word_1_73' title='bbox 279 1157 328 1210; x_wconf 80' lang='lat' dir='ltr'><strong>tit</strong></span> <span class='ocrx_word' id='word_1_74' title='bbox 350 1171 506 1223; x_wconf 89' lang='lat' dir='ltr'><strong>nem,</strong></span> <span class='ocrx_word' id='word_1_75' title='bbox 540 1166 595 1210; x_wconf 91' lang='lat' dir='ltr'><strong>et</strong></span> <span class='ocrx_word' id='word_1_76' title='bbox 633 1172 694 1211; x_wconf 78' lang='lat' dir='ltr'><strong>ex</strong></span> <span class='ocrx_word' id='word_1_77' title='bbox 731 1155 812 1210; x_wconf 91' lang='lat' dir='ltr'><strong>his</strong></span> <span class='ocrx_word' id='word_1_78' title='bbox 851 1155 999 1211; x_wconf 70' lang='lat' dir='ltr'><strong>Isaia:</strong></span> <span class='ocrx_word' id='word_1_79' title='bbox 1037 1151 1142 1210; x_wconf 80' lang='lat' dir='ltr'><strong>erit</strong></span> <span class='ocrx_word' id='word_1_80' title='bbox 1169 1152 1412 1208; x_wconf 83' lang='lat' dir='ltr'><strong>Christus</strong></span> <span class='ocrx_word' id='word_1_81' title='bbox 1447 1151 1574 1223; x_wconf 82' lang='lat' dir='ltr'><strong>(Is.,</strong></span> <span class='ocrx_word' id='word_1_82' title='bbox 1607 1151 1740 1218; x_wconf 87' lang='lat' dir='ltr'><strong>Llll,</strong></span> <span class='ocrx_word' id='word_1_83' title='bbox 1775 1151 1872 1224; x_wconf 90' lang='lat'><strong>7):</strong></span> 
     </span>
    </p>
   </div>
   <div class='ocr_carea' id='block_1_13' title="bbox 282 1245 1876 1320">
    <p class='ocr_par' dir='ltr' id='par_1_13' title="bbox 282 1245 1876 1320">
     <span class='ocr_line' id='line_1_13' title="bbox 282 1245 1876 1320; baseline -0.004 -16"><span class='ocrx_word' id='word_1_84' title='bbox 282 1249 444 1304; x_wconf 85' lang='lat' dir='ltr'><strong>llomo</strong></span> <span class='ocrx_word' id='word_1_85' title='bbox 490 1250 543 1303; x_wconf 88' lang='lat' dir='ltr'><strong>in</strong></span> <span class='ocrx_word' id='word_1_86' title='bbox 593 1250 780 1320; x_wconf 82' lang='lat' dir='ltr'><strong>plaga,</strong></span> <span class='ocrx_word' id='word_1_87' title='bbox 828 1259 875 1304; x_wconf 90' lang='lat' dir='ltr'><strong>et</strong></span> <span class='ocrx_word' id='word_1_88' title='bbox 917 1251 1078 1303; x_wconf 83' lang='lat' dir='ltr'><strong>sciens</strong></span> <span class='ocrx_word' id='word_1_89' title='bbox 1135 1251 1269 1318; x_wconf 76' lang='lat' dir='ltr'><strong>ferre</strong></span> <span class='ocrx_word' id='word_1_90' title='bbox 1310 1245 1745 1311; x_wconf 80' lang='lat' dir='ltr'><strong>imbecillitatem;</strong></span> <span class='ocrx_word' id='word_1_91' title='bbox 1789 1245 1876 1314; x_wconf 84' lang='lat' dir='ltr'><strong>qui</strong></span> 
     </span>
    </p>
   </div>
   <div class='ocr_carea' id='block_1_14' title="bbox 275 1333 1876 1413">
    <p class='ocr_par' dir='ltr' id='par_1_14' title="bbox 275 1333 1876 1413">
     <span class='ocr_line' id='line_1_14' title="bbox 275 1333 1876 1413; baseline -0.002 -17"><span class='ocrx_word' id='word_1_92' title='bbox 275 1353 517 1413; x_wconf 84' lang='lat' dir='ltr'><strong>tanquam</strong></span> <span class='ocrx_word' id='word_1_93' title='bbox 557 1344 662 1397; x_wconf 83' lang='lat' dir='ltr'><strong>ovis</strong></span> <span class='ocrx_word' id='word_1_94' title='bbox 705 1342 774 1395; x_wconf 88' lang='lat' dir='ltr'><strong>ad</strong></span> <span class='ocrx_word' id='word_1_95' title='bbox 815 1342 1069 1395; x_wconf 82' lang='lat' dir='ltr'><strong>victimant</strong></span> <span class='ocrx_word' id='word_1_96' title='bbox 1112 1339 1362 1393; x_wconf 86' lang='lat' dir='ltr'><strong>adductus</strong></span> <span class='ocrx_word' id='word_1_97' title='bbox 1405 1348 1506 1403; x_wconf 85' lang='lat' dir='ltr'><strong>est,</strong></span> <span class='ocrx_word' id='word_1_98' title='bbox 1545 1348 1594 1393; x_wconf 87' lang='lat' dir='ltr'><strong>et</strong></span> <span class='ocrx_word' id='word_1_99' title='bbox 1636 1333 1876 1408; x_wconf 81' lang='lat' dir='ltr'><strong>tanquam</strong></span> 
     </span>
    </p>
   </div>
   <div class='ocr_carea' id='block_1_15' title="bbox 273 1429 1876 1504">
    <p class='ocr_par' dir='ltr' id='par_1_15' title="bbox 273 1429 1876 1504">
     <span class='ocr_line' id='line_1_15' title="bbox 273 1429 1876 1504; baseline -0.002 -17"><span class='ocrx_word' id='word_1_100' title='bbox 273 1450 434 1504; x_wconf 83' lang='lat' dir='ltr'><strong>agnus</strong></span> <span class='ocrx_word' id='word_1_101' title='bbox 461 1437 580 1488; x_wconf 81' lang='lat' dir='ltr'><strong>ante</strong></span> <span class='ocrx_word' id='word_1_102' title='bbox 605 1433 895 1488; x_wconf 81' lang='lat' dir='ltr'><strong>tendentem</strong></span> <span class='ocrx_word' id='word_1_103' title='bbox 917 1449 1016 1486; x_wconf 89' lang='lat' dir='ltr'><strong>non</strong></span> <span class='ocrx_word' id='word_1_104' title='bbox 1045 1433 1246 1502; x_wconf 84' lang='lat' dir='ltr'><strong>aperuit</strong></span> <span class='ocrx_word' id='word_1_105' title='bbox 1273 1447 1354 1498; x_wconf 90' lang='lat' dir='ltr'><strong>os;</strong></span> <span class='ocrx_word' id='word_1_106' title='bbox 1373 1433 1458 1502; x_wconf 86' lang='lat' dir='ltr'><strong>qui</strong></span> <span class='ocrx_word' id='word_1_107' title='bbox 1487 1429 1611 1500; x_wconf 87' lang='lat' dir='ltr'><strong>(Is.,</strong></span> <span class='ocrx_word' id='word_1_108' title='bbox 1635 1429 1797 1496; x_wconf 87' lang='lat' dir='ltr'><strong>XLII,</strong></span> <span class='ocrx_word' id='word_1_109' title='bbox 1816 1431 1876 1500; x_wconf 77' lang='lat'>2)</span> 
     </span>
    </p>
   </div>
   <div class='ocr_carea' id='block_1_16' title="bbox 274 1524 1879 1598">
    <p class='ocr_par' dir='ltr' id='par_1_16' title="bbox 274 1524 1879 1598">
     <span class='ocr_line' id='line_1_16' title="bbox 274 1524 1879 1598; baseline -0.002 -19"><span class='ocrx_word' id='word_1_110' title='bbox 274 1543 431 1598; x_wconf 82' lang='lat' dir='ltr'><strong>neque</strong></span> <span class='ocrx_word' id='word_1_111' title='bbox 455 1525 736 1592; x_wconf 84' lang='lat' dir='ltr'><strong>contendit,</strong></span> <span class='ocrx_word' id='word_1_112' title='bbox 763 1541 923 1593; x_wconf 88' lang='lat' dir='ltr'><strong>neque</strong></span> <span class='ocrx_word' id='word_1_113' title='bbox 943 1525 1202 1592; x_wconf 85' lang='lat' dir='ltr'><strong>clamauit,</strong></span> <span class='ocrx_word' id='word_1_114' title='bbox 1230 1540 1320 1578; x_wconf 87' lang='lat' dir='ltr'><strong>nec</strong></span> <span class='ocrx_word' id='word_1_115' title='bbox 1340 1524 1516 1578; x_wconf 86' lang='lat' dir='ltr'><strong>audita</strong></span> <span class='ocrx_word' id='word_1_116' title='bbox 1537 1533 1610 1578; x_wconf 84' lang='lat' dir='ltr'><strong>est</strong></span> <span class='ocrx_word' id='word_1_117' title='bbox 1632 1524 1757 1595; x_wconf 83' lang='lat' dir='ltr'><strong>foris</strong></span> <span class='ocrx_word' id='word_1_118' title='bbox 1780 1539 1879 1577; x_wconf 70' lang='lat' dir='ltr'><strong>vos:</strong></span> 
     </span>
    </p>
   </div>
   <div class='ocr_carea' id='block_1_17' title="bbox 274 1617 1880 1689">
    <p class='ocr_par' dir='ltr' id='par_1_17' title="bbox 274 1617 1880 1689">
     <span class='ocr_line' id='line_1_17' title="bbox 274 1617 1880 1689; baseline 0.001 -17"><span class='ocrx_word' id='word_1_119' title='bbox 274 1619 418 1688; x_wconf 88' lang='lat' dir='ltr'><strong>ejus:</strong></span> <span class='ocrx_word' id='word_1_120' title='bbox 449 1622 538 1688; x_wconf 89' lang='lat' dir='ltr'><strong>qui</strong></span> <span class='ocrx_word' id='word_1_121' title='bbox 585 1620 886 1673; x_wconf 87' lang='lat' dir='ltr'><strong>arundinem</strong></span> <span class='ocrx_word' id='word_1_122' title='bbox 930 1627 1212 1682; x_wconf 84' lang='lat' dir='ltr'><strong>contusam,</strong></span> <span class='ocrx_word' id='word_1_123' title='bbox 1268 1617 1320 1673; x_wconf 91' lang='lat' dir='ltr'><strong>id</strong></span> <span class='ocrx_word' id='word_1_124' title='bbox 1357 1627 1460 1684; x_wconf 90' lang='lat' dir='ltr'><strong>est,</strong></span> <span class='ocrx_word' id='word_1_125' title='bbox 1492 1632 1740 1689; x_wconf 81' lang='lat' dir='ltr'><strong>quassam</strong></span> <span class='ocrx_word' id='word_1_126' title='bbox 1786 1617 1880 1673; x_wconf 80' lang='lat' dir='ltr'><strong>Ju-</strong></span> 
     </span>
    </p>
   </div>
   <div class='ocr_carea' id='block_1_18' title="bbox 277 1710 1874 1779">
    <p class='ocr_par' dir='ltr' id='par_1_18' title="bbox 277 1710 1874 1779">
     <span class='ocr_line' id='line_1_18' title="bbox 277 1710 1874 1779; baseline 0.001 -15"><span class='ocrx_word' id='word_1_127' title='bbox 277 1711 518 1764; x_wconf 73' lang='lat' dir='ltr'><strong>da-orunt</strong></span> <span class='ocrx_word' id='word_1_128' title='bbox 537 1710 718 1778; x_wconf 86' lang='lat' dir='ltr'><strong>Iidem,</strong></span> <span class='ocrx_word' id='word_1_129' title='bbox 734 1728 834 1766; x_wconf 87' lang='lat' dir='ltr'><strong>non</strong></span> <span class='ocrx_word' id='word_1_130' title='bbox 856 1712 1172 1766; x_wconf 82' lang='lat' dir='ltr'><strong>comminuit:</strong></span> <span class='ocrx_word' id='word_1_131' title='bbox 1194 1712 1280 1777; x_wconf 84' lang='lat' dir='ltr'><strong>qui</strong></span> <span class='ocrx_word' id='word_1_132' title='bbox 1295 1711 1452 1766; x_wconf 89' lang='lat' dir='ltr'><strong>linum</strong></span> <span class='ocrx_word' id='word_1_133' title='bbox 1464 1711 1671 1779; x_wconf 86' lang='lat' dir='ltr'><strong>ardens,</strong></span> <span class='ocrx_word' id='word_1_134' title='bbox 1697 1710 1747 1766; x_wconf 88' lang='lat' dir='ltr'><strong>id</strong></span> <span class='ocrx_word' id='word_1_135' title='bbox 1770 1720 1874 1776; x_wconf 90' lang='lat' dir='ltr'><strong>est,</strong></span> 
     </span>
    </p>
   </div>
   <div class='ocr_carea' id='block_1_19' title="bbox 1978 502 3580 574">
    <p class='ocr_par' dir='ltr' id='par_1_19' title="bbox 1978 502 3580 574">
     <span class='ocr_line' id='line_1_19' title="bbox 1978 502 3580 574; baseline 0.005 -17"><span class='ocrx_word' id='word_1_136' title='bbox 1978 502 2054 557; x_wconf 89' lang='lat' dir='ltr'><strong>De</strong></span> <span class='ocrx_word' id='word_1_137' title='bbox 2075 503 2258 572; x_wconf 83' lang='lat' dir='ltr'><strong>tlgnris</strong></span> <span class='ocrx_word' id='word_1_138' title='bbox 2285 503 2430 573; x_wconf 90' lang='lat' dir='ltr'><strong>prius</strong></span> <span class='ocrx_word' id='word_1_139' title='bbox 2455 503 2718 560; x_wconf 86' lang='lat' dir='ltr'><strong>edocebo.</strong></span> <span class='ocrx_word' id='word_1_140' title='bbox 2745 504 2812 559; x_wconf 86' lang='lat' dir='ltr'><strong>Et</strong></span> <span class='ocrx_word' id='word_1_141' title='bbox 2829 505 3015 574; x_wconf 81' lang='lat' dir='ltr'><strong>utique</strong></span> <span class='ocrx_word' id='word_1_142' title='bbox 3043 505 3127 562; x_wconf 88' lang='lat' dir='ltr'><strong>vel</strong></span> <span class='ocrx_word' id='word_1_143' title='bbox 3150 507 3380 563; x_wconf 77' lang='lat' dir='ltr'><strong>maxime</strong></span> <span class='ocrx_word' id='word_1_144' title='bbox 3399 524 3580 564; x_wconf 89' lang='lat' dir='ltr'><strong>sacra-</strong></span> 
     </span>
    </p>
   </div>
   <div class='ocr_carea' id='block_1_20' title="bbox 1975 595 3573 671">
    <p class='ocr_par' dir='ltr' id='par_1_20' title="bbox 1975 595 3573 671">
     <span class='ocr_line' id='line_1_20' title="bbox 1975 595 3573 671; baseline 0.005 -22"><span class='ocrx_word' id='word_1_145' title='bbox 1975 604 2216 650; x_wconf 90' lang='lat' dir='ltr'><strong>mentum</strong></span> <span class='ocrx_word' id='word_1_146' title='bbox 2264 595 2402 651; x_wconf 90' lang='lat' dir='ltr'><strong>istnd</strong></span> <span class='ocrx_word' id='word_1_147' title='bbox 2460 597 2678 667; x_wconf 84' lang='lat' dir='ltr'><strong>ligurari</strong></span> <span class='ocrx_word' id='word_1_148' title='bbox 2723 600 2778 652; x_wconf 91' lang='lat' dir='ltr'><strong>in</strong></span> <span class='ocrx_word' id='word_1_149' title='bbox 2829 597 3214 668; x_wconf 72' lang='lat' dir='ltr'><strong>prmdicatione</strong></span> <span class='ocrx_word' id='word_1_150' title='bbox 3257 602 3573 671; x_wconf 81' lang='lat' dir='ltr'><strong>oportebat,</strong></span> 
     </span>
    </p>
   </div>
   <div class='ocr_carea' id='block_1_21' title="bbox 1975 687 3575 762">
    <p class='ocr_par' dir='ltr' id='par_1_21' title="bbox 1975 687 3575 762">
     <span class='ocr_line' id='line_1_21' title="bbox 1975 687 3575 762; baseline 0.004 -21"><span class='ocrx_word' id='word_1_151' title='bbox 1975 696 2178 758; x_wconf 88' lang='lat' dir='ltr'><strong>quanto</strong></span> <span class='ocrx_word' id='word_1_152' title='bbox 2221 687 2559 754; x_wconf 89' lang='lat' dir='ltr'><strong>incredibile,</strong></span> <span class='ocrx_word' id='word_1_153' title='bbox 2604 699 2752 743; x_wconf 88' lang='lat' dir='ltr'><strong>tanto</strong></span> <span class='ocrx_word' id='word_1_154' title='bbox 2797 691 2966 760; x_wconf 85' lang='lat' dir='ltr'><strong>magis</strong></span> <span class='ocrx_word' id='word_1_155' title='bbox 3013 691 3269 746; x_wconf 86' lang='lat' dir='ltr'><strong>seandalo</strong></span> <span class='ocrx_word' id='word_1_156' title='bbox 3317 691 3575 762; x_wconf 57' lang='lat' dir='ltr'><strong>ﬂaturum,</strong></span> 
     </span>
    </p>
   </div>
   <div class='ocr_carea' id='block_1_22' title="bbox 1976 778 3578 856">
    <p class='ocr_par' dir='ltr' id='par_1_22' title="bbox 1976 778 3578 856">
     <span class='ocr_line' id='line_1_22' title="bbox 1976 778 3578 856; baseline 0.007 -23"><span class='ocrx_word' id='word_1_157' title='bbox 1976 778 2021 834; x_wconf 87' lang='lat' dir='ltr'><strong>si</strong></span> <span class='ocrx_word' id='word_1_158' title='bbox 2051 779 2192 836; x_wconf 86' lang='lat' dir='ltr'><strong>unde</strong></span> <span class='ocrx_word' id='word_1_159' title='bbox 2231 780 2638 850; x_wconf 60' lang='lat' dir='ltr'><strong>praedicaretur;</strong></span> <span class='ocrx_word' id='word_1_160' title='bbox 2671 789 2979 854; x_wconf 88' lang='lat' dir='ltr'><strong>quantoque</strong></span> <span class='ocrx_word' id='word_1_161' title='bbox 3019 784 3380 856; x_wconf 78' lang='lat' dir='ltr'><strong>magniﬁcum,</strong></span> <span class='ocrx_word' id='word_1_162' title='bbox 3427 795 3578 844; x_wconf 86' lang='lat' dir='ltr'><strong>tanto</strong></span> 
     </span>
    </p>
   </div>
   <div class='ocr_carea' id='block_1_23' title="bbox 1979 873 3574 952">
    <p class='ocr_par' dir='ltr' id='par_1_23' title="bbox 1979 873 3574 952">
     <span class='ocr_line' id='line_1_23' title="bbox 1979 873 3574 952; baseline 0.006 -26"><span class='ocrx_word' id='word_1_163' title='bbox 1979 873 2147 942; x_wconf 84' lang='lat' dir='ltr'><strong>magis</strong></span> <span class='ocrx_word' id='word_1_164' title='bbox 2190 873 2641 941; x_wconf 85' lang='lat' dir='ltr'><strong>obtttnbrandum,</strong></span> <span class='ocrx_word' id='word_1_165' title='bbox 2689 885 2746 930; x_wconf 93' lang='grc' dir='ltr'><strong>ιιι</strong></span> <span class='ocrx_word' id='word_1_166' title='bbox 2775 875 3066 932; x_wconf 80' lang='lat' dir='ltr'><strong>difﬁcultas</strong></span> <span class='ocrx_word' id='word_1_167' title='bbox 3107 878 3410 935; x_wconf 89' lang='lat' dir='ltr'><strong>itttellectus</strong></span> <span class='ocrx_word' id='word_1_168' title='bbox 3448 897 3574 952; x_wconf 77' lang='lat' dir='ltr'><strong>gra-</strong></span> 
     </span>
    </p>
   </div>
   <div class='ocr_carea' id='block_1_24' title="bbox 1979 966 3578 1040">
    <p class='ocr_par' dir='ltr' id='par_1_24' title="bbox 1979 966 3578 1040">
     <span class='ocr_line' id='line_1_24' title="bbox 1979 966 3578 1040; baseline 0.008 -21"><span class='ocrx_word' id='word_1_169' title='bbox 1979 967 2106 1021; x_wconf 88' lang='lat' dir='ltr'><strong>tiam</strong></span> <span class='ocrx_word' id='word_1_170' title='bbox 2156 967 2251 1022; x_wconf 86' lang='lat' dir='ltr'><strong>Dei</strong></span> <span class='ocrx_word' id='word_1_171' title='bbox 2289 975 2576 1038; x_wconf 77' lang='lat' dir='ltr'><strong>qutererct.</strong></span> <span class='ocrx_word' id='word_1_172' title='bbox 2608 966 2792 1040; x_wconf 88' lang='lat' dir='ltr'><strong>Itaque</strong></span> <span class='ocrx_word' id='word_1_173' title='bbox 2841 970 2892 1024; x_wconf 92' lang='lat' dir='ltr'><strong>in</strong></span> <span class='ocrx_word' id='word_1_174' title='bbox 2935 971 3120 1039; x_wconf 84' lang='lat' dir='ltr'><strong>primis</strong></span> <span class='ocrx_word' id='word_1_175' title='bbox 3161 973 3330 1038; x_wconf 87' lang='lat' dir='ltr'><strong>Isaac,</strong></span> <span class='ocrx_word' id='word_1_176' title='bbox 3377 991 3501 1031; x_wconf 91' lang='lat' dir='ltr'><strong>cum</strong></span> <span class='ocrx_word' id='word_1_177' title='bbox 3545 991 3578 1033; x_wconf 88' lang='lat' dir='ltr'><strong>a</strong></span> 
     </span>
    </p>
   </div>
   <div class='ocr_carea' id='block_1_25' title="bbox 1978 1057 3568 1136">
    <p class='ocr_par' dir='ltr' id='par_1_25' title="bbox 1978 1057 3568 1136">
     <span class='ocr_line' id='line_1_25' title="bbox 1978 1057 3568 1136; baseline 0.008 -26"><span class='ocrx_word' id='word_1_178' title='bbox 1978 1066 2130 1128; x_wconf 86' lang='lat' dir='ltr'><strong>patre</strong></span> <span class='ocrx_word' id='word_1_179' title='bbox 2159 1059 2210 1113; x_wconf 94' lang='lat' dir='ltr'><strong>in</strong></span> <span class='ocrx_word' id='word_1_180' title='bbox 2253 1057 2481 1114; x_wconf 88' lang='lat' dir='ltr'><strong>hostiam</strong></span> <span class='ocrx_word' id='word_1_181' title='bbox 2513 1059 2746 1121; x_wconf 89' lang='lat' dir='ltr'><strong>deditus.</strong></span> <span class='ocrx_word' id='word_1_182' title='bbox 2777 1061 2974 1130; x_wconf 83' lang='lat' dir='ltr'><strong>lignum</strong></span> <span class='ocrx_word' id='word_1_183' title='bbox 3001 1063 3101 1117; x_wconf 89' lang='lat' dir='ltr'><strong>sibi</strong></span> <span class='ocrx_word' id='word_1_184' title='bbox 3143 1063 3257 1134; x_wconf 86' lang='lat' dir='ltr'><strong>ipse</strong></span> <span class='ocrx_word' id='word_1_185' title='bbox 3307 1074 3568 1136; x_wconf 81' lang='lat' dir='ltr'><strong>portaret,</strong></span> 
     </span>
    </p>
   </div>
   <div class='ocr_carea' id='block_1_26' title="bbox 1977 1148 3578 1221">
    <p class='ocr_par' dir='ltr' id='par_1_26' title="bbox 1977 1148 3578 1221">
     <span class='ocr_line' id='line_1_26' title="bbox 1977 1148 3578 1221; baseline 0.006 -16"><span class='ocrx_word' id='word_1_186' title='bbox 1977 1148 2176 1205; x_wconf 84' lang='lat' dir='ltr'><strong>Christi</strong></span> <span class='ocrx_word' id='word_1_187' title='bbox 2203 1151 2404 1205; x_wconf 71' lang='lat' dir='ltr'><strong>exitum</strong></span> <span class='ocrx_word' id='word_1_188' title='bbox 2433 1151 2543 1221; x_wconf 89' lang='lat' dir='ltr'><strong>jam</strong></span> <span class='ocrx_word' id='word_1_189' title='bbox 2572 1159 2699 1206; x_wconf 91' lang='lat' dir='ltr'><strong>tunc</strong></span> <span class='ocrx_word' id='word_1_190' title='bbox 2724 1151 3034 1220; x_wconf 89' lang='lat' dir='ltr'><strong>denotabat,</strong></span> <span class='ocrx_word' id='word_1_191' title='bbox 3066 1155 3117 1209; x_wconf 93' lang='lat' dir='ltr'><strong>in</strong></span> <span class='ocrx_word' id='word_1_192' title='bbox 3147 1157 3416 1212; x_wconf 83' lang='lat' dir='ltr'><strong>victimam</strong></span> <span class='ocrx_word' id='word_1_193' title='bbox 3443 1174 3578 1214; x_wconf 89' lang='lat' dir='ltr'><strong>con-</strong></span> 
     </span>
    </p>
   </div>
   <div class='ocr_carea' id='block_1_27' title="bbox 1980 1242 3576 1321">
    <p class='ocr_par' dir='ltr' id='par_1_27' title="bbox 1980 1242 3576 1321">
     <span class='ocr_line' id='line_1_27' title="bbox 1980 1242 3576 1321; baseline 0.007 -24"><span class='ocrx_word' id='word_1_194' title='bbox 1980 1243 2121 1298; x_wconf 89' lang='lat' dir='ltr'><strong>cessi</strong></span> <span class='ocrx_word' id='word_1_195' title='bbox 2165 1258 2196 1298; x_wconf 90' lang='lat' dir='ltr'><strong>a</strong></span> <span class='ocrx_word' id='word_1_196' title='bbox 2225 1242 2413 1309; x_wconf 88' lang='lat' dir='ltr'><strong>Patre,</strong></span> <span class='ocrx_word' id='word_1_197' title='bbox 2459 1253 2514 1300; x_wconf 88' lang='lat' dir='ltr'><strong>et</strong></span> <span class='ocrx_word' id='word_1_198' title='bbox 2557 1245 2756 1316; x_wconf 78' lang='lat' dir='ltr'><strong>lignum</strong></span> <span class='ocrx_word' id='word_1_199' title='bbox 2807 1247 3071 1316; x_wconf 80' lang='lat' dir='ltr'><strong>passionis</strong></span> <span class='ocrx_word' id='word_1_200' title='bbox 3113 1264 3225 1304; x_wconf 80' lang='lat' dir='ltr'><strong>sua:</strong></span> <span class='ocrx_word' id='word_1_201' title='bbox 3271 1249 3576 1321; x_wconf 80' lang='lat' dir='ltr'><strong>bajulantis.</strong></span> 
     </span>
    </p>
   </div>
   <div class='ocr_carea' id='block_1_28' title="bbox 1978 1335 3579 1411">
    <p class='ocr_par' dir='ltr' id='par_1_28' title="bbox 1978 1335 3579 1411">
     <span class='ocr_line' id='line_1_28' title="bbox 1978 1335 3579 1411; baseline 0.006 -19"><span class='ocrx_word' id='word_1_202' title='bbox 1978 1335 2177 1406; x_wconf 81' lang='lat' dir='ltr'><strong>.Ioseph</strong></span> <span class='ocrx_word' id='word_1_203' title='bbox 2219 1347 2275 1392; x_wconf 91' lang='lat' dir='ltr'><strong>et</strong></span> <span class='ocrx_word' id='word_1_204' title='bbox 2316 1339 2427 1408; x_wconf 91' lang='lat' dir='ltr'><strong>ipse</strong></span> <span class='ocrx_word' id='word_1_205' title='bbox 2467 1337 2520 1392; x_wconf 89' lang='lat' dir='ltr'><strong>in</strong></span> <span class='ocrx_word' id='word_1_206' title='bbox 2563 1336 2644 1410; x_wconf 86' lang='lat'>(6)</span> <span class='ocrx_word' id='word_1_207' title='bbox 2672 1337 2945 1394; x_wconf 89' lang='lat' dir='ltr'><strong>Christum</strong></span> <span class='ocrx_word' id='word_1_208' title='bbox 3001 1339 3287 1411; x_wconf 80' lang='lat' dir='ltr'><strong>ﬁguratus,</strong></span> <span class='ocrx_word' id='word_1_209' title='bbox 3338 1359 3437 1399; x_wconf 91' lang='lat' dir='ltr'><strong>nec</strong></span> <span class='ocrx_word' id='word_1_210' title='bbox 3477 1344 3579 1401; x_wconf 90' lang='lat' dir='ltr'><strong>hoc</strong></span> 
     </span>
    </p>
   </div>
   <div class='ocr_carea' id='block_1_29' title="bbox 1979 1428 3578 1503">
    <p class='ocr_par' dir='ltr' id='par_1_29' title="bbox 1979 1428 3578 1503">
     <span class='ocr_line' id='line_1_29' title="bbox 1979 1428 3578 1503; baseline 0.004 -19"><span class='ocrx_word' id='word_1_211' title='bbox 1979 1428 2100 1484; x_wconf 91' lang='lat' dir='ltr'><strong>solo</strong></span> <span class='ocrx_word' id='word_1_212' title='bbox 2145 1428 2253 1500; x_wconf 90' lang='lat' dir='ltr'><strong>(ne</strong></span> <span class='ocrx_word' id='word_1_213' title='bbox 2297 1430 2548 1485; x_wconf 91' lang='lat' dir='ltr'><strong>demorer</strong></span> <span class='ocrx_word' id='word_1_214' title='bbox 2587 1430 2838 1502; x_wconf 87' lang='lat' dir='ltr'><strong>cursum)</strong></span> <span class='ocrx_word' id='word_1_215' title='bbox 2887 1433 3029 1502; x_wconf 91' lang='lat' dir='ltr'><strong>quod</strong></span> <span class='ocrx_word' id='word_1_216' title='bbox 3078 1436 3502 1503; x_wconf 83' lang='lat' dir='ltr'><strong>persecutionem</strong></span> <span class='ocrx_word' id='word_1_217' title='bbox 3546 1451 3578 1492; x_wconf 86' lang='lat' dir='ltr'><strong>a</strong></span> 
     </span>
    </p>
   </div>
   <div class='ocr_carea' id='block_1_30' title="bbox 1981 1520 3577 1600">
    <p class='ocr_par' dir='ltr' id='par_1_30' title="bbox 1981 1520 3577 1600">
     <span class='ocr_line' id='line_1_30' title="bbox 1981 1520 3577 1600; baseline 0.004 -24"><span class='ocrx_word' id='word_1_218' title='bbox 1981 1520 2234 1576; x_wconf 72' lang='lat' dir='ltr'><strong>fratribus</strong></span> <span class='ocrx_word' id='word_1_219' title='bbox 2264 1537 2454 1592; x_wconf 88' lang='lat' dir='ltr'><strong>passus</strong></span> <span class='ocrx_word' id='word_1_220' title='bbox 2479 1532 2583 1590; x_wconf 88' lang='lat' dir='ltr'><strong>est,</strong></span> <span class='ocrx_word' id='word_1_221' title='bbox 2620 1533 2674 1578; x_wconf 91' lang='lat' dir='ltr'><strong>et</strong></span> <span class='ocrx_word' id='word_1_222' title='bbox 2699 1524 3053 1579; x_wconf 86' lang='lat' dir='ltr'><strong>venumdatus</strong></span> <span class='ocrx_word' id='word_1_223' title='bbox 3082 1526 3132 1580; x_wconf 92' lang='lat' dir='ltr'><strong>in</strong></span> <span class='ocrx_word' id='word_1_224' title='bbox 3158 1525 3444 1596; x_wconf 56' lang='lat' dir='ltr'><strong>{Egyptum</strong></span> <span class='ocrx_word' id='word_1_225' title='bbox 3473 1527 3577 1600; x_wconf 88' lang='grc'><strong>(7),</strong></span> 
     </span>
    </p>
   </div>
   <div class='ocr_carea' id='block_1_31' title="bbox 1981 1615 3581 1685">
    <p class='ocr_par' dir='ltr' id='par_1_31' title="bbox 1981 1615 3581 1685">
     <span class='ocr_line' id='line_1_31' title="bbox 1981 1615 3581 1685; baseline 0.005 -17"><span class='ocrx_word' id='word_1_226' title='bbox 1981 1617 2052 1671; x_wconf 90' lang='lat' dir='ltr'><strong>ob</strong></span> <span class='ocrx_word' id='word_1_227' title='bbox 2081 1615 2179 1685; x_wconf 47' lang='lat' dir='ltr'><strong>Dei.</strong></span> <span class='ocrx_word' id='word_1_228' title='bbox 2205 1616 2451 1685; x_wconf 82' lang='lat' dir='ltr'><strong>gratiam,</strong></span> <span class='ocrx_word' id='word_1_229' title='bbox 2485 1617 2625 1672; x_wconf 85' lang='lat' dir='ltr'><strong>sicut</strong></span> <span class='ocrx_word' id='word_1_230' title='bbox 2659 1626 2715 1672; x_wconf 91' lang='lat' dir='ltr'><strong>et</strong></span> <span class='ocrx_word' id='word_1_231' title='bbox 2739 1616 2984 1672; x_wconf 84' lang='lat' dir='ltr'><strong>Christus</strong></span> <span class='ocrx_word' id='word_1_232' title='bbox 3007 1633 3036 1672; x_wconf 91' lang='lat' dir='ltr'><strong>a</strong></span> <span class='ocrx_word' id='word_1_233' title='bbox 3069 1618 3268 1674; x_wconf 63' lang='lat' dir='ltr'><strong>Iudaeis</strong></span> <span class='ocrx_word' id='word_1_234' title='bbox 3292 1620 3581 1676; x_wconf 87' lang='lat' dir='ltr'><strong>carnaliter</strong></span> 
     </span>
    </p>
   </div>
   <div class='ocr_carea' id='block_1_32' title="bbox 1979 1675 3577 1781">
    <p class='ocr_par' dir='ltr' id='par_1_32' title="bbox 1979 1675 3577 1781">
     <span class='ocr_line' id='line_1_32' title="bbox 1979 1675 3577 1781; baseline 0.005 -21"><span class='ocrx_word' id='word_1_235' title='bbox 1979 1675 2233 1761; x_wconf 60' lang='lat' dir='ltr'><strong>fratrib’us</strong></span> <span class='ocrx_word' id='word_1_236' title='bbox 2283 1708 2675 1775; x_wconf 85' lang='lat' dir='ltr'><strong>venumdatus,</strong></span> <span class='ocrx_word' id='word_1_237' title='bbox 2703 1724 2733 1762; x_wconf 90' lang='lat' dir='ltr'><strong>a</strong></span> <span class='ocrx_word' id='word_1_238' title='bbox 2758 1709 2893 1765; x_wconf 84' lang='lat' dir='ltr'><strong>Juda</strong></span> <span class='ocrx_word' id='word_1_239' title='bbox 2919 1710 2997 1781; x_wconf 90' lang='lat'><strong>(8)</strong></span> <span class='ocrx_word' id='word_1_240' title='bbox 3025 1727 3145 1766; x_wconf 90' lang='lat' dir='ltr'><strong>cum</strong></span> <span class='ocrx_word' id='word_1_241' title='bbox 3173 1712 3414 1767; x_wconf 85' lang='lat' dir='ltr'><strong>traditur.</strong></span> <span class='ocrx_word' id='word_1_242' title='bbox 3445 1713 3577 1768; x_wconf 85' lang='lat' dir='ltr'><strong>Nam</strong></span> 
     </span>
    </p>
   </div>
   <div class='ocr_carea' id='block_1_33' title="bbox 274 1799 3576 1874">
    <p class='ocr_par' dir='ltr' id='par_1_33' title="bbox 274 1799 3576 1874">
     <span class='ocr_line' id='line_1_33' title="bbox 274 1799 3576 1874; baseline 0.002 -20"><span class='ocrx_word' id='word_1_243' title='bbox 274 1813 709 1860; x_wconf 88' lang='lat' dir='ltr'><strong>momentaneum</strong></span> <span class='ocrx_word' id='word_1_244' title='bbox 753 1802 999 1858; x_wconf 88' lang='lat' dir='ltr'><strong>ardorem</strong></span> <span class='ocrx_word' id='word_1_245' title='bbox 1037 1803 1297 1873; x_wconf 78' lang='lat' dir='ltr'><strong>gentium,</strong></span> <span class='ocrx_word' id='word_1_246' title='bbox 1347 1819 1449 1857; x_wconf 90' lang='lat' dir='ltr'><strong>non</strong></span> <span class='ocrx_word' id='word_1_247' title='bbox 1494 1803 1728 1866; x_wconf 75' lang='lat' dir='ltr'><strong>extinxit,</strong></span> <span class='ocrx_word' id='word_1_248' title='bbox 1776 1803 1869 1858; x_wconf 90' lang='lat' dir='ltr'><strong>sed</strong></span> <span class='ocrx_word' id='word_1_249' title='bbox 1901 1804 1949 1865; x_wconf 91' lang='lat' dir='ltr'><strong>B</strong></span> <span class='ocrx_word' id='word_1_250' title='bbox 1976 1810 2025 1855; x_wconf 91' lang='lat' dir='ltr'><strong>et</strong></span> <span class='ocrx_word' id='word_1_251' title='bbox 2051 1799 2130 1873; x_wconf 90' lang='lat'>(9)</span> <span class='ocrx_word' id='word_1_252' title='bbox 2152 1800 2483 1856; x_wconf 86' lang='lat' dir='ltr'><strong>benedicitur</strong></span> <span class='ocrx_word' id='word_1_253' title='bbox 2505 1801 2620 1874; x_wconf 87' lang='lat' dir='ltr'>(I0)</span> <span class='ocrx_word' id='word_1_254' title='bbox 2644 1802 2694 1856; x_wconf 92' lang='lat' dir='ltr'><strong>in</strong></span> <span class='ocrx_word' id='word_1_255' title='bbox 2716 1802 2830 1857; x_wconf 70' lang='lat' dir='ltr'><strong>haec</strong></span> <span class='ocrx_word' id='word_1_256' title='bbox 2864 1803 3061 1872; x_wconf 82' lang='lat' dir='ltr'><strong>verba(</strong></span> <span class='ocrx_word' id='word_1_257' title='bbox 3089 1805 3315 1869; x_wconf 84' lang='lat' dir='ltr'><strong>Deuter.,</strong></span> <span class='ocrx_word' id='word_1_258' title='bbox 3336 1805 3576 1872; x_wconf 77' lang='lat' dir='ltr'><strong>XXXIII,</strong></span> 
     </span>
    </p>
   </div>
   <div class='ocr_carea' id='block_1_34' title="bbox 270 1892 1871 1967">
    <p class='ocr_par' dir='ltr' id='par_1_34' title="bbox 270 1892 1871 1967">
     <span class='ocr_line' id='line_1_34' title="bbox 270 1892 1871 1967; baseline 0.001 -19"><span class='ocrx_word' id='word_1_259' title='bbox 270 1892 550 1948; x_wconf 90' lang='lat' dir='ltr'><strong>lucernam</strong></span> <span class='ocrx_word' id='word_1_260' title='bbox 578 1895 746 1964; x_wconf 79' lang='lat' dir='ltr'><strong>magis</strong></span> <span class='ocrx_word' id='word_1_261' title='bbox 775 1893 899 1949; x_wconf 79' lang='lat' dir='ltr'><strong>fecit</strong></span> <span class='ocrx_word' id='word_1_262' title='bbox 925 1903 1046 1949; x_wconf 90' lang='lat' dir='ltr'><strong>ortu</strong></span> <span class='ocrx_word' id='word_1_263' title='bbox 1077 1893 1290 1949; x_wconf 88' lang='lat' dir='ltr'><strong>luminis</strong></span> <span class='ocrx_word' id='word_1_264' title='bbox 1315 1894 1420 1949; x_wconf 91' lang='lat' dir='ltr'><strong>sui.</strong></span> <span class='ocrx_word' id='word_1_265' title='bbox 1445 1893 1560 1950; x_wconf 84' lang='lat' dir='ltr'><strong>Non</strong></span> <span class='ocrx_word' id='word_1_266' title='bbox 1589 1903 1762 1964; x_wconf 86' lang='lat' dir='ltr'><strong>potest</strong></span> <span class='ocrx_word' id='word_1_267' title='bbox 1790 1892 1871 1967; x_wconf 75' lang='lat'>(2)</span> 
     </span>
    </p>
   </div>
   <div class='ocr_carea' id='block_1_35' title="bbox 269 1985 1872 2058">
    <p class='ocr_par' dir='ltr' id='par_1_35' title="bbox 269 1985 1872 2058">
     <span class='ocr_line' id='line_1_35' title="bbox 269 1985 1872 2058; baseline 0.001 -18"><span class='ocrx_word' id='word_1_268' title='bbox 269 1986 401 2040; x_wconf 89' lang='lat' dir='ltr'><strong>alius</strong></span> <span class='ocrx_word' id='word_1_269' title='bbox 443 2002 587 2049; x_wconf 88' lang='lat' dir='ltr'><strong>esse,</strong></span> <span class='ocrx_word' id='word_1_270' title='bbox 633 2001 793 2057; x_wconf 90' lang='lat' dir='ltr'><strong>quam</strong></span> <span class='ocrx_word' id='word_1_271' title='bbox 826 1987 916 2058; x_wconf 90' lang='lat' dir='ltr'><strong>qui</strong></span> <span class='ocrx_word' id='word_1_272' title='bbox 965 1985 1378 2057; x_wconf 66' lang='lat' dir='ltr'><strong>pra-dicebatur.</strong></span> <span class='ocrx_word' id='word_1_273' title='bbox 1430 1986 1656 2057; x_wconf 84' lang='lat' dir='ltr'><strong>Oportet</strong></span> <span class='ocrx_word' id='word_1_274' title='bbox 1693 1996 1872 2043; x_wconf 88' lang='lat' dir='ltr'><strong>actum</strong></span> 
     </span>
    </p>
   </div>
   <div class='ocr_carea' id='block_1_36' title="bbox 269 2078 1870 2151">
    <p class='ocr_par' dir='ltr' id='par_1_36' title="bbox 269 2078 1870 2151">
     <span class='ocr_line' id='line_1_36' title="bbox 269 2078 1870 2151; baseline 0.002 -19"><span class='ocrx_word' id='word_1_275' title='bbox 269 2078 380 2147; x_wconf 90' lang='lat' dir='ltr'><strong>ejus</strong></span> <span class='ocrx_word' id='word_1_276' title='bbox 423 2078 494 2133; x_wconf 89' lang='lat' dir='ltr'><strong>ad</strong></span> <span class='ocrx_word' id='word_1_277' title='bbox 523 2078 922 2150; x_wconf 85' lang='lat' dir='ltr'><strong>Scripturarttm</strong></span> <span class='ocrx_word' id='word_1_278' title='bbox 964 2079 1201 2149; x_wconf 81' lang='lat' dir='ltr'><strong>regulam</strong></span> <span class='ocrx_word' id='word_1_279' title='bbox 1245 2079 1586 2151; x_wconf 76' lang='lat' dir='ltr'><strong>recognosci,</strong></span> <span class='ocrx_word' id='word_1_280' title='bbox 1636 2078 1870 2147; x_wconf 89' lang='lat' dir='ltr'><strong>duplici,</strong></span> 
     </span>
    </p>
   </div>
   <div class='ocr_carea' id='block_1_37' title="bbox 270 2171 1872 2241">
    <p class='ocr_par' dir='ltr' id='par_1_37' title="bbox 270 2171 1872 2241">
     <span class='ocr_line' id='line_1_37' title="bbox 270 2171 1872 2241; baseline 0.002 -16"><span class='ocrx_word' id='word_1_281' title='bbox 270 2171 367 2225; x_wconf 89' lang='lat' dir='ltr'><strong>nisi</strong></span> <span class='ocrx_word' id='word_1_282' title='bbox 411 2171 593 2235; x_wconf 79' lang='lat' dir='ltr'><strong>fallor,</strong></span> <span class='ocrx_word' id='word_1_283' title='bbox 641 2172 953 2241; x_wconf 85' lang='lat' dir='ltr'><strong>operatione</strong></span> <span class='ocrx_word' id='word_1_284' title='bbox 995 2172 1354 2236; x_wconf 77' lang='lat' dir='ltr'><strong>distinctum,</strong></span> <span class='ocrx_word' id='word_1_285' title='bbox 1383 2171 1775 2241; x_wconf 70' lang='lat' dir='ltr'><strong>praedicationis</strong></span> <span class='ocrx_word' id='word_1_286' title='bbox 1820 2182 1872 2228; x_wconf 88' lang='lat' dir='ltr'><strong>et</strong></span> 
     </span>
    </p>
   </div>
   <div class='ocr_carea' id='block_1_38' title="bbox 270 2263 1869 2336">
    <p class='ocr_par' dir='ltr' id='par_1_38' title="bbox 270 2263 1869 2336">
     <span class='ocr_line' id='line_1_38' title="bbox 270 2263 1869 2336; baseline 0.001 -19"><span class='ocrx_word' id='word_1_287' title='bbox 270 2264 499 2320; x_wconf 68' lang='lat' dir='ltr'><strong>virtutis.</strong></span> <span class='ocrx_word' id='word_1_288' title='bbox 533 2263 642 2319; x_wconf 86' lang='lat' dir='ltr'><strong>Sed</strong></span> <span class='ocrx_word' id='word_1_289' title='bbox 673 2265 739 2319; x_wconf 89' lang='lat' dir='ltr'><strong>de</strong></span> <span class='ocrx_word' id='word_1_290' title='bbox 769 2273 991 2334; x_wconf 84' lang='lat' dir='ltr'><strong>utroque</strong></span> <span class='ocrx_word' id='word_1_291' title='bbox 1022 2264 1176 2318; x_wconf 86' lang='lat' dir='ltr'><strong>titulo</strong></span> <span class='ocrx_word' id='word_1_292' title='bbox 1203 2265 1279 2319; x_wconf 89' lang='lat' dir='ltr'><strong>sic</strong></span> <span class='ocrx_word' id='word_1_293' title='bbox 1304 2263 1607 2334; x_wconf 87' lang='lat' dir='ltr'><strong>disponam,</strong></span> <span class='ocrx_word' id='word_1_294' title='bbox 1650 2273 1708 2319; x_wconf 88' lang='lat' dir='ltr'><strong>ut</strong></span> <span class='ocrx_word' id='word_1_295' title='bbox 1733 2279 1869 2336; x_wconf 90' lang='lat' dir='ltr'><strong>quo-</strong></span> 
     </span>
    </p>
   </div>
   <div class='ocr_carea' id='block_1_39' title="bbox 269 2355 1872 2428">
    <p class='ocr_par' dir='ltr' id='par_1_39' title="bbox 269 2355 1872 2428">
     <span class='ocr_line' id='line_1_39' title="bbox 269 2355 1872 2428; baseline 0.001 -18"><span class='ocrx_word' id='word_1_296' title='bbox 269 2359 408 2410; x_wconf 83' lang='lat' dir='ltr'><strong>niam</strong></span> <span class='ocrx_word' id='word_1_297' title='bbox 461 2357 641 2428; x_wconf 88' lang='lat' dir='ltr'><strong>ipsmn</strong></span> <span class='ocrx_word' id='word_1_298' title='bbox 687 2370 900 2427; x_wconf 89' lang='lat' dir='ltr'><strong>quoque</strong></span> <span class='ocrx_word' id='word_1_299' title='bbox 957 2356 1238 2411; x_wconf 85' lang='lat' dir='ltr'><strong>Marcionis</strong></span> <span class='ocrx_word' id='word_1_300' title='bbox 1282 2355 1629 2427; x_wconf 80' lang='lat' dir='ltr'><strong>Evangelinm</strong></span> <span class='ocrx_word' id='word_1_301' title='bbox 1677 2357 1872 2412; x_wconf 89' lang='lat' dir='ltr'><strong>discuti</strong></span> 
     </span>
    </p>
   </div>
   <div class='ocr_carea' id='block_1_40' title="bbox 269 2451 1872 2521">
    <p class='ocr_par' dir='ltr' id='par_1_40' title="bbox 269 2451 1872 2521">
     <span class='ocr_line' id='line_1_40' title="bbox 269 2451 1872 2521; baseline 0.006 -21"><span class='ocrx_word' id='word_1_302' title='bbox 269 2451 483 2520; x_wconf 80' lang='lat' dir='ltr'><strong>placuit,</strong></span> <span class='ocrx_word' id='word_1_303' title='bbox 519 2451 590 2506; x_wconf 89' lang='lat' dir='ltr'><strong>de</strong></span> <span class='ocrx_word' id='word_1_304' title='bbox 631 2451 910 2520; x_wconf 86' lang='lat' dir='ltr'><strong>speciebus</strong></span> <span class='ocrx_word' id='word_1_305' title='bbox 940 2451 1307 2505; x_wconf 84' lang='lat' dir='ltr'><strong>doctrinarum</strong></span> <span class='ocrx_word' id='word_1_306' title='bbox 1352 2461 1406 2506; x_wconf 90' lang='lat' dir='ltr'><strong>et</strong></span> <span class='ocrx_word' id='word_1_307' title='bbox 1445 2451 1719 2521; x_wconf 77' lang='lat' dir='ltr'><strong>signorum</strong></span> <span class='ocrx_word' id='word_1_308' title='bbox 1746 2452 1872 2509; x_wconf 89' lang='lat' dir='ltr'><strong>illuc</strong></span> 
     </span>
    </p>
   </div>
   <div class='ocr_carea' id='block_1_41' title="bbox 269 2541 1873 2615">
    <p class='ocr_par' dir='ltr' id='par_1_41' title="bbox 269 2541 1873 2615">
     <span class='ocr_line' id='line_1_41' title="bbox 269 2541 1873 2615; baseline 0.003 -21"><span class='ocrx_word' id='word_1_309' title='bbox 269 2541 578 2598; x_wconf 85' lang='lat' dir='ltr'><strong>dill&#39;cramus</strong></span> <span class='ocrx_word' id='word_1_310' title='bbox 609 2543 762 2613; x_wconf 88' lang='lat' dir='ltr'><strong>quasi</strong></span> <span class='ocrx_word' id='word_1_311' title='bbox 785 2543 837 2598; x_wconf 87' lang='lat' dir='ltr'><strong>itt</strong></span> <span class='ocrx_word' id='word_1_312' title='bbox 866 2559 978 2598; x_wconf 83' lang='lat' dir='ltr'><strong>rem</strong></span> <span class='ocrx_word' id='word_1_313' title='bbox 1007 2552 1364 2614; x_wconf 54' lang='lat' dir='ltr'><strong>praesentem:</strong></span> <span class='ocrx_word' id='word_1_314' title='bbox 1399 2541 1485 2598; x_wconf 91' lang='lat' dir='ltr'><strong>hic</strong></span> <span class='ocrx_word' id='word_1_315' title='bbox 1511 2553 1689 2599; x_wconf 87' lang='lat' dir='ltr'><strong>autem</strong></span> <span class='ocrx_word' id='word_1_316' title='bbox 1711 2559 1873 2615; x_wconf 79' lang='lat' dir='ltr'><strong>gene-</strong></span> 
     </span>
    </p>
   </div>
   <div class='ocr_carea' id='block_1_42' title="bbox 269 2635 1871 2708">
    <p class='ocr_par' dir='ltr' id='par_1_42' title="bbox 269 2635 1871 2708">
     <span class='ocr_line' id='line_1_42' title="bbox 269 2635 1871 2708; baseline 0.002 -19"><span class='ocrx_word' id='word_1_317' title='bbox 269 2635 451 2691; x_wconf 85' lang='lat' dir='ltr'><strong>raliter</strong></span> <span class='ocrx_word' id='word_1_318' title='bbox 475 2651 848 2706; x_wconf 77' lang='lat' dir='ltr'><strong>expnngamus</strong></span> <span class='ocrx_word' id='word_1_319' title='bbox 875 2635 1119 2690; x_wconf 87' lang='lat' dir='ltr'><strong>ordinem</strong></span> <span class='ocrx_word' id='word_1_320' title='bbox 1145 2647 1402 2706; x_wconf 74' lang='lat' dir='ltr'><strong>emptum,</strong></span> <span class='ocrx_word' id='word_1_321' title='bbox 1441 2635 1698 2692; x_wconf 90' lang='lat' dir='ltr'><strong>docentes</strong></span> <span class='ocrx_word' id='word_1_322' title='bbox 1726 2652 1871 2708; x_wconf 60' lang='lat' dir='ltr'><strong>pric-</strong></span> 
     </span>
    </p>
   </div>
   <div class='ocr_carea' id='block_1_43' title="bbox 270 2728 1929 2799">
    <p class='ocr_par' dir='ltr' id='par_1_43' title="bbox 270 2728 1929 2799">
     <span class='ocr_line' id='line_1_43' title="bbox 270 2728 1929 2799; baseline 0.002 -17"><span class='ocrx_word' id='word_1_323' title='bbox 270 2729 564 2786; x_wconf 87' lang='lat' dir='ltr'><strong>tlicatorent</strong></span> <span class='ocrx_word' id='word_1_324' title='bbox 608 2728 823 2784; x_wconf 87' lang='lat' dir='ltr'><strong>interim</strong></span> <span class='ocrx_word' id='word_1_325' title='bbox 869 2729 1172 2784; x_wconf 88' lang='lat' dir='ltr'><strong>anmmtiari</strong></span> <span class='ocrx_word' id='word_1_326' title='bbox 1217 2729 1487 2784; x_wconf 87' lang='lat' dir='ltr'><strong>Christum</strong></span> <span class='ocrx_word' id='word_1_327' title='bbox 1530 2744 1625 2799; x_wconf 88' lang='lat' dir='ltr'><strong>per</strong></span> <span class='ocrx_word' id='word_1_328' title='bbox 1659 2729 1873 2786; x_wconf 86' lang='lat' dir='ltr'><strong>Esaiam</strong></span> <span class='ocrx_word' id='word_1_329' title='bbox 1923 2788 1929 2799; x_wconf 71' lang='grc'>,</span> 
     </span>
    </p>
   </div>
   <div class='ocr_carea' id='block_1_44' title="bbox 271 2819 1872 2893">
    <p class='ocr_par' dir='ltr' id='par_1_44' title="bbox 271 2819 1872 2893">
     <span class='ocr_line' id='line_1_44' title="bbox 271 2819 1872 2893; baseline 0.003 -20"><span class='ocrx_word' id='word_1_330' title='bbox 271 2819 390 2889; x_wconf 69' lang='grc' dir='ltr'><strong>(1ι,</strong></span> <span class='ocrx_word' id='word_1_331' title='bbox 431 2821 496 2887; x_wconf 85' lang='lat' dir='ltr'><strong>L,</strong></span> <span class='ocrx_word' id='word_1_332' title='bbox 538 2820 658 2892; x_wconf 86' lang='lat' dir='ltr'><strong>I0):</strong></span> <span class='ocrx_word' id='word_1_333' title='bbox 687 2821 809 2888; x_wconf 78' lang='lat' dir='ltr'><strong>Quis</strong></span> <span class='ocrx_word' id='word_1_334' title='bbox 828 2821 977 2885; x_wconf 87' lang='lat' dir='ltr'><strong>enim,</strong></span> <span class='ocrx_word' id='word_1_335' title='bbox 1003 2819 1200 2892; x_wconf 85' lang='lat' dir='ltr'><strong>inquit,</strong></span> <span class='ocrx_word' id='word_1_336' title='bbox 1232 2819 1284 2874; x_wconf 85' lang='lat' dir='ltr'><strong>in</strong></span> <span class='ocrx_word' id='word_1_337' title='bbox 1305 2821 1465 2887; x_wconf 79' lang='lat' dir='ltr'><strong>vobis,</strong></span> <span class='ocrx_word' id='word_1_338' title='bbox 1489 2823 1577 2893; x_wconf 88' lang='lat' dir='ltr'><strong>qui</strong></span> <span class='ocrx_word' id='word_1_339' title='bbox 1605 2820 1770 2878; x_wconf 83' lang='lat' dir='ltr'><strong>Deum</strong></span> <span class='ocrx_word' id='word_1_340' title='bbox 1792 2823 1872 2893; x_wconf 78' lang='lat'>(3)</span> 
     </span>
    </p>
   </div>
   <div class='ocr_carea' id='block_1_45' title="bbox 272 2912 1871 2986">
    <p class='ocr_par' dir='ltr' id='par_1_45' title="bbox 272 2912 1871 2986">
     <span class='ocr_line' id='line_1_45' title="bbox 272 2912 1871 2986; baseline 0.004 -22"><span class='ocrx_word' id='word_1_341' title='bbox 272 2913 438 2981; x_wconf 76' lang='lat' dir='ltr'><strong>metuit</strong></span> <span class='ocrx_word' id='word_1_342' title='bbox 497 2912 616 2985; x_wconf 89' lang='lat' dir='ltr'><strong>(a),</strong></span> <span class='ocrx_word' id='word_1_343' title='bbox 660 2923 707 2966; x_wconf 88' lang='lat' dir='ltr'><strong>et</strong></span> <span class='ocrx_word' id='word_1_344' title='bbox 758 2913 990 2968; x_wconf 76' lang='lat' dir='ltr'><strong>exaudiet</strong></span> <span class='ocrx_word' id='word_1_345' title='bbox 1037 2913 1119 2982; x_wconf 74' lang='grc'><strong>(4)</strong></span> <span class='ocrx_word' id='word_1_346' title='bbox 1169 2929 1339 2967; x_wconf 82' lang='lat' dir='ltr'><strong>uocem</strong></span> <span class='ocrx_word' id='word_1_347' title='bbox 1389 2913 1487 2983; x_wconf 78' lang='lat' dir='ltr'><strong>ﬁlii</strong></span> <span class='ocrx_word' id='word_1_348' title='bbox 1537 2915 1689 2986; x_wconf 81' lang='lat' dir='ltr'><strong>ejus?</strong></span> <span class='ocrx_word' id='word_1_349' title='bbox 1742 2914 1871 2970; x_wconf 88' lang='lat' dir='ltr'><strong>Item</strong></span> 
     </span>
    </p>
   </div>
   <div class='ocr_carea' id='block_1_46' title="bbox 272 3004 1869 3077">
    <p class='ocr_par' dir='ltr' id='par_1_46' title="bbox 272 3004 1869 3077">
     <span class='ocr_line' id='line_1_46' title="bbox 272 3004 1869 3077; baseline 0.002 -18"><span class='ocrx_word' id='word_1_350' title='bbox 272 3005 656 3061; x_wconf 81' lang='lat' dir='ltr'><strong>It:edicatoretn</strong></span> <span class='ocrx_word' id='word_1_351' title='bbox 688 3005 814 3077; x_wconf 86' lang='lat' dir='ltr'><strong>(ls.,</strong></span> <span class='ocrx_word' id='word_1_352' title='bbox 849 3004 1018 3076; x_wconf 89' lang='lat' dir='ltr'>LIII):</span> <span class='ocrx_word' id='word_1_353' title='bbox 1051 3004 1078 3059; x_wconf 85' lang='grc' dir='ltr'><strong><em>Ι</em></strong></span> <span class='ocrx_word' id='word_1_354' title='bbox 1087 3021 1175 3074; x_wconf 84' lang='lat' dir='ltr'><strong>pse</strong></span> <span class='ocrx_word' id='word_1_355' title='bbox 1202 3005 1357 3072; x_wconf 87' lang='lat' dir='ltr'><strong>enim,</strong></span> <span class='ocrx_word' id='word_1_356' title='bbox 1388 3006 1577 3076; x_wconf 90' lang='lat' dir='ltr'><strong>inquit,</strong></span> <span class='ocrx_word' id='word_1_357' title='bbox 1604 3006 1869 3062; x_wconf 89' lang='lat' dir='ltr'><strong>imbecilli-</strong></span> 
     </span>
    </p>
   </div>
   <div class='ocr_carea' id='block_1_47' title="bbox 270 3096 1521 3170">
    <p class='ocr_par' dir='ltr' id='par_1_47' title="bbox 270 3096 1521 3170">
     <span class='ocr_line' id='line_1_47' title="bbox 270 3096 1521 3170; baseline -0.001 -19"><span class='ocrx_word' id='word_1_358' title='bbox 270 3108 390 3153; x_wconf 86' lang='lat' dir='ltr'><strong>tates</strong></span> <span class='ocrx_word' id='word_1_359' title='bbox 419 3107 628 3154; x_wconf 85' lang='lat' dir='ltr'><strong>nostras</strong></span> <span class='ocrx_word' id='word_1_360' title='bbox 656 3096 882 3163; x_wconf 87' lang='lat' dir='ltr'><strong>abstulit,</strong></span> <span class='ocrx_word' id='word_1_361' title='bbox 910 3106 955 3151; x_wconf 89' lang='lat' dir='ltr'><strong>et</strong></span> <span class='ocrx_word' id='word_1_362' title='bbox 985 3097 1254 3170; x_wconf 87' lang='lat' dir='ltr'><strong>languores</strong></span> <span class='ocrx_word' id='word_1_363' title='bbox 1284 3097 1521 3166; x_wconf 84' lang='lat' dir='ltr'><strong>portavit.</strong></span> 
     </span>
    </p>
   </div>
   <div class='ocr_carea' id='block_1_48' title="bbox 847 3188 1310 3246">
    <p class='ocr_par' dir='ltr' id='par_1_48' title="bbox 847 3188 1310 3246">
     <span class='ocr_line' id='line_1_48' title="bbox 847 3188 1310 3246; baseline -0.004 -1"><span class='ocrx_word' id='word_1_364' title='bbox 847 3188 1072 3246; x_wconf 75' lang='lat' dir='ltr'><strong>CAPUT</strong></span> <span class='ocrx_word' id='word_1_365' title='bbox 1120 3189 1310 3244; x_wconf 84' lang='lat' dir='ltr'><strong>XVIII.</strong></span> 
     </span>
    </p>
   </div>
   <div class='ocr_carea' id='block_1_49' title="bbox 343 3280 1867 3354">
    <p class='ocr_par' dir='ltr' id='par_1_49' title="bbox 343 3280 1867 3354">
     <span class='ocr_line' id='line_1_49' title="bbox 343 3280 1867 3354; baseline -0.001 -15"><span class='ocrx_word' id='word_1_366' title='bbox 343 3285 414 3341; x_wconf 73' lang='lat' dir='ltr'><strong>Ite</strong></span> <span class='ocrx_word' id='word_1_367' title='bbox 440 3284 596 3340; x_wconf 74' lang='lat' dir='ltr'><strong>exitu</strong></span> <span class='ocrx_word' id='word_1_368' title='bbox 627 3281 782 3352; x_wconf 85' lang='lat' dir='ltr'><strong>plane</strong></span> <span class='ocrx_word' id='word_1_369' title='bbox 806 3292 932 3354; x_wconf 89' lang='lat' dir='ltr'><strong>puto</strong></span> <span class='ocrx_word' id='word_1_370' title='bbox 959 3281 1323 3337; x_wconf 86' lang='lat' dir='ltr'><strong>diversitatem</strong></span> <span class='ocrx_word' id='word_1_371' title='bbox 1350 3281 1566 3336; x_wconf 87' lang='lat' dir='ltr'><strong>tentatis</strong></span> <span class='ocrx_word' id='word_1_372' title='bbox 1593 3280 1867 3350; x_wconf 89' lang='lat' dir='ltr'><strong>inducere,</strong></span> 
     </span>
    </p>
   </div>
   <div class='ocr_carea' id='block_1_50' title="bbox 273 3372 1870 3448">
    <p class='ocr_par' dir='ltr' id='par_1_50' title="bbox 273 3372 1870 3448">
     <span class='ocr_line' id='line_1_50' title="bbox 273 3372 1870 3448; baseline 0 -17"><span class='ocrx_word' id='word_1_373' title='bbox 273 3387 531 3448; x_wconf 78' lang='lat' dir='ltr'><strong>negantes</strong></span> <span class='ocrx_word' id='word_1_374' title='bbox 585 3373 888 3445; x_wconf 75' lang='lat' dir='ltr'><strong>passimzem</strong></span> <span class='ocrx_word' id='word_1_375' title='bbox 941 3375 1115 3430; x_wconf 90' lang='lat' dir='ltr'><strong>crucis</strong></span> <span class='ocrx_word' id='word_1_376' title='bbox 1167 3376 1218 3430; x_wconf 88' lang='lat' dir='ltr'><strong>itt</strong></span> <span class='ocrx_word' id='word_1_377' title='bbox 1277 3372 1552 3429; x_wconf 89' lang='lat' dir='ltr'><strong>Christum</strong></span> <span class='ocrx_word' id='word_1_378' title='bbox 1600 3373 1870 3432; x_wconf 87' lang='lat' dir='ltr'><strong>Creatoris</strong></span> 
     </span>
    </p>
   </div>
   <div class='ocr_carea' id='block_1_51' title="bbox 269 3468 1868 3539">
    <p class='ocr_par' dir='ltr' id='par_1_51' title="bbox 269 3468 1868 3539">
     <span class='ocr_line' id='line_1_51' title="bbox 269 3468 1868 3539; baseline 0.001 -16"><span class='ocrx_word' id='word_1_379' title='bbox 269 3469 641 3538; x_wconf 77' lang='lat' dir='ltr'><strong>pra-dicatam,</strong></span> <span class='ocrx_word' id='word_1_380' title='bbox 673 3477 726 3522; x_wconf 90' lang='lat' dir='ltr'><strong>et</strong></span> <span class='ocrx_word' id='word_1_381' title='bbox 749 3476 1183 3537; x_wconf 79' lang='lat' dir='ltr'><strong>argnmentantcs</strong></span> <span class='ocrx_word' id='word_1_382' title='bbox 1211 3468 1432 3539; x_wconf 84' lang='lat' dir='ltr'><strong>insuper</strong></span> <span class='ocrx_word' id='word_1_383' title='bbox 1467 3481 1570 3522; x_wconf 89' lang='lat' dir='ltr'><strong>non</strong></span> <span class='ocrx_word' id='word_1_384' title='bbox 1599 3483 1722 3524; x_wconf 88' lang='lat' dir='ltr'><strong>esse</strong></span> <span class='ocrx_word' id='word_1_385' title='bbox 1748 3484 1868 3524; x_wconf 91' lang='lat' dir='ltr'><strong>cre-</strong></span> 
     </span>
    </p>
   </div>
   <div class='ocr_carea' id='block_1_52' title="bbox 265 3557 1872 3630">
    <p class='ocr_par' dir='ltr' id='par_1_52' title="bbox 265 3557 1872 3630">
     <span class='ocr_line' id='line_1_52' title="bbox 265 3557 1872 3630; baseline -0.001 -15"><span class='ocrx_word' id='word_1_386' title='bbox 265 3561 533 3626; x_wconf 88' lang='lat' dir='ltr'><strong>dendum,</strong></span> <span class='ocrx_word' id='word_1_387' title='bbox 580 3567 638 3613; x_wconf 91' lang='grc' dir='ltr'><strong>ιιι</strong></span> <span class='ocrx_word' id='word_1_388' title='bbox 677 3559 731 3613; x_wconf 90' lang='lat' dir='ltr'><strong>in</strong></span> <span class='ocrx_word' id='word_1_389' title='bbox 772 3558 822 3614; x_wconf 90' lang='lat' dir='ltr'><strong>id</strong></span> <span class='ocrx_word' id='word_1_390' title='bbox 864 3574 1033 3629; x_wconf 72' lang='lat' dir='ltr'><strong>genus</strong></span> <span class='ocrx_word' id='word_1_391' title='bbox 1075 3559 1262 3615; x_wconf 90' lang='lat' dir='ltr'><strong>mortis</strong></span> <span class='ocrx_word' id='word_1_392' title='bbox 1311 3558 1619 3630; x_wconf 68' lang='lat' dir='ltr'><strong>exposuerit</strong></span> <span class='ocrx_word' id='word_1_393' title='bbox 1645 3557 1872 3615; x_wconf 88' lang='lat' dir='ltr'><strong>Creator</strong></span> 
     </span>
    </p>
   </div>
   <div class='ocr_carea' id='block_1_53' title="bbox 263 3649 1867 3730">
    <p class='ocr_par' dir='ltr' id='par_1_53' title="bbox 263 3649 1867 3730">
     <span class='ocr_line' id='line_1_53' title="bbox 263 3649 1867 3730; baseline -0.002 -21"><span class='ocrx_word' id='word_1_394' title='bbox 263 3653 452 3709; x_wconf 84' lang='lat' dir='ltr'><strong>Filium</strong></span> <span class='ocrx_word' id='word_1_395' title='bbox 509 3665 706 3716; x_wconf 87' lang='lat' dir='ltr'><strong>suum,</strong></span> <span class='ocrx_word' id='word_1_396' title='bbox 757 3650 899 3721; x_wconf 90' lang='lat' dir='ltr'><strong>quod</strong></span> <span class='ocrx_word' id='word_1_397' title='bbox 948 3651 1062 3721; x_wconf 89' lang='lat' dir='ltr'><strong>ipse</strong></span> <span class='ocrx_word' id='word_1_398' title='bbox 1100 3650 1481 3730; x_wconf 75' lang='lat' dir='ltr'><strong>maledixerat:</strong></span> <span class='ocrx_word' id='word_1_399' title='bbox 1532 3649 1867 3716; x_wconf 81' lang='lat' dir='ltr'><strong>Maledictus,</strong></span> 
     </span>
    </p>
   </div>
   <div class='ocr_carea' id='block_1_54' title="bbox 261 3741 1867 3817">
    <p class='ocr_par' dir='ltr' id='par_1_54' title="bbox 261 3741 1867 3817">
     <span class='ocr_line' id='line_1_54' title="bbox 261 3741 1867 3817; baseline 0 -18"><span class='ocrx_word' id='word_1_400' title='bbox 261 3745 428 3814; x_wconf 83' lang='lat' dir='ltr'><strong>inquit</strong></span> <span class='ocrx_word' id='word_1_401' title='bbox 471 3743 738 3815; x_wconf 86' lang='lat' dir='ltr'><strong>(Deuter.,</strong></span> <span class='ocrx_word' id='word_1_402' title='bbox 782 3741 948 3814; x_wconf 92' lang='lat' dir='ltr'><strong>XXI),</strong></span> <span class='ocrx_word' id='word_1_403' title='bbox 977 3745 1139 3798; x_wconf 88' lang='lat' dir='ltr'><strong>omnis</strong></span> <span class='ocrx_word' id='word_1_404' title='bbox 1178 3745 1265 3812; x_wconf 85' lang='lat' dir='ltr'><strong>qui</strong></span> <span class='ocrx_word' id='word_1_405' title='bbox 1294 3745 1586 3815; x_wconf 82' lang='lat' dir='ltr'><strong>pependerit</strong></span> <span class='ocrx_word' id='word_1_406' title='bbox 1629 3745 1683 3798; x_wconf 88' lang='lat' dir='ltr'><strong>in</strong></span> <span class='ocrx_word' id='word_1_407' title='bbox 1709 3744 1867 3817; x_wconf 89' lang='lat' dir='ltr'><strong>ligno.</strong></span> 
     </span>
    </p>
   </div>
   <div class='ocr_carea' id='block_1_55' title="bbox 259 3835 1870 3909">
    <p class='ocr_par' dir='ltr' id='par_1_55' title="bbox 259 3835 1870 3909">
     <span class='ocr_line' id='line_1_55' title="bbox 259 3835 1870 3909; baseline -0.001 -15"><span class='ocrx_word' id='word_1_408' title='bbox 259 3837 357 3894; x_wconf 81' lang='lat' dir='ltr'><strong>Sed</strong></span> <span class='ocrx_word' id='word_1_409' title='bbox 399 3839 570 3909; x_wconf 90' lang='lat' dir='ltr'><strong>hujus</strong></span> <span class='ocrx_word' id='word_1_410' title='bbox 612 3835 1001 3892; x_wconf 88' lang='lat' dir='ltr'><strong>maledictionis</strong></span> <span class='ocrx_word' id='word_1_411' title='bbox 1043 3852 1262 3892; x_wconf 89' lang='lat' dir='ltr'><strong>sensum</strong></span> <span class='ocrx_word' id='word_1_412' title='bbox 1301 3836 1514 3903; x_wconf 85' lang='lat' dir='ltr'><strong>dill&#39;ero,</strong></span> <span class='ocrx_word' id='word_1_413' title='bbox 1547 3836 1724 3907; x_wconf 77' lang='lat' dir='ltr'><strong>digna:</strong></span> <span class='ocrx_word' id='word_1_414' title='bbox 1753 3837 1870 3894; x_wconf 90' lang='lat' dir='ltr'><strong>sola</strong></span> 
     </span>
    </p>
   </div>
   <div class='ocr_carea' id='block_1_56' title="bbox 260 3927 1869 4008">
    <p class='ocr_par' dir='ltr' id='par_1_56' title="bbox 260 3927 1869 4008">
     <span class='ocr_line' id='line_1_56' title="bbox 260 3927 1869 4008; baseline -0.001 -21"><span class='ocrx_word' id='word_1_415' title='bbox 260 3931 649 4003; x_wconf 67' lang='lat' dir='ltr'><strong>pra‘dicatione</strong></span> <span class='ocrx_word' id='word_1_416' title='bbox 676 3929 868 3997; x_wconf 90' lang='lat' dir='ltr'><strong>crucis,</strong></span> <span class='ocrx_word' id='word_1_417' title='bbox 913 3929 982 3986; x_wconf 90' lang='lat' dir='ltr'><strong>de</strong></span> <span class='ocrx_word' id='word_1_418' title='bbox 1008 3945 1114 4008; x_wconf 89' lang='lat' dir='ltr'><strong>qua</strong></span> <span class='ocrx_word' id='word_1_419' title='bbox 1139 3927 1282 3986; x_wconf 82' lang='lat' dir='ltr'><strong>nunc</strong></span> <span class='ocrx_word' id='word_1_420' title='bbox 1321 3928 1402 4001; x_wconf 85' lang='lat'>(5)</span> <span class='ocrx_word' id='word_1_421' title='bbox 1442 3929 1680 3985; x_wconf 81' lang='lat' dir='ltr'><strong>maxime</strong></span> <span class='ocrx_word' id='word_1_422' title='bbox 1718 3945 1869 4001; x_wconf 74' lang='lat' dir='ltr'><strong>qua:-</strong></span> 
     </span>
    </p>
   </div>
   <div class='ocr_carea' id='block_1_57' title="bbox 1981 1891 3576 1971">
    <p class='ocr_par' dir='ltr' id='par_1_57' title="bbox 1981 1891 3576 1971">
     <span class='ocr_line' id='line_1_57' title="bbox 1981 1891 3576 1971; baseline 0.001 -23"><span class='ocrx_word' id='word_1_423' title='bbox 1981 1892 2104 1964; x_wconf 85' lang='lat' dir='ltr'><strong>I7):</strong></span> <span class='ocrx_word' id='word_1_424' title='bbox 2127 1891 2284 1971; x_wconf 78' lang='lat' dir='ltr'><strong>Tauri</strong></span> <span class='ocrx_word' id='word_1_425' title='bbox 2307 1893 2460 1947; x_wconf 84' lang='lat' dir='ltr'><strong>decor</strong></span> <span class='ocrx_word' id='word_1_426' title='bbox 2483 1895 2590 1964; x_wconf 82' lang='lat' dir='ltr'><strong>ejus</strong></span> <span class='ocrx_word' id='word_1_427' title='bbox 2617 1893 2717 1964; x_wconf 87' lang='lat' dir='ltr'><strong>(b),</strong></span> <span class='ocrx_word' id='word_1_428' title='bbox 2737 1911 2928 1949; x_wconf 88' lang='lat' dir='ltr'><strong>cornua</strong></span> <span class='ocrx_word' id='word_1_429' title='bbox 2954 1897 3210 1949; x_wconf 83' lang='lat' dir='ltr'><strong>unicornis</strong></span> <span class='ocrx_word' id='word_1_430' title='bbox 3234 1911 3427 1950; x_wconf 88' lang='lat' dir='ltr'><strong>cornua</strong></span> <span class='ocrx_word' id='word_1_431' title='bbox 3445 1898 3576 1967; x_wconf 85' lang='lat' dir='ltr'><strong>ejus,</strong></span> 
     </span>
    </p>
   </div>
   <div class='ocr_carea' id='block_1_58' title="bbox 1979 1983 3586 2059">
    <p class='ocr_par' dir='ltr' id='par_1_58' title="bbox 1979 1983 3586 2059">
     <span class='ocr_line' id='line_1_58' title="bbox 1979 1983 3586 2059; baseline 0.002 -22"><span class='ocrx_word' id='word_1_432' title='bbox 1979 1983 2032 2037; x_wconf 84' lang='lat' dir='ltr'><strong>in</strong></span> <span class='ocrx_word' id='word_1_433' title='bbox 2076 1985 2148 2037; x_wconf 87' lang='lat' dir='ltr'><strong>eis</strong></span> <span class='ocrx_word' id='word_1_434' title='bbox 2193 1984 2424 2038; x_wconf 88' lang='lat' dir='ltr'><strong>nationes</strong></span> <span class='ocrx_word' id='word_1_435' title='bbox 2460 1985 2721 2040; x_wconf 83' lang='lat' dir='ltr'><strong>ventilabit</strong></span> <span class='ocrx_word' id='word_1_436' title='bbox 2774 1985 2970 2055; x_wconf 81' lang='lat' dir='ltr'><strong>pariter</strong></span> <span class='ocrx_word' id='word_1_437' title='bbox 3011 1989 3080 2040; x_wconf 87' lang='lat' dir='ltr'><strong>ad</strong></span> <span class='ocrx_word' id='word_1_438' title='bbox 3126 2003 3378 2041; x_wconf 87' lang='lat' dir='ltr'><strong>summum</strong></span> <span class='ocrx_word' id='word_1_439' title='bbox 3427 2004 3586 2059; x_wconf 81' lang='lat' dir='ltr'><strong>usque.</strong></span> 
     </span>
    </p>
   </div>
   <div class='ocr_carea' id='block_1_59' title="bbox 1981 2078 3578 2149">
    <p class='ocr_par' dir='ltr' id='par_1_59' title="bbox 1981 2078 3578 2149">
     <span class='ocr_line' id='line_1_59' title="bbox 1981 2078 3578 2149; baseline 0.004 -19"><span class='ocrx_word' id='word_1_440' title='bbox 1981 2086 2126 2132; x_wconf 73' lang='lat' dir='ltr'><strong>terra:</strong></span> <span class='ocrx_word' id='word_1_441' title='bbox 2147 2083 2299 2132; x_wconf 87' lang='lat' dir='ltr'><strong>:&#39;non</strong></span> <span class='ocrx_word' id='word_1_442' title='bbox 2327 2079 2512 2149; x_wconf 89' lang='lat' dir='ltr'><strong>utique</strong></span> <span class='ocrx_word' id='word_1_443' title='bbox 2540 2078 2854 2134; x_wconf 89' lang='lat' dir='ltr'><strong>rhinoceros</strong></span> <span class='ocrx_word' id='word_1_444' title='bbox 2880 2080 3252 2135; x_wconf 86' lang='lat' dir='ltr'><strong>destinabatur</strong></span> <span class='ocrx_word' id='word_1_445' title='bbox 3280 2082 3578 2147; x_wconf 86' lang='lat' dir='ltr'><strong>nnicornis,</strong></span> 
     </span>
    </p>
   </div>
   <div class='ocr_carea' id='block_1_60' title="bbox 1955 2169 3579 2252">
    <p class='ocr_par' dir='ltr' id='par_1_60' title="bbox 1955 2169 3579 2252">
     <span class='ocr_line' id='line_1_60' title="bbox 1955 2169 3579 2252; baseline 0.003 -29"><span class='ocrx_word' id='word_1_446' title='bbox 1955 2183 2079 2252; x_wconf 32' lang='lat' dir='ltr'><strong>‘nec</strong></span> <span class='ocrx_word' id='word_1_447' title='bbox 2107 2169 2432 2224; x_wconf 83' lang='lat' dir='ltr'><strong>Minotaurus</strong></span> <span class='ocrx_word' id='word_1_448' title='bbox 2457 2169 2722 2236; x_wconf 87' lang='lat' dir='ltr'><strong>bicornis;</strong></span> <span class='ocrx_word' id='word_1_449' title='bbox 2753 2170 2845 2227; x_wconf 88' lang='lat' dir='ltr'><strong>sed</strong></span> <span class='ocrx_word' id='word_1_450' title='bbox 2875 2169 3122 2227; x_wconf 86' lang='lat' dir='ltr'><strong>Christus</strong></span> <span class='ocrx_word' id='word_1_451' title='bbox 3155 2176 3205 2227; x_wconf 93' lang='lat' dir='ltr'><strong>in</strong></span> <span class='ocrx_word' id='word_1_452' title='bbox 3246 2172 3341 2226; x_wconf 92' lang='lat' dir='ltr'><strong>illo</strong></span> <span class='ocrx_word' id='word_1_453' title='bbox 3371 2174 3579 2244; x_wconf 79' lang='lat' dir='ltr'><strong>signiti-</strong></span> 
     </span>
    </p>
   </div>
   <div class='ocr_carea' id='block_1_61' title="bbox 1977 2261 3578 2334">
    <p class='ocr_par' dir='ltr' id='par_1_61' title="bbox 1977 2261 3578 2334">
     <span class='ocr_line' id='line_1_61' title="bbox 1977 2261 3578 2334; baseline 0.002 -18"><span class='ocrx_word' id='word_1_454' title='bbox 1977 2261 2221 2328; x_wconf 89' lang='lat' dir='ltr'><strong>cabatur,</strong></span> <span class='ocrx_word' id='word_1_455' title='bbox 2278 2269 2465 2316; x_wconf 86' lang='lat' dir='ltr'><strong>taurus</strong></span> <span class='ocrx_word' id='word_1_456' title='bbox 2504 2263 2574 2317; x_wconf 91' lang='lat' dir='ltr'><strong>ob</strong></span> <span class='ocrx_word' id='word_1_457' title='bbox 2625 2273 2907 2332; x_wconf 85' lang='lat' dir='ltr'><strong>utramque</strong></span> <span class='ocrx_word' id='word_1_458' title='bbox 2953 2262 3399 2334; x_wconf 77' lang='lat' dir='ltr'><strong>diSpositionetn;</strong></span> <span class='ocrx_word' id='word_1_459' title='bbox 3453 2264 3578 2320; x_wconf 89' lang='lat' dir='ltr'><strong>aliis</strong></span> 
     </span>
    </p>
   </div>
   <div class='ocr_carea' id='block_1_62' title="bbox 1977 2352 3580 2428">
    <p class='ocr_par' dir='ltr' id='par_1_62' title="bbox 1977 2352 3580 2428">
     <span class='ocr_line' id='line_1_62' title="bbox 1977 2352 3580 2428; baseline 0.004 -22"><span class='ocrx_word' id='word_1_460' title='bbox 1977 2352 2144 2421; x_wconf 76' lang='lat' dir='ltr'><strong>ferus,</strong></span> <span class='ocrx_word' id='word_1_461' title='bbox 2175 2364 2233 2409; x_wconf 91' lang='lat' dir='ltr'><strong>ut</strong></span> <span class='ocrx_word' id='word_1_462' title='bbox 2265 2353 2459 2425; x_wconf 80' lang='lat' dir='ltr'><strong>jndex;</strong></span> <span class='ocrx_word' id='word_1_463' title='bbox 2505 2355 2625 2411; x_wconf 87' lang='lat' dir='ltr'><strong>aliis</strong></span> <span class='ocrx_word' id='word_1_464' title='bbox 2651 2366 2989 2422; x_wconf 75' lang='lat' dir='ltr'><strong>mansuetus,</strong></span> <span class='ocrx_word' id='word_1_465' title='bbox 3027 2367 3083 2411; x_wconf 90' lang='lat' dir='ltr'><strong>ut</strong></span> <span class='ocrx_word' id='word_1_466' title='bbox 3121 2358 3391 2425; x_wconf 82' lang='lat' dir='ltr'><strong>salvator;</strong></span> <span class='ocrx_word' id='word_1_467' title='bbox 3423 2359 3580 2428; x_wconf 86' lang='lat' dir='ltr'><strong>cujus</strong></span> 
     </span>
    </p>
   </div>
   <div class='ocr_carea' id='block_1_63' title="bbox 1976 2448 3576 2522">
    <p class='ocr_par' dir='ltr' id='par_1_63' title="bbox 1976 2448 3576 2522">
     <span class='ocr_line' id='line_1_63' title="bbox 1976 2448 3576 2522; baseline 0.003 -20"><span class='ocrx_word' id='word_1_468' title='bbox 1976 2461 2176 2503; x_wconf 88' lang='lat' dir='ltr'><strong>cornua</strong></span> <span class='ocrx_word' id='word_1_469' title='bbox 2207 2458 2390 2504; x_wconf 89' lang='lat' dir='ltr'><strong>essent</strong></span> <span class='ocrx_word' id='word_1_470' title='bbox 2413 2450 2587 2504; x_wconf 89' lang='lat' dir='ltr'><strong>crucis</strong></span> <span class='ocrx_word' id='word_1_471' title='bbox 2612 2450 2814 2505; x_wconf 79' lang='lat' dir='ltr'><strong>extima</strong></span> <span class='ocrx_word' id='word_1_472' title='bbox 2845 2448 2984 2522; x_wconf 85' lang='lat' dir='ltr'><strong>(ll).</strong></span> <span class='ocrx_word' id='word_1_473' title='bbox 3015 2449 3144 2504; x_wconf 88' lang='lat' dir='ltr'><strong>Nam</strong></span> <span class='ocrx_word' id='word_1_474' title='bbox 3172 2458 3223 2505; x_wconf 88' lang='lat' dir='ltr'><strong>et</strong></span> <span class='ocrx_word' id='word_1_475' title='bbox 3257 2453 3307 2506; x_wconf 90' lang='lat' dir='ltr'><strong>in</strong></span> <span class='ocrx_word' id='word_1_476' title='bbox 3339 2459 3576 2507; x_wconf 87' lang='lat' dir='ltr'><strong>antcnna</strong></span> 
     </span>
    </p>
   </div>
   <div class='ocr_carea' id='block_1_64' title="bbox 1980 2539 3579 2613">
    <p class='ocr_par' dir='ltr' id='par_1_64' title="bbox 1980 2539 3579 2613">
     <span class='ocr_line' id='line_1_64' title="bbox 1980 2539 3579 2613; baseline 0.003 -17"><span class='ocrx_word' id='word_1_477' title='bbox 1980 2541 2130 2597; x_wconf 85' lang='lat' dir='ltr'><strong>navis</strong></span> <span class='ocrx_word' id='word_1_478' title='bbox 2164 2539 2297 2613; x_wconf 75' lang='lat' dir='ltr'>(I2).</span> <span class='ocrx_word' id='word_1_479' title='bbox 2317 2557 2436 2613; x_wconf 82' lang='lat' dir='ltr'><strong>quae</strong></span> <span class='ocrx_word' id='word_1_480' title='bbox 2469 2543 2642 2598; x_wconf 89' lang='lat' dir='ltr'><strong>crucis</strong></span> <span class='ocrx_word' id='word_1_481' title='bbox 2675 2557 2797 2613; x_wconf 90' lang='lat' dir='ltr'><strong>pars</strong></span> <span class='ocrx_word' id='word_1_482' title='bbox 2825 2552 2928 2608; x_wconf 91' lang='lat' dir='ltr'><strong>est,</strong></span> <span class='ocrx_word' id='word_1_483' title='bbox 2965 2544 3334 2600; x_wconf 84' lang='lat' dir='ltr'><strong>extremitates</strong></span> <span class='ocrx_word' id='word_1_484' title='bbox 3377 2560 3579 2602; x_wconf 90' lang='lat' dir='ltr'><strong>corttua</strong></span> 
     </span>
    </p>
   </div>
   <div class='ocr_carea' id='block_1_65' title="bbox 1976 2633 3577 2708">
    <p class='ocr_par' dir='ltr' id='par_1_65' title="bbox 1976 2633 3577 2708">
     <span class='ocr_line' id='line_1_65' title="bbox 1976 2633 3577 2708; baseline 0.002 -19"><span class='ocrx_word' id='word_1_485' title='bbox 1976 2642 2238 2689; x_wconf 68' lang='lat' dir='ltr'><strong>vocantur</strong></span> <span class='ocrx_word' id='word_1_486' title='bbox 2269 2633 2378 2706; x_wconf 88' lang='lat' dir='ltr'>(c):</span> <span class='ocrx_word' id='word_1_487' title='bbox 2422 2635 2692 2690; x_wconf 88' lang='lat' dir='ltr'><strong>Itnicornis</strong></span> <span class='ocrx_word' id='word_1_488' title='bbox 2733 2645 2944 2704; x_wconf 87' lang='lat' dir='ltr'><strong>autem,</strong></span> <span class='ocrx_word' id='word_1_489' title='bbox 2976 2635 3149 2691; x_wconf 86' lang='lat' dir='ltr'><strong>media</strong></span> <span class='ocrx_word' id='word_1_490' title='bbox 3193 2636 3309 2707; x_wconf 76' lang='lat' dir='ltr'>(l5)</span> <span class='ocrx_word' id='word_1_491' title='bbox 3347 2637 3577 2708; x_wconf 86' lang='lat' dir='ltr'><strong>stipitis,</strong></span> 
     </span>
    </p>
   </div>
   <div class='ocr_carea' id='block_1_66' title="bbox 1978 2727 3581 2800">
    <p class='ocr_par' dir='ltr' id='par_1_66' title="bbox 1978 2727 3581 2800">
     <span class='ocr_line' id='line_1_66' title="bbox 1978 2727 3581 2800; baseline 0.004 -20"><span class='ocrx_word' id='word_1_492' title='bbox 1978 2727 2150 2798; x_wconf 88' lang='lat' dir='ltr'><strong>palus.</strong></span> <span class='ocrx_word' id='word_1_493' title='bbox 2195 2727 2306 2783; x_wconf 90' lang='lat' dir='ltr'><strong>IIac</strong></span> <span class='ocrx_word' id='word_1_494' title='bbox 2345 2728 2576 2799; x_wconf 90' lang='lat' dir='ltr'><strong>denique</strong></span> <span class='ocrx_word' id='word_1_495' title='bbox 2601 2729 2794 2784; x_wconf 88' lang='lat' dir='ltr'><strong>virtute</strong></span> <span class='ocrx_word' id='word_1_496' title='bbox 2837 2729 3015 2784; x_wconf 89' lang='lat' dir='ltr'><strong>crucis</strong></span> <span class='ocrx_word' id='word_1_497' title='bbox 3054 2728 3158 2800; x_wconf 88' lang='lat' dir='ltr'><strong>(d),</strong></span> <span class='ocrx_word' id='word_1_498' title='bbox 3188 2739 3242 2784; x_wconf 91' lang='lat' dir='ltr'><strong>et</strong></span> <span class='ocrx_word' id='word_1_499' title='bbox 3285 2729 3387 2784; x_wconf 92' lang='lat' dir='ltr'><strong>hoc</strong></span> <span class='ocrx_word' id='word_1_500' title='bbox 3430 2745 3581 2788; x_wconf 86' lang='lat' dir='ltr'><strong>more</strong></span> 
     </span>
    </p>
   </div>
   <div class='ocr_carea' id='block_1_67' title="bbox 1977 2820 3576 2892">
    <p class='ocr_par' dir='ltr' id='par_1_67' title="bbox 1977 2820 3576 2892">
     <span class='ocr_line' id='line_1_67' title="bbox 1977 2820 3576 2892; baseline 0.002 -18"><span class='ocrx_word' id='word_1_501' title='bbox 1977 2828 2255 2888; x_wconf 81' lang='lat' dir='ltr'><strong>cornutos,</strong></span> <span class='ocrx_word' id='word_1_502' title='bbox 2279 2820 2556 2876; x_wconf 84' lang='lat' dir='ltr'><strong>universas</strong></span> <span class='ocrx_word' id='word_1_503' title='bbox 2579 2829 2768 2890; x_wconf 77' lang='lat' dir='ltr'><strong>gentes</strong></span> <span class='ocrx_word' id='word_1_504' title='bbox 2784 2829 2995 2876; x_wconf 89' lang='lat' dir='ltr'><strong>etnunc</strong></span> <span class='ocrx_word' id='word_1_505' title='bbox 3019 2821 3242 2876; x_wconf 85' lang='lat' dir='ltr'><strong>ventilat</strong></span> <span class='ocrx_word' id='word_1_506' title='bbox 3273 2837 3367 2892; x_wconf 91' lang='lat' dir='ltr'><strong>per</strong></span> <span class='ocrx_word' id='word_1_507' title='bbox 3396 2822 3576 2887; x_wconf 86' lang='lat' dir='ltr'><strong>Iidem,</strong></span> 
     </span>
    </p>
   </div>
   <div class='ocr_carea' id='block_1_68' title="bbox 1977 2911 3577 2982">
    <p class='ocr_par' dir='ltr' id='par_1_68' title="bbox 1977 2911 3577 2982">
     <span class='ocr_line' id='line_1_68' title="bbox 1977 2911 3577 2982; baseline 0.003 -17"><span class='ocrx_word' id='word_1_508' title='bbox 1977 2911 2230 2967; x_wconf 82' lang='lat' dir='ltr'><strong>auferens</strong></span> <span class='ocrx_word' id='word_1_509' title='bbox 2271 2927 2300 2966; x_wconf 90' lang='lat' dir='ltr'><strong>a</strong></span> <span class='ocrx_word' id='word_1_510' title='bbox 2349 2921 2502 2967; x_wconf 79' lang='lat' dir='ltr'><strong>terra</strong></span> <span class='ocrx_word' id='word_1_511' title='bbox 2537 2913 2587 2966; x_wconf 81' lang='grc' dir='ltr'><strong>ιιι</strong></span> <span class='ocrx_word' id='word_1_512' title='bbox 2635 2912 2865 2978; x_wconf 77' lang='lat' dir='ltr'><strong>ccelum;</strong></span> <span class='ocrx_word' id='word_1_513' title='bbox 2922 2921 2979 2968; x_wconf 92' lang='lat' dir='ltr'><strong>et</strong></span> <span class='ocrx_word' id='word_1_514' title='bbox 3007 2921 3132 2966; x_wconf 91' lang='lat' dir='ltr'><strong>tunc</strong></span> <span class='ocrx_word' id='word_1_515' title='bbox 3172 2927 3270 2982; x_wconf 87' lang='lat' dir='ltr'><strong>per</strong></span> <span class='ocrx_word' id='word_1_516' title='bbox 3315 2913 3577 2981; x_wconf 85' lang='lat' dir='ltr'><strong>judicium</strong></span> 
     </span>
    </p>
   </div>
   <div class='ocr_carea' id='block_1_69' title="bbox 1979 3003 3579 3074">
    <p class='ocr_par' dir='ltr' id='par_1_69' title="bbox 1979 3003 3579 3074">
     <span class='ocr_line' id='line_1_69' title="bbox 1979 3003 3579 3074; baseline 0.002 -18"><span class='ocrx_word' id='word_1_517' title='bbox 1979 3003 2278 3068; x_wconf 82' lang='lat' dir='ltr'><strong>ventilahit,</strong></span> <span class='ocrx_word' id='word_1_518' title='bbox 2307 3003 2571 3074; x_wconf 88' lang='lat' dir='ltr'><strong>dejiciens</strong></span> <span class='ocrx_word' id='word_1_519' title='bbox 2598 3003 2667 3060; x_wconf 87' lang='lat' dir='ltr'><strong>de</strong></span> <span class='ocrx_word' id='word_1_520' title='bbox 2709 3005 2849 3060; x_wconf 64' lang='lat' dir='ltr'><strong>caelo</strong></span> <span class='ocrx_word' id='word_1_521' title='bbox 2881 3005 2932 3059; x_wconf 94' lang='lat' dir='ltr'><strong>in</strong></span> <span class='ocrx_word' id='word_1_522' title='bbox 2971 3013 3191 3059; x_wconf 89' lang='lat' dir='ltr'><strong>terram.</strong></span> <span class='ocrx_word' id='word_1_523' title='bbox 3220 3004 3365 3060; x_wconf 88' lang='lat' dir='ltr'><strong>Idem</strong></span> <span class='ocrx_word' id='word_1_524' title='bbox 3397 3005 3497 3060; x_wconf 89' lang='lat' dir='ltr'><strong>erit</strong></span> <span class='ocrx_word' id='word_1_525' title='bbox 3522 3016 3579 3062; x_wconf 88' lang='lat' dir='ltr'><strong>et</strong></span> 
     </span>
    </p>
   </div>
   <div class='ocr_carea' id='block_1_70' title="bbox 1985 3095 3576 3168">
    <p class='ocr_par' dir='ltr' id='par_1_70' title="bbox 1985 3095 3576 3168">
     <span class='ocr_line' id='line_1_70' title="bbox 1985 3095 3576 3168; baseline 0.003 -19"><span class='ocrx_word' id='word_1_526' title='bbox 1985 3095 2114 3151; x_wconf 92' lang='lat' dir='ltr'><strong>alibi</strong></span> <span class='ocrx_word' id='word_1_527' title='bbox 2143 3105 2328 3152; x_wconf 89' lang='lat' dir='ltr'><strong>taurus</strong></span> <span class='ocrx_word' id='word_1_528' title='bbox 2351 3095 2491 3167; x_wconf 91' lang='lat' dir='ltr'><strong>apud</strong></span> <span class='ocrx_word' id='word_1_529' title='bbox 2531 3096 2779 3152; x_wconf 89' lang='lat' dir='ltr'><strong>eamdem</strong></span> <span class='ocrx_word' id='word_1_530' title='bbox 2799 3096 3146 3168; x_wconf 86' lang='lat' dir='ltr'><strong>scripturam,</strong></span> <span class='ocrx_word' id='word_1_531' title='bbox 3187 3112 3306 3152; x_wconf 90' lang='lat' dir='ltr'><strong>cum</strong></span> <span class='ocrx_word' id='word_1_532' title='bbox 3331 3095 3496 3152; x_wconf 85' lang='lat' dir='ltr'><strong>Jacob</strong></span> <span class='ocrx_word' id='word_1_533' title='bbox 3524 3098 3576 3154; x_wconf 93' lang='lat' dir='ltr'><strong>in</strong></span> 
     </span>
    </p>
   </div>
   <div class='ocr_carea' id='block_1_71' title="bbox 1901 3189 3575 3264">
    <p class='ocr_par' dir='ltr' id='par_1_71' title="bbox 1901 3189 3575 3264">
     <span class='ocr_line' id='line_1_71' title="bbox 1901 3189 3575 3264; baseline 0.002 -22"><span class='ocrx_word' id='word_1_534' title='bbox 1901 3199 1946 3264; x_wconf 73' lang='grc' dir='ltr'><em>ς</em></span> <span class='ocrx_word' id='word_1_535' title='bbox 1981 3189 2286 3245; x_wconf 89' lang='lat' dir='ltr'><strong>Simeonem</strong></span> <span class='ocrx_word' id='word_1_536' title='bbox 2333 3198 2389 3246; x_wconf 87' lang='lat' dir='ltr'><strong>et</strong></span> <span class='ocrx_word' id='word_1_537' title='bbox 2428 3189 2554 3245; x_wconf 86' lang='lat' dir='ltr'><strong>Levi</strong></span> <span class='ocrx_word' id='word_1_538' title='bbox 2591 3191 2945 3260; x_wconf 79' lang='lat' dir='ltr'><strong>exporrigens</strong></span> <span class='ocrx_word' id='word_1_539' title='bbox 2976 3189 3402 3245; x_wconf 88' lang='lat' dir='ltr'><strong>benedictionem</strong></span> <span class='ocrx_word' id='word_1_540' title='bbox 3432 3189 3575 3263; x_wconf 70' lang='lat' dir='ltr'><strong>(l4),</strong></span> 
     </span>
    </p>
   </div>
   <div class='ocr_carea' id='block_1_72' title="bbox 1974 3279 3574 3353">
    <p class='ocr_par' dir='ltr' id='par_1_72' title="bbox 1974 3279 3574 3353">
     <span class='ocr_line' id='line_1_72' title="bbox 1974 3279 3574 3353; baseline 0 -17"><span class='ocrx_word' id='word_1_541' title='bbox 1974 3279 2026 3336; x_wconf 91' lang='lat' dir='ltr'><strong>id</strong></span> <span class='ocrx_word' id='word_1_542' title='bbox 2055 3288 2137 3336; x_wconf 82' lang='lat' dir='ltr'><strong>est</strong></span> <span class='ocrx_word' id='word_1_543' title='bbox 2182 3280 2324 3353; x_wconf 84' lang='lat' dir='ltr'>(I5),</span> <span class='ocrx_word' id='word_1_544' title='bbox 2366 3281 2418 3336; x_wconf 93' lang='lat' dir='ltr'><strong>in</strong></span> <span class='ocrx_word' id='word_1_545' title='bbox 2459 3280 2673 3338; x_wconf 88' lang='lat' dir='ltr'><strong>Scribas</strong></span> <span class='ocrx_word' id='word_1_546' title='bbox 2712 3289 2768 3336; x_wconf 91' lang='lat' dir='ltr'><strong>et</strong></span> <span class='ocrx_word' id='word_1_547' title='bbox 2806 3280 3105 3336; x_wconf 67' lang='lat' dir='ltr'><strong>Pltarisazos</strong></span> <span class='ocrx_word' id='word_1_548' title='bbox 3149 3281 3250 3351; x_wconf 77' lang='lat' dir='ltr'><strong>(ex</strong></span> <span class='ocrx_word' id='word_1_549' title='bbox 3288 3280 3391 3334; x_wconf 92' lang='lat' dir='ltr'><strong>illis</strong></span> <span class='ocrx_word' id='word_1_550' title='bbox 3429 3281 3574 3336; x_wconf 88' lang='lat' dir='ltr'><strong>enim</strong></span> 
     </span>
    </p>
   </div>
   <div class='ocr_carea' id='block_1_73' title="bbox 1973 3372 3570 3444">
    <p class='ocr_par' dir='ltr' id='par_1_73' title="bbox 1973 3372 3570 3444">
     <span class='ocr_line' id='line_1_73' title="bbox 1973 3372 3570 3444; baseline 0.001 -16"><span class='ocrx_word' id='word_1_551' title='bbox 1973 3372 2254 3429; x_wconf 88' lang='lat' dir='ltr'><strong>deducitur</strong></span> <span class='ocrx_word' id='word_1_552' title='bbox 2295 3389 2488 3431; x_wconf 89' lang='lat' dir='ltr'><strong>census</strong></span> <span class='ocrx_word' id='word_1_553' title='bbox 2522 3375 2785 3444; x_wconf 91' lang='lat' dir='ltr'><strong>istorum)</strong></span> <span class='ocrx_word' id='word_1_554' title='bbox 2815 3372 3128 3444; x_wconf 80' lang='lat' dir='ltr'><strong>spiritaliter</strong></span> <span class='ocrx_word' id='word_1_555' title='bbox 3169 3375 3570 3444; x_wconf 86' lang='lat' dir='ltr'><strong>interpretatur.</strong></span> 
     </span>
    </p>
   </div>
   <div class='ocr_carea' id='block_1_74' title="bbox 1975 3463 3574 3538">
    <p class='ocr_par' dir='ltr' id='par_1_74' title="bbox 1975 3463 3574 3538">
     <span class='ocr_line' id='line_1_74' title="bbox 1975 3463 3574 3538; baseline 0 -19"><span class='ocrx_word' id='word_1_556' title='bbox 1975 3463 2185 3521; x_wconf 85' lang='lat' dir='ltr'><strong>Simeon</strong></span> <span class='ocrx_word' id='word_1_557' title='bbox 2224 3476 2272 3521; x_wconf 89' lang='lat' dir='ltr'><strong>et</strong></span> <span class='ocrx_word' id='word_1_558' title='bbox 2302 3466 2422 3522; x_wconf 80' lang='lat' dir='ltr'><strong>Levi</strong></span> <span class='ocrx_word' id='word_1_559' title='bbox 2463 3465 2693 3538; x_wconf 59' lang='lat' dir='ltr'><strong>(Oenea,</strong></span> <span class='ocrx_word' id='word_1_560' title='bbox 2719 3465 2917 3532; x_wconf 84' lang='lat' dir='ltr'><strong>XLIX,</strong></span> <span class='ocrx_word' id='word_1_561' title='bbox 2940 3466 2999 3536; x_wconf 86' lang='lat'>6)</span> <span class='ocrx_word' id='word_1_562' title='bbox 3029 3469 3343 3538; x_wconf 79' lang='lat' dir='ltr'><strong>perfecerunt</strong></span> <span class='ocrx_word' id='word_1_563' title='bbox 3384 3465 3574 3537; x_wconf 85' lang='lat' dir='ltr'><strong>iniqui-</strong></span> 
     </span>
    </p>
   </div>
   <div class='ocr_carea' id='block_1_75' title="bbox 1974 3556 3578 3629">
    <p class='ocr_par' dir='ltr' id='par_1_75' title="bbox 1974 3556 3578 3629">
     <span class='ocr_line' id='line_1_75' title="bbox 1974 3556 3578 3629; baseline 0.001 -18"><span class='ocrx_word' id='word_1_564' title='bbox 1974 3566 2161 3623; x_wconf 87' lang='lat' dir='ltr'><strong>tatem,</strong></span> <span class='ocrx_word' id='word_1_565' title='bbox 2206 3573 2272 3614; x_wconf 83' lang='lat' dir='ltr'><strong>ex</strong></span> <span class='ocrx_word' id='word_1_566' title='bbox 2324 3573 2420 3614; x_wconf 89' lang='lat' dir='ltr'><strong>sua</strong></span> <span class='ocrx_word' id='word_1_567' title='bbox 2451 3558 2678 3623; x_wconf 67' lang='lat' dir='ltr'><strong>haeresi,</strong></span> <span class='ocrx_word' id='word_1_568' title='bbox 2730 3572 2831 3629; x_wconf 88' lang='lat' dir='ltr'><strong>qua</strong></span> <span class='ocrx_word' id='word_1_569' title='bbox 2879 3556 3084 3613; x_wconf 90' lang='lat' dir='ltr'><strong>scilicet</strong></span> <span class='ocrx_word' id='word_1_570' title='bbox 3135 3557 3406 3612; x_wconf 87' lang='lat' dir='ltr'><strong>Christum</strong></span> <span class='ocrx_word' id='word_1_571' title='bbox 3448 3567 3578 3612; x_wconf 92' lang='lat' dir='ltr'><strong>sunt</strong></span> 
     </span>
    </p>
   </div>
   <div class='ocr_carea' id='block_1_76' title="bbox 1977 3649 3576 3722">
    <p class='ocr_par' dir='ltr' id='par_1_76' title="bbox 1977 3649 3576 3722">
     <span class='ocr_line' id='line_1_76' title="bbox 1977 3649 3576 3722; baseline -0.001 -16"><span class='ocrx_word' id='word_1_572' title='bbox 1977 3651 2267 3722; x_wconf 88' lang='lat' dir='ltr'><strong>persecuti.</strong></span> <span class='ocrx_word' id='word_1_573' title='bbox 2301 3650 2370 3705; x_wconf 88' lang='lat' dir='ltr'><strong>In</strong></span> <span class='ocrx_word' id='word_1_574' title='bbox 2399 3651 2671 3706; x_wconf 86' lang='lat' dir='ltr'><strong>concilium</strong></span> <span class='ocrx_word' id='word_1_575' title='bbox 2701 3667 2876 3706; x_wconf 87' lang='lat' dir='ltr'><strong>eorum</strong></span> <span class='ocrx_word' id='word_1_576' title='bbox 2905 3666 2968 3705; x_wconf 86' lang='lat' dir='ltr'><strong>ne</strong></span> <span class='ocrx_word' id='word_1_577' title='bbox 3001 3649 3188 3704; x_wconf 80' lang='lat' dir='ltr'><strong>uenerit</strong></span> <span class='ocrx_word' id='word_1_578' title='bbox 3229 3651 3403 3704; x_wconf 88' lang='lat' dir='ltr'><strong>anima</strong></span> <span class='ocrx_word' id='word_1_579' title='bbox 3430 3666 3540 3704; x_wconf 83' lang='lat' dir='ltr'><strong>mea</strong></span> <span class='ocrx_word' id='word_1_580' title='bbox 3561 3692 3576 3716; x_wconf 89' lang='lat'><strong>,</strong></span> 
     </span>
    </p>
   </div>
   <div class='ocr_carea' id='block_1_77' title="bbox 1971 3735 3579 3813">
    <p class='ocr_par' dir='ltr' id='par_1_77' title="bbox 1971 3735 3579 3813">
     <span class='ocr_line' id='line_1_77' title="bbox 1971 3735 3579 3813; baseline 0 -15"><span class='ocrx_word' id='word_1_581' title='bbox 1971 3753 2019 3798; x_wconf 90' lang='lat' dir='ltr'><strong>et</strong></span> <span class='ocrx_word' id='word_1_582' title='bbox 2069 3745 2119 3798; x_wconf 91' lang='lat' dir='ltr'><strong>in</strong></span> <span class='ocrx_word' id='word_1_583' title='bbox 2171 3745 2440 3798; x_wconf 84' lang='lat' dir='ltr'><strong>stationem</strong></span> <span class='ocrx_word' id='word_1_584' title='bbox 2487 3761 2660 3799; x_wconf 85' lang='lat' dir='ltr'><strong>eorum</strong></span> <span class='ocrx_word' id='word_1_585' title='bbox 2713 3761 2777 3798; x_wconf 90' lang='lat' dir='ltr'><strong>ne</strong></span> <span class='ocrx_word' id='word_1_586' title='bbox 2822 3743 3137 3798; x_wconf 81' lang='lat' dir='ltr'><strong>incubuerint</strong></span> <span class='ocrx_word' id='word_1_587' title='bbox 3189 3735 3371 3813; x_wconf 83' lang='lat' dir='ltr'><strong>jecora</strong></span> <span class='ocrx_word' id='word_1_588' title='bbox 3417 3758 3528 3798; x_wconf 88' lang='lat' dir='ltr'><strong>mea</strong></span> <span class='ocrx_word' id='word_1_589' title='bbox 3560 3761 3579 3798; x_wconf 91' lang='lat'><strong><em>:</em></strong></span> 
     </span>
    </p>
   </div>
   <div class='ocr_carea' id='block_1_78' title="bbox 1971 3833 3582 3909">
    <p class='ocr_par' dir='ltr' id='par_1_78' title="bbox 1971 3833 3582 3909">
     <span class='ocr_line' id='line_1_78' title="bbox 1971 3833 3582 3909; baseline -0.001 -20"><span class='ocrx_word' id='word_1_590' title='bbox 1971 3836 2090 3907; x_wconf 88' lang='lat' dir='ltr'><strong>quia</strong></span> <span class='ocrx_word' id='word_1_591' title='bbox 2123 3837 2174 3891; x_wconf 90' lang='lat' dir='ltr'><strong>in</strong></span> <span class='ocrx_word' id='word_1_592' title='bbox 2214 3837 2567 3909; x_wconf 86' lang='lat' dir='ltr'><strong>indignatione</strong></span> <span class='ocrx_word' id='word_1_593' title='bbox 2595 3853 2687 3892; x_wconf 86' lang='lat' dir='ltr'><strong>sua</strong></span> <span class='ocrx_word' id='word_1_594' title='bbox 2727 3837 3086 3909; x_wconf 75' lang='lat' dir='ltr'><strong>interfecerunt</strong></span> <span class='ocrx_word' id='word_1_595' title='bbox 3124 3835 3383 3901; x_wconf 69' lang='lat' dir='ltr'><strong>homines,</strong></span> <span class='ocrx_word' id='word_1_596' title='bbox 3420 3833 3469 3888; x_wconf 90' lang='lat' dir='ltr'><strong>id</strong></span> <span class='ocrx_word' id='word_1_597' title='bbox 3497 3842 3582 3889; x_wconf 86' lang='lat' dir='ltr'><strong>cst</strong></span> 
     </span>
    </p>
   </div>
   <div class='ocr_carea' id='block_1_79' title="bbox 1974 3929 3582 4004">
    <p class='ocr_par' dir='ltr' id='par_1_79' title="bbox 1974 3929 3582 4004">
     <span class='ocr_line' id='line_1_79' title="bbox 1974 3929 3582 4004; baseline -0.002 -17"><span class='ocrx_word' id='word_1_598' title='bbox 1974 3931 2301 4003; x_wconf 84' lang='lat' dir='ltr'><strong>PrOphetas,</strong></span> <span class='ocrx_word' id='word_1_599' title='bbox 2332 3942 2378 3988; x_wconf 86' lang='lat' dir='ltr'><strong>ct</strong></span> <span class='ocrx_word' id='word_1_600' title='bbox 2418 3934 2472 3988; x_wconf 90' lang='lat' dir='ltr'><strong>in</strong></span> <span class='ocrx_word' id='word_1_601' title='bbox 2509 3932 2921 4004; x_wconf 82' lang='lat' dir='ltr'><strong>concupiscentia</strong></span> <span class='ocrx_word' id='word_1_602' title='bbox 2947 3946 3041 3987; x_wconf 89' lang='lat' dir='ltr'><strong>sua</strong></span> <span class='ocrx_word' id='word_1_603' title='bbox 3067 3929 3376 3986; x_wconf 64' lang='lat' dir='ltr'><strong>ceciderunt</strong></span> <span class='ocrx_word' id='word_1_604' title='bbox 3401 3943 3582 3983; x_wconf 81' lang='lat' dir='ltr'><strong>nervos</strong></span> 
     </span>
    </p>
   </div>
   <div class='ocr_carea' id='block_1_80' title="bbox 1483 4043 2316 4106">
    <p class='ocr_par' dir='ltr' id='par_1_80' title="bbox 1483 4043 2316 4106">
     <span class='ocr_line' id='line_1_80' title="bbox 1483 4043 2316 4106; baseline 0.006 -7"><span class='ocrx_word' id='word_1_605' title='bbox 1483 4043 1864 4104; x_wconf 80' lang='lat' dir='ltr'><strong>LECTIONES</strong></span> <span class='ocrx_word' id='word_1_606' title='bbox 1901 4046 2206 4105; x_wconf 73' lang='lat' dir='ltr'><strong>VAIIIAN&#39;I‘</strong></span> <span class='ocrx_word' id='word_1_607' title='bbox 2211 4049 2316 4106; x_wconf 87' lang='lat' dir='ltr'><strong>ES.</strong></span> 
     </span>
    </p>
   </div>
   <div class='ocr_carea' id='block_1_81' title="bbox 345 4157 1240 4230">
    <p class='ocr_par' dir='ltr' id='par_1_81' title="bbox 345 4157 1240 4230">
     <span class='ocr_line' id='line_1_81' title="bbox 345 4157 1240 4230; baseline -0.01 -9"><span class='ocrx_word' id='word_1_608' title='bbox 345 4170 386 4230; x_wconf 86' lang='grc' dir='ltr'><strong>Ι)</strong></span> <span class='ocrx_word' id='word_1_609' title='bbox 416 4164 736 4230; x_wconf 69' lang='lat' dir='ltr'><strong>Censendam</strong></span> <span class='ocrx_word' id='word_1_610' title='bbox 757 4159 909 4215; x_wconf 82' lang='lat' dir='ltr'><strong>Rhea.</strong></span> <span class='ocrx_word' id='word_1_611' title='bbox 934 4157 1089 4230; x_wconf 64' lang='lat' dir='ltr'><strong>Sani.</strong></span> <span class='ocrx_word' id='word_1_612' title='bbox 1107 4163 1240 4230; x_wconf 77' lang='lat' dir='ltr'><strong>_._It_ta.</strong></span> 
     </span>
    </p>
   </div>
   <div class='ocr_carea' id='block_1_82' title="bbox 256 4219 1867 4344">
    <p class='ocr_par' dir='ltr' id='par_1_82' title="bbox 256 4219 1867 4344">
     <span class='ocr_line' id='line_1_82' title="bbox 256 4219 1867 4344; baseline -0.005 -62"><span class='ocrx_word' id='word_1_613' title='bbox 256 4219 787 4344; x_wconf 49' lang='lat' dir='ltr'><strong>Oblﬂjﬂl-fonxitmou</strong></span> <span class='ocrx_word' id='word_1_614' title='bbox 810 4230 990 4290; x_wconf 86' lang='lat' dir='ltr'><strong>potest,</strong></span> <span class='ocrx_word' id='word_1_615' title='bbox 1014 4223 1137 4277; x_wconf 84' lang='lat' dir='ltr'><strong>nihil</strong></span> <span class='ocrx_word' id='word_1_616' title='bbox 1159 4221 1521 4286; x_wconf 84' lang='lat' dir='ltr'><strong>intermedium,</strong></span> <span class='ocrx_word' id='word_1_617' title='bbox 1535 4219 1689 4276; x_wconf 81' lang='lat' dir='ltr'><strong>Rhea.</strong></span> <span class='ocrx_word' id='word_1_618' title='bbox 1715 4221 1867 4274; x_wconf 88' lang='lat' dir='ltr'><strong>Seml.</strong></span> 
     </span>
     <span class='ocr_line' id='line_1_83' title="bbox 325 4305 611 4344; baseline -0.014 0"><span class='ocrx_word' id='word_1_619' title='bbox 325 4308 380 4344; x_wconf 85' lang='lat' dir='ltr'><strong>er</strong></span> <span class='ocrx_word' id='word_1_620' title='bbox 444 4332 455 4343; x_wconf 95' lang='lat'><strong>.</strong></span> <span class='ocrx_word' id='word_1_621' title='bbox 528 4305 611 4342; x_wconf 88' lang='lat' dir='ltr'><strong>un.</strong></span> 
     </span>
    </p>
   </div>
   <div class='ocr_carea' id='block_1_83' title="bbox 325 4302 611 4345">
    <p class='ocr_par' dir='ltr' id='par_1_83' title="bbox 325 4302 611 4345">
     <span class='ocr_line' id='line_1_84' title="bbox 325 4302 611 4345; baseline -0.021 0"><span class='ocrx_word' id='word_1_622' title='bbox 325 4302 455 4345; x_wconf 70' lang='lat' dir='ltr'><strong>L’flh.</strong></span> <span class='ocrx_word' id='word_1_623' title='bbox 481 4302 611 4343; x_wconf 86' lang='lat' dir='ltr'><strong>Jun.</strong></span> 
     </span>
    </p>
   </div>
   <div class='ocr_carea' id='block_1_84' title="bbox 339 4350 1127 4422">
    <p class='ocr_par' dir='ltr' id='par_1_84' title="bbox 339 4350 1127 4422">
     <span class='ocr_line' id='line_1_85' title="bbox 339 4350 1127 4422; baseline -0.003 -17"><span class='ocrx_word' id='word_1_624' title='bbox 339 4350 842 4422; x_wconf 63' lang='lat' dir='ltr'><strong>5)_l)omit_t_um_dlii.</strong></span> <span class='ocrx_word' id='word_1_625' title='bbox 873 4416 917 4422; x_wconf 75' lang='lat'><strong>__</strong></span> <span class='ocrx_word' id='word_1_626' title='bbox 1014 4418 1023 4422; x_wconf 89' lang='lat'>_</span> <span class='ocrx_word' id='word_1_627' title='bbox 1073 4407 1127 4422; x_wconf 39' lang='grc' dir='ltr'><strong>,θ</strong></span> 
     </span>
    </p>
   </div>
   <div class='ocr_carea' id='block_1_85' title="bbox 336 4414 1177 4486">
    <p class='ocr_par' dir='ltr' id='par_1_85' title="bbox 336 4414 1177 4486">
     <span class='ocr_line' id='line_1_86' title="bbox 336 4414 1177 4486; baseline -0.004 -20"><span class='ocrx_word' id='word_1_628' title='bbox 336 4414 386 4486; x_wconf 62' lang='lat' dir='ltr'><strong>t)’</strong></span> <span class='ocrx_word' id='word_1_629' title='bbox 411 4415 666 4486; x_wconf 59' lang='lat' dir='ltr'><strong>Exaudiat</strong></span> <span class='ocrx_word' id='word_1_630' title='bbox 688 4415 841 4486; x_wconf 82' lang='lat' dir='ltr'><strong>Fr_aa_.</strong></span> <span class='ocrx_word' id='word_1_631' title='bbox 873 4416 1042 4467; x_wconf 76' lang='lat' dir='ltr'><strong>Venet.</strong></span> <span class='ocrx_word' id='word_1_632' title='bbox 1068 4414 1177 4478; x_wconf 61' lang='lat' dir='ltr'><strong>Rigk</strong></span> 
     </span>
    </p>
   </div>
   <div class='ocr_carea' id='block_1_86' title="bbox 314 4479 850 4538">
    <p class='ocr_par' dir='ltr' id='par_1_86' title="bbox 314 4479 850 4538">
     <span class='ocr_line' id='line_1_87' title="bbox 314 4479 850 4538; baseline 0.004 -8"><span class='ocrx_word' id='word_1_633' title='bbox 314 4479 389 4538; x_wconf 75' lang='grc' dir='ltr'><strong>(ὅ)</strong></span> <span class='ocrx_word' id='word_1_634' title='bbox 415 4483 544 4532; x_wconf 79' lang='lat' dir='ltr'><strong>Cum</strong></span> <span class='ocrx_word' id='word_1_635' title='bbox 567 4479 850 4538; x_wconf 13' lang='lat' dir='ltr'><strong>inser.rLat.</strong></span> 
     </span>
    </p>
   </div>
   <div class='ocr_carea' id='block_1_87' title="bbox 314 4532 1228 4607">
    <p class='ocr_par' dir='ltr' id='par_1_87' title="bbox 314 4532 1228 4607">
     <span class='ocr_line' id='line_1_88' title="bbox 314 4532 1228 4607; baseline -0.007 -15"><span class='ocrx_word' id='word_1_636' title='bbox 314 4532 386 4607; x_wconf 76' lang='lat'>(6)</span> <span class='ocrx_word' id='word_1_637' title='bbox 415 4543 470 4607; x_wconf 75' lang='lat' dir='ltr'><strong>In</strong></span> <span class='ocrx_word' id='word_1_638' title='bbox 499 4539 650 4592; x_wconf 86' lang='lat' dir='ltr'><strong>omitt.</strong></span> <span class='ocrx_word' id='word_1_639' title='bbox 676 4533 1006 4607; x_wconf 65' lang='lat' dir='ltr'><strong>1th_en._Seml.</strong></span> <span class='ocrx_word' id='word_1_640' title='bbox 1026 4532 1228 4607; x_wconf 73' lang='lat' dir='ltr'><strong>Obertlt.</strong></span> 
     </span>
    </p>
   </div>
   <div class='ocr_carea' id='block_1_88' title="bbox 255 4595 1422 4669">
    <p class='ocr_par' dir='ltr' id='par_1_88' title="bbox 255 4595 1422 4669">
     <span class='ocr_line' id='line_1_89' title="bbox 255 4595 1422 4669; baseline -0.007 -12"><span class='ocrx_word' id='word_1_641' title='bbox 255 4615 267 4668; x_wconf 62' lang='grc' dir='ltr'>ξ</span> <span class='ocrx_word' id='word_1_642' title='bbox 314 4595 388 4669; x_wconf 76' lang='lat'>(7)</span> <span class='ocrx_word' id='word_1_643' title='bbox 417 4605 481 4656; x_wconf 81' lang='lat' dir='ltr'><strong>Et</strong></span> <span class='ocrx_word' id='word_1_644' title='bbox 499 4603 717 4656; x_wconf 85' lang='lat' dir='ltr'><strong>venund.</strong></span> <span class='ocrx_word' id='word_1_645' title='bbox 743 4605 791 4654; x_wconf 84' lang='lat' dir='ltr'><strong>in</strong></span> <span class='ocrx_word' id='word_1_646' title='bbox 814 4602 1073 4668; x_wconf 68' lang='lat' dir='ltr'><strong>Egyptum</strong></span> <span class='ocrx_word' id='word_1_647' title='bbox 1095 4599 1247 4652; x_wconf 87' lang='lat' dir='ltr'><strong>omitt.</strong></span> <span class='ocrx_word' id='word_1_648' title='bbox 1268 4595 1422 4652; x_wconf 85' lang='lat' dir='ltr'><strong>Seml.</strong></span> 
     </span>
    </p>
   </div>
   <div class='ocr_carea' id='block_1_89' title="bbox 1895 4580 1950 4645">
    <p class='ocr_par' dir='ltr' id='par_1_89' title="bbox 1895 4580 1950 4645">
     <span class='ocr_line' id='line_1_90' title="bbox 1895 4580 1950 4645; baseline 0 -3"><span class='ocrx_word' id='word_1_649' title='bbox 1895 4580 1950 4645; x_wconf 89' lang='grc'><strong>1)</strong></span> 
     </span>
    </p>
   </div>
   <div class='ocr_carea' id='block_1_90' title="bbox 2060 4162 3329 4283">
    <p class='ocr_par' dir='ltr' id='par_1_90' title="bbox 2060 4162 3329 4283">
     <span class='ocr_line' id='line_1_91' title="bbox 2060 4162 3329 4283; baseline 0.001 -69"><span class='ocrx_word' id='word_1_650' title='bbox 2060 4162 2111 4283; x_wconf 69' lang='grc'><strong>8)</strong></span> <span class='ocrx_word' id='word_1_651' title='bbox 2133 4164 2381 4247; x_wconf 48' lang='lat' dir='ltr'><strong>Xenuudq</strong></span> <span class='ocrx_word' id='word_1_652' title='bbox 2408 4166 2584 4240; x_wconf 84' lang='lat' dir='ltr'><strong>a_Juda</strong></span> <span class='ocrx_word' id='word_1_653' title='bbox 2604 4165 2756 4239; x_wconf 59' lang='lat' dir='ltr'><strong>omilt:</strong></span> <span class='ocrx_word' id='word_1_654' title='bbox 2782 4165 2934 4221; x_wconf 79' lang='lat' dir='ltr'><strong>Rhea.</strong></span> <span class='ocrx_word' id='word_1_655' title='bbox 2950 4165 3104 4219; x_wconf 86' lang='lat' dir='ltr'><strong>Seml.</strong></span> <span class='ocrx_word' id='word_1_656' title='bbox 3130 4164 3329 4220; x_wconf 76' lang='lat' dir='ltr'><strong>Oberllt.</strong></span> 
     </span>
     <span class='ocr_line' id='line_1_92' title="bbox 2060 4228 2984 4283; baseline 0.002 -7"><span class='ocrx_word' id='word_1_657' title='bbox 2060 4229 2091 4276; x_wconf 85' lang='lat'><strong>9</strong></span> <span class='ocrx_word' id='word_1_658' title='bbox 2149 4228 2386 4279; x_wconf 78' lang='lat' dir='ltr'><strong>traditur.</strong></span> <span class='ocrx_word' id='word_1_659' title='bbox 2413 4231 2532 4279; x_wconf 67' lang='lat' dir='ltr'><strong>bam</strong></span> <span class='ocrx_word' id='word_1_660' title='bbox 2559 4236 2628 4283; x_wconf 88' lang='lat' dir='ltr'><strong>et.</strong></span> <span class='ocrx_word' id='word_1_661' title='bbox 2653 4237 2806 4282; x_wconf 88' lang='lat' dir='ltr'><strong>onntt.</strong></span> <span class='ocrx_word' id='word_1_662' title='bbox 2834 4231 2984 4281; x_wconf 84' lang='lat' dir='ltr'><strong>Seml.</strong></span> 
     </span>
    </p>
   </div>
   <div class='ocr_carea' id='block_1_91' title="bbox 2068 4267 3072 4356">
    <p class='ocr_par' dir='ltr' id='par_1_91' title="bbox 2068 4267 3072 4356">
     <span class='ocr_line' id='line_1_93' title="bbox 2068 4267 3072 4356; baseline 0.001 -15"><span class='ocrx_word' id='word_1_663' title='bbox 2068 4267 3072 4356; x_wconf 44' lang='lat' dir='ltr'><strong>is,min;iussissem:“senatus,</strong></span> 
     </span>
    </p>
   </div>
   <div class='ocr_carea' id='block_1_92' title="bbox 2065 4351 3234 4410">
    <p class='ocr_par' dir='ltr' id='par_1_92' title="bbox 2065 4351 3234 4410">
     <span class='ocr_line' id='line_1_94' title="bbox 2065 4351 3234 4410; baseline 0.001 -9"><span class='ocrx_word' id='word_1_664' title='bbox 2065 4351 2144 4410; x_wconf 84' lang='lat' dir='ltr'><strong>Il)</strong></span> <span class='ocrx_word' id='word_1_665' title='bbox 2168 4351 2385 4404; x_wconf 74' lang='lat' dir='ltr'><strong>Externa</strong></span> <span class='ocrx_word' id='word_1_666' title='bbox 2410 4354 2564 4406; x_wconf 78' lang='lat' dir='ltr'><strong>Rhea.</strong></span> <span class='ocrx_word' id='word_1_667' title='bbox 2583 4355 2735 4406; x_wconf 86' lang='lat' dir='ltr'><strong>Seml.</strong></span> <span class='ocrx_word' id='word_1_668' title='bbox 2766 4351 2964 4407; x_wconf 76' lang='lat' dir='ltr'><strong>Obeth.</strong></span> <span class='ocrx_word' id='word_1_669' title='bbox 3227 4395 3234 4402; x_wconf 90' lang='lat'><strong>.</strong></span> 
     </span>
    </p>
   </div>
   <div class='ocr_carea' id='block_1_93' title="bbox 2067 4412 3393 4470">
    <p class='ocr_par' dir='ltr' id='par_1_93' title="bbox 2067 4412 3393 4470">
     <span class='ocr_line' id='line_1_95' title="bbox 2067 4412 3393 4470; baseline -0.001 -7"><span class='ocrx_word' id='word_1_670' title='bbox 2067 4413 2140 4470; x_wconf 72' lang='lat'><strong>12)</strong></span> <span class='ocrx_word' id='word_1_671' title='bbox 2169 4415 2412 4467; x_wconf 78' lang='lat' dir='ltr'><strong>Antemna</strong></span> <span class='ocrx_word' id='word_1_672' title='bbox 2436 4415 2753 4470; x_wconf 79' lang='lat' dir='ltr'><strong>Rhen.Seml.</strong></span> <span class='ocrx_word' id='word_1_673' title='bbox 2781 4415 2981 4470; x_wconf 83' lang='lat' dir='ltr'><strong>Oberth.</strong></span> <span class='ocrx_word' id='word_1_674' title='bbox 3000 4412 3210 4468; x_wconf 83' lang='lat' dir='ltr'><strong>etomitt.</strong></span> <span class='ocrx_word' id='word_1_675' title='bbox 3237 4415 3393 4465; x_wconf 86' lang='lat' dir='ltr'><strong>navis.</strong></span> 
     </span>
    </p>
   </div>
   <div class='ocr_carea' id='block_1_94' title="bbox 2069 4477 2778 4532">
    <p class='ocr_par' dir='ltr' id='par_1_94' title="bbox 2069 4477 2778 4532">
     <span class='ocr_line' id='line_1_96' title="bbox 2069 4477 2778 4532; baseline 0.004 -6"><span class='ocrx_word' id='word_1_676' title='bbox 2069 4477 2140 4532; x_wconf 73' lang='grc' dir='ltr'><strong>ιδ)</strong></span> <span class='ocrx_word' id='word_1_677' title='bbox 2173 4477 2364 4528; x_wconf 72' lang='lat' dir='ltr'><strong>Medius</strong></span> <span class='ocrx_word' id='word_1_678' title='bbox 2387 4481 2499 4531; x_wconf 87' lang='lat' dir='ltr'><strong>cod.</strong></span> <span class='ocrx_word' id='word_1_679' title='bbox 2531 4483 2778 4532; x_wconf 84' lang='lat' dir='ltr'><strong>Wouwer.</strong></span> 
     </span>
    </p>
   </div>
   <div class='ocr_carea' id='block_1_95' title="bbox 2071 4536 3351 4603">
    <p class='ocr_par' dir='ltr' id='par_1_95' title="bbox 2071 4536 3351 4603">
     <span class='ocr_line' id='line_1_97' title="bbox 2071 4536 3351 4603; baseline -0.005 -10"><span class='ocrx_word' id='word_1_680' title='bbox 2071 4536 2144 4603; x_wconf 77' lang='grc' dir='ltr'><strong>Η)</strong></span> <span class='ocrx_word' id='word_1_681' title='bbox 2169 4538 2378 4603; x_wconf 69' lang='lat' dir='ltr'><strong>Exporr.</strong></span> <span class='ocrx_word' id='word_1_682' title='bbox 2405 4543 2589 4592; x_wconf 83' lang='lat' dir='ltr'><strong>bened.</strong></span> <span class='ocrx_word' id='word_1_683' title='bbox 2613 4540 2766 4594; x_wconf 90' lang='lat' dir='ltr'><strong>omitt.</strong></span> <span class='ocrx_word' id='word_1_684' title='bbox 2793 4539 2946 4596; x_wconf 82' lang='lat' dir='ltr'><strong>Rhea.</strong></span> <span class='ocrx_word' id='word_1_685' title='bbox 2975 4537 3126 4592; x_wconf 88' lang='lat' dir='ltr'><strong>Seml.</strong></span> <span class='ocrx_word' id='word_1_686' title='bbox 3153 4536 3351 4593; x_wconf 82' lang='lat' dir='ltr'><strong>Obertlt.</strong></span> 
     </span>
    </p>
   </div>
   <div class='ocr_carea' id='block_1_96' title="bbox 2064 4601 2677 4668">
    <p class='ocr_par' dir='ltr' id='par_1_96' title="bbox 2064 4601 2677 4668">
     <span class='ocr_line' id='line_1_98' title="bbox 2064 4601 2677 4668; baseline 0.013 -18"><span class='ocrx_word' id='word_1_687' title='bbox 2064 4602 2143 4668; x_wconf 79' lang='grc'><strong>15)</strong></span> <span class='ocrx_word' id='word_1_688' title='bbox 2168 4601 2220 4652; x_wconf 89' lang='lat' dir='ltr'><strong>1d</strong></span> <span class='ocrx_word' id='word_1_689' title='bbox 2247 4601 2325 4654; x_wconf 82' lang='lat' dir='ltr'><strong>est</strong></span> <span class='ocrx_word' id='word_1_690' title='bbox 2343 4603 2494 4659; x_wconf 83' lang='lat' dir='ltr'><strong>omitt.</strong></span> <span class='ocrx_word' id='word_1_691' title='bbox 2522 4607 2677 4658; x_wconf 82' lang='lat' dir='ltr'><strong>Fran.</strong></span> 
     </span>
    </p>
   </div>
   <div class='ocr_carea' id='block_1_97' title="bbox 1979 4451 1994 4470">
    <p class='ocr_par' dir='ltr' id='par_1_97' title="bbox 1979 4451 1994 4470">
     <span class='ocr_line' id='line_1_99' title="bbox 1979 4451 1994 4470; baseline 0 0"><span class='ocrx_word' id='word_1_692' title='bbox 1979 4451 1994 4470; x_wconf 64' lang='grc' dir='ltr'><strong>ι</strong></span> 
     </span>
    </p>
   </div>
   <div class='ocr_carea' id='block_1_98' title="bbox 2037 4415 2060 4664">
    <p class='ocr_par' dir='ltr' id='par_1_98' title="bbox 2037 4415 2060 4664">
     <span class='ocr_line' id='line_1_100' title="bbox 2037 4415 2060 4664; baseline 0 0"><span class='ocrx_word' id='word_1_693' title='bbox 2037 4415 2060 4664; x_wconf 73' lang='lat' dir='ltr'><strong>l</strong></span> 
     </span>
    </p>
   </div>
   <div class='ocr_carea' id='block_1_99' title="bbox 1615 4699 2170 4766">
    <p class='ocr_par' dir='ltr' id='par_1_99' title="bbox 1615 4699 2170 4766">
     <span class='ocr_line' id='line_1_101' title="bbox 1615 4699 2170 4766; baseline 0.013 -7"><span class='ocrx_word' id='word_1_694' title='bbox 1615 4699 2170 4766; x_wconf 78' lang='lat' dir='ltr'><strong>COMMENTARIUS.</strong></span> 
     </span>
    </p>
   </div>
   <div class='ocr_carea' id='block_1_100' title="bbox 327 4809 1863 4904">
    <p class='ocr_par' dir='ltr' id='par_1_100' title="bbox 327 4809 1863 4904">
     <span class='ocr_line' id='line_1_102' title="bbox 327 4809 1863 4904; baseline -0.008 -22"><span class='ocrx_word' id='word_1_695' title='bbox 327 4828 404 4904; x_wconf 72' lang='grc' dir='ltr'><strong>(τι)</strong></span> <span class='ocrx_word' id='word_1_696' title='bbox 422 4827 572 4904; x_wconf 84' lang='lat' dir='ltr'><strong>_Quis</strong></span> <span class='ocrx_word' id='word_1_697' title='bbox 595 4825 729 4904; x_wconf 66' lang='lat' dir='ltr'><strong>enim</strong></span> <span class='ocrx_word' id='word_1_698' title='bbox 751 4827 808 4904; x_wconf 68' lang='lat' dir='ltr'><strong>in</strong></span> <span class='ocrx_word' id='word_1_699' title='bbox 831 4824 989 4904; x_wconf 77' lang='lat' dir='ltr'><strong>vobis,</strong></span> <span class='ocrx_word' id='word_1_700' title='bbox 1016 4821 1202 4904; x_wconf 72' lang='lat' dir='ltr'><strong>inquit,</strong></span> <span class='ocrx_word' id='word_1_701' title='bbox 1233 4819 1320 4891; x_wconf 82' lang='lat' dir='ltr'><strong>qui</strong></span> <span class='ocrx_word' id='word_1_702' title='bbox 1350 4809 1514 4904; x_wconf 65' lang='lat' dir='ltr'><strong>licunt</strong></span> <span class='ocrx_word' id='word_1_703' title='bbox 1538 4817 1718 4904; x_wconf 55' lang='lat' dir='ltr'><strong>metuit</strong></span> <span class='ocrx_word' id='word_1_704' title='bbox 1731 4816 1863 4904; x_wconf 47' lang='lat' dir='ltr'><strong>{ita</strong></span> 
     </span>
    </p>
   </div>
   <div class='ocr_carea' id='block_1_101' title="bbox 258 4886 1862 4963">
    <p class='ocr_par' dir='ltr' id='par_1_101' title="bbox 258 4886 1862 4963">
     <span class='ocr_line' id='line_1_103' title="bbox 258 4886 1862 4963; baseline -0.006 -11"><span class='ocrx_word' id='word_1_705' title='bbox 258 4886 398 4955; x_wconf 74' lang='grc' dir='ltr'><strong>ιωίιέ</strong></span> <span class='ocrx_word' id='word_1_706' title='bbox 421 4886 603 4955; x_wconf 66' lang='lat' dir='ltr'><strong>locum</strong></span> <span class='ocrx_word' id='word_1_707' title='bbox 643 4895 718 4952; x_wconf 82' lang='lat' dir='ltr'><strong>Is.</strong></span> <span class='ocrx_word' id='word_1_708' title='bbox 751 4897 815 4963; x_wconf 92' lang='lat' dir='ltr'><strong>L,</strong></span> <span class='ocrx_word' id='word_1_709' title='bbox 866 4886 995 4952; x_wconf 84' lang='lat' dir='ltr'><strong>citat</strong></span> <span class='ocrx_word' id='word_1_710' title='bbox 1029 4886 1096 4949; x_wconf 62' lang='lat' dir='ltr'><strong>et&#39;</strong></span> <span class='ocrx_word' id='word_1_711' title='bbox 1127 4886 1506 4960; x_wconf 77' lang='lat' dir='ltr'><strong>interpretatur</strong></span> <span class='ocrx_word' id='word_1_712' title='bbox 1538 4889 1597 4963; x_wconf 87' lang='lat' dir='ltr'><strong>B_.</strong></span> <span class='ocrx_word' id='word_1_713' title='bbox 1628 4886 1862 4963; x_wconf 83' lang='lat' dir='ltr'><strong>Cyrillus</strong></span> 
     </span>
    </p>
   </div>
   <div class='ocr_carea' id='block_1_102' title="bbox 256 4959 1858 5037">
    <p class='ocr_par' dir='ltr' id='par_1_102' title="bbox 256 4959 1858 5037">
     <span class='ocr_line' id='line_1_104' title="bbox 256 4959 1858 5037; baseline -0.01 -10"><span class='ocrx_word' id='word_1_714' title='bbox 256 4970 466 5027; x_wconf 86' lang='lat' dir='ltr'><strong>Comm.</strong></span> <span class='ocrx_word' id='word_1_715' title='bbox 499 4971 554 5026; x_wconf 87' lang='lat' dir='ltr'><strong>in</strong></span> <span class='ocrx_word' id='word_1_716' title='bbox 601 4966 674 5024; x_wconf 90' lang='lat' dir='ltr'><strong>Is.</strong></span> <span class='ocrx_word' id='word_1_717' title='bbox 715 4959 933 5037; x_wconf 49' lang='lat' dir='ltr'><strong>ex&#39;quo</strong></span> <span class='ocrx_word' id='word_1_718' title='bbox 971 4965 1132 5021; x_wconf 88' lang='lat' dir='ltr'><strong>etiam</strong></span> <span class='ocrx_word' id='word_1_719' title='bbox 1181 4959 1461 5037; x_wconf 81' lang='lat' dir='ltr'><strong>suppletur</strong></span> <span class='ocrx_word' id='word_1_720' title='bbox 1506 4959 1858 5030; x_wconf 38' lang='lat' dir='ltr'><strong>prior’hujns</strong></span> 
     </span>
    </p>
   </div>
   <div class='ocr_carea' id='block_1_103' title="bbox 255 5035 1859 5109">
    <p class='ocr_par' dir='ltr' id='par_1_103' title="bbox 255 5035 1859 5109">
     <span class='ocr_line' id='line_1_105' title="bbox 255 5035 1859 5109; baseline -0.009 -12"><span class='ocrx_word' id='word_1_721' title='bbox 255 5043 540 5109; x_wconf 72' lang='lat' dir='ltr'><strong>scriptura:</strong></span> <span class='ocrx_word' id='word_1_722' title='bbox 588 5053 745 5109; x_wconf 83' lang='lat' dir='ltr'><strong>pars,</strong></span> <span class='ocrx_word' id='word_1_723' title='bbox 785 5035 905 5108; x_wconf 67' lang='lat' dir='ltr'><strong>quae</strong></span> <span class='ocrx_word' id='word_1_724' title='bbox 957 5037 1011 5092; x_wconf 93' lang='lat' dir='ltr'><strong>in</strong></span> <span class='ocrx_word' id='word_1_725' title='bbox 1046 5035 1399 5109; x_wconf 79' lang='lat' dir='ltr'><strong>exemplari,</strong></span> <span class='ocrx_word' id='word_1_726' title='bbox 1449 5046 1557 5102; x_wconf 90' lang='lat' dir='ltr'><strong>quo</strong></span> <span class='ocrx_word' id='word_1_727' title='bbox 1606 5044 1734 5109; x_wconf 78' lang='lat' dir='ltr'><strong>usus</strong></span> <span class='ocrx_word' id='word_1_728' title='bbox 1775 5037 1859 5084; x_wconf 81' lang='lat' dir='ltr'><strong>est</strong></span> 
     </span>
    </p>
   </div>
   <div class='ocr_carea' id='block_1_104' title="bbox 259 5103 1858 5184">
    <p class='ocr_par' dir='ltr' id='par_1_104' title="bbox 259 5103 1858 5184">
     <span class='ocr_line' id='line_1_106' title="bbox 259 5103 1858 5184; baseline -0.01 -15"><span class='ocrx_word' id='word_1_729' title='bbox 259 5112 322 5168; x_wconf 83' lang='grc' dir='ltr'><strong>Β.</strong></span> <span class='ocrx_word' id='word_1_730' title='bbox 342 5103 726 5184; x_wconf 74' lang='lat' dir='ltr'><strong>Hieronymus,</strong></span> <span class='ocrx_word' id='word_1_731' title='bbox 750 5103 855 5166; x_wconf 78' lang='lat' dir='ltr'><strong>non</strong></span> <span class='ocrx_word' id='word_1_732' title='bbox 879 5103 1348 5184; x_wconf 77' lang='lat' dir='ltr'><strong>reperiebatur._et</strong></span> <span class='ocrx_word' id='word_1_733' title='bbox 1375 5114 1551 5184; x_wconf 78' lang='lat' dir='ltr'><strong>tamen</strong></span> <span class='ocrx_word' id='word_1_734' title='bbox 1573 5103 1858 5184; x_wconf 72' lang='lat' dir='ltr'><strong>genuinam</strong></span> 
     </span>
    </p>
   </div>
   <div class='ocr_carea' id='block_1_105' title="bbox 254 5173 1860 5252">
    <p class='ocr_par' dir='ltr' id='par_1_105' title="bbox 254 5173 1860 5252">
     <span class='ocr_line' id='line_1_107' title="bbox 254 5173 1860 5252; baseline -0.008 -13"><span class='ocrx_word' id='word_1_735' title='bbox 254 5198 375 5240; x_wconf 65' lang='lat' dir='ltr'><strong>esse</strong></span> <span class='ocrx_word' id='word_1_736' title='bbox 403 5173 857 5252; x_wconf 42' lang='grc' dir='ltr'>αιιιείεινιιιροιε</span> <span class='ocrx_word' id='word_1_737' title='bbox 897 5173 1029 5252; x_wconf 28' lang='lat' dir='ltr'><strong>non‘</strong></span> <span class='ocrx_word' id='word_1_738' title='bbox 1045 5178 1131 5252; x_wconf 80' lang='lat' dir='ltr'><strong>hic</strong></span> <span class='ocrx_word' id='word_1_739' title='bbox 1141 5175 1319 5252; x_wconf 87' lang='lat' dir='ltr'><strong>_modo</strong></span> <span class='ocrx_word' id='word_1_740' title='bbox 1347 5178 1530 5238; x_wconf 87' lang='lat' dir='ltr'><strong>citata,</strong></span> <span class='ocrx_word' id='word_1_741' title='bbox 1559 5173 1654 5229; x_wconf 86' lang='lat' dir='ltr'><strong>sed</strong></span> <span class='ocrx_word' id='word_1_742' title='bbox 1695 5173 1860 5228; x_wconf 84' lang='lat' dir='ltr'><strong>etiam</strong></span> 
     </span>
    </p>
   </div>
   <div class='ocr_carea' id='block_1_106' title="bbox 258 5248 1742 5324">
    <p class='ocr_par' dir='ltr' id='par_1_106' title="bbox 258 5248 1742 5324">
     <span class='ocr_line' id='line_1_108' title="bbox 258 5248 1742 5324; baseline -0.007 -16"><span class='ocrx_word' id='word_1_743' title='bbox 258 5253 352 5309; x_wconf 86' lang='lat' dir='ltr'><strong>lib.</strong></span> <span class='ocrx_word' id='word_1_744' title='bbox 385 5255 452 5309; x_wconf 74' lang='lat' dir='ltr'><strong>IV</strong></span> <span class='ocrx_word' id='word_1_745' title='bbox 488 5248 962 5324; x_wconf 9' lang='lat' dir='ltr'><strong>atlv.ub_Iai&#39;c._rc_ap_.</strong></span> <span class='ocrx_word' id='word_1_746' title='bbox 1001 5248 1094 5324; x_wconf 49' lang='grc' dir='ltr'><strong>ἓξ.</strong></span> <span class='ocrx_word' id='word_1_747' title='bbox 1136 5249 1277 5324; x_wconf 69' lang='lat' dir='ltr'><strong>Plut.</strong></span> <span class='ocrx_word' id='word_1_748' title='bbox 1318 5319 1329 5324; x_wconf 87' lang='lat'><strong>_</strong></span> <span class='ocrx_word' id='word_1_749' title='bbox 1729 5313 1742 5324; x_wconf 43' lang='lat'><em>.</em></span> 
     </span>
    </p>
   </div>
   <div class='ocr_carea' id='block_1_107' title="bbox 319 5319 1861 5396">
    <p class='ocr_par' dir='ltr' id='par_1_107' title="bbox 319 5319 1861 5396">
     <span class='ocr_line' id='line_1_109' title="bbox 319 5319 1861 5396; baseline -0.012 -13"><span class='ocrx_word' id='word_1_750' title='bbox 319 5325 484 5383; x_wconf 81' lang='lat' dir='ltr'><strong>CAP.</strong></span> <span class='ocrx_word' id='word_1_751' title='bbox 508 5322 695 5396; x_wconf 72' lang='lat' dir='ltr'><strong>XVIII.</strong></span> <span class='ocrx_word' id='word_1_752' title='bbox 719 5353 791 5364; x_wconf 90' lang='lat'><strong>-—</strong></span> <span class='ocrx_word' id='word_1_753' title='bbox 809 5319 1082 5396; x_wconf 81' lang='lat' dir='ltr'><strong>(b)_Taur_i</strong></span> <span class='ocrx_word' id='word_1_754' title='bbox 1110 5319 1264 5396; x_wconf 65' lang='lat' dir='ltr'><strong>decor</strong></span> <span class='ocrx_word' id='word_1_755' title='bbox 1281 5319 1412 5387; x_wconf 84' lang='lat' dir='ltr'><strong>ejus,</strong></span> <span class='ocrx_word' id='word_1_756' title='bbox 1440 5331 1632 5396; x_wconf 75' lang='lat' dir='ltr'><strong>cornua</strong></span> <span class='ocrx_word' id='word_1_757' title='bbox 1653 5319 1861 5396; x_wconf 58' lang='lat' dir='ltr'><strong>unifor-</strong></span> 
     </span>
    </p>
   </div>
   <div class='ocr_carea' id='block_1_108' title="bbox 253 5383 1862 5464">
    <p class='ocr_par' dir='ltr' id='par_1_108' title="bbox 253 5383 1862 5464">
     <span class='ocr_line' id='line_1_110' title="bbox 253 5383 1862 5464; baseline -0.011 -13"><span class='ocrx_word' id='word_1_758' title='bbox 253 5397 349 5451; x_wconf 79' lang='lat' dir='ltr'><strong>ttis.</strong></span> <span class='ocrx_word' id='word_1_759' title='bbox 391 5396 540 5464; x_wconf 76' lang='lat' dir='ltr'><strong>Istud</strong></span> <span class='ocrx_word' id='word_1_760' title='bbox 571 5395 747 5464; x_wconf 86' lang='lat' dir='ltr'><strong>ipsum</strong></span> <span class='ocrx_word' id='word_1_761' title='bbox 787 5383 1091 5464; x_wconf 53' lang='lat' dir='ltr'><strong>d‘e&#39;loseph</strong></span> <span class='ocrx_word' id='word_1_762' title='bbox 1127 5407 1158 5446; x_wconf 85' lang='lat' dir='ltr'><strong>a</strong></span> <span class='ocrx_word' id='word_1_763' title='bbox 1197 5383 1380 5462; x_wconf 65' lang='lat' dir='ltr'><strong>Mojse</strong></span> <span class='ocrx_word' id='word_1_764' title='bbox 1417 5389 1693 5464; x_wconf 88' lang='lat' dir='ltr'><strong>prolatum_</strong></span> <span class='ocrx_word' id='word_1_765' title='bbox 1719 5383 1862 5464; x_wconf 81' lang='lat' dir='ltr'><strong>Den-_</strong></span> 
     </span>
    </p>
   </div>
   <div class='ocr_carea' id='block_1_109' title="bbox 257 5452 1866 5533">
    <p class='ocr_par' dir='ltr' id='par_1_109' title="bbox 257 5452 1866 5533">
     <span class='ocr_line' id='line_1_111' title="bbox 257 5452 1866 5533; baseline -0.007 -11"><span class='ocrx_word' id='word_1_766' title='bbox 257 5475 354 5522; x_wconf 81' lang='lat' dir='ltr'><strong>ter.</strong></span> <span class='ocrx_word' id='word_1_767' title='bbox 371 5452 622 5533; x_wconf 73' lang='lat' dir='ltr'><strong>XXXIII,</strong></span> <span class='ocrx_word' id='word_1_768' title='bbox 646 5479 753 5520; x_wconf 80' lang='lat' dir='ltr'><strong>non</strong></span> <span class='ocrx_word' id='word_1_769' title='bbox 774 5464 936 5520; x_wconf 88' lang='lat' dir='ltr'><strong>modo</strong></span> <span class='ocrx_word' id='word_1_770' title='bbox 954 5452 1196 5520; x_wconf 73' lang='lat' dir='ltr'><strong>Justinus</strong></span> <span class='ocrx_word' id='word_1_771' title='bbox 1213 5452 1433 5533; x_wconf 66' lang='lat' dir='ltr'><strong>martyr;</strong></span> <span class='ocrx_word' id='word_1_772' title='bbox 1453 5476 1519 5516; x_wconf 79' lang='lat' dir='ltr'><strong>ex</strong></span> <span class='ocrx_word' id='word_1_773' title='bbox 1546 5457 1778 5533; x_wconf 60' lang='lat' dir='ltr'><strong>quolere</strong></span> <span class='ocrx_word' id='word_1_774' title='bbox 1794 5452 1866 5510; x_wconf 88' lang='lat' dir='ltr'><strong>ad</strong></span> 
     </span>
    </p>
   </div>
   <div class='ocr_carea' id='block_1_110' title="bbox 253 5529 1862 5607">
    <p class='ocr_par' dir='ltr' id='par_1_110' title="bbox 253 5529 1862 5607">
     <span class='ocr_line' id='line_1_112' title="bbox 253 5529 1862 5607; baseline -0.005 -17"><span class='ocrx_word' id='word_1_775' title='bbox 253 5539 486 5595; x_wconf 63' lang='lat' dir='ltr'><strong>verbum</strong></span> <span class='ocrx_word' id='word_1_776' title='bbox 513 5529 628 5594; x_wconf 64' lang='lat' dir='ltr'><strong>haec</strong></span> <span class='ocrx_word' id='word_1_777' title='bbox 650 5535 1207 5607; x_wconf 46' lang='grc' dir='ltr'><strong>(Ιιεειιιιιιιιςνίι-εδιιιιιοινζ</strong></span> <span class='ocrx_word' id='word_1_778' title='bbox 1225 5532 1320 5607; x_wconf 82' lang='lat' dir='ltr'><strong>sed</strong></span> <span class='ocrx_word' id='word_1_779' title='bbox 1351 5529 1514 5607; x_wconf 84' lang='lat' dir='ltr'><strong>etiam</strong></span> <span class='ocrx_word' id='word_1_780' title='bbox 1542 5529 1602 5584; x_wconf 89' lang='grc' dir='ltr'><strong>Β.</strong></span> <span class='ocrx_word' id='word_1_781' title='bbox 1635 5529 1862 5607; x_wconf 68' lang='lat' dir='ltr'><strong>August.</strong></span> 
     </span>
    </p>
   </div>
   <div class='ocr_carea' id='block_1_111' title="bbox 251 5595 1864 5678">
    <p class='ocr_par' dir='ltr' id='par_1_111' title="bbox 251 5595 1864 5678">
     <span class='ocr_line' id='line_1_113' title="bbox 251 5595 1864 5678; baseline -0.006 -17"><span class='ocrx_word' id='word_1_782' title='bbox 251 5617 450 5678; x_wconf 69' lang='lat' dir='ltr'><strong>quaest.</strong></span> <span class='ocrx_word' id='word_1_783' title='bbox 483 5609 538 5664; x_wconf 86' lang='lat' dir='ltr'><strong>in</strong></span> <span class='ocrx_word' id='word_1_784' title='bbox 566 5607 782 5664; x_wconf 81' lang='lat' dir='ltr'><strong>Denter.</strong></span> <span class='ocrx_word' id='word_1_785' title='bbox 813 5595 1149 5678; x_wconf 54' lang='lat' dir='ltr'><strong>eip.CVI,et</strong></span> <span class='ocrx_word' id='word_1_786' title='bbox 1175 5603 1464 5659; x_wconf 78' lang='lat' dir='ltr'><strong>Rhabanus</strong></span> <span class='ocrx_word' id='word_1_787' title='bbox 1494 5602 1546 5656; x_wconf 90' lang='lat' dir='ltr'><strong>in</strong></span> <span class='ocrx_word' id='word_1_788' title='bbox 1575 5595 1770 5656; x_wconf 81' lang='lat' dir='ltr'><strong>comm.</strong></span> <span class='ocrx_word' id='word_1_789' title='bbox 1794 5595 1864 5652; x_wconf 86' lang='lat' dir='ltr'><strong>de</strong></span> 
     </span>
    </p>
   </div>
   <div class='ocr_carea' id='block_1_112' title="bbox 258 5676 1828 5750">
    <p class='ocr_par' dir='ltr' id='par_1_112' title="bbox 258 5676 1828 5750">
     <span class='ocr_line' id='line_1_114' title="bbox 258 5676 1828 5750; baseline 0.001 -15"><span class='ocrx_word' id='word_1_790' title='bbox 258 5676 484 5750; x_wconf 59' lang='lat' dir='ltr'><strong>Christo</strong></span> <span class='ocrx_word' id='word_1_791' title='bbox 509 5676 950 5747; x_wconf 85' lang='lat' dir='ltr'><strong>lnterpretantur.</strong></span> <span class='ocrx_word' id='word_1_792' title='bbox 976 5676 1114 5732; x_wconf 77' lang='grc' dir='ltr'>ΡΑιι.</span> <span class='ocrx_word' id='word_1_793' title='bbox 1377 5743 1428 5750; x_wconf 88' lang='lat'>__</span> <span class='ocrx_word' id='word_1_794' title='bbox 1631 5739 1646 5750; x_wconf 86' lang='lat'>_</span> <span class='ocrx_word' id='word_1_795' title='bbox 1818 5738 1828 5750; x_wconf 67' lang='grc'><em>,</em></span> 
     </span>
    </p>
   </div>
   <div class='ocr_carea' id='block_1_113' title="bbox 251 5739 1864 5878">
    <p class='ocr_par' dir='ltr' id='par_1_113' title="bbox 251 5739 1864 5878">
     <span class='ocr_line' id='line_1_115' title="bbox 251 5739 1864 5878; baseline -0.022 -52"><span class='ocrx_word' id='word_1_796' title='bbox 251 5749 406 5878; x_wconf 52' lang='lat' dir='ltr'><strong>mf“)</strong></span> <span class='ocrx_word' id='word_1_797' title='bbox 437 5739 798 5810; x_wconf 69' lang='lat' dir='ltr'><strong>Estranitctes</strong></span> <span class='ocrx_word' id='word_1_798' title='bbox 834 5765 1027 5805; x_wconf 82' lang='lat' dir='ltr'><strong>cornua</strong></span> <span class='ocrx_word' id='word_1_799' title='bbox 1065 5756 1330 5804; x_wconf 83' lang='lat' dir='ltr'><strong>vocantur.</strong></span> <span class='ocrx_word' id='word_1_800' title='bbox 1373 5743 1464 5800; x_wconf 88' lang='lat' dir='ltr'><strong>Sic</strong></span> <span class='ocrx_word' id='word_1_801' title='bbox 1507 5739 1649 5816; x_wconf 85' lang='lat' dir='ltr'><strong>apud</strong></span> <span class='ocrx_word' id='word_1_802' title='bbox 1690 5739 1864 5812; x_wconf 74' lang='lat' dir='ltr'><strong>Virgi-</strong></span> 
     </span>
     <span class='ocr_line' id='line_1_116' title="bbox 343 5837 484 5878; baseline -0.014 0"><span class='ocrx_word' id='word_1_803' title='bbox 343 5839 382 5878; x_wconf 87' lang='grc' dir='ltr'><strong>ιι</strong></span> <span class='ocrx_word' id='word_1_804' title='bbox 405 5837 432 5878; x_wconf 77' lang='lat' dir='ltr'><strong>s</strong></span> <span class='ocrx_word' id='word_1_805' title='bbox 477 5855 484 5862; x_wconf 89' lang='lat'><strong>-</strong></span> 
     </span>
    </p>
   </div>
   <div class='ocr_carea' id='block_1_114' title="bbox 2059 4809 3536 4880">
    <p class='ocr_par' dir='ltr' id='par_1_114' title="bbox 2059 4809 3536 4880">
     <span class='ocr_line' id='line_1_117' title="bbox 2059 4809 3536 4880; baseline -0.002 -3"><span class='ocrx_word' id='word_1_806' title='bbox 2059 4825 2250 4878; x_wconf 88' lang='lat' dir='ltr'><strong>Cornua</strong></span> <span class='ocrx_word' id='word_1_807' title='bbox 2273 4827 2544 4880; x_wconf 86' lang='lat' dir='ltr'><strong>velatarum</strong></span> <span class='ocrx_word' id='word_1_808' title='bbox 2567 4829 2873 4880; x_wconf 83' lang='lat' dir='ltr'><strong>obvertimus</strong></span> <span class='ocrx_word' id='word_1_809' title='bbox 2898 4833 3243 4878; x_wconf 86' lang='lat' dir='ltr'><strong>autennarum.</strong></span> <span class='ocrx_word' id='word_1_810' title='bbox 3343 4822 3416 4874; x_wconf 79' lang='lat' dir='ltr'><strong>LE</strong></span> <span class='ocrx_word' id='word_1_811' title='bbox 3439 4809 3536 4874; x_wconf 76' lang='lat' dir='ltr'><strong>PR.</strong></span> 
     </span>
    </p>
   </div>
   <div class='ocr_carea' id='block_1_115' title="bbox 2040 4932 3586 5006">
    <p class='ocr_par' dir='ltr' id='par_1_115' title="bbox 2040 4932 3586 5006">
     <span class='ocr_line' id='line_1_118' title="bbox 2040 4932 3586 5006; baseline 0.001 -20"><span class='ocrx_word' id='word_1_812' title='bbox 2040 4932 2120 5006; x_wconf 85' lang='lat' dir='ltr'><strong>(tl)</strong></span> <span class='ocrx_word' id='word_1_813' title='bbox 2161 4933 2271 4989; x_wconf 81' lang='lat' dir='ltr'><strong>Hac</strong></span> <span class='ocrx_word' id='word_1_814' title='bbox 2313 4935 2530 5006; x_wconf 82' lang='lat' dir='ltr'><strong>denique</strong></span> <span class='ocrx_word' id='word_1_815' title='bbox 2564 4937 2747 4990; x_wconf 76' lang='lat' dir='ltr'><strong>virtute</strong></span> <span class='ocrx_word' id='word_1_816' title='bbox 2788 4935 2974 4990; x_wconf 87' lang='lat' dir='ltr'><strong>crucis.</strong></span> <span class='ocrx_word' id='word_1_817' title='bbox 3030 4933 3315 5006; x_wconf 70' lang='lat' dir='ltr'><strong>Maximam</strong></span> <span class='ocrx_word' id='word_1_818' title='bbox 3361 4945 3586 5006; x_wconf 84' lang='lat' dir='ltr'><strong>semper</strong></span> 
     </span>
    </p>
   </div>
   <div class='ocr_carea' id='block_1_116' title="bbox 1964 5004 3584 5083">
    <p class='ocr_par' dir='ltr' id='par_1_116' title="bbox 1964 5004 3584 5083">
     <span class='ocr_line' id='line_1_119' title="bbox 1964 5004 3584 5083; baseline -0.002 -23"><span class='ocrx_word' id='word_1_819' title='bbox 1964 5004 2415 5083; x_wconf 71' lang='lat' dir='ltr'><strong>luissevirtntetn</strong></span> <span class='ocrx_word' id='word_1_820' title='bbox 2443 5004 2633 5083; x_wconf 83' lang='lat' dir='ltr'><strong>Crucis</strong></span> <span class='ocrx_word' id='word_1_821' title='bbox 2685 5016 2948 5083; x_wconf 75' lang='lat' dir='ltr'><strong>testantur</strong></span> <span class='ocrx_word' id='word_1_822' title='bbox 2992 5004 3280 5074; x_wconf 88' lang='lat' dir='ltr'><strong>cujuslibet</strong></span> <span class='ocrx_word' id='word_1_823' title='bbox 3321 5004 3584 5083; x_wconf 55' lang='lat' dir='ltr'><strong>temporis</strong></span> 
     </span>
    </p>
   </div>
   <div class='ocr_carea' id='block_1_117' title="bbox 1965 5069 3585 5148">
    <p class='ocr_par' dir='ltr' id='par_1_117' title="bbox 1965 5069 3585 5148">
     <span class='ocr_line' id='line_1_120' title="bbox 1965 5069 3585 5148; baseline -0.004 -16"><span class='ocrx_word' id='word_1_824' title='bbox 1965 5076 2225 5133; x_wconf 67' lang='lat' dir='ltr'><strong>historiae.</strong></span> <span class='ocrx_word' id='word_1_825' title='bbox 2241 5079 2485 5134; x_wconf 83' lang='lat' dir='ltr'><strong>Julianus</strong></span> <span class='ocrx_word' id='word_1_826' title='bbox 2510 5078 2708 5148; x_wconf 82' lang='lat' dir='ltr'><strong>quippe</strong></span> <span class='ocrx_word' id='word_1_827' title='bbox 2729 5077 2882 5143; x_wconf 86' lang='lat' dir='ltr'><strong>itnp.,</strong></span> <span class='ocrx_word' id='word_1_828' title='bbox 2902 5076 3026 5130; x_wconf 90' lang='lat' dir='ltr'><strong>licet</strong></span> <span class='ocrx_word' id='word_1_829' title='bbox 3053 5069 3294 5148; x_wconf 78' lang='lat' dir='ltr'><strong>apostala</strong></span> <span class='ocrx_word' id='word_1_830' title='bbox 3319 5081 3372 5128; x_wconf 88' lang='lat' dir='ltr'><strong>et</strong></span> <span class='ocrx_word' id='word_1_831' title='bbox 3397 5069 3585 5148; x_wconf 72' lang='lat' dir='ltr'><strong>Chris-</strong></span> 
     </span>
    </p>
   </div>
   <div class='ocr_carea' id='block_1_118' title="bbox 1967 5142 3584 5216">
    <p class='ocr_par' dir='ltr' id='par_1_118' title="bbox 1967 5142 3584 5216">
     <span class='ocr_line' id='line_1_121' title="bbox 1967 5142 3584 5216; baseline -0.003 -13"><span class='ocrx_word' id='word_1_832' title='bbox 1967 5149 2231 5204; x_wconf 85' lang='lat' dir='ltr'><strong>tianorum</strong></span> <span class='ocrx_word' id='word_1_833' title='bbox 2284 5149 2486 5214; x_wconf 88' lang='lat' dir='ltr'><strong>hostis,</strong></span> <span class='ocrx_word' id='word_1_834' title='bbox 2528 5142 2718 5203; x_wconf 74' lang='lat' dir='ltr'><strong>crucis</strong></span> <span class='ocrx_word' id='word_1_835' title='bbox 2773 5142 2926 5216; x_wconf 82' lang='lat' dir='ltr'><strong>signo</strong></span> <span class='ocrx_word' id='word_1_836' title='bbox 2977 5161 3040 5202; x_wconf 89' lang='lat' dir='ltr'><strong>se</strong></span> <span class='ocrx_word' id='word_1_837' title='bbox 3092 5142 3328 5216; x_wconf 71' lang='lat' dir='ltr'><strong>munire</strong></span> <span class='ocrx_word' id='word_1_838' title='bbox 3370 5142 3584 5216; x_wconf 80' lang='lat' dir='ltr'><strong>solebat</strong></span> 
     </span>
    </p>
   </div>
   <div class='ocr_carea' id='block_1_119' title="bbox 1964 5211 3579 5293">
    <p class='ocr_par' dir='ltr' id='par_1_119' title="bbox 1964 5211 3579 5293">
     <span class='ocr_line' id='line_1_122' title="bbox 1964 5211 3579 5293; baseline -0.006 -18"><span class='ocrx_word' id='word_1_839' title='bbox 1964 5229 2150 5275; x_wconf 89' lang='lat' dir='ltr'><strong>contra</strong></span> <span class='ocrx_word' id='word_1_840' title='bbox 2189 5232 2398 5293; x_wconf 81' lang='lat' dir='ltr'><strong>spectra</strong></span> <span class='ocrx_word' id='word_1_841' title='bbox 2429 5211 2485 5275; x_wconf 80' lang='lat' dir='ltr'><strong>et</strong></span> <span class='ocrx_word' id='word_1_842' title='bbox 2514 5229 2807 5293; x_wconf 79' lang='lat' dir='ltr'><strong>nocturnos</strong></span> <span class='ocrx_word' id='word_1_843' title='bbox 2823 5211 3112 5293; x_wconf 40' lang='lat' dir='ltr'><strong>terrores.</strong></span> <span class='ocrx_word' id='word_1_844' title='bbox 3144 5215 3200 5270; x_wconf 92' lang='lat' dir='ltr'><strong>Id</strong></span> <span class='ocrx_word' id='word_1_845' title='bbox 3244 5214 3407 5293; x_wconf 61' lang='lat' dir='ltr'><strong>refert</strong></span> <span class='ocrx_word' id='word_1_846' title='bbox 3438 5211 3579 5266; x_wconf 86' lang='lat' dir='ltr'><strong>Gre-</strong></span> 
     </span>
    </p>
   </div>
   <div class='ocr_carea' id='block_1_120' title="bbox 1965 5283 3576 5361">
    <p class='ocr_par' dir='ltr' id='par_1_120' title="bbox 1965 5283 3576 5361">
     <span class='ocr_line' id='line_1_123' title="bbox 1965 5283 3576 5361; baseline -0.006 -17"><span class='ocrx_word' id='word_1_847' title='bbox 1965 5294 2146 5361; x_wconf 76' lang='lat' dir='ltr'><strong>gorius</strong></span> <span class='ocrx_word' id='word_1_848' title='bbox 2184 5283 2433 5361; x_wconf 82' lang='lat' dir='ltr'><strong>Nazianz.</strong></span> <span class='ocrx_word' id='word_1_849' title='bbox 2475 5299 2611 5361; x_wconf 86' lang='lat' dir='ltr'><strong>orat.</strong></span> <span class='ocrx_word' id='word_1_850' title='bbox 2655 5290 2709 5357; x_wconf 85' lang='lat' dir='ltr'><strong>I,</strong></span> <span class='ocrx_word' id='word_1_851' title='bbox 2757 5291 2809 5345; x_wconf 88' lang='lat' dir='ltr'><strong>itt</strong></span> <span class='ocrx_word' id='word_1_852' title='bbox 2855 5287 3156 5352; x_wconf 73' lang='lat' dir='ltr'><strong>Iulianum;</strong></span> <span class='ocrx_word' id='word_1_853' title='bbox 3204 5296 3259 5342; x_wconf 90' lang='lat' dir='ltr'><strong>et</strong></span> <span class='ocrx_word' id='word_1_854' title='bbox 3287 5283 3576 5353; x_wconf 89' lang='lat' dir='ltr'><strong>Corippus,</strong></span> 
     </span>
    </p>
   </div>
   <div class='ocr_carea' id='block_1_121' title="bbox 1967 5360 2691 5430">
    <p class='ocr_par' dir='ltr' id='par_1_121' title="bbox 1967 5360 2691 5430">
     <span class='ocr_line' id='line_1_124' title="bbox 1967 5360 2691 5430; baseline -0.003 -12"><span class='ocrx_word' id='word_1_855' title='bbox 1967 5360 2060 5418; x_wconf 86' lang='lat' dir='ltr'><strong>lib.</strong></span> <span class='ocrx_word' id='word_1_856' title='bbox 2096 5362 2160 5425; x_wconf 90' lang='lat' dir='ltr'><strong>II,</strong></span> <span class='ocrx_word' id='word_1_857' title='bbox 2188 5361 2256 5416; x_wconf 89' lang='lat' dir='ltr'><strong>de</strong></span> <span class='ocrx_word' id='word_1_858' title='bbox 2280 5360 2490 5418; x_wconf 86' lang='lat' dir='ltr'><strong>.Iustino</strong></span> <span class='ocrx_word' id='word_1_859' title='bbox 2521 5360 2650 5430; x_wconf 89' lang='lat' dir='ltr'><strong>imp.</strong></span> <span class='ocrx_word' id='word_1_860' title='bbox 2677 5379 2691 5416; x_wconf 90' lang='lat'><strong>:</strong></span> 
     </span>
    </p>
   </div>
   <div class='ocr_carea' id='block_1_122' title="bbox 2065 5469 3335 5535">
    <p class='ocr_par' dir='ltr' id='par_1_122' title="bbox 2065 5469 3335 5535">
     <span class='ocr_line' id='line_1_125' title="bbox 2065 5469 3335 5535; baseline -0.006 -11"><span class='ocrx_word' id='word_1_861' title='bbox 2065 5473 2330 5535; x_wconf 78' lang='lat' dir='ltr'><strong>Egreditur</strong></span> <span class='ocrx_word' id='word_1_862' title='bbox 2349 5484 2459 5535; x_wconf 86' lang='lat' dir='ltr'><strong>cum</strong></span> <span class='ocrx_word' id='word_1_863' title='bbox 2484 5469 2599 5535; x_wconf 75' lang='lat' dir='ltr'><strong>lege</strong></span> <span class='ocrx_word' id='word_1_864' title='bbox 2618 5481 2724 5529; x_wconf 81' lang='lat' dir='ltr'><strong>sus,</strong></span> <span class='ocrx_word' id='word_1_865' title='bbox 2748 5470 3082 5535; x_wconf 71' lang='lat' dir='ltr'><strong>frontemque</strong></span> <span class='ocrx_word' id='word_1_866' title='bbox 3102 5480 3335 5525; x_wconf 84' lang='lat' dir='ltr'><strong>serenam</strong></span> 
     </span>
    </p>
   </div>
   <div class='ocr_carea' id='block_1_123' title="bbox 2063 5528 3106 5595">
    <p class='ocr_par' dir='ltr' id='par_1_123' title="bbox 2063 5528 3106 5595">
     <span class='ocr_line' id='line_1_126' title="bbox 2063 5528 3106 5595; baseline -0.006 -9"><span class='ocrx_word' id='word_1_867' title='bbox 2063 5528 2458 5595; x_wconf 66' lang='lat' dir='ltr'><strong>Aﬁnavit,sancti</strong></span> <span class='ocrx_word' id='word_1_868' title='bbox 2481 5528 2670 5581; x_wconf 70' lang='lat' dir='ltr'><strong>faciens</strong></span> <span class='ocrx_word' id='word_1_869' title='bbox 2690 5528 2940 5595; x_wconf 78' lang='lat' dir='ltr'><strong>signacula</strong></span> <span class='ocrx_word' id='word_1_870' title='bbox 2963 5528 3106 5591; x_wconf 78' lang='lat' dir='ltr'><strong>ligni.</strong></span> 
     </span>
    </p>
   </div>
   <div class='ocr_carea' id='block_1_124' title="bbox 1970 5644 3572 5725">
    <p class='ocr_par' dir='ltr' id='par_1_124' title="bbox 1970 5644 3572 5725">
     <span class='ocr_line' id='line_1_127' title="bbox 1970 5644 3572 5725; baseline -0.014 -3"><span class='ocrx_word' id='word_1_871' title='bbox 1970 5665 2190 5722; x_wconf 80' lang='lat' dir='ltr'><strong>Veteres</strong></span> <span class='ocrx_word' id='word_1_872' title='bbox 2239 5659 2366 5714; x_wconf 90' lang='lat' dir='ltr'><strong>olim</strong></span> <span class='ocrx_word' id='word_1_873' title='bbox 2413 5655 2750 5712; x_wconf 86' lang='lat' dir='ltr'><strong>Christianos</strong></span> <span class='ocrx_word' id='word_1_874' title='bbox 2811 5652 3114 5725; x_wconf 88' lang='lat' dir='ltr'><strong>promiscue</strong></span> <span class='ocrx_word' id='word_1_875' title='bbox 3178 5651 3348 5725; x_wconf 74' lang='lat' dir='ltr'><strong>dictos</strong></span> <span class='ocrx_word' id='word_1_876' title='bbox 3403 5644 3572 5700; x_wconf 84' lang='lat' dir='ltr'><strong>luisse</strong></span> 
     </span>
    </p>
   </div>
   <div class='ocr_carea' id='block_1_125' title="bbox 1967 5721 3572 5792">
    <p class='ocr_par' dir='ltr' id='par_1_125' title="bbox 1967 5721 3572 5792">
     <span class='ocr_line' id='line_1_128' title="bbox 1967 5721 3572 5792; baseline -0.021 0"><span class='ocrx_word' id='word_1_877' title='bbox 1967 5721 2311 5792; x_wconf 86' lang='lat' dir='ltr'><strong>Christicolas</strong></span> <span class='ocrx_word' id='word_1_878' title='bbox 2337 5739 2390 5784; x_wconf 88' lang='lat' dir='ltr'><strong>et</strong></span> <span class='ocrx_word' id='word_1_879' title='bbox 2417 5725 2710 5783; x_wconf 78' lang='lat' dir='ltr'><strong>crucicolas</strong></span> <span class='ocrx_word' id='word_1_880' title='bbox 2740 5721 3098 5792; x_wconf 63' lang='lat' dir='ltr'><strong>ob&#39;snmmam</strong></span> <span class='ocrx_word' id='word_1_881' title='bbox 3129 5721 3304 5792; x_wconf 79' lang='lat' dir='ltr'><strong>crucis</strong></span> <span class='ocrx_word' id='word_1_882' title='bbox 3344 5727 3572 5792; x_wconf 57' lang='lat' dir='ltr'><strong>vellera.</strong></span> 
     </span>
    </p>
   </div>
   <div class='ocr_carea' id='block_1_126' title="bbox 1968 5780 3567 5868">
    <p class='ocr_par' dir='ltr' id='par_1_126' title="bbox 1968 5780 3567 5868">
     <span class='ocr_line' id='line_1_129' title="bbox 1968 5780 3567 5868; baseline -0.014 -3"><span class='ocrx_word' id='word_1_883' title='bbox 1968 5780 2661 5866; x_wconf 33' lang='lat' dir='ltr'><strong>iioitemvdocet&#39;hdhelmus</strong></span> <span class='ocrx_word' id='word_1_884' title='bbox 2693 5796 2787 5854; x_wconf 92' lang='lat' dir='ltr'><strong>lib.</strong></span> <span class='ocrx_word' id='word_1_885' title='bbox 2815 5794 2884 5852; x_wconf 89' lang='lat' dir='ltr'><strong>de</strong></span> <span class='ocrx_word' id='word_1_886' title='bbox 2902 5791 3053 5868; x_wconf 78' lang='lat' dir='ltr'><strong>Virg.</strong></span> <span class='ocrx_word' id='word_1_887' title='bbox 3093 5807 3215 5865; x_wconf 87' lang='lat' dir='ltr'><strong>cap.</strong></span> <span class='ocrx_word' id='word_1_888' title='bbox 3247 5791 3335 5847; x_wconf 82' lang='grc'><strong>17.</strong></span> <span class='ocrx_word' id='word_1_889' title='bbox 3361 5785 3442 5842; x_wconf 75' lang='lat' dir='ltr'><strong>Ls</strong></span> <span class='ocrx_word' id='word_1_890' title='bbox 3464 5780 3567 5842; x_wconf 79' lang='lat' dir='ltr'><strong>Pu.</strong></span> 
     </span>
    </p>
   </div>
  </div>
