4008 6280
313 430 428 490 319

1450 427 1579 484 LIB.
1622 425 1689 484 IIl
1725 424 2087 485 ADVERSUS
2121 424 2537 485 MARCIONEM.

318 548 369 606 si
410 540 468 619 iri
500 548 675 605 alium
704 542 897 605 fuisset
935 542 1298 620 praedicatum,
1341 543 1443 613 nisi
1477 543 1524 599 si
1563 558 1663 599 nec
1701 552 1933 600 mortem
1960 545 2011 606 Α
2038 536 2199 598 tian‘es
2219 557 2334 612 qua:
2362 550 2409 596 te
2435 556 2537 613 non
2555 539 2744 623 sciunt,
2791 537 3093 597 invocabant
3120 546 3189 607 te,
3219 545 3268 594 et
3310 536 3488 611 populi
3512 554 3641 594 con-

318 641 474 715 volct
498 642 705 699 Christi
736 642 841 697 mei
868 639 1272 713 praphetatam;
1301 653 1407 709 quo
1435 638 1605 709 magis
1630 635 1932 703 erubesoat,

323 714 369 791 si
402 750 564 792 suum
597 714 820 806 quidem
851 732 1123 807 Christum
1154 740 1419 787 mortumn
1449 729 1754 790 annuntiat,
1775 743 1934 800 quem

322 838 487 901 negat
538 837 763 883 natum:
816 842 996 883 meum
1038 810 1166 881 vero
1217 824 1499 881 mortalem
1549 833 1728 895 negat,
1776 830 1933 894 quem

325 921 646 991 nascibilem
668 919 977 989 confitetur.
1000 904 1065 974 Et
1084 927 1309 973 mortem
1334 926 1510 973 autem
1530 926 1585 972 et
1605 916 1935 987 sepulturam

324 1026 381 1085 et
410 1015 866 1089 resurrectionem
896 1012 1095 1085 Christi
1146 1013 1271 1077 mei,
1321 1026 1422 1082 una
1454 1026 1583 1067 voce
1627 1010 1773 1067 Isaia:
1812 1010 1935 1079 volo

326 1092 621 1175 ostendere
645 1149 661 1175 ,
695 1106 924 1162 dicentis
965 1103 1065 1185 (Is.
1104 1102 1295 1173 LYIII,
1341 1102 1399 1177 2)
1433 1122 1445 1158 ;
1501 1102 1777 1173 Sepultum
1824 1103 1935 1174 ejus

323 1186 527 1271 sublata
569 1196 633 1253 de
673 1197 840 1253 medio
869 1206 963 1253 est.
1012 1180 1120 1253 Nec
1160 1195 1403 1271 sepultus
1445 1195 1588 1251 enim
1634 1203 1799 1262 esset,
1833 1195 1934 1250 nisi

300 1301 607 1359 -mortuus;
644 1308 745 1346 nec
782 1286 1057 1362 sepultura
1087 1289 1205 1359 ejus
1236 1274 1440 1344 sublata
1480 1288 1547 1344 de
1583 1287 1782 1359 medio,
1832 1287 1936 1351 nisi

324 1399 425 1457 per
450 1376 926 1439 resurrectionem.
971 1382 1211 1451 Denique
1242 1379 1472 1451 subjecit
1499 1379 1630 1452 (ls.,
1658 1378 1789 1443 LIII,
1825 1377 1931 1451 I2):

326 1460 612 1550 Propterea
643 1476 752 1548 ipse
791 1475 975 1532 multos
1012 1474 1299 1545 hatreditati
1332 1473 1531 1528 habebit
1570 1484 1616 1527 et
1660 1473 1935 1529 multorum

324 1571 519 1639 dividet
560 1560 748 1643 spolia.
785 1570 916 1639 Quis
946 1556 1088 1647 enim
1116 1569 1278 1637 alius,
1308 1569 1412 1625 nisi
1438 1568 1530 1641 qui
1559 1577 1716 1625 natus
1741 1578 1842 1634 est,
1878 1578 1936 1624 ut

326 1682 488 1738 supra
534 1650 916 1737 ostendimus?
958 1663 1068 1735 Pro
1122 1680 1180 1718 ea
1218 1663 1355 1734 quod
1404 1663 1593 1734 tradito
1642 1672 1715 1718 est
1760 1662 1934 1718 anima

326 1762 440 1831 ejus
466 1761 519 1827 in
542 1772 769 1815 mortem.
802 1758 1029 1829 Ostensa
1055 1768 1138 1816 est
1170 1757 1312 1827 enim
1330 1772 1519 1814 caussa
1539 1756 1724 1828 gratiae
1752 1757 1931 1828 hujus,

326 1865 430 1935 pro
470 1850 665 1927 injuria
693 1850 897 1907 scilicet
940 1851 1127 1929 mortis
1169 1844 1566 1921 repensaudze:
1613 1851 1813 1921 pariter
1842 1865 1932 1906 os-

329 1957 541 2007 tensum
592 1954 710 2012 est,
760 1944 874 2013 huic
926 1944 1073 2002 illum
1123 1951 1342 2016 propter
1393 1954 1623 1999 mortem
1668 1958 1932 2003 consecu-

331 2049 512 2105 turum
544 2038 650 2113 (i),
700 2050 821 2111 post
869 2048 1098 2109 mortem
1140 2037 1322 2108 utique
1362 2052 1456 2110 per
1482 2037 1932 2095 resurrectionem

332 2141 755 2201 consecuturum
785 2133 888 2207 (2).
1036 2132 1041 2139 “

916 2247 1145 2307 CAPUT
1198 2248 1317 2305 XX.

400 2368 613 2439 Sufﬁcit
645 2362 922 2456 hucusque
956 2378 1024 2440 de
1065 2380 1148 2440 liis
1192 2383 1406 2440 interim
1449 2382 1692 2440 ordinem
1735 2381 1932 2440 Christi

337 2472 740 2543 decucurrisse,
779 2490 885 2547 quo
941 2475 1031 2531 tali
1082 2475 1336 2547 probatus
1379 2476 1606 2548 qualiter
1645 2474 1928 2531 annuntia-

2038 637 2233 708 fugient
2258 635 2327 690 ad
2355 646 2417 691 te.
2450 634 2561 692 Nec
2585 635 2728 691 enim
2752 634 2868 691 ha:c
2897 634 2950 691 in
2977 631 3140 689 David
3162 631 3602 705 interpretaberis
3621 672 3640 701 ,

2038 730 2161 801 quia
2196 727 2456 799 preemisit
2489 745 2502 781 :
2535 726 2603 781 Et
2623 726 2891 797 disponant
2920 725 3059 801 vobis
3079 724 3462 793 dispositionem
3488 734 3639 783 acter-

2041 837 2182 884 παρη,
2231 820 2469 892 religiosa
2497 828 2545 876 et
2585 818 2759 887 ﬁdelia
2808 818 2995 872 David.
3048 815 3247 887 Atquin
3289 814 3414 871 hinc
3470 815 3643 887 magis

2040 912 2309 969 Christum
2361 911 2661 987 intelligere
2708 908 2930 964 debebis
2981 924 3046 966 ex
3097 906 3262 963 David
3324 905 3641 985 deputatum

2037 1005 2236 1060 carnali
2273 1019 2491 1075 genere,
2544 1003 2612 1059 ob
2643 1002 2822 1057 Maria:
2873 1002 3090 1079 virginis
3118 1013 3381 1079 censum;
3434 998 3502 1053 de
3543 997 3645 1069 hoc

2040 1098 2185 1153 enim
2227 1094 2726 1167 promissojuratur
2756 1093 2806 1149 iu
2836 1078 3044 1164 psalmo
3085 1090 3229 1165 (Ps.,
3270 1078 3506 1155 CXXXI,
3551 1088 3644 1162 il)

2037 1188 2104 1246 ad
2153 1187 2319 1245 David
2355 1206 2369 1244 :
2418 1188 2502 1242 Ea:
2532 1189 2703 1260 [ructu
2729 1187 2913 1242 ventris
2944 1186 3015 1240 tui
3042 1183 3296 1245 reuocabo
3317 1200 3470 1254 super
3497 1184 3642 1245 (ltro-

2038 1297 2159 1335 num
2180 1290 2344 1355 tuum.
2368 1278 2499 1347 Quis
2527 1277 2628 1334 iste
2656 1286 2842 1333 venter
2866 1276 2988 1333 εειῖ
3012 1274 3177 1346 ipsius
3204 1273 3407 1331 David?
3442 1273 3641 1345 Utique

2038 1388 2180 1435 non;
2234 1386 2409 1443 neque
2464 1371 2606 1425 enim
2656 1368 2922 1441 pariturus
2969 1378 3113 1427 esset
3160 1366 3346 1422 David.
3390 1364 3498 1423 Sed
3542 1379 3643 1423 nec

2038 1464 2231 1535 uxoris
2249 1463 2399 1533 ejus;
2426 1477 2530 1517 non
2558 1460 2700 1517 enim
2726 1459 2981 1531 dixisset:
3013 1456 3095 1513 Ea:
3124 1462 3296 1530 {ructu
3323 1458 3507 1515 ventris
3534 1456 3638 1529 tui;

2036 1558 2133 1615 sed
2166 1555 2364 1629 potius,
2398 1576 2416 1609 ‹
2452 1556 2530 1612 Ex
2573 1556 2746 1610 fructu
2786 1553 2991 1610 ventris
3032 1551 3212 1607 uxoris
3250 1560 3376 1608 tuae.
3412 1569 3431 1603 ι
3470 1549 3644 1620 Ipsius

2037 1666 2164 1723 ergo
2193 1648 2278 1725 (8)
2322 1648 2551 1708 dicendo
2590 1650 2831 1703 ventrem
2859 1688 2875 1714 ,
2917 1652 3166 1716 superest
3204 1651 3263 1698 ut
3300 1643 3533 1715 aliquem
3574 1642 3644 1698 de

2037 1760 2234 1816 genere
2259 1746 2377 1816 ejus
2414 1742 2749 1808 oetenderit,
2800 1740 2951 1812 cujus
2986 1736 3441 1796 ventris.l‘uturus
3492 1743 3645 1810 esset
3714 1756 3717 1763 ν

2036 1837 2240 1894 iructus
2296 1852 2424 1894 caro
2460 1836 2682 1901 Christi,
2712 1850 2832 1907 quae
2870 1849 2939 1889 ex
2985 1843 3138 1889 utero
3192 1830 3372 1891 Mariae
3426 1828 3630 1897 ﬂoruit.

2039 1928 2267 2001 Ideoque
2306 1939 2360 1986 et
2410 1928 2639 1985 fructum
2702 1927 2903 1989 ventris
2952 1936 3159 1981 tantum
3210 1924 3544 1989 nominavit,
3587 1931 3645 1991 ut

2036 2022 2253 2093 prolirie
2281 2022 2519 2087 ventris;
2548 2019 2701 2094 quasi
2720 2018 2887 2076 solius
2914 2020 3136 2083 ventris,
3173 2034 3279 2072 non
3308 2017 3468 2072 etiam
3497 2015 3599 2089 viri
3625 2031 3643 2071 :

2036 2127 2090 2174 et
2108 2118 2280 2188 ipsum
2313 2125 2551 2171 ventrem
2577 2113 2641 2169 ad
2676 2112 2840 2169 David
2872 2112 3102 2184 redegit,
3134 2110 3202 2168 ad
3236 2110 3532 2181 principem
3554 2124 3645 2179 ge-

2037 2211 2200 2278 neris,
2242 2208 2541 2278 etfamilia:
2581 2216 2808 2279 patrem.
2865 2204 2998 2260 Nam
3039 2204 3163 2276 quia
3214 2203 3332 2258 viro
3381 2201 3643 2273 deputare

2037 2317 2142 2359 nou
2165 2310 2374 2373 poterat
2403 2300 2624 2371 virginis
2662 2314 2783 2355 eum
2817 2308 3058 2369 ventrem
3100 2294 3204 2367 (9),
3250 2293 3383 2367 patri
3411 2292 3643 2364 deputa-

2034 2394 2131 2450 vit.
2175 2394 2271 2460 lta,
2317 2409 2435 2464 qua:
2479 2392 2531 2447 in
2572 2389 2789 2446 Christo
2841 2404 2976 2444 nova
3025 2386 3307 2459 dispositio
3373 2386 3645 2442 invenitur

2037 2487 2221 2551 hodie,
2263 2487 2379 2543 lucc
2425 2486 2528 2543 erit
2586 2501 2743 2556 quam
2803 2493 2931 2540 tunc
2964 2482 3208 2539 .Creator
3255 2479 3641 2551 pollicebatur;

332 2567 510 2634 batur,
555 2584 664 2623 non
698 2567 839 2649 alius
876 2568 1061 2626 haberi
1107 2569 1322 2637 debeat,
1367 2558 1525 2653 quam
1556 2568 1645 2653 qui
1695 2568 1816 2624 talis
1842 2584 1938 2624 an-
1966 2569 2013 2629 B
2043 2582 2290 2653 religiosa
2332 2591 2386 2637 ει
2425 2579 2601 2637 ﬁdelia
2645 2578 2832 2646 David,
2871 2577 2982 2649 iam
3038 2586 3220 2633 sancta
3263 2575 3550 2646 religione,
3590 2581 3648 2630 οι

332 2652 713 2743 nuntiabatur;
747 2668 803 2717 ut
826 2660 936 2735 jam
968 2678 1034 2718 ex
1060 2662 1158 2718 ista
1194 2652 1543 2718 consonantia
1580 2652 1759 2717 rerum
1798 2659 1934 2730 ejus,

330 2742 389 2809 ei
414 2742 811 2826 Scripturarum
840 2754 1111 2811 Creatoris
1130 2798 1144 2822 ,
1178 2754 1284 2811 illis
1313 2752 1473 2811 etiam
1503 2752 1829 2809 restituenda
1870 2753 1938 2807 sit

333 2840 473 2903 iides
503 2862 571 2917 ex
613 2846 925 2919 pra-judicio
972 2848 1190 2919 majoris
1221 2848 1406 2919 partis,
1450 2863 1569 2919 qua:
1604 2845 1669 2902 ad
1697 2845 1938 2903 diversas

330 2934 632 2998 Sententiis
659 2941 745 2998 vel
785 2943 836 2997 iu
878 2936 1096 2997 dubium
1136 2941 1491 3008 deducuntur,
1526 2940 1609 2995 vel
1653 2949 1933 3012 negantur.

330 3024 591 3113 Amplius
629 3048 771 3089 nunc
831 3034 1251 3104 superstruimus
1297 3049 1357 3089 ea
1412 3034 1628 3105 quoque
1676 3032 1823 3104 paria
1870 3045 1934 3085 ex

329 3112 630 3199 Scripturis
663 3116 958 3197 Creatoris,
1002 3142 1229 3198 qumque
1274 3136 1395 3199 post
1444 3124 1713 3180 Christum
1763 3122 1936 3178 futura

329 3212 787 3301 prarciti'ebantur.
816 3211 927 3275 Nec
963 3206 1105 3275 enim
1132 3219 1412 3297 dispositio
1439 3212 1701 3291 expuncta
1729 3216 1937 3272 inveni-

327 3298 508 3387 retur,
533 3314 581 3368 si
599 3298 702 3369 non
726 3314 816 3380 ille
841 3306 1095 3384 venisset,
1128 3323 1245 3385 post
1266 3328 1421 3384 quem
1446 3313 1672 3369 habebat
1697 3312 1934 3369 evenire.

249 3398 267 3425 ‘
284 3378 573 3513 fidspice'
592 3390 869 3477 universas
883 3406 1125 3463 nationes
1142 3404 1207 3462 de
1224 3409 1476 3478 voragine
1492 3405 1691 3462 erroris
1721 3401 1937 3475 humani

380 3490 435 3513 ’δ’
484 3494 497 3513 I
829 3509 837 3513 _
882 3492 891 3505 '
999 3490 1014 3513 ό
1063 3500 1101 3513 n
1274 3490 1309 3513 ὴ
1412 3508 1422 3513 -
1695 3508 1704 3513 .
1751 3496 1821 3513 I—\
1880 3512 1885 3513 ,
1922 3496 1934 3513 l

291 3490 304 3515 ’
366 3490 533 3573 sinde
568 3492 905 3572 emergentes
948 3490 1016 3573 ad
1062 3500 1230 3555 Dctnn
1270 3490 1613 3567 Creatorem,
1658 3508 1709 3553 et
1746 3496 1825 3570 (5)
1870 3496 1938 3571 ad

273 3517 509 3656 ᾖ)ὶὲὺηὶ
532 3572 831 3656 Christum;
860 3600 916 3649 et
952 3593 994 3646 si
1028 3590 1214 3656 audes,
1250 3607 1382 3656 nega
1412 3590 1807 3656 prephetatum.
1832 3587 1938 3646 Sed

382 3572 509 3648 tium
532 3572 831 3657 Christum;
860 3600 916 3649 et
952 3593 994 3646 si
1028 3590 1214 3656 audes,
1250 3607 1382 3662 nega
1411 3590 1807 3663 prdphetatum.
1832 3587 1939 3646 Sed

327 3684 518 3769 statim
545 3680 636 3767 tibi
663 3685 723 3769 in.
741 3682 970 3769 Psalmis
999 3678 1143 3759 (Ps.,
1166 3670 1236 3755 ιιζ
1254 3674 1309 3759 7)
1336 3686 1619 3757 promissio
1647 3685 1820 3742 Patris
1845 3701 1938 3744 oc-

327 3766 527 3853 curret
550 3766 631 3853 (4)
659 3794 673 3832 :
705 3766 875 3833 Filius
894 3794 1035 3849 meus
1073 3795 1126 3845 es
1178 3788 1252 3845 tu,
1284 3794 1379 3850 ego
1423 3778 1575 3834 hodie
1608 3781 1842 3851 generari
1870 3790 1936 3836 te.

334 3838 568 3951 Postulo
586 3838 649 3926 de
669 3866 749 3945 (5)
778 3888 876 3939 me,
900 3864 946 3928 ei
967 3846 1098 3927 dabo
1116 3840 1205 3926 tibi
1224 3838 1395 3945 perdes
1414 3838 1757 3928 Itwrediiatem
1776 3882 1937 3940 tuum,

2044 2672 2215 2728 ﬁdelis
2243 2688 2307 2729 ex
2333 2673 2750 2729 resurrectione.
2794 2669 2924 2726 Nam
2954 2678 3008 2726 et
3046 2668 3256 2725 Nathan
3299 2666 3558 2739 propheta
3590 2667 3643 2735 in

2041 2765 2276 2820 secundo
2307 2763 2421 2839 (10)
2454 2764 2792 2831 Basillarum,
2826 2762 3219 2835 professionem
3260 2759 3327 2815 ad
3363 2760 3528 2815 David
3569 2757 3647 2817 ia-

2042 2856 2111 2913 cit
2143 2874 2155 2910 :
2191 2856 2388 2912 Sentini
2435 2861 2543 2928 ejus
2589 2856 2726 2927 quod
2755 2857 2880 2919 erit,
2925 2855 3114 2926 inquit,
3162 2868 3225 2908 ea:
3271 2861 3443 2907 uentre
3481 2852 3646 2920 ipsius

2046 2951 2115 3023 (ll
2146 2950 2303 3022 Περ..
2338 2951 2449 3017 VII,
2478 2950 2567 3022 12)
2599 2950 2740 3022 (11).
2776 2948 2888 3003 Iloc
2913 2949 2956 3003 si
2985 2949 3037 3002 in
3069 2946 3414 3013 Salomonetn
3436 2945 3646 3014 simpli-

2042 3044 2176 3111 citcr
2214 3042 2503 3109 edisseres,
2545 3041 2712 3096 risum
2752 3038 2887 3109 mihi
2913 3038 3159 3095 incuties.
3194 3036 3474 3105 Videbitur
3500 3037 3644 3093 enim

2044 3134 2208 3191 David
2252 3136 2522 3206 peperisse
2566 3132 2933 3189 Salomouem.
2978 3132 3060 3193 Au
3102 3140 3157 3185 et
3186 3128 3272 3185 hic
3298 3127 3545 3202 Christus
3575 3128 3648 3191 si-

2042 3227 2343 3297 gniﬁcatur,
2368 3241 2433 3302 ex
2477 3240 2543 3281 eo
2599 3233 2789 3279 ventre
2827 3237 3013 3296 semen
3049 3220 3235 3288 David,
3264 3221 3352 3292 qui
3397 3229 3542 3276 esset
3578 3235 3646 3276 ex

2045 3318 2230 3385 David,
2274 3317 2325 3373 id
2356 3327 2436 3373 est
2473 3316 2691 3373 Μαι*ίωῖ
2729 3315 2868 3385 Quin
2901 3313 3017 3388 (1‘2)
3062 3323 3118 3370 et
3155 3313 3324 3370 cedem
3355 3313 3446 3379 Dei
3479 3313 3647 3384 magis

2042 3410 2292 3467 Christus
2339 3410 2701 3469 tediiicaturus
2743 3419 2906 3477 esset,
2951 3409 3223 3464 hominem
3272 3407 3480 3464 scilicet
3518 3422 3646 3471 Sun-

2042 3514 2206 3572 ctmn,
2253 3505 2302 3559 in
2330 3520 2436 3575 quo
2458 3505 2666 3574 potiore
2699 3501 2898 3572 templo
2929 3500 3256 3559 inhabitaret
3284 3499 3374 3555 Dei
3415 3498 3647 3570 Spiritus

2043 3608 2098 3654 et
2155 3598 2207 3653 iu
2252 3597 2343 3653 Dei
2393 3596 2583 3654 Filium
2645 3592 2812 3671 magis
2857 3592 3108 3650 Christus
3151 3591 3428 3648 habendus
3480 3599 3643 3659 esset,

2043 3707 2202 3764 quam
2255 3691 2507 3747 Salomon
2553 3688 2695 3747 ﬁlius
2723 3688 2914 3744 David.
2959 3688 3198 3759 Denique
3226 3695 3282 3743 et
3312 3676 3541 3741 throuus'
3592 3684 3646 3759 in

2044 3801 2238 3850 terum,
2280 3794 2335 3840 et
2382 3799 2605 3856 regnum
2639 3783 2690 3839 in
2719 3798 2913 3842 azvum.
2964 3782 3134 3853 magis
3159 3780 3375 3838 Christo
3394 3780 3651 3855 competit

2043 3895 2203 3949 quam
2231 3864 2822 3947 Salomoni,temporali
2852 3873 3059 3932 scilicet
3078 3873 3213 3946 regi.
3243 3872 3348 3930 Sed
3380 3880 3434 3929 et
3472 3872 3587 3943 (15)
3618 3887 3648 3924 a

407 3966 936 4049 muetsiqnemmam
964 3967 1203 4022 terminos
1229 3976 1394 4023 terrae.
1434 3964 1545 4023 Nec
1587 3966 1789 4047 poteris
1821 3982 1938 4021 ma-
1966 3986 2010 4049 ρ
2043 3972 2257 4028 Christo
2308 3968 2674 4028 misericordia
2734 3968 2824 4024 Dei
2870 3984 2976 4023 non
3019 3967 3328 4032 abscessit;
3370 3965 3649 4041 Salomoni

332 4044 421 4143 gis
450 4046 615 4112 David
641 4042 810 4127 illium
842 4074 962 4116 eum
993 4058 1077 4143 (6)
1100 4058 1405 4143 vindicare,
1435 4074 1593 4130 quam
1622 4042 1930 4129 Christum;

333 4136 432 4235 ἕως
453 4150 710 4233 terminos
734 4158 893 4207 terra:
916 4136 1080 4221 David
1124 4142 1304 4224 potius
1330 4153 1649 4224 promissos,
1681 4152 1771 4224 qui
1798 4151 1936 4215 intra

310 4230 552 4327 pnicam
594 4230 907 4315 Jud.eorum
949 4236 1164 4316 gentem
1207 4245 1468 4327 regnavit,
1512 4260 1669 4314 quam
1700 4230 1936 4311 Christo,

334 4337 431 4412 ιιμί
456 4320 758 4427 (ututnjam
781 4336 969 4393 orbem
999 4320 1382 4426 Evangeliism
1426 4322 1531 4425 iide
1572 4338 1735 4410 cepit.
1766 4337 1855 4394 Sic
1885 4347 1940 4396 et

336 4446 439 4505 per
460 4420 674 4502 Esaiam
706 4427 833 4504 (13.,
864 4426 1025 4500 XLII,
1057 4420 1218 4502 6‘7):
1257 4428 1387 4501 Ecce
1410 4420 1525 4486 dedi
1556 4440 1601 4484 te
1635 4431 1688 4485 in
1716 4432 1939 4505 disposi-

335 4510 525 4597 it'oupm
565 4524 762 4596 generis
800 4523 896 4578 mei
949 4524 1050 4597 (7),
1102 4526 1153 4580 in
1209 4523 1366 4580 lucem
1416 4525 1682 4580 nationum
1744 4512 1944 4596 aperire

536 4632 822 4685 caecarum;
844 4616 1027 4689 utique
1046 4619 1343 4700 errantium
1365 4636 1380 4686 ;
1404 4619 1661 4674 exsolvere
1688 4619 1751 4673 de
1768 4618 1940 4674 vincu-

334 4680 616 4805 iigju'ueto‘s
637 4747 656 4778 ,
685 4707 738 4763 id
766 4717 849 4766 est
875 4680 1179 4779 (Ie-delictis
1203 4680 1466 4775 liberare;
1512 4718 1558 4764 et
1586 4710 1649 4783 de
1674 4712 1804 4777 cella
1830 4728 1943 4766 car-

322 4786 511 4891 'f§ﬁg,
543 4786 601 4857 id
627 4809 712 4871 est
754 4796 980 4888 mortis;
1012 4801 1238 4885 sedentes
1264 4803 1316 4874 in
1347 4792 1583 4866 tenebris,
1626 4804 1940 4876 ignorantiae

330 4878 567 5045 ξῗῖιιὶεει.
619 4893 752 4964 Qua:
803 4894 848 4951 si
891 4878 989 4966 per
1037 4880 1313 4952 Christum
1377 4896 1663 4964 eveniunt,
1730 4913 1838 4954 non
1885 4898 1937 4971 in

331 4976 365 5044 ὁ
388 4966 503 5045 ium
529 4978 692 5044 erunt
729 4974 1065 5045 uroobetata.
1111 5003 1269 5045 uuam
1314 5003 1412 5045 uer
1450 5003 1608 5045 auem
1661 4991 1937 5045 eveniunt.

331 4966 503 5045 3min)
529 4978 692 5059 erunt
729 4974 1065 5058 prophetata,
1111 5003 1269 5057 quam
1314 5003 1412 5058 per
1450 5003 1608 5059 quem
1661 4966 1938 5045 eveniunt.

328 5077 470 5137 Item
498 5078 627 5135 alibi
657 5077 781 5152 (ls.,
812 5078 926 5145 LV,
968 5078 1063 5149 4):
1091 5076 1225 5135 Ecce
1251 5080 1595 5134 testimonium
1620 5084 1735 5135 cuin
1777 5082 1943 5137 ttntio-

330 5172 488 5232 nibus
506 5171 681 5246 posui,
714 5172 997 5244 principem
1025 5181 1074 5228 et
1117 5173 1453 5243 imperantem
1481 5174 1767 5230 nationibus
1823 5174 1942 5247 Na-

2036 4080 2162 4120 vero
2201 4065 2359 4119 etiam
2392 4065 2471 4118 ira
2502 4063 2595 4119 Dei
2623 4062 2853 4119 accessit
2883 4068 3003 4133 post
3039 4059 3306 4115 luxuriant
3338 4066 3394 4115 et
3421 4057 3652 4114 idolola-

2038 4160 2214 4215 triam.
2258 4158 2547 4227 Snscitavit
2592 4158 2738 4214 enim
2785 4157 2860 4213 illi
2913 4155 3077 4212 Satan
3124 4153 3245 4224 (11)
3276 4153 3487 4211 hostem
3529 4152 3652 4209 idu-

2040 4267 2257 4307 mwum.
2295 4251 2427 4305 Cum
2460 4265 2591 4319 ergo
2632 4249 2763 4305 nihil
2796 4250 2984 4306 horum
3023 4253 3296 4318 competat
3324 4246 3375 4301 in
3404 4242 3652 4301 Salomo-

2043 4360 2188 4412 nem,
2216 4342 2309 4400 sed
2353 4343 2403 4397 in
2442 4340 2742 4408 Christum,
2799 4351 2943 4397 certa
2989 4339 3094 4396 erit
3136 4338 3275 4395 ratio
3321 4332 3649 4409 interpreta-

2047 4436 2248 4491 tionum
2279 4444 2603 4500 nostrarum;
2631 4435 2748 4503 ipso
2776 4434 2939 4488 etiam
2969 4432 3113 4487 exitu
3144 4445 3323 4487 rerum
3364 4430 3648 4507 probante,

2045 4540 2177 4596 quas
2208 4525 2260 4579 iu
2294 4524 2568 4580 Christum
2616 4533 2838 4595 apparet
2872 4522 3229 4594 praedicatus;
3272 4529 3329 4575 et
3370 4520 3438 4575 ita
3468 4519 3521 4574 in
3550 4520 3652 4583 huc

2044 4627 2200 4673 erunt
2239 4624 2425 4672 sancta
2448 4628 2503 4673 et
2524 4614 2699 4673 ﬁdelia
2731 4614 2916 4671 David.
2943 4613 3095 4670 Hunc
3120 4613 3260 4669 Deus
3284 4611 3650 4688 testiumniuut

2045 4709 2352 4766 nationibus
2393 4710 2589 4779 posuit,
2633 4723 2738 4765 non
2795 4706 3003 4783 David:
3048 4706 3346 4783 principem
3377 4714 3431 4761 ct
3474 4704 3643 4775 impe-

2044 4810 2251 4859 rantem
2282 4802 2586 4875 nationibus
2608 4842 2623 4865 .
2656 4816 2765 4857 non
2794 4782 2961 4857 David
2983 4840 2997 4866 ,
3027 4800 3115 4870 qui
3144 4782 3243 4853 soli
3271 4797 3453 4861 lsraeli
3484 4796 3651 4867 impe-

2047 4897 2202 4960 ravit.
2234 4894 2507 4951 Christum
2540 4893 2698 4950 hodie
2749 4891 3003 4949 invocant
3051 4892 3292 4946 nationes
3313 4932 3327 4953 ,
3357 4906 3478 4961 quze
3525 4903 3647 4943 eum

2046 5004 2153 5045 non
2185 4989 2461 5055 sciebant;
2490 4998 2543 5042 et
2582 5003 2615 5057 p
2656 4986 2763 5057 puli
2805 4984 2871 5040 ad
2925 4984 3198 5041 Christum
3251 4981 3424 5038 hodie
3456 4978 3648 5035 confu-

2045 5074 2219 5153 giunt,
2260 5096 2419 5153 quem
2448 5048 2608 5136 retro
2656 5048 2992 5150 ignorabant.
3023 5077 3139 5135 Non
3185 5083 3360 5147 potest
3408 5048 3689 5128 futurumi

2048 5175 2178 5241 diei,
2211 5174 2354 5246 quod
2394 5172 2543 5229 vides
2573 5171 2709 5227 ﬁeri.

1575 5350 1957 5413 LECTIONES
1991 5350 2432 5412 VARIANTES..

422 5518 477 5633 ἑ)
500 5512 720 5582 Propter
737 5519 947 5565 mortem
965 5520 1344 5563 consecuturum
1367 5507 1508 5576 rejic.
1535 5484 1661 5563 inn.

499 5578 863 5633 Consecuturus
882 5573 1032 5626 Seml.

588 5636 742 5692 uitia.
765 5637 915 5691 Semt.

570 5702 726 5816 Ἤ
748 5698 901 5777 (then.
921 5696 1072 5751 Seml.
1100 5698 1298 5751 Oberlin.

582 5800 793 5879 esset.
908 5802 925 5816 ’

558 5886 608 5947 ei
628 5886 768 5953 rdie.
790 5887 943 5945 ﬂend.
967 5890 1090 5943 Jun.
1110 5901 1175 5943 ex
1200 5886 1344 5946 LXX.

2132 5562 2182 5622 9)
2207 5569 2329 5620 Eum
2352 5573 2577 5615 ventrem
2594 5563 2794 5614 deerant
2816 5562 2868 5613 in
2892 5562 3044 5614 Illum.

2116 5628 2213 5695 ῐίῡ)
2242 5630 2396 5679 Prima
2418 5628 2571 5676 Scott.
2592 5628 2742 5687 primo
2758 5628 2879 5674 Par.

2116 5696 2218 5768 tu)
2246 5687 2932 5768 eis?!0.23;!"2.::..i“9.f:e't-

2118 5742 2132 5768 ⁵
2144 5742 2215 5804 {‘2'
2243 5742 2360 5814 Quia
2385 5748 2540 5811 Rite».
2562 5742 2713 5798 Sentl.
2740 5746 2941 5799 Oberth.

2110 5762 2214 5947 ΞΜ)
2242 5818 2300 5869 Et
2320 5813 2469 5899 uniti.
2491 5806 2646 5862 Seml.

2137 5880 2194 5933 tt
2239 5878 2294 5932 Id
2316 5874 2533 5933 estadd.
2560 5874 2718 5928 Frau.

1968 5514 2021 5573 D
2132 5509 2162 5559 8
2207 5509 2386 5557 Autem
2410 5499 2738 5555 Rhen.Seml.
2767 5501 2962 5554 Oberth.

2132 5573 2161 5622 9
2207 5569 2329 5620 Eum
2352 5573 2577 5615 ventrem
2594 5563 2794 5614 deerant
2816 5562 2868 5613 in
2892 5562 2961 5614 Rh

2110 5508 2213 5694 iiii)
2242 5630 2396 5694 [‘rima
2418 5623 2571 5676 Serui.
2592 5627 2742 5694 primo
2758 5628 2879 5694 Pyr.

2242 5630 2396 5679 Prima
2418 5623 2571 5676 Seml.
2592 5627 2742 5687 primo
2758 5628 2879 5674 Par.

2242 5806 2300 5869 Et
2320 5806 2469 5869 omiti.
2491 5806 2646 5862 Seml.

2137 5874 2214 5933 Ni
2239 5878 2294 5932 Id
2316 5874 2533 5933 estadd.
2560 5874 2718 5928 Frau.

3535 423 3643 484 350
3728 464 3737 473 .

3665 4868 3731 4929 τι
