  <div class='ocr_page' id='page_1' title='image "/cluster/home/n/w/nwhite01/storage/ocr_20150623/2/uva.x000669815/181.png"; bbox 0 0 2010 3143; ppageno 0'>
   <div class='ocr_carea' id='block_1_1' title="bbox 461 205 668 234">
    <p class='ocr_par' dir='ltr' id='par_1_1' title="bbox 461 205 668 234">
     <span class='ocr_line' id='line_1_1' title="bbox 461 205 668 234; baseline 0 -1"><span class='ocrx_word' id='word_1_1' title='bbox 461 205 572 234; x_wconf 86' lang='lat' dir='ltr'><strong>CAPUT</strong></span> <span class='ocrx_word' id='word_1_2' title='bbox 596 205 668 233; x_wconf 83' lang='lat' dir='ltr'><strong>XXI.</strong></span> 
     </span>
    </p>
   </div>
   <div class='ocr_carea' id='block_1_2' title="bbox 201 252 962 289">
    <p class='ocr_par' dir='ltr' id='par_1_2' title="bbox 201 252 962 289">
     <span class='ocr_line' id='line_1_2' title="bbox 201 252 962 289; baseline -0.001 -9"><span class='ocrx_word' id='word_1_3' title='bbox 201 252 229 280; x_wconf 87' lang='lat' dir='ltr'><strong>Si</strong></span> <span class='ocrx_word' id='word_1_4' title='bbox 256 260 306 281; x_wconf 84' lang='lat' dir='ltr'><strong>nec</strong></span> <span class='ocrx_word' id='word_1_5' title='bbox 330 253 403 281; x_wconf 85' lang='lat' dir='ltr'><strong>illam</strong></span> <span class='ocrx_word' id='word_1_6' title='bbox 428 252 599 287; x_wconf 78' lang='lat' dir='ltr'><strong>injectionem</strong></span> <span class='ocrx_word' id='word_1_7' title='bbox 627 259 696 280; x_wconf 90' lang='lat' dir='ltr'><strong>lnam</strong></span> <span class='ocrx_word' id='word_1_8' title='bbox 713 257 789 289; x_wconf 83' lang='lat' dir='ltr'><strong>potes</strong></span> <span class='ocrx_word' id='word_1_9' title='bbox 814 253 908 280; x_wconf 79' lang='lat' dir='ltr'><strong>sistere</strong></span> <span class='ocrx_word' id='word_1_10' title='bbox 930 252 962 279; x_wconf 86' lang='lat' dir='ltr'><strong>ad</strong></span> 
     </span>
    </p>
   </div>
   <div class='ocr_carea' id='block_1_3' title="bbox 166 297 965 335">
    <p class='ocr_par' dir='ltr' id='par_1_3' title="bbox 166 297 965 335">
     <span class='ocr_line' id='line_1_3' title="bbox 166 297 965 335; baseline 0.001 -11"><span class='ocrx_word' id='word_1_11' title='bbox 166 297 346 325; x_wconf 83' lang='lat' dir='ltr'><strong>dil’lerentiam</strong></span> <span class='ocrx_word' id='word_1_12' title='bbox 359 298 472 325; x_wconf 90' lang='lat' dir='ltr'><strong>duorum</strong></span> <span class='ocrx_word' id='word_1_13' title='bbox 483 299 669 331; x_wconf 79' lang='lat' dir='ltr'><strong>Chl-istorum;</strong></span> <span class='ocrx_word' id='word_1_14' title='bbox 682 300 757 335; x_wconf 87' lang='lat' dir='ltr'><strong>quasi</strong></span> <span class='ocrx_word' id='word_1_15' title='bbox 773 299 898 327; x_wconf 84' lang='lat' dir='ltr'><strong>.Iudaicus</strong></span> <span class='ocrx_word' id='word_1_16' title='bbox 910 299 965 334; x_wconf 87' lang='lat' dir='ltr'><strong>qui—</strong></span> 
     </span>
    </p>
   </div>
   <div class='ocr_carea' id='block_1_4' title="bbox 168 343 964 381">
    <p class='ocr_par' dir='ltr' id='par_1_4' title="bbox 168 343 964 381">
     <span class='ocr_line' id='line_1_4' title="bbox 168 343 964 381; baseline 0.003 -11"><span class='ocrx_word' id='word_1_17' title='bbox 168 343 228 371; x_wconf 89' lang='lat' dir='ltr'><strong>dem</strong></span> <span class='ocrx_word' id='word_1_18' title='bbox 252 343 374 372; x_wconf 78' lang='lat' dir='ltr'><strong>Christus</strong></span> <span class='ocrx_word' id='word_1_19' title='bbox 393 346 492 379; x_wconf 85' lang='lat' dir='ltr'><strong>populo</strong></span> <span class='ocrx_word' id='word_1_20' title='bbox 506 345 555 372; x_wconf 85' lang='lat' dir='ltr'><strong>soli</strong></span> <span class='ocrx_word' id='word_1_21' title='bbox 581 353 612 372; x_wconf 83' lang='lat' dir='ltr'><strong>ex</strong></span> <span class='ocrx_word' id='word_1_22' title='bbox 629 345 797 381; x_wconf 86' lang='lat' dir='ltr'><strong>dispersione</strong></span> <span class='ocrx_word' id='word_1_23' title='bbox 820 345 964 380; x_wconf 75' lang='lat' dir='ltr'><strong>redigenda</strong></span> 
     </span>
    </p>
   </div>
   <div class='ocr_carea' id='block_1_5' title="bbox 166 388 963 427">
    <p class='ocr_par' dir='ltr' id='par_1_5' title="bbox 166 388 963 427">
     <span class='ocr_line' id='line_1_5' title="bbox 166 388 963 427; baseline 0.003 -11"><span class='ocrx_word' id='word_1_24' title='bbox 166 388 316 417; x_wconf 69' lang='lat' dir='ltr'><strong>destinetur</strong></span> <span class='ocrx_word' id='word_1_25' title='bbox 327 398 341 417; x_wconf 93' lang='lat' dir='ltr'><strong>a</strong></span> <span class='ocrx_word' id='word_1_26' title='bbox 356 390 491 422; x_wconf 85' lang='lat' dir='ltr'><strong>Creatore,</strong></span> <span class='ocrx_word' id='word_1_27' title='bbox 508 397 596 418; x_wconf 88' lang='lat' dir='ltr'><strong>vester</strong></span> <span class='ocrx_word' id='word_1_28' title='bbox 611 399 675 419; x_wconf 87' lang='lat' dir='ltr'><strong>vero</strong></span> <span class='ocrx_word' id='word_1_29' title='bbox 687 393 762 419; x_wconf 84' lang='lat' dir='ltr'><strong>omni</strong></span> <span class='ocrx_word' id='word_1_30' title='bbox 786 392 902 418; x_wconf 88' lang='lat' dir='ltr'><strong>hmuano</strong></span> <span class='ocrx_word' id='word_1_31' title='bbox 917 400 963 427; x_wconf 85' lang='lat' dir='ltr'><strong>ge-</strong></span> 
     </span>
    </p>
   </div>
   <div class='ocr_carea' id='block_1_6' title="bbox 166 435 964 472">
    <p class='ocr_par' dir='ltr' id='par_1_6' title="bbox 166 435 964 472">
     <span class='ocr_line' id='line_1_6' title="bbox 166 435 964 472; baseline 0 -10"><span class='ocrx_word' id='word_1_32' title='bbox 166 435 226 462; x_wconf 84' lang='lat' dir='ltr'><strong>neri</strong></span> <span class='ocrx_word' id='word_1_33' title='bbox 252 436 392 464; x_wconf 84' lang='lat' dir='ltr'><strong>liberando</strong></span> <span class='ocrx_word' id='word_1_34' title='bbox 411 437 523 464; x_wconf 82' lang='lat' dir='ltr'><strong>collatus</strong></span> <span class='ocrx_word' id='word_1_35' title='bbox 536 438 571 464; x_wconf 85' lang='lat' dir='ltr'><strong>sil.</strong></span> <span class='ocrx_word' id='word_1_36' title='bbox 588 445 602 463; x_wconf 89' lang='lat' dir='ltr'><strong>a</strong></span> <span class='ocrx_word' id='word_1_37' title='bbox 626 437 679 465; x_wconf 88' lang='lat' dir='ltr'><strong>Deo</strong></span> <span class='ocrx_word' id='word_1_38' title='bbox 695 438 812 472; x_wconf 84' lang='lat' dir='ltr'><strong>optimo;</strong></span> <span class='ocrx_word' id='word_1_39' title='bbox 841 445 902 464; x_wconf 90' lang='lat' dir='ltr'><strong>cum</strong></span> <span class='ocrx_word' id='word_1_40' title='bbox 919 446 964 472; x_wconf 82' lang='lat' dir='ltr'><strong>po-</strong></span> 
     </span>
    </p>
   </div>
   <div class='ocr_carea' id='block_1_7' title="bbox 166 482 963 519">
    <p class='ocr_par' dir='ltr' id='par_1_7' title="bbox 166 482 963 519">
     <span class='ocr_line' id='line_1_7' title="bbox 166 482 963 519; baseline 0.003 -12"><span class='ocrx_word' id='word_1_41' title='bbox 166 484 271 508; x_wconf 84' lang='lat' dir='ltr'><strong>stremo</strong></span> <span class='ocrx_word' id='word_1_42' title='bbox 284 482 387 516; x_wconf 83' lang='lat' dir='ltr'><strong>priores</strong></span> <span class='ocrx_word' id='word_1_43' title='bbox 399 482 873 515; x_wconf 78' lang='lat' dir='ltr'><strong>invenianturChristianiCrcatoris,</strong></span> <span class='ocrx_word' id='word_1_44' title='bbox 884 492 963 519; x_wconf 86' lang='lat' dir='ltr'><strong>quam</strong></span> 
     </span>
    </p>
   </div>
   <div class='ocr_carea' id='block_1_8' title="bbox 165 525 965 565">
    <p class='ocr_par' dir='ltr' id='par_1_8' title="bbox 165 525 965 565">
     <span class='ocr_line' id='line_1_8' title="bbox 165 525 965 565; baseline 0.004 -12"><span class='ocrx_word' id='word_1_45' title='bbox 165 525 324 559; x_wconf 77' lang='lat' dir='ltr'><strong>Marcionis;</strong></span> <span class='ocrx_word' id='word_1_46' title='bbox 348 528 445 555; x_wconf 78' lang='lat' dir='ltr'><strong>t‘xindc</strong></span> <span class='ocrx_word' id='word_1_47' title='bbox 458 530 559 556; x_wconf 74' lang='lat' dir='ltr'><strong>vocatis</strong></span> <span class='ocrx_word' id='word_1_48' title='bbox 578 529 703 557; x_wconf 75' lang='lat' dir='ltr'><strong>onlnihus</strong></span> <span class='ocrx_word' id='word_1_49' title='bbox 717 530 821 565; x_wconf 87' lang='lat' dir='ltr'><strong>populis</strong></span> <span class='ocrx_word' id='word_1_50' title='bbox 838 530 864 556; x_wconf 91' lang='lat' dir='ltr'><strong>in</strong></span> <span class='ocrx_word' id='word_1_51' title='bbox 883 538 965 565; x_wconf 80' lang='lat' dir='ltr'><strong>regno</strong></span> 
     </span>
    </p>
   </div>
   <div class='ocr_carea' id='block_1_9' title="bbox 166 571 965 610">
    <p class='ocr_par' dir='ltr' id='par_1_9' title="bbox 166 571 965 610">
     <span class='ocr_line' id='line_1_9' title="bbox 166 571 965 610; baseline 0.006 -12"><span class='ocrx_word' id='word_1_52' title='bbox 166 571 238 606; x_wconf 83' lang='lat' dir='ltr'><strong>ejus,</strong></span> <span class='ocrx_word' id='word_1_53' title='bbox 254 580 286 599; x_wconf 80' lang='lat' dir='ltr'><strong>ex</strong></span> <span class='ocrx_word' id='word_1_54' title='bbox 301 581 354 607; x_wconf 90' lang='lat' dir='ltr'><strong>quo</strong></span> <span class='ocrx_word' id='word_1_55' title='bbox 370 573 440 600; x_wconf 86' lang='lat' dir='ltr'><strong>Deus</strong></span> <span class='ocrx_word' id='word_1_56' title='bbox 456 574 576 608; x_wconf 82' lang='lat' dir='ltr'><strong>regnavit</strong></span> <span class='ocrx_word' id='word_1_57' title='bbox 590 582 605 601; x_wconf 86' lang='lat' dir='ltr'><strong>a</strong></span> <span class='ocrx_word' id='word_1_58' title='bbox 620 575 701 610; x_wconf 80' lang='lat' dir='ltr'><strong>ligno,</strong></span> <span class='ocrx_word' id='word_1_59' title='bbox 717 575 789 603; x_wconf 86' lang='lat' dir='ltr'><strong>nullo</strong></span> <span class='ocrx_word' id='word_1_60' title='bbox 804 575 890 602; x_wconf 88' lang='lat' dir='ltr'><strong>adhuc</strong></span> <span class='ocrx_word' id='word_1_61' title='bbox 901 575 965 603; x_wconf 81' lang='lat' dir='ltr'><strong>Cer-</strong></span> 
     </span>
    </p>
   </div>
   <div class='ocr_carea' id='block_1_10' title="bbox 166 617 964 651">
    <p class='ocr_par' dir='ltr' id='par_1_10' title="bbox 166 617 964 651">
     <span class='ocr_line' id='line_1_10' title="bbox 166 617 964 651; baseline 0.005 -6"><span class='ocrx_word' id='word_1_62' title='bbox 166 617 237 645; x_wconf 92' lang='lat' dir='ltr'><strong>donc</strong></span> <span class='ocrx_word' id='word_1_63' title='bbox 248 640 255 651; x_wconf 93' lang='lat'><strong>,</strong></span> <span class='ocrx_word' id='word_1_64' title='bbox 274 619 370 646; x_wconf 89' lang='lat' dir='ltr'><strong>nedmn</strong></span> <span class='ocrx_word' id='word_1_65' title='bbox 385 619 530 648; x_wconf 77' lang='lat' dir='ltr'><strong>Marciane.</strong></span> <span class='ocrx_word' id='word_1_66' title='bbox 545 621 597 649; x_wconf 86' lang='lat' dir='ltr'><strong>Sed</strong></span> <span class='ocrx_word' id='word_1_67' title='bbox 611 626 637 648; x_wconf 80' lang='lat' dir='ltr'><strong>et</strong></span> <span class='ocrx_word' id='word_1_68' title='bbox 651 622 767 649; x_wconf 86' lang='lat' dir='ltr'><strong>revictus</strong></span> <span class='ocrx_word' id='word_1_69' title='bbox 780 621 813 649; x_wconf 90' lang='lat' dir='ltr'><strong>dc</strong></span> <span class='ocrx_word' id='word_1_70' title='bbox 829 623 964 649; x_wconf 78' lang='lat' dir='ltr'><strong>nationum</strong></span> 
     </span>
    </p>
   </div>
   <div class='ocr_carea' id='block_1_11' title="bbox 165 665 966 703">
    <p class='ocr_par' dir='ltr' id='par_1_11' title="bbox 165 665 966 703">
     <span class='ocr_line' id='line_1_11' title="bbox 165 665 966 703; baseline 0.005 -13"><span class='ocrx_word' id='word_1_71' title='bbox 165 665 314 698; x_wconf 87' lang='lat' dir='ltr'><strong>vocatione,</strong></span> <span class='ocrx_word' id='word_1_72' title='bbox 328 672 486 693; x_wconf 74' lang='lat' dir='ltr'><strong>convertere</strong></span> <span class='ocrx_word' id='word_1_73' title='bbox 508 667 563 701; x_wconf 91' lang='lat' dir='ltr'><strong>jam</strong></span> <span class='ocrx_word' id='word_1_74' title='bbox 588 667 613 694; x_wconf 93' lang='lat' dir='ltr'><strong>in</strong></span> <span class='ocrx_word' id='word_1_75' title='bbox 629 668 786 703; x_wconf 82' lang='lat' dir='ltr'><strong>proselytos.</strong></span> <span class='ocrx_word' id='word_1_76' title='bbox 804 669 906 701; x_wconf 66' lang='lat' dir='ltr'><strong>Quaeris</strong></span> <span class='ocrx_word' id='word_1_77' title='bbox 921 668 966 703; x_wconf 90' lang='lat' dir='ltr'><strong>qui</strong></span> 
     </span>
    </p>
   </div>
   <div class='ocr_carea' id='block_1_12' title="bbox 166 711 967 750">
    <p class='ocr_par' dir='ltr' id='par_1_12' title="bbox 166 711 967 750">
     <span class='ocr_line' id='line_1_12' title="bbox 166 711 967 750; baseline 0.005 -12"><span class='ocrx_word' id='word_1_78' title='bbox 166 711 200 738; x_wconf 90' lang='lat' dir='ltr'><strong>dc</strong></span> <span class='ocrx_word' id='word_1_79' title='bbox 223 712 377 739; x_wconf 87' lang='lat' dir='ltr'><strong>nationibus</strong></span> <span class='ocrx_word' id='word_1_80' title='bbox 410 717 547 741; x_wconf 86' lang='lat' dir='ltr'><strong>transeant</strong></span> <span class='ocrx_word' id='word_1_81' title='bbox 565 713 599 741; x_wconf 88' lang='lat' dir='ltr'><strong>ad</strong></span> <span class='ocrx_word' id='word_1_82' title='bbox 619 713 786 748; x_wconf 86' lang='lat' dir='ltr'><strong>Creatorem,</strong></span> <span class='ocrx_word' id='word_1_83' title='bbox 813 714 919 750; x_wconf 87' lang='lat' dir='ltr'><strong>quando</strong></span> <span class='ocrx_word' id='word_1_84' title='bbox 940 719 967 742; x_wconf 90' lang='lat' dir='ltr'><strong>ct</strong></span> 
     </span>
    </p>
   </div>
   <div class='ocr_carea' id='block_1_13' title="bbox 167 758 966 796">
    <p class='ocr_par' dir='ltr' id='par_1_13' title="bbox 167 758 966 796">
     <span class='ocr_line' id='line_1_13' title="bbox 167 758 966 796; baseline 0.005 -12"><span class='ocrx_word' id='word_1_85' title='bbox 167 758 295 794; x_wconf 85' lang='lat' dir='ltr'><strong>proselyti</strong></span> <span class='ocrx_word' id='word_1_86' title='bbox 310 759 421 786; x_wconf 62' lang='lat' dir='ltr'><strong>diversa:</strong></span> <span class='ocrx_word' id='word_1_87' title='bbox 446 764 473 787; x_wconf 90' lang='lat' dir='ltr'><strong>et</strong></span> <span class='ocrx_word' id='word_1_88' title='bbox 497 761 611 796; x_wconf 70' lang='lat' dir='ltr'><strong>propria:</strong></span> <span class='ocrx_word' id='word_1_89' title='bbox 635 761 796 788; x_wconf 78' lang='lat' dir='ltr'><strong>ceutlitionis</strong></span> <span class='ocrx_word' id='word_1_90' title='bbox 810 769 931 789; x_wconf 79' lang='lat' dir='ltr'><strong>seorsum</strong></span> <span class='ocrx_word' id='word_1_91' title='bbox 951 769 966 788; x_wconf 86' lang='lat' dir='ltr'><strong>a</strong></span> 
     </span>
    </p>
   </div>
   <div class='ocr_carea' id='block_1_14' title="bbox 167 803 966 843">
    <p class='ocr_par' dir='ltr' id='par_1_14' title="bbox 167 803 966 843">
     <span class='ocr_line' id='line_1_14' title="bbox 167 803 966 843; baseline 0.005 -12"><span class='ocrx_word' id='word_1_92' title='bbox 167 803 299 840; x_wconf 89' lang='lat' dir='ltr'><strong>Propheta</strong></span> <span class='ocrx_word' id='word_1_93' title='bbox 313 807 484 834; x_wconf 80' lang='lat' dir='ltr'><strong>nominentur</strong></span> <span class='ocrx_word' id='word_1_94' title='bbox 499 816 504 834; x_wconf 95' lang='lat'>:</span> <span class='ocrx_word' id='word_1_95' title='bbox 523 807 598 839; x_wconf 80' lang='lat' dir='ltr'><strong>Ecce,</strong></span> <span class='ocrx_word' id='word_1_96' title='bbox 612 808 696 843; x_wconf 86' lang='lat' dir='ltr'><strong>inquit</strong></span> <span class='ocrx_word' id='word_1_97' title='bbox 712 808 804 835; x_wconf 79' lang='lat' dir='ltr'><strong>Esaias</strong></span> <span class='ocrx_word' id='word_1_98' title='bbox 818 808 880 842; x_wconf 87' lang='lat' dir='ltr'><strong>(ls.,</strong></span> <span class='ocrx_word' id='word_1_99' title='bbox 895 808 966 842; x_wconf 78' lang='lat' dir='ltr'><strong>XVI,</strong></span> 
     </span>
    </p>
   </div>
   <div class='ocr_carea' id='block_1_15' title="bbox 165 849 968 891">
    <p class='ocr_par' dir='ltr' id='par_1_15' title="bbox 165 849 968 891">
     <span class='ocr_line' id='line_1_15' title="bbox 165 849 968 891; baseline 0.007 -15"><span class='ocrx_word' id='word_1_100' title='bbox 165 849 207 886; x_wconf 66' lang='lat'><strong>4),</strong></span> <span class='ocrx_word' id='word_1_101' title='bbox 231 850 358 887; x_wconf 78' lang='lat' dir='ltr'><strong>Proselytt&#39;</strong></span> <span class='ocrx_word' id='word_1_102' title='bbox 378 861 423 887; x_wconf 81' lang='lat' dir='ltr'><strong>per</strong></span> <span class='ocrx_word' id='word_1_103' title='bbox 445 862 484 880; x_wconf 86' lang='lat' dir='ltr'><strong>me</strong></span> <span class='ocrx_word' id='word_1_104' title='bbox 498 855 616 880; x_wconf 76' lang='lat' dir='ltr'><strong>accedent</strong></span> <span class='ocrx_word' id='word_1_105' title='bbox 630 854 663 880; x_wconf 82' lang='lat' dir='ltr'><strong>ad</strong></span> <span class='ocrx_word' id='word_1_106' title='bbox 676 859 719 887; x_wconf 80' lang='lat' dir='ltr'><strong>te;</strong></span> <span class='ocrx_word' id='word_1_107' title='bbox 735 855 882 882; x_wconf 85' lang='lat' dir='ltr'><strong>ostendens</strong></span> <span class='ocrx_word' id='word_1_108' title='bbox 895 855 968 891; x_wconf 86' lang='lat' dir='ltr'><strong>ipsos</strong></span> 
     </span>
    </p>
   </div>
   <div class='ocr_carea' id='block_1_16' title="bbox 876 147 1108 176">
    <p class='ocr_par' dir='ltr' id='par_1_16' title="bbox 876 147 1108 176">
     <span class='ocr_line' id='line_1_16' title="bbox 876 147 1108 176; baseline 0 -1"><span class='ocrx_word' id='word_1_109' title='bbox 876 147 1108 176; x_wconf 80' lang='lat' dir='ltr'><strong>TERTULLIANI</strong></span> 
     </span>
    </p>
   </div>
   <div class='ocr_carea' id='block_1_17' title="bbox 979 206 1817 250">
    <p class='ocr_par' dir='ltr' id='par_1_17' title="bbox 979 206 1817 250">
     <span class='ocr_line' id='line_1_17' title="bbox 979 206 1817 250; baseline 0.006 -18"><span class='ocrx_word' id='word_1_110' title='bbox 979 209 1124 238; x_wconf 71' lang='lat' dir='ltr'><strong>Acnrsnm</strong></span> <span class='ocrx_word' id='word_1_111' title='bbox 1140 206 1287 235; x_wconf 87' lang='lat' dir='ltr'><strong>vocationis</strong></span> <span class='ocrx_word' id='word_1_112' title='bbox 1310 207 1335 234; x_wconf 94' lang='lat' dir='ltr'><strong>in</strong></span> <span class='ocrx_word' id='word_1_113' title='bbox 1358 208 1488 242; x_wconf 86' lang='lat' dir='ltr'><strong>nationes,</strong></span> <span class='ocrx_word' id='word_1_114' title='bbox 1510 216 1524 236; x_wconf 84' lang='lat' dir='ltr'><strong>a</strong></span> <span class='ocrx_word' id='word_1_115' title='bbox 1546 208 1698 250; x_wconf 74' lang='lat' dir='ltr'><strong>novissimis</strong></span> <span class='ocrx_word' id='word_1_116' title='bbox 1722 208 1817 238; x_wconf 89' lang='lat' dir='ltr'><strong>diebus</strong></span> 
     </span>
    </p>
   </div>
   <div class='ocr_carea' id='block_1_18' title="bbox 1765 153 1817 181">
    <p class='ocr_par' dir='ltr' id='par_1_18' title="bbox 1765 153 1817 181">
     <span class='ocr_line' id='line_1_18' title="bbox 1765 153 1817 181; baseline -0.019 0"><span class='ocrx_word' id='word_1_117' title='bbox 1765 153 1817 181; x_wconf 69' lang='grc'><strong>552</strong></span> 
     </span>
    </p>
   </div>
   <div class='ocr_carea' id='block_1_19' title="bbox 1015 252 1816 291">
    <p class='ocr_par' dir='ltr' id='par_1_19' title="bbox 1015 252 1816 291">
     <span class='ocr_line' id='line_1_19' title="bbox 1015 252 1816 291; baseline 0.005 -12"><span class='ocrx_word' id='word_1_118' title='bbox 1015 252 1144 280; x_wconf 78' lang='lat' dir='ltr'><strong>adeuntes</strong></span> <span class='ocrx_word' id='word_1_119' title='bbox 1169 253 1201 279; x_wconf 86' lang='lat' dir='ltr'><strong>ad</strong></span> <span class='ocrx_word' id='word_1_120' title='bbox 1228 253 1310 280; x_wconf 90' lang='lat' dir='ltr'><strong>Deum</strong></span> <span class='ocrx_word' id='word_1_121' title='bbox 1337 259 1500 288; x_wconf 88' lang='lat' dir='ltr'><strong>creatorem,</strong></span> <span class='ocrx_word' id='word_1_122' title='bbox 1524 262 1577 282; x_wconf 91' lang='lat' dir='ltr'><strong>non</strong></span> <span class='ocrx_word' id='word_1_123' title='bbox 1603 255 1629 282; x_wconf 94' lang='lat' dir='ltr'><strong>in</strong></span> <span class='ocrx_word' id='word_1_124' title='bbox 1656 257 1816 291; x_wconf 85' lang='lat' dir='ltr'><strong>proselylos,</strong></span> 
     </span>
    </p>
   </div>
   <div class='ocr_carea' id='block_1_20' title="bbox 1015 299 1817 336">
    <p class='ocr_par' dir='ltr' id='par_1_20' title="bbox 1015 299 1817 336">
     <span class='ocr_line' id='line_1_20' title="bbox 1015 299 1817 336; baseline 0.006 -12"><span class='ocrx_word' id='word_1_125' title='bbox 1015 307 1127 333; x_wconf 89' lang='lat' dir='ltr'><strong>quorum</strong></span> <span class='ocrx_word' id='word_1_126' title='bbox 1140 307 1154 325; x_wconf 90' lang='lat' dir='ltr'><strong>a</strong></span> <span class='ocrx_word' id='word_1_127' title='bbox 1170 299 1262 334; x_wconf 79' lang='lat' dir='ltr'><strong>primis</strong></span> <span class='ocrx_word' id='word_1_128' title='bbox 1277 302 1361 334; x_wconf 81' lang='lat' dir='ltr'><strong>magis</strong></span> <span class='ocrx_word' id='word_1_129' title='bbox 1376 300 1470 327; x_wconf 89' lang='lat' dir='ltr'><strong>diebus</strong></span> <span class='ocrx_word' id='word_1_130' title='bbox 1479 305 1519 328; x_wconf 89' lang='lat' dir='ltr'><strong>est</strong></span> <span class='ocrx_word' id='word_1_131' title='bbox 1530 300 1695 336; x_wconf 82' lang='lat' dir='ltr'><strong>(5)allectio.</strong></span> <span class='ocrx_word' id='word_1_132' title='bbox 1709 301 1817 330; x_wconf 88' lang='lat' dir='ltr'><strong>Etenim</strong></span> 
     </span>
    </p>
   </div>
   <div class='ocr_carea' id='block_1_21' title="bbox 1017 345 1558 380">
    <p class='ocr_par' dir='ltr' id='par_1_21' title="bbox 1017 345 1558 380">
     <span class='ocr_line' id='line_1_21' title="bbox 1017 345 1558 380; baseline 0.004 -8"><span class='ocrx_word' id='word_1_133' title='bbox 1017 345 1094 373; x_wconf 80' lang='lat' dir='ltr'><strong>[idem</strong></span> <span class='ocrx_word' id='word_1_134' title='bbox 1108 346 1185 373; x_wconf 78' lang='lat' dir='ltr'><strong>istam</strong></span> <span class='ocrx_word' id='word_1_135' title='bbox 1202 346 1322 380; x_wconf 88' lang='lat' dir='ltr'><strong>Apostoli</strong></span> <span class='ocrx_word' id='word_1_136' title='bbox 1347 346 1519 374; x_wconf 79' lang='lat' dir='ltr'><strong>induxerunt.</strong></span> <span class='ocrx_word' id='word_1_137' title='bbox 1554 361 1558 364; x_wconf 97' lang='lat'><strong><em>-</em></strong></span> 
     </span>
    </p>
   </div>
   <div class='ocr_carea' id='block_1_22' title="bbox 1301 393 1533 421">
    <p class='ocr_par' dir='ltr' id='par_1_22' title="bbox 1301 393 1533 421">
     <span class='ocr_line' id='line_1_22' title="bbox 1301 393 1533 421; baseline 0 -1"><span class='ocrx_word' id='word_1_138' title='bbox 1301 393 1413 421; x_wconf 75' lang='lat' dir='ltr'><strong>CAPUT</strong></span> <span class='ocrx_word' id='word_1_139' title='bbox 1448 393 1533 421; x_wconf 79' lang='lat' dir='ltr'>XXII.</span> 
     </span>
    </p>
   </div>
   <div class='ocr_carea' id='block_1_23' title="bbox 1052 438 1820 474">
    <p class='ocr_par' dir='ltr' id='par_1_23' title="bbox 1052 438 1820 474">
     <span class='ocr_line' id='line_1_23' title="bbox 1052 438 1820 474; baseline 0 -9"><span class='ocrx_word' id='word_1_140' title='bbox 1052 438 1140 466; x_wconf 90' lang='lat' dir='ltr'><strong>Habes</strong></span> <span class='ocrx_word' id='word_1_141' title='bbox 1155 443 1180 466; x_wconf 86' lang='lat' dir='ltr'><strong>et</strong></span> <span class='ocrx_word' id='word_1_142' title='bbox 1202 439 1393 472; x_wconf 82' lang='lat' dir='ltr'><strong>Apostolorum</strong></span> <span class='ocrx_word' id='word_1_143' title='bbox 1417 447 1484 474; x_wconf 86' lang='lat' dir='ltr'><strong>opus</strong></span> <span class='ocrx_word' id='word_1_144' title='bbox 1509 439 1683 474; x_wconf 63' lang='lat' dir='ltr'><strong>praedicatum</strong></span> <span class='ocrx_word' id='word_1_145' title='bbox 1706 447 1713 466; x_wconf 90' lang='lat'>:</span> <span class='ocrx_word' id='word_1_146' title='bbox 1736 439 1820 472; x_wconf 86' lang='lat' dir='ltr'><strong>Quam</strong></span> 
     </span>
    </p>
   </div>
   <div class='ocr_carea' id='block_1_24' title="bbox 1016 484 1821 521">
    <p class='ocr_par' dir='ltr' id='par_1_24' title="bbox 1016 484 1821 521">
     <span class='ocr_line' id='line_1_24' title="bbox 1016 484 1821 521; baseline 0.005 -11"><span class='ocrx_word' id='word_1_147' title='bbox 1016 485 1154 519; x_wconf 75' lang='lat' dir='ltr'><strong>tempestivi</strong></span> <span class='ocrx_word' id='word_1_148' title='bbox 1167 485 1241 520; x_wconf 77' lang='lat' dir='ltr'><strong>pedes</strong></span> <span class='ocrx_word' id='word_1_149' title='bbox 1251 486 1477 521; x_wconf 76' lang='lat' dir='ltr'><strong>evangelizantium</strong></span> <span class='ocrx_word' id='word_1_150' title='bbox 1487 486 1552 513; x_wconf 87' lang='lat' dir='ltr'><strong>bona</strong></span> <span class='ocrx_word' id='word_1_151' title='bbox 1562 486 1572 513; x_wconf 89' lang='lat'><em>!</em></span> <span class='ocrx_word' id='word_1_152' title='bbox 1584 494 1637 513; x_wconf 89' lang='lat' dir='ltr'><strong>non</strong></span> <span class='ocrx_word' id='word_1_153' title='bbox 1648 484 1757 519; x_wconf 87' lang='lat' dir='ltr'><strong>bellum,</strong></span> <span class='ocrx_word' id='word_1_154' title='bbox 1771 493 1821 514; x_wconf 87' lang='lat' dir='ltr'><strong>nec</strong></span> 
     </span>
    </p>
   </div>
   <div class='ocr_carea' id='block_1_25' title="bbox 1018 530 1820 570">
    <p class='ocr_par' dir='ltr' id='par_1_25' title="bbox 1018 530 1820 570">
     <span class='ocr_line' id='line_1_25' title="bbox 1018 530 1820 570; baseline 0.002 -13"><span class='ocrx_word' id='word_1_155' title='bbox 1018 531 1086 557; x_wconf 88' lang='lat' dir='ltr'><strong>mala</strong></span> <span class='ocrx_word' id='word_1_156' title='bbox 1103 530 1153 567; x_wconf 84' lang='lat'><strong>(6).</strong></span> <span class='ocrx_word' id='word_1_157' title='bbox 1172 531 1318 566; x_wconf 81' lang='lat' dir='ltr'><strong>Respondit</strong></span> <span class='ocrx_word' id='word_1_158' title='bbox 1333 537 1359 559; x_wconf 87' lang='lat' dir='ltr'><strong>ct</strong></span> <span class='ocrx_word' id='word_1_159' title='bbox 1382 531 1503 570; x_wconf 75' lang='lat' dir='ltr'><strong>Psaltnus</strong></span> <span class='ocrx_word' id='word_1_160' title='bbox 1524 531 1596 566; x_wconf 84' lang='lat' dir='ltr'><strong>(l’s.,</strong></span> <span class='ocrx_word' id='word_1_161' title='bbox 1617 530 1707 563; x_wconf 81' lang='lat' dir='ltr'>XVIII,</span> <span class='ocrx_word' id='word_1_162' title='bbox 1724 532 1772 567; x_wconf 65' lang='lat'><strong>4):</strong></span> <span class='ocrx_word' id='word_1_163' title='bbox 1788 531 1820 559; x_wconf 84' lang='grc' dir='ltr'><strong>1η</strong></span> 
     </span>
    </p>
   </div>
   <div class='ocr_carea' id='block_1_26' title="bbox 1017 579 1822 612">
    <p class='ocr_par' dir='ltr' id='par_1_26' title="bbox 1017 579 1822 612">
     <span class='ocr_line' id='line_1_26' title="bbox 1017 579 1822 612; baseline 0.002 -8"><span class='ocrx_word' id='word_1_164' title='bbox 1017 586 1115 604; x_wconf 88' lang='lat' dir='ltr'><strong>onment</strong></span> <span class='ocrx_word' id='word_1_165' title='bbox 1129 584 1219 605; x_wconf 82' lang='lat' dir='ltr'><strong>terram</strong></span> <span class='ocrx_word' id='word_1_166' title='bbox 1236 580 1310 605; x_wconf 66' lang='lat' dir='ltr'><strong>exivit</strong></span> <span class='ocrx_word' id='word_1_167' title='bbox 1321 587 1397 606; x_wconf 86' lang='lat' dir='ltr'><strong>sonus</strong></span> <span class='ocrx_word' id='word_1_168' title='bbox 1411 587 1508 612; x_wconf 89' lang='lat' dir='ltr'><strong>eorum,</strong></span> <span class='ocrx_word' id='word_1_169' title='bbox 1525 580 1585 606; x_wconf 85' lang='lat' dir='ltr'><strong>etin</strong></span> <span class='ocrx_word' id='word_1_170' title='bbox 1606 579 1725 605; x_wconf 77' lang='lat' dir='ltr'><strong>terminos</strong></span> <span class='ocrx_word' id='word_1_171' title='bbox 1748 583 1822 606; x_wconf 74' lang='lat' dir='ltr'><strong>terra:</strong></span> 
     </span>
    </p>
   </div>
   <div class='ocr_carea' id='block_1_27' title="bbox 1017 624 1822 659">
    <p class='ocr_par' dir='ltr' id='par_1_27' title="bbox 1017 624 1822 659">
     <span class='ocr_line' id='line_1_27' title="bbox 1017 624 1822 659; baseline 0.002 -9"><span class='ocrx_word' id='word_1_172' title='bbox 1017 631 1088 651; x_wconf 82' lang='lat' dir='ltr'><strong>voces</strong></span> <span class='ocrx_word' id='word_1_173' title='bbox 1101 632 1206 656; x_wconf 85' lang='lat' dir='ltr'><strong>eorum;</strong></span> <span class='ocrx_word' id='word_1_174' title='bbox 1224 624 1471 652; x_wconf 84' lang='lat' dir='ltr'><strong>circumferentinm</strong></span> <span class='ocrx_word' id='word_1_175' title='bbox 1486 624 1587 651; x_wconf 87' lang='lat' dir='ltr'><strong>scilicet</strong></span> <span class='ocrx_word' id='word_1_176' title='bbox 1602 624 1686 659; x_wconf 81' lang='lat' dir='ltr'><strong>legem</strong></span> <span class='ocrx_word' id='word_1_177' title='bbox 1710 631 1741 651; x_wconf 80' lang='lat' dir='ltr'><strong>ex</strong></span> <span class='ocrx_word' id='word_1_178' title='bbox 1756 624 1822 652; x_wconf 83' lang='lat' dir='ltr'><strong>Sion</strong></span> 
     </span>
    </p>
   </div>
   <div class='ocr_carea' id='block_1_28' title="bbox 1019 670 1823 705">
    <p class='ocr_par' dir='ltr' id='par_1_28' title="bbox 1019 670 1823 705">
     <span class='ocr_line' id='line_1_28' title="bbox 1019 670 1823 705; baseline 0.001 -9"><span class='ocrx_word' id='word_1_179' title='bbox 1019 670 1163 705; x_wconf 77' lang='lat' dir='ltr'><strong>profectam</strong></span> <span class='ocrx_word' id='word_1_180' title='bbox 1186 675 1213 698; x_wconf 90' lang='lat' dir='ltr'><strong>et</strong></span> <span class='ocrx_word' id='word_1_181' title='bbox 1237 678 1389 698; x_wconf 85' lang='lat' dir='ltr'><strong>sermonem</strong></span> <span class='ocrx_word' id='word_1_182' title='bbox 1412 671 1516 697; x_wconf 85' lang='lat' dir='ltr'><strong>Domini</strong></span> <span class='ocrx_word' id='word_1_183' title='bbox 1536 678 1568 697; x_wconf 75' lang='lat' dir='ltr'><strong>ex</strong></span> <span class='ocrx_word' id='word_1_184' title='bbox 1585 670 1771 703; x_wconf 84' lang='lat' dir='ltr'><strong>Hierusalem;</strong></span> <span class='ocrx_word' id='word_1_185' title='bbox 1794 674 1823 697; x_wconf 84' lang='lat' dir='ltr'><strong>ut</strong></span> 
     </span>
    </p>
   </div>
   <div class='ocr_carea' id='block_1_29' title="bbox 1019 715 1823 752">
    <p class='ocr_par' dir='ltr' id='par_1_29' title="bbox 1019 715 1823 752">
     <span class='ocr_line' id='line_1_29' title="bbox 1019 715 1823 752; baseline 0 -9"><span class='ocrx_word' id='word_1_186' title='bbox 1019 715 1097 743; x_wconf 85' lang='lat' dir='ltr'><strong>ﬁeret</strong></span> <span class='ocrx_word' id='word_1_187' title='bbox 1109 717 1178 751; x_wconf 88' lang='lat' dir='ltr'><strong>quod</strong></span> <span class='ocrx_word' id='word_1_188' title='bbox 1197 718 1325 751; x_wconf 89' lang='lat' dir='ltr'><strong>scriptum</strong></span> <span class='ocrx_word' id='word_1_189' title='bbox 1340 722 1381 744; x_wconf 91' lang='lat' dir='ltr'><strong>est</strong></span> <span class='ocrx_word' id='word_1_190' title='bbox 1399 716 1461 752; x_wconf 82' lang='lat' dir='ltr'><strong>(ls.,</strong></span> <span class='ocrx_word' id='word_1_191' title='bbox 1487 716 1578 749; x_wconf 77' lang='lat' dir='ltr'><strong>XLVI,</strong></span> <span class='ocrx_word' id='word_1_192' title='bbox 1603 715 1700 752; x_wconf 69' lang='lat'><strong>12-13)</strong></span> <span class='ocrx_word' id='word_1_193' title='bbox 1715 725 1721 743; x_wconf 91' lang='lat'><strong>:</strong></span> <span class='ocrx_word' id='word_1_194' title='bbox 1736 715 1823 751; x_wconf 81' lang='lat' dir='ltr'><strong>Longe</strong></span> 
     </span>
    </p>
   </div>
   <div class='ocr_carea' id='block_1_30' title="bbox 1019 762 1823 798">
    <p class='ocr_par' dir='ltr' id='par_1_30' title="bbox 1019 762 1823 798">
     <span class='ocr_line' id='line_1_30' title="bbox 1019 762 1823 798; baseline 0 -10"><span class='ocrx_word' id='word_1_195' title='bbox 1019 762 1110 797; x_wconf 78' lang='lat' dir='ltr'><strong>quique</strong></span> <span class='ocrx_word' id='word_1_196' title='bbox 1135 770 1150 788; x_wconf 82' lang='grc' dir='ltr'><em>α</em></span> <span class='ocrx_word' id='word_1_197' title='bbox 1169 763 1270 798; x_wconf 80' lang='lat' dir='ltr'><strong>justitia</strong></span> <span class='ocrx_word' id='word_1_198' title='bbox 1284 771 1337 789; x_wconf 85' lang='lat' dir='ltr'><strong>mea</strong></span> <span class='ocrx_word' id='word_1_199' title='bbox 1352 763 1617 798; x_wconf 79' lang='lat' dir='ltr'><strong>appropinquanerunt</strong></span> <span class='ocrx_word' id='word_1_200' title='bbox 1640 762 1746 796; x_wconf 73' lang='lat' dir='ltr'><strong>iustitia:</strong></span> <span class='ocrx_word' id='word_1_201' title='bbox 1761 769 1823 789; x_wconf 73' lang='lat' dir='ltr'><strong>mea:</strong></span> 
     </span>
    </p>
   </div>
   <div class='ocr_carea' id='block_1_31' title="bbox 1020 807 1821 843">
    <p class='ocr_par' dir='ltr' id='par_1_31' title="bbox 1020 807 1821 843">
     <span class='ocr_line' id='line_1_31' title="bbox 1020 807 1821 843; baseline 0.001 -9"><span class='ocrx_word' id='word_1_202' title='bbox 1020 813 1043 834; x_wconf 78' lang='lat' dir='ltr'><strong>et</strong></span> <span class='ocrx_word' id='word_1_203' title='bbox 1056 808 1167 834; x_wconf 71' lang='lat' dir='ltr'><strong>veritati.</strong></span> <span class='ocrx_word' id='word_1_204' title='bbox 1184 807 1249 835; x_wconf 91' lang='lat' dir='ltr'><strong>Cum</strong></span> <span class='ocrx_word' id='word_1_205' title='bbox 1270 808 1332 835; x_wconf 89' lang='lat' dir='ltr'><strong>huic</strong></span> <span class='ocrx_word' id='word_1_206' title='bbox 1348 809 1455 842; x_wconf 89' lang='lat' dir='ltr'><strong>negotio</strong></span> <span class='ocrx_word' id='word_1_207' title='bbox 1467 808 1671 843; x_wconf 80' lang='lat' dir='ltr'><strong>accingerentur</strong></span> <span class='ocrx_word' id='word_1_208' title='bbox 1688 807 1821 842; x_wconf 79' lang='lat' dir='ltr'><strong>Apustoli,</strong></span> 
     </span>
    </p>
   </div>
   <div class='ocr_carea' id='block_1_32' title="bbox 1019 854 1824 889">
    <p class='ocr_par' dir='ltr' id='par_1_32' title="bbox 1019 854 1824 889">
     <span class='ocr_line' id='line_1_32' title="bbox 1019 854 1824 889; baseline -0.002 -7"><span class='ocrx_word' id='word_1_209' title='bbox 1019 854 1244 882; x_wconf 84' lang='lat' dir='ltr'><strong>renuntiaverunt</strong></span> <span class='ocrx_word' id='word_1_210' title='bbox 1259 854 1433 889; x_wconf 78' lang='lat' dir='ltr'><strong>presbyteris,</strong></span> <span class='ocrx_word' id='word_1_211' title='bbox 1446 859 1473 882; x_wconf 87' lang='lat' dir='ltr'><strong>et</strong></span> <span class='ocrx_word' id='word_1_212' title='bbox 1488 854 1673 885; x_wconf 84' lang='lat' dir='ltr'><strong>archontibns.</strong></span> <span class='ocrx_word' id='word_1_213' title='bbox 1689 858 1716 880; x_wconf 89' lang='lat' dir='ltr'><strong>et</strong></span> <span class='ocrx_word' id='word_1_214' title='bbox 1731 860 1824 880; x_wconf 85' lang='lat' dir='ltr'><strong>sacer-</strong></span> 
     </span>
    </p>
   </div>
   <div class='ocr_carea' id='block_1_33' title="bbox 166 899 1823 937">
    <p class='ocr_par' dir='ltr' id='par_1_33' title="bbox 166 899 1823 937">
     <span class='ocr_line' id='line_1_33' title="bbox 166 899 1823 937; baseline 0.002 -14"><span class='ocrx_word' id='word_1_215' title='bbox 166 904 273 932; x_wconf 88' lang='lat' dir='ltr'><strong>quoque</strong></span> <span class='ocrx_word' id='word_1_216' title='bbox 287 899 437 934; x_wconf 82' lang='lat' dir='ltr'><strong>praSelytos</strong></span> <span class='ocrx_word' id='word_1_217' title='bbox 449 907 496 934; x_wconf 88' lang='lat' dir='ltr'><strong>per</strong></span> <span class='ocrx_word' id='word_1_218' title='bbox 507 899 641 927; x_wconf 88' lang='lat' dir='ltr'><strong>Christum</strong></span> <span class='ocrx_word' id='word_1_219' title='bbox 652 908 809 928; x_wconf 88' lang='lat' dir='ltr'><strong>accessuros</strong></span> <span class='ocrx_word' id='word_1_220' title='bbox 822 902 854 928; x_wconf 91' lang='lat' dir='ltr'><strong>ad</strong></span> <span class='ocrx_word' id='word_1_221' title='bbox 869 902 965 929; x_wconf 88' lang='lat' dir='ltr'><strong>Deum.</strong></span> <span class='ocrx_word' id='word_1_222' title='bbox 982 908 1006 937; x_wconf 79' lang='grc' dir='ltr'><strong>Β</strong></span> <span class='ocrx_word' id='word_1_223' title='bbox 1020 900 1127 927; x_wconf 89' lang='lat' dir='ltr'><strong>dotilms</strong></span> <span class='ocrx_word' id='word_1_224' title='bbox 1145 900 1309 927; x_wconf 60' lang='grc' dir='ltr'><strong>δυόωσι-μη).</strong></span> <span class='ocrx_word' id='word_1_225' title='bbox 1332 902 1427 928; x_wconf 81' lang='lat' dir='ltr'><strong>Annon</strong></span> <span class='ocrx_word' id='word_1_226' title='bbox 1452 901 1492 928; x_wconf 87' lang='lat' dir='ltr'><strong>vel</strong></span> <span class='ocrx_word' id='word_1_227' title='bbox 1507 900 1624 927; x_wconf 76' lang='lat' dir='ltr'><strong>maxime</strong></span> <span class='ocrx_word' id='word_1_228' title='bbox 1638 920 1645 932; x_wconf 87' lang='lat'><strong>,</strong></span> <span class='ocrx_word' id='word_1_229' title='bbox 1663 899 1748 934; x_wconf 88' lang='lat' dir='ltr'><strong>inquit</strong></span> <span class='ocrx_word' id='word_1_230' title='bbox 1770 899 1823 935; x_wconf 86' lang='lat'><strong>(7),</strong></span> 
     </span>
    </p>
   </div>
   <div class='ocr_carea' id='block_1_34' title="bbox 167 942 969 982">
    <p class='ocr_par' dir='ltr' id='par_1_34' title="bbox 167 942 969 982">
     <span class='ocr_line' id='line_1_34' title="bbox 167 942 969 982; baseline 0.006 -13"><span class='ocrx_word' id='word_1_231' title='bbox 167 942 201 970; x_wconf 85' lang='lat' dir='ltr'><strong>Et</strong></span> <span class='ocrx_word' id='word_1_232' title='bbox 215 943 255 978; x_wconf 88' lang='grc' dir='ltr'>(Ι)</span> <span class='ocrx_word' id='word_1_233' title='bbox 270 944 406 977; x_wconf 88' lang='lat' dir='ltr'><strong>nationes,</strong></span> <span class='ocrx_word' id='word_1_234' title='bbox 430 947 499 980; x_wconf 88' lang='lat' dir='ltr'><strong>quod</strong></span> <span class='ocrx_word' id='word_1_235' title='bbox 516 954 607 974; x_wconf 88' lang='lat' dir='ltr'><strong>sumus</strong></span> <span class='ocrx_word' id='word_1_236' title='bbox 627 954 691 979; x_wconf 84' lang='lat' dir='ltr'><strong>nos,</strong></span> <span class='ocrx_word' id='word_1_237' title='bbox 707 947 817 982; x_wconf 86' lang='lat' dir='ltr'><strong>proinde</strong></span> <span class='ocrx_word' id='word_1_238' title='bbox 833 956 908 976; x_wconf 88' lang='lat' dir='ltr'><strong>suam</strong></span> <span class='ocrx_word' id='word_1_239' title='bbox 922 948 969 974; x_wconf 87' lang='lat' dir='ltr'><strong>ha-</strong></span> 
     </span>
    </p>
   </div>
   <div class='ocr_carea' id='block_1_35' title="bbox 171 988 968 1027">
    <p class='ocr_par' dir='ltr' id='par_1_35' title="bbox 171 988 968 1027">
     <span class='ocr_line' id='line_1_35' title="bbox 171 988 968 1027; baseline 0.006 -11"><span class='ocrx_word' id='word_1_240' title='bbox 171 988 322 1025; x_wconf 72' lang='lat' dir='ltr'><strong>bebant(2)</strong></span> <span class='ocrx_word' id='word_1_241' title='bbox 346 992 571 1023; x_wconf 86' lang='lat' dir='ltr'><strong>nominationem,</strong></span> <span class='ocrx_word' id='word_1_242' title='bbox 594 997 735 1027; x_wconf 84' lang='lat' dir='ltr'><strong>sperantes</strong></span> <span class='ocrx_word' id='word_1_243' title='bbox 759 993 783 1020; x_wconf 87' lang='lat' dir='ltr'><strong>itt</strong></span> <span class='ocrx_word' id='word_1_244' title='bbox 811 993 968 1021; x_wconf 86' lang='lat' dir='ltr'><strong>Christum:</strong></span> 
     </span>
    </p>
   </div>
   <div class='ocr_carea' id='block_1_36' title="bbox 168 1034 969 1074">
    <p class='ocr_par' dir='ltr' id='par_1_36' title="bbox 168 1034 969 1074">
     <span class='ocr_line' id='line_1_36' title="bbox 168 1034 969 1074; baseline 0.006 -13"><span class='ocrx_word' id='word_1_245' title='bbox 168 1034 202 1061; x_wconf 78' lang='grc' dir='ltr'><strong>Ει</strong></span> <span class='ocrx_word' id='word_1_246' title='bbox 214 1036 239 1061; x_wconf 82' lang='lat' dir='ltr'><strong>in</strong></span> <span class='ocrx_word' id='word_1_247' title='bbox 258 1037 368 1069; x_wconf 80' lang='lat' dir='ltr'><strong>nomine,</strong></span> <span class='ocrx_word' id='word_1_248' title='bbox 385 1037 470 1072; x_wconf 84' lang='lat' dir='ltr'><strong>inquit</strong></span> <span class='ocrx_word' id='word_1_249' title='bbox 483 1037 544 1072; x_wconf 74' lang='lat'><strong>(15.,</strong></span> <span class='ocrx_word' id='word_1_250' title='bbox 563 1037 641 1071; x_wconf 82' lang='lat' dir='ltr'>XLII,</span> <span class='ocrx_word' id='word_1_251' title='bbox 657 1038 694 1074; x_wconf 71' lang='grc' dir='ltr'><strong>Δ),</strong></span> <span class='ocrx_word' id='word_1_252' title='bbox 712 1039 766 1074; x_wconf 84' lang='lat' dir='ltr'><strong>ejus</strong></span> <span class='ocrx_word' id='word_1_253' title='bbox 780 1039 895 1066; x_wconf 81' lang='lat' dir='ltr'><strong>nationes</strong></span> <span class='ocrx_word' id='word_1_254' title='bbox 910 1047 969 1074; x_wconf 78' lang='lat' dir='ltr'><strong>spe-</strong></span> 
     </span>
    </p>
   </div>
   <div class='ocr_carea' id='block_1_37' title="bbox 172 1083 965 1120">
    <p class='ocr_par' dir='ltr' id='par_1_37' title="bbox 172 1083 965 1120">
     <span class='ocr_line' id='line_1_37' title="bbox 172 1083 965 1120; baseline 0.005 -12"><span class='ocrx_word' id='word_1_255' title='bbox 172 1083 274 1109; x_wconf 80' lang='lat' dir='ltr'><strong>rabant.</strong></span> <span class='ocrx_word' id='word_1_256' title='bbox 292 1083 420 1118; x_wconf 79' lang='lat' dir='ltr'><strong>Proselyti</strong></span> <span class='ocrx_word' id='word_1_257' title='bbox 442 1090 542 1117; x_wconf 91' lang='lat' dir='ltr'><strong>antetn,</strong></span> <span class='ocrx_word' id='word_1_258' title='bbox 559 1092 627 1120; x_wconf 90' lang='lat' dir='ltr'><strong>quos</strong></span> <span class='ocrx_word' id='word_1_259' title='bbox 642 1085 667 1111; x_wconf 88' lang='lat' dir='ltr'><strong>itt</strong></span> <span class='ocrx_word' id='word_1_260' title='bbox 685 1085 821 1111; x_wconf 83' lang='lat' dir='ltr'><strong>nationum</strong></span> <span class='ocrx_word' id='word_1_261' title='bbox 840 1085 965 1120; x_wconf 73' lang='lat' dir='ltr'><strong>prmdica-</strong></span> 
     </span>
    </p>
   </div>
   <div class='ocr_carea' id='block_1_38' title="bbox 170 1129 969 1166">
    <p class='ocr_par' dir='ltr' id='par_1_38' title="bbox 170 1129 969 1166">
     <span class='ocr_line' id='line_1_38' title="bbox 170 1129 969 1166; baseline 0.004 -11"><span class='ocrx_word' id='word_1_262' title='bbox 170 1129 242 1156; x_wconf 90' lang='lat' dir='ltr'><strong>tione</strong></span> <span class='ocrx_word' id='word_1_263' title='bbox 256 1129 406 1162; x_wconf 88' lang='lat' dir='ltr'><strong>snbstitnis,</strong></span> <span class='ocrx_word' id='word_1_264' title='bbox 421 1139 472 1157; x_wconf 86' lang='lat' dir='ltr'><strong>non</strong></span> <span class='ocrx_word' id='word_1_265' title='bbox 484 1131 508 1158; x_wconf 90' lang='lat' dir='ltr'><strong>in</strong></span> <span class='ocrx_word' id='word_1_266' title='bbox 521 1131 619 1158; x_wconf 86' lang='lat' dir='ltr'><strong>Christi</strong></span> <span class='ocrx_word' id='word_1_267' title='bbox 630 1132 738 1159; x_wconf 88' lang='lat' dir='ltr'><strong>nomine</strong></span> <span class='ocrx_word' id='word_1_268' title='bbox 751 1139 860 1166; x_wconf 87' lang='lat' dir='ltr'><strong>sperare</strong></span> <span class='ocrx_word' id='word_1_269' title='bbox 871 1131 969 1164; x_wconf 77' lang='lat' dir='ltr'><strong>solent,</strong></span> 
     </span>
    </p>
   </div>
   <div class='ocr_carea' id='block_1_39' title="bbox 168 1174 970 1211">
    <p class='ocr_par' dir='ltr' id='par_1_39' title="bbox 168 1174 970 1211">
     <span class='ocr_line' id='line_1_39' title="bbox 168 1174 970 1211; baseline 0.004 -10"><span class='ocrx_word' id='word_1_270' title='bbox 168 1174 214 1202; x_wconf 85' lang='lat' dir='ltr'><strong>sed</strong></span> <span class='ocrx_word' id='word_1_271' title='bbox 230 1175 254 1201; x_wconf 92' lang='lat' dir='ltr'><strong>in</strong></span> <span class='ocrx_word' id='word_1_272' title='bbox 267 1175 349 1210; x_wconf 81' lang='lat' dir='ltr'><strong>Moysi</strong></span> <span class='ocrx_word' id='word_1_273' title='bbox 362 1175 466 1208; x_wconf 82' lang='lat' dir='ltr'><strong>ordine,</strong></span> <span class='ocrx_word' id='word_1_274' title='bbox 483 1183 497 1202; x_wconf 91' lang='lat' dir='ltr'><strong>a</strong></span> <span class='ocrx_word' id='word_1_275' title='bbox 511 1184 564 1211; x_wconf 89' lang='lat' dir='ltr'><strong>qtto</strong></span> <span class='ocrx_word' id='word_1_276' title='bbox 580 1177 710 1203; x_wconf 78' lang='lat' dir='ltr'><strong>institutio</strong></span> <span class='ocrx_word' id='word_1_277' title='bbox 725 1177 830 1204; x_wconf 83' lang='lat' dir='ltr'><strong>illorum</strong></span> <span class='ocrx_word' id='word_1_278' title='bbox 843 1182 894 1204; x_wconf 85' lang='lat' dir='ltr'><strong>est.</strong></span> <span class='ocrx_word' id='word_1_279' title='bbox 910 1177 970 1204; x_wconf 59' lang='grc' dir='ltr'><strong>(Σίκι-</strong></span> 
     </span>
    </p>
   </div>
   <div class='ocr_carea' id='block_1_40' title="bbox 169 1221 970 1253">
    <p class='ocr_par' dir='ltr' id='par_1_40' title="bbox 169 1221 970 1253">
     <span class='ocr_line' id='line_1_40' title="bbox 169 1221 970 1253; baseline 0.004 -6"><span class='ocrx_word' id='word_1_280' title='bbox 169 1224 265 1253; x_wconf 88' lang='lat' dir='ltr'><strong>terum,</strong></span> <span class='ocrx_word' id='word_1_281' title='bbox 285 1221 391 1248; x_wconf 83' lang='lat' dir='ltr'><strong>allectio</strong></span> <span class='ocrx_word' id='word_1_282' title='bbox 413 1222 551 1249; x_wconf 73' lang='lat' dir='ltr'><strong>nationum</strong></span> <span class='ocrx_word' id='word_1_283' title='bbox 567 1231 580 1248; x_wconf 72' lang='grc' dir='ltr'><strong>ιι</strong></span> <span class='ocrx_word' id='word_1_284' title='bbox 602 1223 754 1250; x_wconf 79' lang='lat' dir='ltr'><strong>novissimis</strong></span> <span class='ocrx_word' id='word_1_285' title='bbox 769 1223 864 1250; x_wconf 86' lang='lat' dir='ltr'><strong>diebus</strong></span> <span class='ocrx_word' id='word_1_286' title='bbox 878 1229 970 1251; x_wconf 82' lang='lat' dir='ltr'><strong>exorta</strong></span> 
     </span>
    </p>
   </div>
   <div class='ocr_carea' id='block_1_41' title="bbox 168 1266 970 1306">
    <p class='ocr_par' dir='ltr' id='par_1_41' title="bbox 168 1266 970 1306">
     <span class='ocr_line' id='line_1_41' title="bbox 168 1266 970 1306; baseline 0.002 -11"><span class='ocrx_word' id='word_1_287' title='bbox 168 1272 219 1295; x_wconf 84' lang='lat' dir='ltr'><strong>est.</strong></span> <span class='ocrx_word' id='word_1_288' title='bbox 232 1266 329 1294; x_wconf 66' lang='lat' dir='ltr'><strong>li~dem</strong></span> <span class='ocrx_word' id='word_1_289' title='bbox 343 1268 430 1295; x_wconf 77' lang='lat' dir='ltr'><strong>verbis</strong></span> <span class='ocrx_word' id='word_1_290' title='bbox 446 1268 538 1295; x_wconf 84' lang='lat' dir='ltr'><strong>Esaias</strong></span> <span class='ocrx_word' id='word_1_291' title='bbox 553 1269 615 1304; x_wconf 78' lang='lat' dir='ltr'><strong>(Is,</strong></span> <span class='ocrx_word' id='word_1_292' title='bbox 627 1269 656 1302; x_wconf 88' lang='lat' dir='ltr'><strong>ll,</strong></span> <span class='ocrx_word' id='word_1_293' title='bbox 671 1270 715 1306; x_wconf 71' lang='lat'><strong>1‘2)</strong></span> <span class='ocrx_word' id='word_1_294' title='bbox 733 1279 739 1297; x_wconf 91' lang='lat'>:</span> <span class='ocrx_word' id='word_1_295' title='bbox 756 1270 788 1296; x_wconf 80' lang='lat' dir='ltr'><strong>Et</strong></span> <span class='ocrx_word' id='word_1_296' title='bbox 802 1271 859 1303; x_wconf 83' lang='lat' dir='ltr'><strong>erit,</strong></span> <span class='ocrx_word' id='word_1_297' title='bbox 875 1272 970 1306; x_wconf 82' lang='lat' dir='ltr'><strong>inquit,</strong></span> 
     </span>
    </p>
   </div>
   <div class='ocr_carea' id='block_1_42' title="bbox 168 1313 972 1351">
    <p class='ocr_par' dir='ltr' id='par_1_42' title="bbox 168 1313 972 1351">
     <span class='ocr_line' id='line_1_42' title="bbox 168 1313 972 1351; baseline 0.002 -10"><span class='ocrx_word' id='word_1_298' title='bbox 168 1313 196 1341; x_wconf 76' lang='lat' dir='ltr'><strong>in</strong></span> <span class='ocrx_word' id='word_1_299' title='bbox 221 1314 360 1340; x_wconf 75' lang='lat' dir='ltr'><strong>novissimis</strong></span> <span class='ocrx_word' id='word_1_300' title='bbox 382 1314 469 1341; x_wconf 79' lang='lat' dir='ltr'><strong>diebus</strong></span> <span class='ocrx_word' id='word_1_301' title='bbox 482 1315 630 1349; x_wconf 65' lang='lat' dir='ltr'><strong>mani/estus</strong></span> <span class='ocrx_word' id='word_1_302' title='bbox 650 1324 721 1343; x_wconf 81' lang='lat' dir='ltr'><strong>mons</strong></span> <span class='ocrx_word' id='word_1_303' title='bbox 744 1316 865 1349; x_wconf 83' lang='lat' dir='ltr'><strong>Domini;</strong></span> <span class='ocrx_word' id='word_1_304' title='bbox 882 1317 972 1351; x_wconf 84' lang='lat' dir='ltr'><strong>utique</strong></span> 
     </span>
    </p>
   </div>
   <div class='ocr_carea' id='block_1_43' title="bbox 170 1360 972 1397">
    <p class='ocr_par' dir='ltr' id='par_1_43' title="bbox 170 1360 972 1397">
     <span class='ocr_line' id='line_1_43' title="bbox 170 1360 972 1397; baseline 0.004 -10"><span class='ocrx_word' id='word_1_305' title='bbox 170 1360 320 1387; x_wconf 78' lang='lat' dir='ltr'><strong>sublimitas</strong></span> <span class='ocrx_word' id='word_1_306' title='bbox 348 1361 409 1393; x_wconf 79' lang='lat' dir='ltr'><strong>Dei;</strong></span> <span class='ocrx_word' id='word_1_307' title='bbox 429 1366 451 1388; x_wconf 84' lang='lat' dir='ltr'><strong>et</strong></span> <span class='ocrx_word' id='word_1_308' title='bbox 476 1362 542 1389; x_wconf 73' lang='lat' dir='ltr'><strong>a’des</strong></span> <span class='ocrx_word' id='word_1_309' title='bbox 565 1362 614 1389; x_wconf 87' lang='lat' dir='ltr'><strong>Dei</strong></span> <span class='ocrx_word' id='word_1_310' title='bbox 638 1371 714 1397; x_wconf 82' lang='lat' dir='ltr'><strong>super</strong></span> <span class='ocrx_word' id='word_1_311' title='bbox 736 1371 846 1390; x_wconf 87' lang='lat' dir='ltr'><strong>summos</strong></span> <span class='ocrx_word' id='word_1_312' title='bbox 860 1368 972 1396; x_wconf 81' lang='lat' dir='ltr'><strong>montes;</strong></span> 
     </span>
    </p>
   </div>
   <div class='ocr_carea' id='block_1_44' title="bbox 140 1405 973 1445">
    <p class='ocr_par' dir='ltr' id='par_1_44' title="bbox 140 1405 973 1445">
     <span class='ocr_line' id='line_1_44' title="bbox 140 1405 973 1445; baseline 0.005 -13"><span class='ocrx_word' id='word_1_313' title='bbox 140 1414 148 1421; x_wconf 91' lang='grc'><strong>·</strong></span> <span class='ocrx_word' id='word_1_314' title='bbox 170 1405 260 1440; x_wconf 88' lang='lat' dir='ltr'><strong>utique</strong></span> <span class='ocrx_word' id='word_1_315' title='bbox 287 1407 841 1445; x_wconf 34' lang='lat' dir='ltr'><strong>(1hristus,__cltl_t_oliin*n_Deitemplum,</strong></span> <span class='ocrx_word' id='word_1_316' title='bbox 870 1410 895 1436; x_wconf 89' lang='lat' dir='ltr'><strong>in</strong></span> <span class='ocrx_word' id='word_1_317' title='bbox 921 1417 973 1444; x_wconf 89' lang='lat' dir='ltr'><strong>qtto</strong></span> 
     </span>
    </p>
   </div>
   <div class='ocr_carea' id='block_1_45' title="bbox 171 1451 972 1489">
    <p class='ocr_par' dir='ltr' id='par_1_45' title="bbox 171 1451 972 1489">
     <span class='ocr_line' id='line_1_45' title="bbox 171 1451 972 1489; baseline 0.004 -11"><span class='ocrx_word' id='word_1_318' title='bbox 171 1451 241 1479; x_wconf 88' lang='lat' dir='ltr'><strong>Deus</strong></span> <span class='ocrx_word' id='word_1_319' title='bbox 264 1452 371 1485; x_wconf 86' lang='lat' dir='ltr'><strong>colitur,</strong></span> <span class='ocrx_word' id='word_1_320' title='bbox 384 1454 556 1480; x_wconf 88' lang='lat' dir='ltr'><strong>constitutum</strong></span> <span class='ocrx_word' id='word_1_321' title='bbox 580 1461 662 1488; x_wconf 73' lang='lat' dir='ltr'><strong>super</strong></span> <span class='ocrx_word' id='word_1_322' title='bbox 676 1461 770 1481; x_wconf 85' lang='lat' dir='ltr'><strong>omnes</strong></span> <span class='ocrx_word' id='word_1_323' title='bbox 787 1454 825 1489; x_wconf 76' lang='lat'><strong>(5)</strong></span> <span class='ocrx_word' id='word_1_324' title='bbox 849 1455 972 1481; x_wconf 90' lang='lat' dir='ltr'><strong>eminen-</strong></span> 
     </span>
    </p>
   </div>
   <div class='ocr_carea' id='block_1_46' title="bbox 171 1498 972 1534">
    <p class='ocr_par' dir='ltr' id='par_1_46' title="bbox 171 1498 972 1534">
     <span class='ocr_line' id='line_1_46' title="bbox 171 1498 972 1534; baseline 0.002 -9"><span class='ocrx_word' id='word_1_325' title='bbox 171 1498 224 1526; x_wconf 82' lang='lat' dir='ltr'><strong>tias</strong></span> <span class='ocrx_word' id='word_1_326' title='bbox 236 1500 361 1526; x_wconf 88' lang='lat' dir='ltr'><strong>virtutum</strong></span> <span class='ocrx_word' id='word_1_327' title='bbox 378 1504 404 1526; x_wconf 89' lang='lat' dir='ltr'><strong>et</strong></span> <span class='ocrx_word' id='word_1_328' title='bbox 417 1503 595 1534; x_wconf 83' lang='lat' dir='ltr'><strong>potestatum:</strong></span> <span class='ocrx_word' id='word_1_329' title='bbox 613 1499 644 1526; x_wconf 78' lang='lat' dir='ltr'><strong>Et</strong></span> <span class='ocrx_word' id='word_1_330' title='bbox 667 1501 765 1527; x_wconf 80' lang='lat' dir='ltr'><strong>venient</strong></span> <span class='ocrx_word' id='word_1_331' title='bbox 788 1501 821 1527; x_wconf 86' lang='lat' dir='ltr'><strong>ad</strong></span> <span class='ocrx_word' id='word_1_332' title='bbox 837 1509 893 1528; x_wconf 77' lang='lat' dir='ltr'><strong>eum</strong></span> <span class='ocrx_word' id='word_1_333' title='bbox 913 1501 972 1527; x_wconf 82' lang='lat' dir='ltr'><strong>mri-</strong></span> 
     </span>
    </p>
   </div>
   <div class='ocr_carea' id='block_1_47' title="bbox 171 1547 973 1579">
    <p class='ocr_par' dir='ltr' id='par_1_47' title="bbox 171 1547 973 1579">
     <span class='ocr_line' id='line_1_47' title="bbox 171 1547 973 1579; baseline 0.004 -7"><span class='ocrx_word' id='word_1_334' title='bbox 171 1553 250 1573; x_wconf 77' lang='lat' dir='ltr'><strong>versa&#39;</strong></span> <span class='ocrx_word' id='word_1_335' title='bbox 264 1547 398 1579; x_wconf 84' lang='lat' dir='ltr'><strong>nationes;</strong></span> <span class='ocrx_word' id='word_1_336' title='bbox 411 1552 433 1573; x_wconf 86' lang='lat' dir='ltr'><strong>et</strong></span> <span class='ocrx_word' id='word_1_337' title='bbox 448 1547 518 1573; x_wconf 81' lang='lat' dir='ltr'><strong>ibunt</strong></span> <span class='ocrx_word' id='word_1_338' title='bbox 545 1547 628 1578; x_wconf 83' lang='lat' dir='ltr'><strong>multi,</strong></span> <span class='ocrx_word' id='word_1_339' title='bbox 648 1553 670 1574; x_wconf 89' lang='lat' dir='ltr'><strong>et</strong></span> <span class='ocrx_word' id='word_1_340' title='bbox 693 1548 777 1574; x_wconf 76' lang='lat' dir='ltr'><strong>(licent</strong></span> <span class='ocrx_word' id='word_1_341' title='bbox 792 1556 801 1574; x_wconf 92' lang='lat'><em>:</em></span> <span class='ocrx_word' id='word_1_342' title='bbox 818 1547 915 1579; x_wconf 74' lang='lat' dir='ltr'><strong>Venite,</strong></span> <span class='ocrx_word' id='word_1_343' title='bbox 930 1557 973 1575; x_wconf 78' lang='lat' dir='ltr'><strong>as-</strong></span> 
     </span>
    </p>
   </div>
   <div class='ocr_carea' id='block_1_48' title="bbox 171 1592 974 1626">
    <p class='ocr_par' dir='ltr' id='par_1_48' title="bbox 171 1592 974 1626">
     <span class='ocr_line' id='line_1_48' title="bbox 171 1592 974 1626; baseline 0.002 -8"><span class='ocrx_word' id='word_1_344' title='bbox 171 1592 310 1619; x_wconf 81' lang='lat' dir='ltr'><strong>cendamus</strong></span> <span class='ocrx_word' id='word_1_345' title='bbox 324 1593 349 1618; x_wconf 86' lang='lat' dir='ltr'><strong>in</strong></span> <span class='ocrx_word' id='word_1_346' title='bbox 362 1598 471 1619; x_wconf 89' lang='lat' dir='ltr'><strong>ntontem</strong></span> <span class='ocrx_word' id='word_1_347' title='bbox 487 1592 600 1624; x_wconf 82' lang='lat' dir='ltr'><strong>Domini,</strong></span> <span class='ocrx_word' id='word_1_348' title='bbox 616 1598 638 1619; x_wconf 85' lang='lat' dir='ltr'><strong>et</strong></span> <span class='ocrx_word' id='word_1_349' title='bbox 651 1593 677 1619; x_wconf 78' lang='lat' dir='ltr'><strong>in</strong></span> <span class='ocrx_word' id='word_1_350' title='bbox 690 1593 769 1620; x_wconf 72' lang='lat' dir='ltr'><strong>(edem</strong></span> <span class='ocrx_word' id='word_1_351' title='bbox 784 1592 831 1620; x_wconf 84' lang='lat' dir='ltr'><strong>Dei</strong></span> <span class='ocrx_word' id='word_1_352' title='bbox 841 1592 922 1620; x_wconf 85' lang='lat' dir='ltr'><strong>Jacob</strong></span> <span class='ocrx_word' id='word_1_353' title='bbox 931 1602 941 1626; x_wconf 90' lang='lat'><em>;</em></span> <span class='ocrx_word' id='word_1_354' title='bbox 950 1599 974 1621; x_wconf 82' lang='lat' dir='ltr'><strong>et</strong></span> 
     </span>
    </p>
   </div>
   <div class='ocr_carea' id='block_1_49' title="bbox 172 1637 974 1670">
    <p class='ocr_par' dir='ltr' id='par_1_49' title="bbox 172 1637 974 1670">
     <span class='ocr_line' id='line_1_49' title="bbox 172 1637 974 1670; baseline 0.004 -6"><span class='ocrx_word' id='word_1_355' title='bbox 172 1637 332 1664; x_wconf 87' lang='lat' dir='ltr'><strong>amtuntiabit</strong></span> <span class='ocrx_word' id='word_1_356' title='bbox 344 1637 489 1664; x_wconf 72' lang='lat' dir='ltr'><strong>nobis‘viam</strong></span> <span class='ocrx_word' id='word_1_357' title='bbox 501 1647 584 1670; x_wconf 76' lang='lat' dir='ltr'><strong>sitam,</strong></span> <span class='ocrx_word' id='word_1_358' title='bbox 592 1643 614 1665; x_wconf 92' lang='lat' dir='ltr'><strong>et</strong></span> <span class='ocrx_word' id='word_1_359' title='bbox 622 1638 766 1666; x_wconf 80' lang='lat' dir='ltr'><strong>incedenms</strong></span> <span class='ocrx_word' id='word_1_360' title='bbox 776 1639 801 1665; x_wconf 90' lang='lat' dir='ltr'><strong>iu</strong></span> <span class='ocrx_word' id='word_1_361' title='bbox 811 1648 851 1666; x_wconf 89' lang='lat' dir='ltr'><strong>ea.</strong></span> <span class='ocrx_word' id='word_1_362' title='bbox 860 1639 901 1666; x_wconf 74' lang='lat' dir='ltr'><strong>Ex</strong></span> <span class='ocrx_word' id='word_1_363' title='bbox 910 1639 974 1667; x_wconf 80' lang='lat' dir='ltr'><strong>Sion</strong></span> 
     </span>
    </p>
   </div>
   <div class='ocr_carea' id='block_1_50' title="bbox 172 1684 974 1718">
    <p class='ocr_par' dir='ltr' id='par_1_50' title="bbox 172 1684 974 1718">
     <span class='ocr_line' id='line_1_50' title="bbox 172 1684 974 1718; baseline 0.004 -7"><span class='ocrx_word' id='word_1_364' title='bbox 172 1684 240 1711; x_wconf 82' lang='lat' dir='ltr'><strong>enim</strong></span> <span class='ocrx_word' id='word_1_365' title='bbox 256 1684 331 1711; x_wconf 75' lang='lat' dir='ltr'><strong>exibit</strong></span> <span class='ocrx_word' id='word_1_366' title='bbox 347 1684 398 1718; x_wconf 71' lang='lat' dir='ltr'><strong>lex,</strong></span> <span class='ocrx_word' id='word_1_367' title='bbox 412 1690 435 1711; x_wconf 85' lang='lat' dir='ltr'><strong>et</strong></span> <span class='ocrx_word' id='word_1_368' title='bbox 449 1693 530 1711; x_wconf 85' lang='lat' dir='ltr'><strong>sermo</strong></span> <span class='ocrx_word' id='word_1_369' title='bbox 546 1684 650 1711; x_wconf 84' lang='lat' dir='ltr'><strong>Domini</strong></span> <span class='ocrx_word' id='word_1_370' title='bbox 669 1693 700 1712; x_wconf 66' lang='lat' dir='ltr'><strong>ex</strong></span> <span class='ocrx_word' id='word_1_371' title='bbox 723 1685 893 1713; x_wconf 72' lang='lat' dir='ltr'><strong>Hierusalem.</strong></span> <span class='ocrx_word' id='word_1_372' title='bbox 911 1686 974 1714; x_wconf 72' lang='lat' dir='ltr'><strong>litec</strong></span> 
     </span>
    </p>
   </div>
   <div class='ocr_carea' id='block_1_51' title="bbox 173 1732 975 1767">
    <p class='ocr_par' dir='ltr' id='par_1_51' title="bbox 173 1732 975 1767">
     <span class='ocr_line' id='line_1_51' title="bbox 173 1732 975 1767; baseline 0.002 -9"><span class='ocrx_word' id='word_1_373' title='bbox 173 1732 225 1759; x_wconf 81' lang='lat' dir='ltr'><strong>erit</strong></span> <span class='ocrx_word' id='word_1_374' title='bbox 237 1732 277 1758; x_wconf 84' lang='lat' dir='ltr'><strong>via</strong></span> <span class='ocrx_word' id='word_1_375' title='bbox 291 1739 348 1765; x_wconf 87' lang='lat' dir='ltr'><strong>sna,</strong></span> <span class='ocrx_word' id='word_1_376' title='bbox 368 1739 443 1759; x_wconf 63' lang='lat' dir='ltr'><strong>nova‘</strong></span> <span class='ocrx_word' id='word_1_377' title='bbox 460 1732 525 1767; x_wconf 84' lang='lat' dir='ltr'><strong>legis</strong></span> <span class='ocrx_word' id='word_1_378' title='bbox 539 1732 723 1767; x_wconf 82' lang='lat' dir='ltr'><strong>Evangelitnn,</strong></span> <span class='ocrx_word' id='word_1_379' title='bbox 739 1738 766 1759; x_wconf 88' lang='lat' dir='ltr'><strong>et</strong></span> <span class='ocrx_word' id='word_1_380' title='bbox 792 1733 852 1760; x_wconf 79' lang='lat' dir='ltr'><strong>novi</strong></span> <span class='ocrx_word' id='word_1_381' title='bbox 872 1741 975 1760; x_wconf 62' lang='lat' dir='ltr'><strong>sermo-</strong></span> 
     </span>
    </p>
   </div>
   <div class='ocr_carea' id='block_1_52' title="bbox 174 1777 975 1814">
    <p class='ocr_par' dir='ltr' id='par_1_52' title="bbox 174 1777 975 1814">
     <span class='ocr_line' id='line_1_52' title="bbox 174 1777 975 1814; baseline 0 -8"><span class='ocrx_word' id='word_1_382' title='bbox 174 1780 226 1811; x_wconf 85' lang='lat' dir='ltr'><strong>nis,</strong></span> <span class='ocrx_word' id='word_1_383' title='bbox 243 1778 269 1805; x_wconf 91' lang='lat' dir='ltr'><strong>iu</strong></span> <span class='ocrx_word' id='word_1_384' title='bbox 283 1777 390 1805; x_wconf 79' lang='lat' dir='ltr'><strong>Chrisw</strong></span> <span class='ocrx_word' id='word_1_385' title='bbox 406 1778 471 1813; x_wconf 89' lang='lat' dir='ltr'><strong>jam,</strong></span> <span class='ocrx_word' id='word_1_386' title='bbox 490 1786 543 1806; x_wconf 92' lang='lat' dir='ltr'><strong>non</strong></span> <span class='ocrx_word' id='word_1_387' title='bbox 558 1779 584 1805; x_wconf 90' lang='lat' dir='ltr'><strong>in</strong></span> <span class='ocrx_word' id='word_1_388' title='bbox 606 1778 706 1814; x_wconf 82' lang='lat' dir='ltr'><strong>Moyse.</strong></span> <span class='ocrx_word' id='word_1_389' title='bbox 722 1778 755 1805; x_wconf 83' lang='lat' dir='ltr'><strong>Et</strong></span> <span class='ocrx_word' id='word_1_390' title='bbox 772 1779 898 1814; x_wconf 83' lang='lat' dir='ltr'><strong>jttdicabit</strong></span> <span class='ocrx_word' id='word_1_391' title='bbox 912 1780 975 1806; x_wconf 84' lang='lat' dir='ltr'><strong>inter</strong></span> 
     </span>
    </p>
   </div>
   <div class='ocr_carea' id='block_1_53' title="bbox 174 1824 974 1860">
    <p class='ocr_par' dir='ltr' id='par_1_53' title="bbox 174 1824 974 1860">
     <span class='ocr_line' id='line_1_53' title="bbox 174 1824 974 1860; baseline -0.001 -8"><span class='ocrx_word' id='word_1_392' title='bbox 174 1825 304 1856; x_wconf 76' lang='lat' dir='ltr'><strong>nationes;</strong></span> <span class='ocrx_word' id='word_1_393' title='bbox 319 1824 352 1851; x_wconf 89' lang='lat' dir='ltr'><strong>de</strong></span> <span class='ocrx_word' id='word_1_394' title='bbox 366 1832 459 1852; x_wconf 88' lang='lat' dir='ltr'><strong>errore</strong></span> <span class='ocrx_word' id='word_1_395' title='bbox 481 1825 584 1852; x_wconf 88' lang='lat' dir='ltr'><strong>scilicet</strong></span> <span class='ocrx_word' id='word_1_396' title='bbox 599 1833 701 1852; x_wconf 88' lang='lat' dir='ltr'><strong>earum.</strong></span> <span class='ocrx_word' id='word_1_397' title='bbox 721 1825 753 1851; x_wconf 85' lang='lat' dir='ltr'><strong>Et</strong></span> <span class='ocrx_word' id='word_1_398' title='bbox 779 1825 906 1852; x_wconf 84' lang='lat' dir='ltr'><strong>revincent</strong></span> <span class='ocrx_word' id='word_1_399' title='bbox 927 1834 974 1860; x_wconf 87' lang='lat' dir='ltr'><strong>po-</strong></span> 
     </span>
    </p>
   </div>
   <div class='ocr_carea' id='block_1_54' title="bbox 175 1871 975 1908">
    <p class='ocr_par' dir='ltr' id='par_1_54' title="bbox 175 1871 975 1908">
     <span class='ocr_line' id='line_1_54' title="bbox 175 1871 975 1908; baseline -0.001 -9"><span class='ocrx_word' id='word_1_400' title='bbox 175 1872 263 1908; x_wconf 81' lang='lat' dir='ltr'><strong>pulum</strong></span> <span class='ocrx_word' id='word_1_401' title='bbox 278 1871 404 1906; x_wconf 86' lang='lat' dir='ltr'><strong>amplum,</strong></span> <span class='ocrx_word' id='word_1_402' title='bbox 420 1872 536 1906; x_wconf 77' lang='lat' dir='ltr'><strong>ipsorum</strong></span> <span class='ocrx_word' id='word_1_403' title='bbox 553 1872 578 1898; x_wconf 93' lang='lat' dir='ltr'><strong>in</strong></span> <span class='ocrx_word' id='word_1_404' title='bbox 595 1872 687 1906; x_wconf 88' lang='lat' dir='ltr'><strong>pritnis</strong></span> <span class='ocrx_word' id='word_1_405' title='bbox 706 1871 859 1899; x_wconf 73' lang='lat' dir='ltr'><strong>Judtnornm</strong></span> <span class='ocrx_word' id='word_1_406' title='bbox 874 1877 900 1899; x_wconf 85' lang='lat' dir='ltr'><strong>ct</strong></span> <span class='ocrx_word' id='word_1_407' title='bbox 913 1879 975 1906; x_wconf 86' lang='lat' dir='ltr'><strong>prn-</strong></span> 
     </span>
    </p>
   </div>
   <div class='ocr_carea' id='block_1_55' title="bbox 175 1918 975 1955">
    <p class='ocr_par' dir='ltr' id='par_1_55' title="bbox 175 1918 975 1955">
     <span class='ocr_line' id='line_1_55' title="bbox 175 1918 975 1955; baseline -0.001 -8"><span class='ocrx_word' id='word_1_408' title='bbox 175 1919 333 1955; x_wconf 82' lang='lat' dir='ltr'><strong>sclytnrnm.</strong></span> <span class='ocrx_word' id='word_1_409' title='bbox 352 1918 385 1945; x_wconf 72' lang='lat' dir='ltr'><strong>Et</strong></span> <span class='ocrx_word' id='word_1_410' title='bbox 409 1919 541 1946; x_wconf 78' lang='lat' dir='ltr'><strong>concident</strong></span> <span class='ocrx_word' id='word_1_411' title='bbox 567 1920 708 1945; x_wconf 73' lang='lat' dir='ltr'><strong>mae/ueras</strong></span> <span class='ocrx_word' id='word_1_412' title='bbox 730 1927 788 1945; x_wconf 78' lang='lat' dir='ltr'><strong>suas</strong></span> <span class='ocrx_word' id='word_1_413' title='bbox 803 1919 828 1945; x_wconf 85' lang='lat' dir='ltr'><strong>in</strong></span> <span class='ocrx_word' id='word_1_414' title='bbox 841 1923 937 1951; x_wconf 83' lang='lat' dir='ltr'><strong>aratra.</strong></span> <span class='ocrx_word' id='word_1_415' title='bbox 953 1924 975 1946; x_wconf 87' lang='lat' dir='ltr'><strong>et</strong></span> 
     </span>
    </p>
   </div>
   <div class='ocr_carea' id='block_1_56' title="bbox 176 1961 976 2000">
    <p class='ocr_par' dir='ltr' id='par_1_56' title="bbox 176 1961 976 2000">
     <span class='ocr_line' id='line_1_56' title="bbox 176 1961 976 2000; baseline 0 -8"><span class='ocrx_word' id='word_1_416' title='bbox 176 1965 279 2000; x_wconf 74' lang='lat' dir='ltr'><strong>sibyuas</strong></span> <span class='ocrx_word' id='word_1_417' title='bbox 292 1965 318 1991; x_wconf 85' lang='lat' dir='ltr'><strong>in</strong></span> <span class='ocrx_word' id='word_1_418' title='bbox 332 1965 409 2000; x_wconf 83' lang='lat' dir='ltr'><strong>falces</strong></span> <span class='ocrx_word' id='word_1_419' title='bbox 424 1964 473 2000; x_wconf 86' lang='lat' dir='ltr'><strong>(a),</strong></span> <span class='ocrx_word' id='word_1_420' title='bbox 498 1964 523 1991; x_wconf 88' lang='lat' dir='ltr'><strong>id</strong></span> <span class='ocrx_word' id='word_1_421' title='bbox 535 1961 585 1997; x_wconf 83' lang='lat' dir='ltr'><strong>cst,</strong></span> <span class='ocrx_word' id='word_1_422' title='bbox 601 1965 751 1991; x_wconf 88' lang='lat' dir='ltr'><strong>animorum</strong></span> <span class='ocrx_word' id='word_1_423' title='bbox 769 1962 933 1998; x_wconf 82' lang='lat' dir='ltr'><strong>nocentium,</strong></span> <span class='ocrx_word' id='word_1_424' title='bbox 950 1969 976 1992; x_wconf 79' lang='lat' dir='ltr'><strong>et</strong></span> 
     </span>
    </p>
   </div>
   <div class='ocr_carea' id='block_1_57' title="bbox 176 2011 977 2047">
    <p class='ocr_par' dir='ltr' id='par_1_57' title="bbox 176 2011 977 2047">
     <span class='ocr_line' id='line_1_57' title="bbox 176 2011 977 2047; baseline -0.002 -7"><span class='ocrx_word' id='word_1_425' title='bbox 176 2012 326 2046; x_wconf 87' lang='lat' dir='ltr'><strong>linguarum</strong></span> <span class='ocrx_word' id='word_1_426' title='bbox 338 2011 505 2044; x_wconf 78' lang='lat' dir='ltr'><strong>inl‘estarum,</strong></span> <span class='ocrx_word' id='word_1_427' title='bbox 514 2016 539 2039; x_wconf 90' lang='lat' dir='ltr'><strong>ct</strong></span> <span class='ocrx_word' id='word_1_428' title='bbox 550 2012 636 2039; x_wconf 90' lang='lat' dir='ltr'><strong>omnis</strong></span> <span class='ocrx_word' id='word_1_429' title='bbox 649 2012 756 2038; x_wconf 65' lang='lat' dir='ltr'><strong>malitiae</strong></span> <span class='ocrx_word' id='word_1_430' title='bbox 765 2016 843 2047; x_wconf 86' lang='lat' dir='ltr'><strong>atque</strong></span> <span class='ocrx_word' id='word_1_431' title='bbox 853 2011 977 2047; x_wconf 86' lang='lat' dir='ltr'><strong>blasphe—</strong></span> 
     </span>
    </p>
   </div>
   <div class='ocr_carea' id='block_1_58' title="bbox 176 2057 974 2093">
    <p class='ocr_par' dir='ltr' id='par_1_58' title="bbox 176 2057 974 2093">
     <span class='ocr_line' id='line_1_58' title="bbox 176 2057 974 2093; baseline -0.003 -7"><span class='ocrx_word' id='word_1_432' title='bbox 176 2058 237 2086; x_wconf 60' lang='lat' dir='ltr'><strong>miae</strong></span> <span class='ocrx_word' id='word_1_433' title='bbox 251 2058 356 2093; x_wconf 86' lang='lat' dir='ltr'><strong>ingenia</strong></span> <span class='ocrx_word' id='word_1_434' title='bbox 372 2062 531 2085; x_wconf 89' lang='lat' dir='ltr'><strong>convertcnt</strong></span> <span class='ocrx_word' id='word_1_435' title='bbox 555 2059 579 2084; x_wconf 94' lang='lat' dir='ltr'><strong>in</strong></span> <span class='ocrx_word' id='word_1_436' title='bbox 594 2057 680 2084; x_wconf 82' lang='lat' dir='ltr'><strong>studia</strong></span> <span class='ocrx_word' id='word_1_437' title='bbox 697 2057 835 2085; x_wconf 73' lang='lat' dir='ltr'><strong>modesti-.e</strong></span> <span class='ocrx_word' id='word_1_438' title='bbox 849 2063 877 2084; x_wconf 89' lang='lat' dir='ltr'><strong>et</strong></span> <span class='ocrx_word' id='word_1_439' title='bbox 893 2057 974 2092; x_wconf 88' lang='lat' dir='ltr'><strong>pacis.</strong></span> 
     </span>
    </p>
   </div>
   <div class='ocr_carea' id='block_1_59' title="bbox 176 2104 977 2140">
    <p class='ocr_par' dir='ltr' id='par_1_59' title="bbox 176 2104 977 2140">
     <span class='ocr_line' id='line_1_59' title="bbox 176 2104 977 2140; baseline 0 -8"><span class='ocrx_word' id='word_1_440' title='bbox 176 2104 212 2132; x_wconf 84' lang='lat' dir='ltr'><strong>Et</strong></span> <span class='ocrx_word' id='word_1_441' title='bbox 225 2113 275 2132; x_wconf 86' lang='lat' dir='ltr'><strong>non</strong></span> <span class='ocrx_word' id='word_1_442' title='bbox 290 2105 396 2139; x_wconf 78' lang='lat' dir='ltr'><strong>accipiet</strong></span> <span class='ocrx_word' id='word_1_443' title='bbox 408 2113 469 2140; x_wconf 76' lang='lat' dir='ltr'><strong>gens</strong></span> <span class='ocrx_word' id='word_1_444' title='bbox 490 2113 565 2138; x_wconf 79' lang='lat' dir='ltr'><strong>super</strong></span> <span class='ocrx_word' id='word_1_445' title='bbox 582 2109 680 2140; x_wconf 82' lang='lat' dir='ltr'><strong>gentem</strong></span> <span class='ocrx_word' id='word_1_446' title='bbox 694 2105 847 2131; x_wconf 69' lang='lat' dir='ltr'><strong>mae/nerant</strong></span> <span class='ocrx_word' id='word_1_447' title='bbox 860 2113 869 2131; x_wconf 88' lang='lat'><strong>.&#39;</strong></span> <span class='ocrx_word' id='word_1_448' title='bbox 885 2104 977 2139; x_wconf 83' lang='lat' dir='ltr'><strong>utique</strong></span> 
     </span>
    </p>
   </div>
   <div class='ocr_carea' id='block_1_60' title="bbox 177 2151 976 2185">
    <p class='ocr_par' dir='ltr' id='par_1_60' title="bbox 177 2151 976 2185">
     <span class='ocr_line' id='line_1_60' title="bbox 177 2151 976 2185; baseline -0.003 -5"><span class='ocrx_word' id='word_1_449' title='bbox 177 2152 319 2180; x_wconf 85' lang='lat' dir='ltr'><strong>discordi-.e</strong></span> <span class='ocrx_word' id='word_1_450' title='bbox 331 2161 337 2184; x_wconf 86' lang='lat'>;</span> <span class='ocrx_word' id='word_1_451' title='bbox 350 2156 372 2178; x_wconf 89' lang='lat' dir='ltr'><strong>et</strong></span> <span class='ocrx_word' id='word_1_452' title='bbox 386 2159 435 2178; x_wconf 86' lang='lat' dir='ltr'><strong>non</strong></span> <span class='ocrx_word' id='word_1_453' title='bbox 446 2152 542 2179; x_wconf 81' lang='lat' dir='ltr'><strong>discent</strong></span> <span class='ocrx_word' id='word_1_454' title='bbox 554 2152 665 2185; x_wconf 81' lang='lat' dir='ltr'><strong>amplius</strong></span> <span class='ocrx_word' id='word_1_455' title='bbox 674 2151 778 2183; x_wconf 85' lang='lat' dir='ltr'><strong>bellare,</strong></span> <span class='ocrx_word' id='word_1_456' title='bbox 788 2151 813 2179; x_wconf 91' lang='lat' dir='ltr'><strong>id</strong></span> <span class='ocrx_word' id='word_1_457' title='bbox 826 2156 877 2185; x_wconf 84' lang='lat' dir='ltr'><strong>est,</strong></span> <span class='ocrx_word' id='word_1_458' title='bbox 886 2151 976 2179; x_wconf 90' lang='lat' dir='ltr'><strong>inimi-</strong></span> 
     </span>
    </p>
   </div>
   <div class='ocr_carea' id='block_1_61' title="bbox 178 2197 976 2233">
    <p class='ocr_par' dir='ltr' id='par_1_61' title="bbox 178 2197 976 2233">
     <span class='ocr_line' id='line_1_61' title="bbox 178 2197 976 2233; baseline -0.001 -8"><span class='ocrx_word' id='word_1_459' title='bbox 178 2198 254 2226; x_wconf 89' lang='lat' dir='ltr'><strong>citias</strong></span> <span class='ocrx_word' id='word_1_460' title='bbox 270 2197 416 2233; x_wconf 87' lang='lat' dir='ltr'><strong>perlicere;</strong></span> <span class='ocrx_word' id='word_1_461' title='bbox 434 2202 461 2224; x_wconf 91' lang='lat' dir='ltr'><strong>ut</strong></span> <span class='ocrx_word' id='word_1_462' title='bbox 475 2203 501 2224; x_wconf 88' lang='lat' dir='ltr'><strong>et</strong></span> <span class='ocrx_word' id='word_1_463' title='bbox 517 2198 559 2224; x_wconf 89' lang='lat' dir='ltr'><strong>hie</strong></span> <span class='ocrx_word' id='word_1_464' title='bbox 575 2198 663 2224; x_wconf 83' lang='lat' dir='ltr'><strong>discas</strong></span> <span class='ocrx_word' id='word_1_465' title='bbox 678 2198 814 2225; x_wconf 85' lang='lat' dir='ltr'><strong>Christum</strong></span> <span class='ocrx_word' id='word_1_466' title='bbox 841 2206 894 2224; x_wconf 84' lang='lat' dir='ltr'><strong>non</strong></span> <span class='ocrx_word' id='word_1_467' title='bbox 916 2197 976 2224; x_wconf 90' lang='lat' dir='ltr'><strong>belli</strong></span> 
     </span>
    </p>
   </div>
   <div class='ocr_carea' id='block_1_62' title="bbox 177 2245 977 2281">
    <p class='ocr_par' dir='ltr' id='par_1_62' title="bbox 177 2245 977 2281">
     <span class='ocr_line' id='line_1_62' title="bbox 177 2245 977 2281; baseline 0.001 -9"><span class='ocrx_word' id='word_1_468' title='bbox 177 2250 326 2281; x_wconf 78' lang='lat' dir='ltr'><strong>potentem,</strong></span> <span class='ocrx_word' id='word_1_469' title='bbox 341 2245 387 2272; x_wconf 86' lang='lat' dir='ltr'><strong>sed</strong></span> <span class='ocrx_word' id='word_1_470' title='bbox 399 2267 401 2269; x_wconf 49' lang='grc' dir='ltr'><strong><em>μ</em></strong></span> <span class='ocrx_word' id='word_1_471' title='bbox 413 2245 557 2280; x_wconf 74' lang='lat' dir='ltr'><strong>paciferqu</strong></span> <span class='ocrx_word' id='word_1_472' title='bbox 577 2245 779 2280; x_wconf 89' lang='lat' dir='ltr'><strong>repromisstnn.</strong></span> <span class='ocrx_word' id='word_1_473' title='bbox 803 2246 863 2272; x_wconf 66' lang='lat' dir='ltr'><strong>llatc</strong></span> <span class='ocrx_word' id='word_1_474' title='bbox 878 2249 922 2273; x_wconf 89' lang='lat' dir='ltr'><strong>aut</strong></span> <span class='ocrx_word' id='word_1_475' title='bbox 938 2245 977 2281; x_wconf 62' lang='lat'><strong>(4)</strong></span> 
     </span>
    </p>
   </div>
   <div class='ocr_carea' id='block_1_63' title="bbox 179 2290 1017 2331">
    <p class='ocr_par' dir='ltr' id='par_1_63' title="bbox 179 2290 1017 2331">
     <span class='ocr_line' id='line_1_63' title="bbox 179 2290 1017 2331; baseline 0 -13"><span class='ocrx_word' id='word_1_476' title='bbox 179 2291 338 2325; x_wconf 85' lang='lat' dir='ltr'><strong>prophetata</strong></span> <span class='ocrx_word' id='word_1_477' title='bbox 358 2298 441 2325; x_wconf 90' lang='lat' dir='ltr'><strong>nega,</strong></span> <span class='ocrx_word' id='word_1_478' title='bbox 464 2298 524 2318; x_wconf 91' lang='lat' dir='ltr'><strong>cum</strong></span> <span class='ocrx_word' id='word_1_479' title='bbox 549 2297 639 2317; x_wconf 82' lang='lat' dir='ltr'><strong>coram</strong></span> <span class='ocrx_word' id='word_1_480' title='bbox 659 2290 800 2323; x_wconf 84' lang='lat' dir='ltr'><strong>videntur;</strong></span> <span class='ocrx_word' id='word_1_481' title='bbox 826 2295 871 2317; x_wconf 91' lang='lat' dir='ltr'><strong>aut</strong></span> <span class='ocrx_word' id='word_1_482' title='bbox 891 2291 976 2318; x_wconf 87' lang='lat' dir='ltr'><strong>adim-</strong></span> <span class='ocrx_word' id='word_1_483' title='bbox 992 2303 1017 2331; x_wconf 66' lang='grc' dir='ltr'>ι)</span> 
     </span>
    </p>
   </div>
   <div class='ocr_carea' id='block_1_64' title="bbox 179 2336 978 2372">
    <p class='ocr_par' dir='ltr' id='par_1_64' title="bbox 179 2336 978 2372">
     <span class='ocr_line' id='line_1_64' title="bbox 179 2336 978 2372; baseline 0.001 -9"><span class='ocrx_word' id='word_1_484' title='bbox 179 2337 266 2371; x_wconf 79' lang='lat' dir='ltr'><strong>pleta,</strong></span> <span class='ocrx_word' id='word_1_485' title='bbox 289 2344 349 2363; x_wconf 83' lang='lat' dir='ltr'><strong>curn</strong></span> <span class='ocrx_word' id='word_1_486' title='bbox 367 2337 501 2371; x_wconf 84' lang='lat' dir='ltr'><strong>leguntur.</strong></span> <span class='ocrx_word' id='word_1_487' title='bbox 520 2337 570 2363; x_wconf 84' lang='lat' dir='ltr'><strong>Aut</strong></span> <span class='ocrx_word' id='word_1_488' title='bbox 591 2336 613 2363; x_wconf 92' lang='lat' dir='ltr'><strong>si</strong></span> <span class='ocrx_word' id='word_1_489' title='bbox 637 2344 688 2363; x_wconf 93' lang='lat' dir='ltr'><strong>non</strong></span> <span class='ocrx_word' id='word_1_490' title='bbox 716 2344 796 2372; x_wconf 79' lang='lat' dir='ltr'><strong>negas</strong></span> <span class='ocrx_word' id='word_1_491' title='bbox 823 2342 978 2372; x_wconf 84' lang='lat' dir='ltr'><strong>utrumque,</strong></span> 
     </span>
    </p>
   </div>
   <div class='ocr_carea' id='block_1_65' title="bbox 180 2382 978 2418">
    <p class='ocr_par' dir='ltr' id='par_1_65' title="bbox 180 2382 978 2418">
     <span class='ocr_line' id='line_1_65' title="bbox 180 2382 978 2418; baseline -0.001 -9"><span class='ocrx_word' id='word_1_492' title='bbox 180 2382 207 2409; x_wconf 88' lang='lat' dir='ltr'><strong>in</strong></span> <span class='ocrx_word' id='word_1_493' title='bbox 221 2390 253 2409; x_wconf 91' lang='lat' dir='ltr'><strong>co</strong></span> <span class='ocrx_word' id='word_1_494' title='bbox 267 2386 346 2409; x_wconf 89' lang='lat' dir='ltr'><strong>erunt</strong></span> <span class='ocrx_word' id='word_1_495' title='bbox 365 2382 517 2417; x_wconf 74' lang='lat' dir='ltr'><strong>adimplcta,</strong></span> <span class='ocrx_word' id='word_1_496' title='bbox 536 2382 560 2409; x_wconf 95' lang='lat' dir='ltr'><strong>in</strong></span> <span class='ocrx_word' id='word_1_497' title='bbox 575 2390 653 2417; x_wconf 89' lang='lat' dir='ltr'><strong>quem</strong></span> <span class='ocrx_word' id='word_1_498' title='bbox 675 2383 922 2418; x_wconf 77' lang='lat' dir='ltr'><strong>sunt-prophetam.</strong></span> <span class='ocrx_word' id='word_1_499' title='bbox 937 2383 978 2410; x_wconf 87' lang='lat' dir='ltr'><strong>In-</strong></span> 
     </span>
    </p>
   </div>
   <div class='ocr_carea' id='block_1_66' title="bbox 180 2429 977 2465">
    <p class='ocr_par' dir='ltr' id='par_1_66' title="bbox 180 2429 977 2465">
     <span class='ocr_line' id='line_1_66' title="bbox 180 2429 977 2465; baseline 0 -9"><span class='ocrx_word' id='word_1_500' title='bbox 180 2429 253 2465; x_wconf 86' lang='lat' dir='ltr'><strong>spice</strong></span> <span class='ocrx_word' id='word_1_501' title='bbox 262 2431 333 2456; x_wconf 91' lang='lat' dir='ltr'><strong>enim</strong></span> <span class='ocrx_word' id='word_1_502' title='bbox 342 2429 428 2457; x_wconf 88' lang='lat' dir='ltr'><strong>adhuc</strong></span> <span class='ocrx_word' id='word_1_503' title='bbox 438 2430 517 2458; x_wconf 88' lang='lat' dir='ltr'><strong>etiam</strong></span> <span class='ocrx_word' id='word_1_504' title='bbox 530 2431 614 2465; x_wconf 82' lang='lat' dir='ltr'><strong>ipsum</strong></span> <span class='ocrx_word' id='word_1_505' title='bbox 628 2431 831 2464; x_wconf 80' lang='lat' dir='ltr'><strong>introgressuut,</strong></span> <span class='ocrx_word' id='word_1_506' title='bbox 841 2434 920 2464; x_wconf 90' lang='lat' dir='ltr'><strong>atque</strong></span> <span class='ocrx_word' id='word_1_507' title='bbox 931 2429 977 2456; x_wconf 87' lang='lat' dir='ltr'><strong>de-</strong></span> 
     </span>
    </p>
   </div>
   <div class='ocr_carea' id='block_1_67' title="bbox 1024 946 1824 983">
    <p class='ocr_par' dir='ltr' id='par_1_67' title="bbox 1024 946 1824 983">
     <span class='ocr_line' id='line_1_67' title="bbox 1024 946 1824 983; baseline -0.001 -9"><span class='ocrx_word' id='word_1_508' title='bbox 1024 952 1051 975; x_wconf 93' lang='lat' dir='ltr'><strong>ut</strong></span> <span class='ocrx_word' id='word_1_509' title='bbox 1064 947 1176 975; x_wconf 87' lang='lat' dir='ltr'><strong>alterius</strong></span> <span class='ocrx_word' id='word_1_510' title='bbox 1191 947 1238 975; x_wconf 85' lang='lat' dir='ltr'><strong>Dei</strong></span> <span class='ocrx_word' id='word_1_511' title='bbox 1262 948 1467 983; x_wconf 72' lang='lat' dir='ltr'><strong>przedieatnres?</strong></span> <span class='ocrx_word' id='word_1_512' title='bbox 1487 947 1585 983; x_wconf 84' lang='lat' dir='ltr'><strong>Atquin</strong></span> <span class='ocrx_word' id='word_1_513' title='bbox 1599 946 1638 982; x_wconf 88' lang='grc'><strong>(8)</strong></span> <span class='ocrx_word' id='word_1_514' title='bbox 1655 947 1738 982; x_wconf 87' lang='lat' dir='ltr'><strong>ipsius</strong></span> <span class='ocrx_word' id='word_1_515' title='bbox 1750 946 1824 981; x_wconf 82' lang='lat' dir='ltr'><strong>ejus-</strong></span> 
     </span>
    </p>
   </div>
   <div class='ocr_carea' id='block_1_68' title="bbox 1022 991 1825 1029">
    <p class='ocr_par' dir='ltr' id='par_1_68' title="bbox 1022 991 1825 1029">
     <span class='ocr_line' id='line_1_68' title="bbox 1022 991 1825 1029; baseline -0.004 -8"><span class='ocrx_word' id='word_1_516' title='bbox 1022 993 1095 1026; x_wconf 89' lang='lat' dir='ltr'><strong>dem,</strong></span> <span class='ocrx_word' id='word_1_517' title='bbox 1112 994 1189 1029; x_wconf 89' lang='lat' dir='ltr'><strong>cujus</strong></span> <span class='ocrx_word' id='word_1_518' title='bbox 1204 995 1363 1029; x_wconf 84' lang='lat' dir='ltr'><strong>scripturam</strong></span> <span class='ocrx_word' id='word_1_519' title='bbox 1378 1001 1438 1021; x_wconf 88' lang='lat' dir='ltr'><strong>ctttn</strong></span> <span class='ocrx_word' id='word_1_520' title='bbox 1453 994 1568 1020; x_wconf 82' lang='lat' dir='ltr'><strong>maxime</strong></span> <span class='ocrx_word' id='word_1_521' title='bbox 1590 992 1746 1027; x_wconf 85' lang='lat' dir='ltr'><strong>implebant.</strong></span> <span class='ocrx_word' id='word_1_522' title='bbox 1775 991 1825 1018; x_wconf 88' lang='lat' dir='ltr'><strong>Di-</strong></span> 
     </span>
    </p>
   </div>
   <div class='ocr_carea' id='block_1_69' title="bbox 1023 1039 1825 1075">
    <p class='ocr_par' dir='ltr' id='par_1_69' title="bbox 1023 1039 1825 1075">
     <span class='ocr_line' id='line_1_69' title="bbox 1023 1039 1825 1075; baseline -0.001 -8"><span class='ocrx_word' id='word_1_523' title='bbox 1023 1041 1120 1071; x_wconf 75' lang='lat' dir='ltr'><strong>vertite,</strong></span> <span class='ocrx_word' id='word_1_524' title='bbox 1137 1041 1261 1073; x_wconf 79' lang='lat' dir='ltr'><strong>divertite,</strong></span> <span class='ocrx_word' id='word_1_525' title='bbox 1276 1040 1402 1068; x_wconf 84' lang='lat' dir='ltr'><strong>inclamat</strong></span> <span class='ocrx_word' id='word_1_526' title='bbox 1421 1040 1514 1068; x_wconf 86' lang='lat' dir='ltr'><strong>Esaias</strong></span> <span class='ocrx_word' id='word_1_527' title='bbox 1530 1039 1591 1075; x_wconf 80' lang='lat' dir='ltr'><strong>(ls.,</strong></span> <span class='ocrx_word' id='word_1_528' title='bbox 1610 1039 1662 1071; x_wconf 80' lang='lat' dir='ltr'>LII.</span> <span class='ocrx_word' id='word_1_529' title='bbox 1679 1040 1735 1074; x_wconf 81' lang='grc' dir='ltr'><strong>ΙΙ),</strong></span> <span class='ocrx_word' id='word_1_530' title='bbox 1750 1047 1825 1066; x_wconf 78' lang='grc' dir='ltr'><strong>επε-</strong></span> 
     </span>
    </p>
   </div>
   <div class='ocr_carea' id='block_1_70' title="bbox 1023 1080 1825 1121">
    <p class='ocr_par' dir='ltr' id='par_1_70' title="bbox 1023 1080 1825 1121">
     <span class='ocr_line' id='line_1_70' title="bbox 1023 1080 1825 1121; baseline -0.001 -9"><span class='ocrx_word' id='word_1_531' title='bbox 1023 1086 1075 1113; x_wconf 84' lang='lat' dir='ltr'><strong>dite</strong></span> <span class='ocrx_word' id='word_1_532' title='bbox 1089 1080 1169 1118; x_wconf 82' lang='lat' dir='ltr'><strong>illine,</strong></span> <span class='ocrx_word' id='word_1_533' title='bbox 1185 1091 1207 1113; x_wconf 80' lang='lat' dir='ltr'><strong>et</strong></span> <span class='ocrx_word' id='word_1_534' title='bbox 1222 1086 1382 1113; x_wconf 83' lang='lat' dir='ltr'><strong>immundum</strong></span> <span class='ocrx_word' id='word_1_535' title='bbox 1404 1095 1434 1113; x_wconf 85' lang='lat' dir='ltr'><strong>ne</strong></span> <span class='ocrx_word' id='word_1_536' title='bbox 1455 1086 1608 1121; x_wconf 71' lang='lat' dir='ltr'><strong>alliget-itis;</strong></span> <span class='ocrx_word' id='word_1_537' title='bbox 1632 1085 1825 1119; x_wconf 83' lang='lat' dir='ltr'><strong>blasphemiam</strong></span> 
     </span>
    </p>
   </div>
   <div class='ocr_carea' id='block_1_71' title="bbox 1023 1132 1826 1167">
    <p class='ocr_par' dir='ltr' id='par_1_71' title="bbox 1023 1132 1826 1167">
     <span class='ocr_line' id='line_1_71' title="bbox 1023 1132 1826 1167; baseline 0 -8"><span class='ocrx_word' id='word_1_538' title='bbox 1023 1132 1126 1159; x_wconf 89' lang='lat' dir='ltr'><strong>scilicet</strong></span> <span class='ocrx_word' id='word_1_539' title='bbox 1150 1133 1175 1160; x_wconf 90' lang='lat' dir='ltr'><strong>in</strong></span> <span class='ocrx_word' id='word_1_540' title='bbox 1199 1133 1344 1160; x_wconf 79' lang='lat' dir='ltr'><strong>Christum.</strong></span> <span class='ocrx_word' id='word_1_541' title='bbox 1363 1132 1482 1160; x_wconf 69' lang='lat' dir='ltr'><strong>Excedite</strong></span> <span class='ocrx_word' id='word_1_542' title='bbox 1505 1133 1536 1159; x_wconf 84' lang='lat' dir='ltr'><strong>de</strong></span> <span class='ocrx_word' id='word_1_543' title='bbox 1558 1132 1640 1159; x_wconf 85' lang='lat' dir='ltr'><strong>medio</strong></span> <span class='ocrx_word' id='word_1_544' title='bbox 1653 1132 1719 1167; x_wconf 83' lang='lat' dir='ltr'><strong>ejus,</strong></span> <span class='ocrx_word' id='word_1_545' title='bbox 1737 1133 1826 1167; x_wconf 86' lang='lat' dir='ltr'><strong>utique</strong></span> 
     </span>
    </p>
   </div>
   <div class='ocr_carea' id='block_1_72' title="bbox 1023 1178 1824 1215">
    <p class='ocr_par' dir='ltr' id='par_1_72' title="bbox 1023 1178 1824 1215">
     <span class='ocr_line' id='line_1_72' title="bbox 1023 1178 1824 1215; baseline -0.002 -9"><span class='ocrx_word' id='word_1_546' title='bbox 1023 1186 1183 1214; x_wconf 66' lang='lat' dir='ltr'><strong>synagogm;</strong></span> <span class='ocrx_word' id='word_1_547' title='bbox 1198 1180 1353 1215; x_wconf 76' lang='lat' dir='ltr'><strong>sepm&#39;atttini</strong></span> <span class='ocrx_word' id='word_1_548' title='bbox 1366 1178 1406 1215; x_wconf 86' lang='lat'><strong>(9)</strong></span> <span class='ocrx_word' id='word_1_549' title='bbox 1421 1179 1465 1214; x_wconf 84' lang='lat' dir='ltr'><strong>qui</strong></span> <span class='ocrx_word' id='word_1_550' title='bbox 1479 1178 1606 1206; x_wconf 83' lang='lat' dir='ltr'><strong>dominica</strong></span> <span class='ocrx_word' id='word_1_551' title='bbox 1621 1178 1677 1214; x_wconf 85' lang='lat' dir='ltr'><strong>(l0)</strong></span> <span class='ocrx_word' id='word_1_552' title='bbox 1692 1186 1751 1205; x_wconf 79' lang='lat' dir='ltr'><strong>uasa</strong></span> <span class='ocrx_word' id='word_1_553' title='bbox 1764 1186 1824 1214; x_wconf 83' lang='lat' dir='ltr'><strong>por-</strong></span> 
     </span>
    </p>
   </div>
   <div class='ocr_carea' id='block_1_73' title="bbox 1024 1224 1824 1261">
    <p class='ocr_par' dir='ltr' id='par_1_73' title="bbox 1024 1224 1824 1261">
     <span class='ocr_line' id='line_1_73' title="bbox 1024 1224 1824 1261; baseline 0.003 -11"><span class='ocrx_word' id='word_1_554' title='bbox 1024 1225 1092 1251; x_wconf 82' lang='lat' dir='ltr'><strong>tatis.</strong></span> <span class='ocrx_word' id='word_1_555' title='bbox 1108 1224 1165 1252; x_wconf 87' lang='lat' dir='ltr'><strong>.Iam</strong></span> <span class='ocrx_word' id='word_1_556' title='bbox 1177 1225 1260 1257; x_wconf 85' lang='lat' dir='ltr'><strong>enim.</strong></span> <span class='ocrx_word' id='word_1_557' title='bbox 1274 1225 1420 1253; x_wconf 87' lang='lat' dir='ltr'><strong>secundum</strong></span> <span class='ocrx_word' id='word_1_558' title='bbox 1437 1232 1514 1260; x_wconf 88' lang='lat' dir='ltr'><strong>supra</strong></span> <span class='ocrx_word' id='word_1_559' title='bbox 1530 1225 1628 1259; x_wconf 89' lang='lat' dir='ltr'><strong>scripta</strong></span> <span class='ocrx_word' id='word_1_560' title='bbox 1645 1224 1741 1261; x_wconf 85' lang='lat' dir='ltr'><strong>(lbid.,</strong></span> <span class='ocrx_word' id='word_1_561' title='bbox 1768 1224 1824 1260; x_wconf 75' lang='lat'><strong>10),</strong></span> 
     </span>
    </p>
   </div>
   <div class='ocr_carea' id='block_1_74' title="bbox 1024 1270 1826 1304">
    <p class='ocr_par' dir='ltr' id='par_1_74' title="bbox 1024 1270 1826 1304">
     <span class='ocr_line' id='line_1_74' title="bbox 1024 1270 1826 1304; baseline 0 -7"><span class='ocrx_word' id='word_1_562' title='bbox 1024 1271 1175 1298; x_wconf 77' lang='lat' dir='ltr'><strong>revelaverat</strong></span> <span class='ocrx_word' id='word_1_563' title='bbox 1202 1271 1326 1298; x_wconf 81' lang='lat' dir='ltr'><strong>Dominus</strong></span> <span class='ocrx_word' id='word_1_564' title='bbox 1341 1271 1444 1298; x_wconf 75' lang='lat' dir='ltr'><strong>brae/tio</strong></span> <span class='ocrx_word' id='word_1_565' title='bbox 1467 1279 1514 1298; x_wconf 85' lang='lat' dir='ltr'><strong>suo</strong></span> <span class='ocrx_word' id='word_1_566' title='bbox 1526 1275 1652 1304; x_wconf 84' lang='lat' dir='ltr'><strong>sanctum,</strong></span> <span class='ocrx_word' id='word_1_567' title='bbox 1667 1270 1692 1297; x_wconf 93' lang='lat' dir='ltr'><strong>id</strong></span> <span class='ocrx_word' id='word_1_568' title='bbox 1705 1275 1756 1302; x_wconf 88' lang='lat' dir='ltr'><strong>est,</strong></span> <span class='ocrx_word' id='word_1_569' title='bbox 1772 1270 1826 1297; x_wconf 86' lang='lat' dir='ltr'><strong>vir-</strong></span> 
     </span>
    </p>
   </div>
   <div class='ocr_carea' id='block_1_75' title="bbox 1025 1315 1826 1350">
    <p class='ocr_par' dir='ltr' id='par_1_75' title="bbox 1025 1315 1826 1350">
     <span class='ocr_line' id='line_1_75' title="bbox 1025 1315 1826 1350; baseline -0.001 -8"><span class='ocrx_word' id='word_1_570' title='bbox 1025 1319 1079 1343; x_wconf 88' lang='lat' dir='ltr'><strong>tute</strong></span> <span class='ocrx_word' id='word_1_571' title='bbox 1091 1324 1136 1344; x_wconf 88' lang='lat' dir='ltr'><strong>sua</strong></span> <span class='ocrx_word' id='word_1_572' title='bbox 1153 1316 1299 1350; x_wconf 79' lang='lat' dir='ltr'><strong>Christum,</strong></span> <span class='ocrx_word' id='word_1_573' title='bbox 1309 1325 1395 1344; x_wconf 84' lang='lat' dir='ltr'><strong>coram</strong></span> <span class='ocrx_word' id='word_1_574' title='bbox 1409 1316 1563 1347; x_wconf 81' lang='lat' dir='ltr'><strong>nationibus,</strong></span> <span class='ocrx_word' id='word_1_575' title='bbox 1595 1320 1622 1342; x_wconf 84' lang='lat' dir='ltr'><strong>ut</strong></span> <span class='ocrx_word' id='word_1_576' title='bbox 1645 1315 1754 1342; x_wconf 81' lang='lat' dir='ltr'><strong>viderint</strong></span> <span class='ocrx_word' id='word_1_577' title='bbox 1769 1315 1826 1342; x_wconf 81' lang='lat' dir='ltr'><strong>uni-</strong></span> 
     </span>
    </p>
   </div>
   <div class='ocr_carea' id='block_1_76' title="bbox 1024 1362 1826 1397">
    <p class='ocr_par' dir='ltr' id='par_1_76' title="bbox 1024 1362 1826 1397">
     <span class='ocr_line' id='line_1_76' title="bbox 1024 1362 1826 1397; baseline -0.001 -8"><span class='ocrx_word' id='word_1_578' title='bbox 1024 1370 1102 1389; x_wconf 72' lang='lat' dir='ltr'><strong>versa:</strong></span> <span class='ocrx_word' id='word_1_579' title='bbox 1127 1363 1240 1389; x_wconf 84' lang='lat' dir='ltr'><strong>nationes</strong></span> <span class='ocrx_word' id='word_1_580' title='bbox 1262 1369 1288 1390; x_wconf 90' lang='lat' dir='ltr'><strong>et</strong></span> <span class='ocrx_word' id='word_1_581' title='bbox 1306 1371 1404 1389; x_wconf 80' lang='lat' dir='ltr'><strong>samum</strong></span> <span class='ocrx_word' id='word_1_582' title='bbox 1428 1367 1501 1389; x_wconf 77' lang='lat' dir='ltr'><strong>terra:</strong></span> <span class='ocrx_word' id='word_1_583' title='bbox 1522 1362 1640 1394; x_wconf 79' lang='lat' dir='ltr'><strong>salutem,</strong></span> <span class='ocrx_word' id='word_1_584' title='bbox 1664 1369 1721 1397; x_wconf 71' lang='lat' dir='ltr'><strong>quia</strong></span> <span class='ocrx_word' id='word_1_585' title='bbox 1743 1365 1797 1388; x_wconf 76' lang='lat' dir='ltr'><strong>erat</strong></span> <span class='ocrx_word' id='word_1_586' title='bbox 1810 1369 1826 1388; x_wconf 78' lang='grc' dir='ltr'><em>α</em></span> 
     </span>
    </p>
   </div>
   <div class='ocr_carea' id='block_1_77' title="bbox 1027 1405 1827 1443">
    <p class='ocr_par' dir='ltr' id='par_1_77' title="bbox 1027 1405 1827 1443">
     <span class='ocr_line' id='line_1_77' title="bbox 1027 1405 1827 1443; baseline 0 -9"><span class='ocrx_word' id='word_1_587' title='bbox 1027 1407 1089 1434; x_wconf 85' lang='lat' dir='ltr'><strong>Deo.</strong></span> <span class='ocrx_word' id='word_1_588' title='bbox 1104 1408 1148 1435; x_wconf 91' lang='lat' dir='ltr'><strong>Sic</strong></span> <span class='ocrx_word' id='word_1_589' title='bbox 1164 1412 1191 1435; x_wconf 92' lang='lat' dir='ltr'><strong>ct</strong></span> <span class='ocrx_word' id='word_1_590' title='bbox 1214 1408 1246 1435; x_wconf 91' lang='lat' dir='ltr'><strong>ab</strong></span> <span class='ocrx_word' id='word_1_591' title='bbox 1263 1408 1321 1443; x_wconf 87' lang='lat' dir='ltr'><strong>ipso</strong></span> <span class='ocrx_word' id='word_1_592' title='bbox 1334 1408 1468 1442; x_wconf 89' lang='lat' dir='ltr'><strong>judaismo</strong></span> <span class='ocrx_word' id='word_1_593' title='bbox 1481 1407 1654 1439; x_wconf 82' lang='lat' dir='ltr'><strong>dircrtentes,</strong></span> <span class='ocrx_word' id='word_1_594' title='bbox 1672 1414 1732 1435; x_wconf 88' lang='lat' dir='ltr'><strong>cum</strong></span> <span class='ocrx_word' id='word_1_595' title='bbox 1748 1405 1770 1434; x_wconf 84' lang='grc' dir='ltr'><strong>Ι..</strong></span> <span class='ocrx_word' id='word_1_596' title='bbox 1781 1407 1827 1442; x_wconf 75' lang='lat' dir='ltr'><strong>gis</strong></span> 
     </span>
    </p>
   </div>
   <div class='ocr_carea' id='block_1_78' title="bbox 1025 1453 1827 1489">
    <p class='ocr_par' dir='ltr' id='par_1_78' title="bbox 1025 1453 1827 1489">
     <span class='ocr_line' id='line_1_78' title="bbox 1025 1453 1827 1489; baseline -0.001 -8"><span class='ocrx_word' id='word_1_597' title='bbox 1025 1454 1202 1489; x_wconf 83' lang='lat' dir='ltr'><strong>ohligamenta</strong></span> <span class='ocrx_word' id='word_1_598' title='bbox 1217 1460 1243 1481; x_wconf 90' lang='lat' dir='ltr'><strong>et</strong></span> <span class='ocrx_word' id='word_1_599' title='bbox 1263 1462 1344 1482; x_wconf 89' lang='lat' dir='ltr'><strong>onera</strong></span> <span class='ocrx_word' id='word_1_600' title='bbox 1359 1454 1510 1489; x_wconf 81' lang='lat' dir='ltr'><strong>evangelica</strong></span> <span class='ocrx_word' id='word_1_601' title='bbox 1524 1453 1579 1489; x_wconf 83' lang='lat' dir='ltr'><strong>jam</strong></span> <span class='ocrx_word' id='word_1_602' title='bbox 1599 1454 1721 1481; x_wconf 86' lang='lat' dir='ltr'><strong>libertate</strong></span> <span class='ocrx_word' id='word_1_603' title='bbox 1742 1458 1827 1480; x_wconf 88' lang='lat' dir='ltr'><strong>tnnta-</strong></span> 
     </span>
    </p>
   </div>
   <div class='ocr_carea' id='block_1_79' title="bbox 1026 1499 1828 1536">
    <p class='ocr_par' dir='ltr' id='par_1_79' title="bbox 1026 1499 1828 1536">
     <span class='ocr_line' id='line_1_79' title="bbox 1026 1499 1828 1536; baseline -0.005 -8"><span class='ocrx_word' id='word_1_604' title='bbox 1026 1505 1095 1533; x_wconf 87' lang='lat' dir='ltr'><strong>rent,</strong></span> <span class='ocrx_word' id='word_1_605' title='bbox 1113 1501 1242 1536; x_wconf 87' lang='lat' dir='ltr'><strong>psalmum</strong></span> <span class='ocrx_word' id='word_1_606' title='bbox 1255 1500 1313 1536; x_wconf 78' lang='lat' dir='ltr'><strong>(Ps.</strong></span> <span class='ocrx_word' id='word_1_607' title='bbox 1330 1500 1361 1532; x_wconf 89' lang='lat' dir='ltr'><strong>ll,</strong></span> <span class='ocrx_word' id='word_1_608' title='bbox 1382 1501 1409 1535; x_wconf 79' lang='grc'>5)</span> <span class='ocrx_word' id='word_1_609' title='bbox 1421 1501 1656 1535; x_wconf 78' lang='lat' dir='ltr'><strong>exsequebantur:</strong></span> <span class='ocrx_word' id='word_1_610' title='bbox 1675 1499 1828 1536; x_wconf 83' lang='lat' dir='ltr'><strong>Disrumpa-</strong></span> 
     </span>
    </p>
   </div>
   <div class='ocr_carea' id='block_1_80' title="bbox 1026 1542 1828 1582">
    <p class='ocr_par' dir='ltr' id='par_1_80' title="bbox 1026 1542 1828 1582">
     <span class='ocr_line' id='line_1_80' title="bbox 1026 1542 1828 1582; baseline 0 -9"><span class='ocrx_word' id='word_1_611' title='bbox 1026 1554 1081 1573; x_wconf 86' lang='lat' dir='ltr'><strong>mus</strong></span> <span class='ocrx_word' id='word_1_612' title='bbox 1092 1547 1192 1573; x_wconf 78' lang='lat' dir='ltr'><strong>vincula</strong></span> <span class='ocrx_word' id='word_1_613' title='bbox 1207 1555 1304 1580; x_wconf 86' lang='lat' dir='ltr'><strong>eorum,</strong></span> <span class='ocrx_word' id='word_1_614' title='bbox 1314 1552 1337 1574; x_wconf 86' lang='lat' dir='ltr'><strong>et</strong></span> <span class='ocrx_word' id='word_1_615' title='bbox 1347 1546 1498 1582; x_wconf 79' lang='lat' dir='ltr'><strong>abjiciamus</strong></span> <span class='ocrx_word' id='word_1_616' title='bbox 1508 1555 1523 1572; x_wconf 91' lang='lat' dir='ltr'><strong>a</strong></span> <span class='ocrx_word' id='word_1_617' title='bbox 1539 1545 1610 1573; x_wconf 83' lang='lat' dir='ltr'><strong>nobis</strong></span> <span class='ocrx_word' id='word_1_618' title='bbox 1617 1545 1710 1581; x_wconf 86' lang='lat' dir='ltr'><strong>jugum</strong></span> <span class='ocrx_word' id='word_1_619' title='bbox 1722 1542 1808 1572; x_wconf 77' lang='lat' dir='ltr'><strong>eorum</strong></span> <span class='ocrx_word' id='word_1_620' title='bbox 1819 1553 1828 1573; x_wconf 92' lang='lat'><strong><em>:</em></strong></span> 
     </span>
    </p>
   </div>
   <div class='ocr_carea' id='block_1_81' title="bbox 988 1591 1827 1636">
    <p class='ocr_par' dir='ltr' id='par_1_81' title="bbox 988 1591 1827 1636">
     <span class='ocr_line' id='line_1_81' title="bbox 988 1591 1827 1636; baseline -0.005 -16"><span class='ocrx_word' id='word_1_621' title='bbox 988 1605 1009 1636; x_wconf 67' lang='grc' dir='ltr'><strong>ρ</strong></span> <span class='ocrx_word' id='word_1_622' title='bbox 1028 1598 1120 1628; x_wconf 81' lang='lat' dir='ltr'><strong>postea</strong></span> <span class='ocrx_word' id='word_1_623' title='bbox 1145 1598 1218 1620; x_wconf 86' lang='lat' dir='ltr'><strong>certe</strong></span> <span class='ocrx_word' id='word_1_624' title='bbox 1241 1601 1321 1628; x_wconf 88' lang='lat' dir='ltr'><strong>quam</strong></span> <span class='ocrx_word' id='word_1_625' title='bbox 1342 1594 1502 1619; x_wconf 83' lang='lat' dir='ltr'><strong>tumuttuata:</strong></span> <span class='ocrx_word' id='word_1_626' title='bbox 1512 1597 1571 1619; x_wconf 82' lang='lat' dir='ltr'><strong>sunt</strong></span> <span class='ocrx_word' id='word_1_627' title='bbox 1585 1596 1681 1627; x_wconf 85' lang='lat' dir='ltr'><strong>gentes,</strong></span> <span class='ocrx_word' id='word_1_628' title='bbox 1694 1595 1717 1618; x_wconf 84' lang='lat' dir='ltr'><strong>et</strong></span> <span class='ocrx_word' id='word_1_629' title='bbox 1737 1591 1827 1626; x_wconf 82' lang='lat' dir='ltr'><strong>populi</strong></span> 
     </span>
    </p>
   </div>
   <div class='ocr_carea' id='block_1_82' title="bbox 1028 1637 1827 1675">
    <p class='ocr_par' dir='ltr' id='par_1_82' title="bbox 1028 1637 1827 1675">
     <span class='ocr_line' id='line_1_82' title="bbox 1028 1637 1827 1675; baseline -0.004 -8"><span class='ocrx_word' id='word_1_630' title='bbox 1028 1642 1140 1669; x_wconf 84' lang='lat' dir='ltr'><strong>meditati</strong></span> <span class='ocrx_word' id='word_1_631' title='bbox 1151 1645 1208 1668; x_wconf 81' lang='lat' dir='ltr'><strong>sunt</strong></span> <span class='ocrx_word' id='word_1_632' title='bbox 1222 1641 1310 1667; x_wconf 83' lang='lat' dir='ltr'><strong>inania</strong></span> <span class='ocrx_word' id='word_1_633' title='bbox 1322 1641 1473 1667; x_wconf 75' lang='lat' dir='ltr'><strong>:astiterunt</strong></span> <span class='ocrx_word' id='word_1_634' title='bbox 1485 1648 1555 1675; x_wconf 80' lang='lat' dir='ltr'><strong>rcges</strong></span> <span class='ocrx_word' id='word_1_635' title='bbox 1568 1644 1651 1668; x_wconf 70' lang='lat' dir='ltr'><strong>terrm,</strong></span> <span class='ocrx_word' id='word_1_636' title='bbox 1665 1643 1689 1665; x_wconf 84' lang='lat' dir='ltr'><strong>et</strong></span> <span class='ocrx_word' id='word_1_637' title='bbox 1699 1637 1827 1674; x_wconf 73' lang='lat' dir='ltr'><strong>principes</strong></span> 
     </span>
    </p>
   </div>
   <div class='ocr_carea' id='block_1_83' title="bbox 1027 1685 1830 1722">
    <p class='ocr_par' dir='ltr' id='par_1_83' title="bbox 1027 1685 1830 1722">
     <span class='ocr_line' id='line_1_83' title="bbox 1027 1685 1830 1722; baseline -0.005 -8"><span class='ocrx_word' id='word_1_638' title='bbox 1027 1688 1173 1722; x_wconf 80' lang='lat' dir='ltr'><strong>congregati</strong></span> <span class='ocrx_word' id='word_1_639' title='bbox 1185 1693 1243 1714; x_wconf 85' lang='lat' dir='ltr'><strong>sum</strong></span> <span class='ocrx_word' id='word_1_640' title='bbox 1256 1688 1282 1714; x_wconf 88' lang='lat' dir='ltr'><strong>in</strong></span> <span class='ocrx_word' id='word_1_641' title='bbox 1296 1695 1385 1719; x_wconf 83' lang='lat' dir='ltr'><strong>unum,</strong></span> <span class='ocrx_word' id='word_1_642' title='bbox 1402 1686 1523 1713; x_wconf 83' lang='lat' dir='ltr'><strong>adversus</strong></span> <span class='ocrx_word' id='word_1_643' title='bbox 1539 1685 1688 1719; x_wconf 84' lang='lat' dir='ltr'><strong>Dominum,</strong></span> <span class='ocrx_word' id='word_1_644' title='bbox 1704 1690 1726 1711; x_wconf 85' lang='lat' dir='ltr'><strong>et</strong></span> <span class='ocrx_word' id='word_1_645' title='bbox 1740 1685 1830 1711; x_wconf 82' lang='lat' dir='ltr'><strong>adver-</strong></span> 
     </span>
    </p>
   </div>
   <div class='ocr_carea' id='block_1_84' title="bbox 1026 1729 1831 1768">
    <p class='ocr_par' dir='ltr' id='par_1_84' title="bbox 1026 1729 1831 1768">
     <span class='ocr_line' id='line_1_84' title="bbox 1026 1729 1831 1768; baseline -0.004 -8"><span class='ocrx_word' id='word_1_646' title='bbox 1026 1742 1069 1760; x_wconf 81' lang='lat' dir='ltr'><strong>sus</strong></span> <span class='ocrx_word' id='word_1_647' title='bbox 1083 1733 1211 1760; x_wconf 72' lang='lat' dir='ltr'><strong>Clu-istum</strong></span> <span class='ocrx_word' id='word_1_648' title='bbox 1233 1733 1299 1768; x_wconf 78' lang='lat' dir='ltr'><strong>ejus.</strong></span> <span class='ocrx_word' id='word_1_649' title='bbox 1317 1733 1382 1766; x_wconf 80' lang='lat' dir='ltr'><strong>Qua:</strong></span> <span class='ocrx_word' id='word_1_650' title='bbox 1404 1732 1502 1759; x_wconf 87' lang='lat' dir='ltr'><strong>dehinc</strong></span> <span class='ocrx_word' id='word_1_651' title='bbox 1519 1732 1588 1767; x_wconf 84' lang='lat' dir='ltr'><strong>passi</strong></span> <span class='ocrx_word' id='word_1_652' title='bbox 1605 1737 1667 1758; x_wconf 89' lang='lat' dir='ltr'><strong>sunt</strong></span> <span class='ocrx_word' id='word_1_653' title='bbox 1688 1729 1831 1765; x_wconf 82' lang='lat' dir='ltr'><strong>Apostoli?</strong></span> 
     </span>
    </p>
   </div>
   <div class='ocr_carea' id='block_1_85' title="bbox 1026 1775 1828 1813">
    <p class='ocr_par' dir='ltr' id='par_1_85' title="bbox 1026 1775 1828 1813">
     <span class='ocr_line' id='line_1_85' title="bbox 1026 1775 1828 1813; baseline -0.004 -8"><span class='ocrx_word' id='word_1_654' title='bbox 1026 1778 1150 1810; x_wconf 85' lang='lat' dir='ltr'><strong>Omnem,</strong></span> <span class='ocrx_word' id='word_1_655' title='bbox 1167 1779 1265 1813; x_wconf 89' lang='lat' dir='ltr'><strong>inquis,</strong></span> <span class='ocrx_word' id='word_1_656' title='bbox 1291 1778 1457 1813; x_wconf 84' lang='lat' dir='ltr'><strong>iniquitatem</strong></span> <span class='ocrx_word' id='word_1_657' title='bbox 1478 1777 1706 1813; x_wconf 83' lang='lat' dir='ltr'><strong>persecutionum,</strong></span> <span class='ocrx_word' id='word_1_658' title='bbox 1730 1776 1763 1803; x_wconf 88' lang='lat' dir='ltr'><strong>ab</strong></span> <span class='ocrx_word' id='word_1_659' title='bbox 1778 1775 1828 1802; x_wconf 93' lang='lat' dir='ltr'><strong>ho-</strong></span> 
     </span>
    </p>
   </div>
   <div class='ocr_carea' id='block_1_86' title="bbox 1028 1822 1830 1858">
    <p class='ocr_par' dir='ltr' id='par_1_86' title="bbox 1028 1822 1830 1858">
     <span class='ocr_line' id='line_1_86' title="bbox 1028 1822 1830 1858; baseline -0.004 -7"><span class='ocrx_word' id='word_1_660' title='bbox 1028 1825 1144 1852; x_wconf 91' lang='lat' dir='ltr'><strong>minibus</strong></span> <span class='ocrx_word' id='word_1_661' title='bbox 1159 1825 1260 1852; x_wconf 88' lang='lat' dir='ltr'><strong>scilicet</strong></span> <span class='ocrx_word' id='word_1_662' title='bbox 1275 1824 1422 1858; x_wconf 87' lang='lat' dir='ltr'><strong>Creatoris,</strong></span> <span class='ocrx_word' id='word_1_663' title='bbox 1448 1829 1476 1851; x_wconf 91' lang='lat' dir='ltr'><strong>ut</strong></span> <span class='ocrx_word' id='word_1_664' title='bbox 1500 1823 1646 1851; x_wconf 80' lang='lat' dir='ltr'><strong>adversarii</strong></span> <span class='ocrx_word' id='word_1_665' title='bbox 1670 1822 1729 1857; x_wconf 87' lang='lat' dir='ltr'><strong>ejus</strong></span> <span class='ocrx_word' id='word_1_666' title='bbox 1750 1829 1830 1857; x_wconf 89' lang='lat' dir='ltr'><strong>quem</strong></span> 
     </span>
    </p>
   </div>
   <div class='ocr_carea' id='block_1_87' title="bbox 1029 1869 1833 1907">
    <p class='ocr_par' dir='ltr' id='par_1_87' title="bbox 1029 1869 1833 1907">
     <span class='ocr_line' id='line_1_87' title="bbox 1029 1869 1833 1907; baseline -0.004 -8"><span class='ocrx_word' id='word_1_667' title='bbox 1029 1872 1218 1907; x_wconf 71' lang='lat' dir='ltr'><strong>prardicabant.</strong></span> <span class='ocrx_word' id='word_1_668' title='bbox 1235 1871 1336 1906; x_wconf 83' lang='lat' dir='ltr'><strong>Ecquid</strong></span> <span class='ocrx_word' id='word_1_669' title='bbox 1347 1870 1406 1907; x_wconf 81' lang='grc' dir='ltr'><strong>(ΙΙ)</strong></span> <span class='ocrx_word' id='word_1_670' title='bbox 1418 1872 1539 1903; x_wconf 88' lang='lat' dir='ltr'><strong>Creator,</strong></span> <span class='ocrx_word' id='word_1_671' title='bbox 1551 1870 1573 1898; x_wconf 90' lang='lat' dir='ltr'><strong>si</strong></span> <span class='ocrx_word' id='word_1_672' title='bbox 1588 1869 1758 1897; x_wconf 85' lang='lat' dir='ltr'><strong>adversarius</strong></span> <span class='ocrx_word' id='word_1_673' title='bbox 1773 1873 1833 1896; x_wconf 85' lang='lat' dir='ltr'><strong>crat</strong></span> 
     </span>
    </p>
   </div>
   <div class='ocr_carea' id='block_1_88' title="bbox 1028 1915 1833 1953">
    <p class='ocr_par' dir='ltr' id='par_1_88' title="bbox 1028 1915 1833 1953">
     <span class='ocr_line' id='line_1_88' title="bbox 1028 1915 1833 1953; baseline -0.005 -7"><span class='ocrx_word' id='word_1_674' title='bbox 1028 1918 1137 1952; x_wconf 80' lang='lat' dir='ltr'><strong>Christi,</strong></span> <span class='ocrx_word' id='word_1_675' title='bbox 1159 1925 1211 1945; x_wconf 93' lang='lat' dir='ltr'><strong>non</strong></span> <span class='ocrx_word' id='word_1_676' title='bbox 1233 1917 1313 1945; x_wconf 91' lang='lat' dir='ltr'><strong>modo</strong></span> <span class='ocrx_word' id='word_1_677' title='bbox 1337 1917 1463 1953; x_wconf 70' lang='lat' dir='ltr'><strong>praedicat</strong></span> <span class='ocrx_word' id='word_1_678' title='bbox 1480 1917 1530 1944; x_wconf 91' lang='lat' dir='ltr'><strong>hoc</strong></span> <span class='ocrx_word' id='word_1_679' title='bbox 1551 1922 1678 1952; x_wconf 89' lang='lat' dir='ltr'><strong>passuros</strong></span> <span class='ocrx_word' id='word_1_680' title='bbox 1693 1915 1833 1951; x_wconf 86' lang='lat' dir='ltr'><strong>apostolos</strong></span> 
     </span>
    </p>
   </div>
   <div class='ocr_carea' id='block_1_89' title="bbox 1028 1961 1833 2000">
    <p class='ocr_par' dir='ltr' id='par_1_89' title="bbox 1028 1961 1833 2000">
     <span class='ocr_line' id='line_1_89' title="bbox 1028 1961 1833 2000; baseline -0.006 -7"><span class='ocrx_word' id='word_1_681' title='bbox 1028 1967 1096 1999; x_wconf 87' lang='lat' dir='ltr'><strong>ejus,</strong></span> <span class='ocrx_word' id='word_1_682' title='bbox 1111 1973 1204 1992; x_wconf 87' lang='lat' dir='ltr'><strong>verum</strong></span> <span class='ocrx_word' id='word_1_683' title='bbox 1220 1970 1245 1992; x_wconf 86' lang='lat' dir='ltr'><strong>et</strong></span> <span class='ocrx_word' id='word_1_684' title='bbox 1262 1964 1427 2000; x_wconf 76' lang='lat' dir='ltr'><strong>exprobrat?</strong></span> <span class='ocrx_word' id='word_1_685' title='bbox 1440 1963 1505 1991; x_wconf 90' lang='lat' dir='ltr'><strong>Nam</strong></span> <span class='ocrx_word' id='word_1_686' title='bbox 1520 1970 1606 1998; x_wconf 87' lang='lat' dir='ltr'><strong>neque</strong></span> <span class='ocrx_word' id='word_1_687' title='bbox 1619 1964 1777 1998; x_wconf 76' lang='lat' dir='ltr'><strong>przedtcarct</strong></span> <span class='ocrx_word' id='word_1_688' title='bbox 1789 1961 1833 1988; x_wconf 82' lang='lat' dir='ltr'><strong>al-</strong></span> 
     </span>
    </p>
   </div>
   <div class='ocr_carea' id='block_1_90' title="bbox 1029 2008 1834 2045">
    <p class='ocr_par' dir='ltr' id='par_1_90' title="bbox 1029 2008 1834 2045">
     <span class='ocr_line' id='line_1_90' title="bbox 1029 2008 1834 2045; baseline -0.005 -6"><span class='ocrx_word' id='word_1_689' title='bbox 1029 2012 1110 2040; x_wconf 85' lang='lat' dir='ltr'><strong>terius</strong></span> <span class='ocrx_word' id='word_1_690' title='bbox 1123 2012 1168 2039; x_wconf 90' lang='lat' dir='ltr'><strong>Dei</strong></span> <span class='ocrx_word' id='word_1_691' title='bbox 1182 2011 1316 2043; x_wconf 87' lang='lat' dir='ltr'><strong>ordinetn,</strong></span> <span class='ocrx_word' id='word_1_692' title='bbox 1327 2018 1405 2045; x_wconf 86' lang='lat' dir='ltr'><strong>quem</strong></span> <span class='ocrx_word' id='word_1_693' title='bbox 1420 2010 1570 2045; x_wconf 83' lang='lat' dir='ltr'><strong>ignorabat,</strong></span> <span class='ocrx_word' id='word_1_694' title='bbox 1587 2013 1616 2035; x_wconf 89' lang='lat' dir='ltr'><strong>nt</strong></span> <span class='ocrx_word' id='word_1_695' title='bbox 1630 2008 1725 2040; x_wconf 78' lang='lat' dir='ltr'><strong>vultis;</strong></span> <span class='ocrx_word' id='word_1_696' title='bbox 1744 2015 1834 2042; x_wconf 87' lang='lat' dir='ltr'><strong>neque</strong></span> 
     </span>
    </p>
   </div>
   <div class='ocr_carea' id='block_1_91' title="bbox 1028 2055 1834 2093">
    <p class='ocr_par' dir='ltr' id='par_1_91' title="bbox 1028 2055 1834 2093">
     <span class='ocr_line' id='line_1_91' title="bbox 1028 2055 1834 2093; baseline -0.007 -7"><span class='ocrx_word' id='word_1_697' title='bbox 1028 2058 1228 2093; x_wconf 83' lang='lat' dir='ltr'><strong>exprobrasset,</strong></span> <span class='ocrx_word' id='word_1_698' title='bbox 1251 2058 1322 2093; x_wconf 87' lang='lat' dir='ltr'><strong>quod</strong></span> <span class='ocrx_word' id='word_1_699' title='bbox 1351 2057 1407 2092; x_wconf 82' lang='lat' dir='ltr'><strong>ipse</strong></span> <span class='ocrx_word' id='word_1_700' title='bbox 1430 2061 1561 2084; x_wconf 85' lang='lat' dir='ltr'><strong>curasset.</strong></span> <span class='ocrx_word' id='word_1_701' title='bbox 1579 2055 1673 2082; x_wconf 76' lang='lat' dir='ltr'><strong>Videte</strong></span> <span class='ocrx_word' id='word_1_702' title='bbox 1698 2055 1834 2089; x_wconf 87' lang='lat' dir='ltr'><strong>quomodo</strong></span> 
     </span>
    </p>
   </div>
   <div class='ocr_carea' id='block_1_92' title="bbox 1031 2100 1835 2139">
    <p class='ocr_par' dir='ltr' id='par_1_92' title="bbox 1031 2100 1835 2139">
     <span class='ocr_line' id='line_1_92' title="bbox 1031 2100 1835 2139; baseline -0.006 -8"><span class='ocrx_word' id='word_1_703' title='bbox 1031 2104 1094 2139; x_wconf 86' lang='lat' dir='ltr'><strong>(Is.,</strong></span> <span class='ocrx_word' id='word_1_704' title='bbox 1110 2103 1188 2136; x_wconf 87' lang='lat' dir='ltr'><strong>LVlI,</strong></span> <span class='ocrx_word' id='word_1_705' title='bbox 1216 2102 1243 2138; x_wconf 80' lang='grc' dir='ltr'><strong>Ι)</strong></span> <span class='ocrx_word' id='word_1_706' title='bbox 1267 2105 1332 2138; x_wconf 80' lang='lat' dir='ltr'><strong>perit</strong></span> <span class='ocrx_word' id='word_1_707' title='bbox 1349 2104 1447 2139; x_wconf 77' lang='lat' dir='ltr'><strong>justus,</strong></span> <span class='ocrx_word' id='word_1_708' title='bbox 1472 2110 1551 2136; x_wconf 87' lang='lat' dir='ltr'><strong>neque</strong></span> <span class='ocrx_word' id='word_1_709' title='bbox 1581 2102 1715 2137; x_wconf 75' lang='lat' dir='ltr'><strong>quisquam</strong></span> <span class='ocrx_word' id='word_1_710' title='bbox 1739 2100 1835 2135; x_wconf 74' lang='lat' dir='ltr'><strong>excipit</strong></span> 
     </span>
    </p>
   </div>
   <div class='ocr_carea' id='block_1_93' title="bbox 1029 2146 1836 2186">
    <p class='ocr_par' dir='ltr' id='par_1_93' title="bbox 1029 2146 1836 2186">
     <span class='ocr_line' id='line_1_93' title="bbox 1029 2146 1836 2186; baseline -0.006 -8"><span class='ocrx_word' id='word_1_711' title='bbox 1029 2152 1115 2183; x_wconf 81' lang='lat' dir='ltr'><strong>corde,</strong></span> <span class='ocrx_word' id='word_1_712' title='bbox 1126 2156 1149 2178; x_wconf 89' lang='lat' dir='ltr'><strong>et</strong></span> <span class='ocrx_word' id='word_1_713' title='bbox 1161 2151 1209 2178; x_wconf 76' lang='lat' dir='ltr'><strong>viri</strong></span> <span class='ocrx_word' id='word_1_714' title='bbox 1217 2151 1281 2186; x_wconf 79' lang='lat' dir='ltr'><strong>justi</strong></span> <span class='ocrx_word' id='word_1_715' title='bbox 1292 2150 1455 2185; x_wconf 77' lang='lat' dir='ltr'><strong>auferuntur,</strong></span> <span class='ocrx_word' id='word_1_716' title='bbox 1470 2158 1514 2176; x_wconf 71' lang='lat' dir='ltr'><strong>nec</strong></span> <span class='ocrx_word' id='word_1_717' title='bbox 1524 2149 1659 2183; x_wconf 87' lang='lat' dir='ltr'><strong>quisquam</strong></span> <span class='ocrx_word' id='word_1_718' title='bbox 1672 2146 1836 2174; x_wconf 80' lang='lat' dir='ltr'><strong>animadver-</strong></span> 
     </span>
    </p>
   </div>
   <div class='ocr_carea' id='block_1_94' title="bbox 1030 2195 1832 2235">
    <p class='ocr_par' dir='ltr' id='par_1_94' title="bbox 1030 2195 1832 2235">
     <span class='ocr_line' id='line_1_94' title="bbox 1030 2195 1832 2235; baseline -0.006 -10"><span class='ocrx_word' id='word_1_719' title='bbox 1030 2199 1069 2225; x_wconf 89' lang='lat' dir='ltr'><strong>tit.</strong></span> <span class='ocrx_word' id='word_1_720' title='bbox 1086 2199 1106 2225; x_wconf 79' lang='grc' dir='ltr'><em>Α</em></span> <span class='ocrx_word' id='word_1_721' title='bbox 1121 2207 1228 2235; x_wconf 82' lang='lat' dir='ltr'><strong>persona</strong></span> <span class='ocrx_word' id='word_1_722' title='bbox 1245 2199 1311 2225; x_wconf 80' lang='lat' dir='ltr'><strong>enini</strong></span> <span class='ocrx_word' id='word_1_723' title='bbox 1332 2198 1466 2233; x_wconf 72' lang='lat' dir='ltr'><strong>injustitite</strong></span> <span class='ocrx_word' id='word_1_724' title='bbox 1481 2197 1539 2231; x_wconf 74' lang='grc'>(12)</span> <span class='ocrx_word' id='word_1_725' title='bbox 1557 2196 1670 2223; x_wconf 83' lang='lat' dir='ltr'><strong>sublatus</strong></span> <span class='ocrx_word' id='word_1_726' title='bbox 1687 2200 1722 2222; x_wconf 81' lang='lat' dir='ltr'><strong>est</strong></span> <span class='ocrx_word' id='word_1_727' title='bbox 1733 2195 1832 2229; x_wconf 75' lang='lat' dir='ltr'><strong>justus.</strong></span> 
     </span>
    </p>
   </div>
   <div class='ocr_carea' id='block_1_95' title="bbox 1031 2239 1834 2279">
    <p class='ocr_par' dir='ltr' id='par_1_95' title="bbox 1031 2239 1834 2279">
     <span class='ocr_line' id='line_1_95' title="bbox 1031 2239 1834 2279; baseline -0.005 -9"><span class='ocrx_word' id='word_1_728' title='bbox 1031 2246 1105 2279; x_wconf 86' lang='lat' dir='ltr'><strong>Quis,</strong></span> <span class='ocrx_word' id='word_1_729' title='bbox 1121 2245 1169 2272; x_wconf 89' lang='lat' dir='ltr'><strong>nisi</strong></span> <span class='ocrx_word' id='word_1_730' title='bbox 1183 2244 1323 2271; x_wconf 85' lang='lat' dir='ltr'><strong>Christus?</strong></span> <span class='ocrx_word' id='word_1_731' title='bbox 1343 2243 1440 2274; x_wconf 86' lang='lat' dir='ltr'><strong>Venite,</strong></span> <span class='ocrx_word' id='word_1_732' title='bbox 1466 2242 1589 2278; x_wconf 86' lang='lat' dir='ltr'><strong>inquiunt</strong></span> <span class='ocrx_word' id='word_1_733' title='bbox 1604 2241 1694 2276; x_wconf 84' lang='lat' dir='ltr'><strong>(Sap.,</strong></span> <span class='ocrx_word' id='word_1_734' title='bbox 1720 2239 1751 2274; x_wconf 88' lang='lat' dir='ltr'>II,</span> <span class='ocrx_word' id='word_1_735' title='bbox 1774 2240 1834 2275; x_wconf 70' lang='lat' dir='ltr'><strong>I2),</strong></span> 
     </span>
    </p>
   </div>
   <div class='ocr_carea' id='block_1_96' title="bbox 1031 2286 1836 2326">
    <p class='ocr_par' dir='ltr' id='par_1_96' title="bbox 1031 2286 1836 2326">
     <span class='ocr_line' id='line_1_96' title="bbox 1031 2286 1836 2326; baseline -0.005 -9"><span class='ocrx_word' id='word_1_736' title='bbox 1031 2293 1176 2326; x_wconf 69' lang='lat' dir='ltr'><strong>auferamus</strong></span> <span class='ocrx_word' id='word_1_737' title='bbox 1193 2290 1302 2324; x_wconf 84' lang='lat' dir='ltr'><strong>justum,</strong></span> <span class='ocrx_word' id='word_1_738' title='bbox 1318 2290 1377 2324; x_wconf 88' lang='lat' dir='ltr'><strong>quia</strong></span> <span class='ocrx_word' id='word_1_739' title='bbox 1392 2289 1490 2316; x_wconf 85' lang='lat' dir='ltr'><strong>inutilis</strong></span> <span class='ocrx_word' id='word_1_740' title='bbox 1516 2293 1552 2315; x_wconf 86' lang='lat' dir='ltr'><strong>est</strong></span> <span class='ocrx_word' id='word_1_741' title='bbox 1568 2288 1648 2315; x_wconf 83' lang='lat' dir='ltr'><strong>nobis.</strong></span> <span class='ocrx_word' id='word_1_742' title='bbox 1665 2286 1836 2314; x_wconf 83' lang='lat' dir='ltr'><strong>Prannitteus</strong></span> 
     </span>
    </p>
   </div>
   <div class='ocr_carea' id='block_1_97' title="bbox 1032 2333 1833 2372">
    <p class='ocr_par' dir='ltr' id='par_1_97' title="bbox 1032 2333 1833 2372">
     <span class='ocr_line' id='line_1_97' title="bbox 1032 2333 1833 2372; baseline -0.006 -8"><span class='ocrx_word' id='word_1_743' title='bbox 1032 2337 1130 2372; x_wconf 85' lang='lat' dir='ltr'><strong>itaque,</strong></span> <span class='ocrx_word' id='word_1_744' title='bbox 1141 2342 1167 2364; x_wconf 87' lang='lat' dir='ltr'><strong>et</strong></span> <span class='ocrx_word' id='word_1_745' title='bbox 1180 2336 1344 2371; x_wconf 82' lang='lat' dir='ltr'><strong>snbjungens</strong></span> <span class='ocrx_word' id='word_1_746' title='bbox 1355 2336 1465 2370; x_wconf 86' lang='lat' dir='ltr'><strong>proinde</strong></span> <span class='ocrx_word' id='word_1_747' title='bbox 1477 2343 1584 2370; x_wconf 85' lang='lat' dir='ltr'><strong>passum</strong></span> <span class='ocrx_word' id='word_1_748' title='bbox 1595 2335 1675 2362; x_wconf 81' lang='lat' dir='ltr'><strong>etiam</strong></span> <span class='ocrx_word' id='word_1_749' title='bbox 1685 2333 1833 2365; x_wconf 85' lang='lat' dir='ltr'><strong>Christum,</strong></span> 
     </span>
    </p>
   </div>
   <div class='ocr_carea' id='block_1_98' title="bbox 1031 2378 1834 2418">
    <p class='ocr_par' dir='ltr' id='par_1_98' title="bbox 1031 2378 1834 2418">
     <span class='ocr_line' id='line_1_98' title="bbox 1031 2378 1834 2418; baseline -0.007 -8"><span class='ocrx_word' id='word_1_750' title='bbox 1031 2383 1208 2418; x_wconf 82' lang='lat' dir='ltr'><strong>:equejustos</strong></span> <span class='ocrx_word' id='word_1_751' title='bbox 1230 2382 1288 2417; x_wconf 89' lang='lat' dir='ltr'><strong>cjns</strong></span> <span class='ocrx_word' id='word_1_752' title='bbox 1310 2381 1404 2410; x_wconf 88' lang='lat' dir='ltr'><strong>eadem</strong></span> <span class='ocrx_word' id='word_1_753' title='bbox 1431 2388 1558 2416; x_wconf 89' lang='lat' dir='ltr'><strong>passuros</strong></span> <span class='ocrx_word' id='word_1_754' title='bbox 1572 2401 1579 2414; x_wconf 87' lang='lat'><strong>,</strong></span> <span class='ocrx_word' id='word_1_755' title='bbox 1606 2386 1658 2406; x_wconf 91' lang='lat' dir='ltr'><strong>tam</strong></span> <span class='ocrx_word' id='word_1_756' title='bbox 1684 2378 1834 2414; x_wconf 85' lang='lat' dir='ltr'><strong>apostolos,</strong></span> 
     </span>
    </p>
   </div>
   <div class='ocr_carea' id='block_1_99' title="bbox 1030 2425 1837 2466">
    <p class='ocr_par' dir='ltr' id='par_1_99' title="bbox 1030 2425 1837 2466">
     <span class='ocr_line' id='line_1_99' title="bbox 1030 2425 1837 2466; baseline -0.007 -9"><span class='ocrx_word' id='word_1_757' title='bbox 1030 2438 1109 2466; x_wconf 83' lang='lat' dir='ltr'><strong>qualn</strong></span> <span class='ocrx_word' id='word_1_758' title='bbox 1126 2434 1153 2458; x_wconf 87' lang='lat' dir='ltr'><strong>et</strong></span> <span class='ocrx_word' id='word_1_759' title='bbox 1164 2429 1292 2464; x_wconf 87' lang='lat' dir='ltr'><strong>deinceps</strong></span> <span class='ocrx_word' id='word_1_760' title='bbox 1306 2436 1399 2456; x_wconf 86' lang='lat' dir='ltr'><strong>omnes</strong></span> <span class='ocrx_word' id='word_1_761' title='bbox 1413 2428 1505 2456; x_wconf 86' lang='lat' dir='ltr'><strong>lideles</strong></span> <span class='ocrx_word' id='word_1_762' title='bbox 1520 2426 1699 2462; x_wconf 87' lang='lat' dir='ltr'><strong>prophetavit,</strong></span> <span class='ocrx_word' id='word_1_763' title='bbox 1716 2425 1837 2460; x_wconf 81' lang='lat' dir='ltr'><strong>signatos</strong></span> 
     </span>
    </p>
   </div>
   <div class='ocr_carea' id='block_1_100' title="bbox 783 2497 1200 2527">
    <p class='ocr_par' dir='ltr' id='par_1_100' title="bbox 783 2497 1200 2527">
     <span class='ocr_line' id='line_1_100' title="bbox 783 2497 1200 2527; baseline -0.002 -1"><span class='ocrx_word' id='word_1_764' title='bbox 783 2497 971 2526; x_wconf 79' lang='lat' dir='ltr'><strong>LECTIONES</strong></span> <span class='ocrx_word' id='word_1_765' title='bbox 991 2498 1200 2527; x_wconf 79' lang='lat' dir='ltr'><strong>VARIANTES.</strong></span> 
     </span>
    </p>
   </div>
   <div class='ocr_carea' id='block_1_101' title="bbox 213 2545 468 2575">
    <p class='ocr_par' dir='ltr' id='par_1_101' title="bbox 213 2545 468 2575">
     <span class='ocr_line' id='line_1_101' title="bbox 213 2545 468 2575; baseline -0.004 -5"><span class='ocrx_word' id='word_1_766' title='bbox 213 2546 248 2575; x_wconf 87' lang='lat' dir='ltr'><strong>(I)</strong></span> <span class='ocrx_word' id='word_1_767' title='bbox 260 2545 292 2571; x_wconf 86' lang='lat' dir='ltr'><strong>Ut</strong></span> <span class='ocrx_word' id='word_1_768' title='bbox 304 2545 357 2571; x_wconf 79' lang='lat' dir='ltr'><strong>cod.</strong></span> <span class='ocrx_word' id='word_1_769' title='bbox 376 2546 468 2571; x_wconf 85' lang='lat' dir='ltr'><strong>Wouw.</strong></span> 
     </span>
    </p>
   </div>
   <div class='ocr_carea' id='block_1_102' title="bbox 214 2574 460 2607">
    <p class='ocr_par' dir='ltr' id='par_1_102' title="bbox 214 2574 460 2607">
     <span class='ocr_line' id='line_1_102' title="bbox 214 2574 460 2607; baseline -0.004 -6"><span class='ocrx_word' id='word_1_770' title='bbox 214 2574 248 2607; x_wconf 64' lang='grc' dir='ltr'>(ἐ)</span> <span class='ocrx_word' id='word_1_771' title='bbox 262 2577 374 2602; x_wconf 80' lang='lat' dir='ltr'><strong>Habeant</strong></span> <span class='ocrx_word' id='word_1_772' title='bbox 384 2574 460 2602; x_wconf 80' lang='lat' dir='ltr'><strong>Seml.</strong></span> 
     </span>
    </p>
   </div>
   <div class='ocr_carea' id='block_1_103' title="bbox 224 2606 493 2639">
    <p class='ocr_par' dir='ltr' id='par_1_103' title="bbox 224 2606 493 2639">
     <span class='ocr_line' id='line_1_103' title="bbox 224 2606 493 2639; baseline 0.004 -7"><span class='ocrx_word' id='word_1_773' title='bbox 224 2606 249 2639; x_wconf 77' lang='lat'><strong>3)</strong></span> <span class='ocrx_word' id='word_1_774' title='bbox 265 2609 332 2633; x_wconf 78' lang='lat' dir='ltr'><strong>Enim</strong></span> <span class='ocrx_word' id='word_1_775' title='bbox 344 2607 403 2639; x_wconf 75' lang='lat' dir='ltr'><strong>add.</strong></span> <span class='ocrx_word' id='word_1_776' title='bbox 417 2606 493 2633; x_wconf 86' lang='lat' dir='ltr'><strong>Seml.</strong></span> 
     </span>
    </p>
   </div>
   <div class='ocr_carea' id='block_1_104' title="bbox 225 2638 784 2696">
    <p class='ocr_par' dir='ltr' id='par_1_104' title="bbox 225 2638 784 2696">
     <span class='ocr_line' id='line_1_104' title="bbox 225 2638 397 2696; baseline 0.006 -33"><span class='ocrx_word' id='word_1_777' title='bbox 225 2638 250 2696; x_wconf 55' lang='lat' dir='ltr'><strong>lx)</strong></span> <span class='ocrx_word' id='word_1_778' title='bbox 265 2640 351 2665; x_wconf 71' lang='lat' dir='ltr'><strong>Autcm</strong></span> <span class='ocrx_word' id='word_1_779' title='bbox 364 2638 397 2664; x_wconf 79' lang='lat' dir='ltr'><strong>ul.</strong></span> 
     </span>
     <span class='ocr_line' id='line_1_105' title="bbox 226 2667 784 2696; baseline 0.002 -3"><span class='ocrx_word' id='word_1_780' title='bbox 226 2672 240 2694; x_wconf 72' lang='lat'><strong>5</strong></span> <span class='ocrx_word' id='word_1_781' title='bbox 265 2670 307 2695; x_wconf 83' lang='lat' dir='ltr'><strong>Est</strong></span> <span class='ocrx_word' id='word_1_782' title='bbox 318 2671 393 2695; x_wconf 88' lang='lat' dir='ltr'><strong>omitt.</strong></span> <span class='ocrx_word' id='word_1_783' title='bbox 403 2669 478 2695; x_wconf 85' lang='lat' dir='ltr'><strong>Seml.</strong></span> <span class='ocrx_word' id='word_1_784' title='bbox 493 2669 590 2694; x_wconf 85' lang='lat' dir='ltr'><strong>allectio</strong></span> <span class='ocrx_word' id='word_1_785' title='bbox 601 2672 639 2694; x_wconf 84' lang='lat' dir='ltr'><strong>est</strong></span> <span class='ocrx_word' id='word_1_786' title='bbox 650 2668 683 2694; x_wconf 91' lang='lat' dir='ltr'><strong>al.</strong></span> <span class='ocrx_word' id='word_1_787' title='bbox 695 2667 784 2696; x_wconf 80' lang='lat' dir='ltr'><strong>volunt.</strong></span> 
     </span>
    </p>
   </div>
   <div class='ocr_carea' id='block_1_105' title="bbox 226 2701 441 2734">
    <p class='ocr_par' dir='ltr' id='par_1_105' title="bbox 226 2701 441 2734">
     <span class='ocr_line' id='line_1_106' title="bbox 226 2701 441 2734; baseline 0.005 -8"><span class='ocrx_word' id='word_1_788' title='bbox 226 2702 251 2734; x_wconf 83' lang='lat'><strong>6)</strong></span> <span class='ocrx_word' id='word_1_789' title='bbox 266 2702 353 2726; x_wconf 83' lang='lat' dir='ltr'><strong>Malum</strong></span> <span class='ocrx_word' id='word_1_790' title='bbox 365 2701 441 2727; x_wconf 89' lang='lat' dir='ltr'><strong>Seml.</strong></span> 
     </span>
    </p>
   </div>
   <div class='ocr_carea' id='block_1_106' title="bbox 1079 2546 1269 2575">
    <p class='ocr_par' dir='ltr' id='par_1_106' title="bbox 1079 2546 1269 2575">
     <span class='ocr_line' id='line_1_107' title="bbox 1079 2546 1269 2575; baseline -0.005 -6"><span class='ocrx_word' id='word_1_791' title='bbox 1079 2546 1103 2575; x_wconf 76' lang='grc' dir='ltr'>Ἰ)</span> <span class='ocrx_word' id='word_1_792' title='bbox 1118 2546 1201 2575; x_wconf 79' lang='lat' dir='ltr'><strong>Inqnis</strong></span> <span class='ocrx_word' id='word_1_793' title='bbox 1213 2549 1269 2569; x_wconf 82' lang='lat' dir='ltr'><strong>Jun.</strong></span> 
     </span>
    </p>
   </div>
   <div class='ocr_carea' id='block_1_107' title="bbox 1078 2546 1362 2607">
    <p class='ocr_par' dir='ltr' id='par_1_107' title="bbox 1078 2546 1362 2607">
     <span class='ocr_line' id='line_1_108' title="bbox 1079 2546 1269 2575; baseline -0.005 -6"><span class='ocrx_word' id='word_1_794' title='bbox 1079 2547 1089 2569; x_wconf 76' lang='grc' dir='ltr'>Ἰ</span> <span class='ocrx_word' id='word_1_795' title='bbox 1118 2546 1201 2575; x_wconf 82' lang='lat' dir='ltr'><strong>Inqnis</strong></span> <span class='ocrx_word' id='word_1_796' title='bbox 1213 2549 1269 2569; x_wconf 82' lang='lat' dir='ltr'><strong>Jun.</strong></span> 
     </span>
     <span class='ocr_line' id='line_1_109' title="bbox 1078 2546 1362 2607; baseline -0.011 -6"><span class='ocrx_word' id='word_1_797' title='bbox 1078 2546 1103 2607; x_wconf 50' lang='grc' dir='ltr'>Β)</span> <span class='ocrx_word' id='word_1_798' title='bbox 1118 2576 1198 2607; x_wconf 88' lang='lat' dir='ltr'><strong>inquit</strong></span> <span class='ocrx_word' id='word_1_799' title='bbox 1210 2576 1270 2600; x_wconf 77' lang='lat' dir='ltr'><strong>add.</strong></span> <span class='ocrx_word' id='word_1_800' title='bbox 1287 2575 1362 2599; x_wconf 84' lang='lat' dir='ltr'><strong>Frau.</strong></span> 
     </span>
    </p>
   </div>
   <div class='ocr_carea' id='block_1_108' title="bbox 1078 2607 1357 2639">
    <p class='ocr_par' dir='ltr' id='par_1_108' title="bbox 1078 2607 1357 2639">
     <span class='ocr_line' id='line_1_110' title="bbox 1078 2607 1357 2639; baseline -0.014 -6"><span class='ocrx_word' id='word_1_801' title='bbox 1078 2609 1101 2639; x_wconf 71' lang='grc' dir='ltr'><strong>ει)</strong></span> <span class='ocrx_word' id='word_1_802' title='bbox 1117 2607 1268 2639; x_wconf 66' lang='lat' dir='ltr'><strong>St‘pttl‘t‘lllitli</strong></span> <span class='ocrx_word' id='word_1_803' title='bbox 1284 2607 1357 2639; x_wconf 72' lang='lat' dir='ltr'><strong>Ffttrt.</strong></span> 
     </span>
    </p>
   </div>
   <div class='ocr_carea' id='block_1_109' title="bbox 1069 2637 1315 2670">
    <p class='ocr_par' dir='ltr' id='par_1_109' title="bbox 1069 2637 1315 2670">
     <span class='ocr_line' id='line_1_111' title="bbox 1069 2637 1315 2670; baseline -0.008 -7"><span class='ocrx_word' id='word_1_804' title='bbox 1069 2637 1119 2670; x_wconf 79' lang='lat' dir='ltr'><strong>(t0)</strong></span> <span class='ocrx_word' id='word_1_805' title='bbox 1136 2638 1227 2662; x_wconf 83' lang='lat' dir='ltr'><strong>Domini</strong></span> <span class='ocrx_word' id='word_1_806' title='bbox 1241 2637 1315 2670; x_wconf 59' lang='lat' dir='ltr'><strong>Sentl.</strong></span> 
     </span>
    </p>
   </div>
   <div class='ocr_carea' id='block_1_110' title="bbox 1083 2667 1574 2699">
    <p class='ocr_par' dir='ltr' id='par_1_110' title="bbox 1083 2667 1574 2699">
     <span class='ocr_line' id='line_1_112' title="bbox 1083 2667 1574 2699; baseline -0.004 -6"><span class='ocrx_word' id='word_1_807' title='bbox 1083 2667 1120 2699; x_wconf 80' lang='lat' dir='ltr'><strong>tt)</strong></span> <span class='ocrx_word' id='word_1_808' title='bbox 1134 2669 1164 2693; x_wconf 77' lang='lat' dir='ltr'><strong>Et</strong></span> <span class='ocrx_word' id='word_1_809' title='bbox 1175 2670 1215 2699; x_wconf 88' lang='lat' dir='ltr'><strong>qui</strong></span> <span class='ocrx_word' id='word_1_810' title='bbox 1230 2670 1287 2693; x_wconf 73' lang='lat' dir='ltr'><strong>t’ur.</strong></span> <span class='ocrx_word' id='word_1_811' title='bbox 1301 2669 1377 2693; x_wconf 75' lang='lat' dir='ltr'><strong>Fran.</strong></span> <span class='ocrx_word' id='word_1_812' title='bbox 1392 2671 1418 2693; x_wconf 84' lang='lat' dir='ltr'><strong>et</strong></span> <span class='ocrx_word' id='word_1_813' title='bbox 1429 2673 1485 2699; x_wconf 68' lang='lat' dir='ltr'><strong>qua:</strong></span> <span class='ocrx_word' id='word_1_814' title='bbox 1497 2667 1574 2693; x_wconf 78' lang='lat' dir='ltr'><strong>Rhea.</strong></span> 
     </span>
    </p>
   </div>
   <div class='ocr_carea' id='block_1_111' title="bbox 1069 2671 1279 2733">
    <p class='ocr_par' dir='ltr' id='par_1_111' title="bbox 1069 2671 1279 2733">
     <span class='ocr_line' id='line_1_113' title="bbox 1083 2671 1278 2699; baseline 0 -6"><span class='ocrx_word' id='word_1_815' title='bbox 1083 2672 1089 2693; x_wconf 89' lang='lat' dir='ltr'><strong>t</strong></span> <span class='ocrx_word' id='word_1_816' title='bbox 1100 2671 1105 2693; x_wconf 90' lang='lat' dir='ltr'><strong>l</strong></span> <span class='ocrx_word' id='word_1_817' title='bbox 1134 2671 1164 2693; x_wconf 67' lang='lat' dir='ltr'><strong>lit</strong></span> <span class='ocrx_word' id='word_1_818' title='bbox 1175 2671 1215 2699; x_wconf 87' lang='lat' dir='ltr'><strong>qui</strong></span> <span class='ocrx_word' id='word_1_819' title='bbox 1230 2671 1278 2693; x_wconf 78' lang='lat' dir='ltr'><strong>Par</strong></span> 
     </span>
     <span class='ocr_line' id='line_1_114' title="bbox 1069 2671 1279 2733; baseline -0.01 -8"><span class='ocrx_word' id='word_1_820' title='bbox 1069 2671 1120 2733; x_wconf 60' lang='lat' dir='ltr'><strong>(Hi</strong></span> <span class='ocrx_word' id='word_1_821' title='bbox 1132 2701 1236 2724; x_wconf 55' lang='lat' dir='ltr'><strong>Justitta‘.</strong></span> <span class='ocrx_word' id='word_1_822' title='bbox 1248 2700 1279 2724; x_wconf 83' lang='lat' dir='ltr'><strong>al.</strong></span> 
     </span>
    </p>
   </div>
   <div class='ocr_carea' id='block_1_112' title="bbox 825 2775 1109 2806">
    <p class='ocr_par' dir='ltr' id='par_1_112' title="bbox 825 2775 1109 2806">
     <span class='ocr_line' id='line_1_115' title="bbox 825 2775 1109 2806; baseline 0.004 -3"><span class='ocrx_word' id='word_1_823' title='bbox 825 2775 1109 2806; x_wconf 71' lang='lat' dir='ltr'><strong>CO\I.\IENTAIHUS.</strong></span> 
     </span>
    </p>
   </div>
   <div class='ocr_carea' id='block_1_113' title="bbox 220 2833 974 2871">
    <p class='ocr_par' dir='ltr' id='par_1_113' title="bbox 220 2833 974 2871">
     <span class='ocr_line' id='line_1_116' title="bbox 220 2833 974 2871; baseline -0.004 -9"><span class='ocrx_word' id='word_1_824' title='bbox 220 2836 295 2863; x_wconf 72' lang='lat' dir='ltr'><strong>CAP.</strong></span> <span class='ocrx_word' id='word_1_825' title='bbox 310 2835 381 2863; x_wconf 77' lang='lat' dir='ltr'><strong>XXI.</strong></span> <span class='ocrx_word' id='word_1_826' title='bbox 397 2850 431 2855; x_wconf 90' lang='lat'><strong>—-</strong></span> <span class='ocrx_word' id='word_1_827' title='bbox 443 2836 479 2871; x_wconf 86' lang='lat' dir='ltr'><strong>(a)</strong></span> <span class='ocrx_word' id='word_1_828' title='bbox 493 2835 605 2870; x_wconf 81' lang='lat' dir='ltr'><strong>Sibynas</strong></span> <span class='ocrx_word' id='word_1_829' title='bbox 622 2836 649 2862; x_wconf 81' lang='lat' dir='ltr'><strong>in</strong></span> <span class='ocrx_word' id='word_1_830' title='bbox 669 2835 756 2868; x_wconf 79' lang='lat' dir='ltr'><strong>falces.</strong></span> <span class='ocrx_word' id='word_1_831' title='bbox 770 2835 845 2871; x_wconf 86' lang='lat' dir='ltr'><strong>Apnd</strong></span> <span class='ocrx_word' id='word_1_832' title='bbox 868 2833 974 2871; x_wconf 82' lang='lat' dir='ltr'><strong>Esaiam</strong></span> 
     </span>
    </p>
   </div>
   <div class='ocr_carea' id='block_1_114' title="bbox 182 2870 978 2906">
    <p class='ocr_par' dir='ltr' id='par_1_114' title="bbox 182 2870 978 2906">
     <span class='ocr_line' id='line_1_117' title="bbox 182 2870 978 2906; baseline -0.005 -8"><span class='ocrx_word' id='word_1_833' title='bbox 182 2871 255 2906; x_wconf 80' lang='lat' dir='ltr'><strong>juxta</strong></span> <span class='ocrx_word' id='word_1_834' title='bbox 265 2871 335 2898; x_wconf 71' lang='lat' dir='ltr'><strong>LXX</strong></span> <span class='ocrx_word' id='word_1_835' title='bbox 341 2872 490 2899; x_wconf 88' lang='lat' dir='ltr'><strong>versionem</strong></span> <span class='ocrx_word' id='word_1_836' title='bbox 499 2879 584 2906; x_wconf 68' lang='lat' dir='ltr'><strong>grame</strong></span> <span class='ocrx_word' id='word_1_837' title='bbox 592 2871 696 2906; x_wconf 79' lang='lat' dir='ltr'><strong>legitur.</strong></span> <span class='ocrx_word' id='word_1_838' title='bbox 706 2873 745 2897; x_wconf 76' lang='grc' dir='ltr'><strong>κιὶ</strong></span> <span class='ocrx_word' id='word_1_839' title='bbox 753 2875 794 2903; x_wconf 71' lang='grc' dir='ltr'><strong>τὰς</strong></span> <span class='ocrx_word' id='word_1_840' title='bbox 801 2874 895 2904; x_wconf 60' lang='lat' dir='ltr'><strong>{te-sva;</strong></span> <span class='ocrx_word' id='word_1_841' title='bbox 902 2870 978 2895; x_wconf 58' lang='lat' dir='ltr'><strong>wit-av</strong></span> 
     </span>
    </p>
   </div>
   <div class='ocr_carea' id='block_1_115' title="bbox 184 2905 979 2943">
    <p class='ocr_par' dir='ltr' id='par_1_115' title="bbox 184 2905 979 2943">
     <span class='ocr_line' id='line_1_118' title="bbox 184 2905 979 2943; baseline -0.001 -10"><span class='ocrx_word' id='word_1_842' title='bbox 184 2908 217 2938; x_wconf 73' lang='grc' dir='ltr'><strong>ιὶς</strong></span> <span class='ocrx_word' id='word_1_843' title='bbox 231 2909 346 2942; x_wconf 56' lang='lat' dir='ltr'><strong>sparum.</strong></span> <span class='ocrx_word' id='word_1_844' title='bbox 362 2907 410 2934; x_wconf 87' lang='lat' dir='ltr'><strong>Est</strong></span> <span class='ocrx_word' id='word_1_845' title='bbox 424 2905 512 2935; x_wconf 84' lang='lat' dir='ltr'><strong>autem</strong></span> <span class='ocrx_word' id='word_1_846' title='bbox 527 2909 606 2939; x_wconf 77' lang='grc' dir='ltr'><strong>ςιεύνη</strong></span> <span class='ocrx_word' id='word_1_847' title='bbox 620 2905 745 2934; x_wconf 84' lang='lat' dir='ltr'><strong>venabuli</strong></span> <span class='ocrx_word' id='word_1_848' title='bbox 762 2914 848 2943; x_wconf 86' lang='lat' dir='ltr'><strong>genus</strong></span> <span class='ocrx_word' id='word_1_849' title='bbox 868 2907 979 2932; x_wconf 65' lang='lat' dir='ltr'><strong>auc-tore</strong></span> 
     </span>
    </p>
   </div>
   <div class='ocr_carea' id='block_1_116' title="bbox 1029 2829 1837 2868">
    <p class='ocr_par' dir='ltr' id='par_1_116' title="bbox 1029 2829 1837 2868">
     <span class='ocr_line' id='line_1_119' title="bbox 1029 2829 1837 2868; baseline -0.005 -7"><span class='ocrx_word' id='word_1_850' title='bbox 1029 2834 1204 2861; x_wconf 83' lang='lat' dir='ltr'><strong>Tcrtulliano.</strong></span> <span class='ocrx_word' id='word_1_851' title='bbox 1213 2833 1308 2861; x_wconf 88' lang='lat' dir='ltr'><strong>Snidas</strong></span> <span class='ocrx_word' id='word_1_852' title='bbox 1316 2835 1452 2868; x_wconf 59' lang='grc' dir='ltr'><strong>ὁλυσίδηριν</strong></span> <span class='ocrx_word' id='word_1_853' title='bbox 1459 2833 1566 2860; x_wconf 66' lang='grc' dir='ltr'><strong>ἀκόντων</strong></span> <span class='ocrx_word' id='word_1_854' title='bbox 1572 2830 1722 2868; x_wconf 77' lang='lat' dir='ltr'><strong>signiﬁcare</strong></span> <span class='ocrx_word' id='word_1_855' title='bbox 1729 2829 1837 2868; x_wconf 80' lang='lat' dir='ltr'><strong>scribit,</strong></span> 
     </span>
    </p>
   </div>
   <div class='ocr_carea' id='block_1_117' title="bbox 1031 2866 1839 2904">
    <p class='ocr_par' dir='ltr' id='par_1_117' title="bbox 1031 2866 1839 2904">
     <span class='ocr_line' id='line_1_120' title="bbox 1031 2866 1839 2904; baseline -0.006 -8"><span class='ocrx_word' id='word_1_856' title='bbox 1031 2869 1083 2896; x_wconf 88' lang='lat' dir='ltr'><strong>hoc</strong></span> <span class='ocrx_word' id='word_1_857' title='bbox 1089 2873 1130 2896; x_wconf 86' lang='lat' dir='ltr'><strong>est</strong></span> <span class='ocrx_word' id='word_1_858' title='bbox 1140 2870 1219 2896; x_wconf 86' lang='lat' dir='ltr'><strong>telum</strong></span> <span class='ocrx_word' id='word_1_859' title='bbox 1228 2876 1337 2904; x_wconf 89' lang='lat' dir='ltr'><strong>prorsus</strong></span> <span class='ocrx_word' id='word_1_860' title='bbox 1347 2866 1473 2904; x_wconf 71' lang='lat' dir='ltr'><strong>ferreum,</strong></span> <span class='ocrx_word' id='word_1_861' title='bbox 1483 2866 1770 2904; x_wconf 37' lang='lat' dir='ltr'><strong>nonnunquam,“an</strong></span> <span class='ocrx_word' id='word_1_862' title='bbox 1777 2866 1839 2894; x_wconf 77' lang='lat' dir='ltr'><strong>sive</strong></span> 
     </span>
    </p>
   </div>
   <div class='ocr_carea' id='block_1_118' title="bbox 1032 2902 1648 2939">
    <p class='ocr_par' dir='ltr' id='par_1_118' title="bbox 1032 2902 1648 2939">
     <span class='ocr_line' id='line_1_121' title="bbox 1032 2902 1648 2939; baseline -0.01 -6"><span class='ocrx_word' id='word_1_863' title='bbox 1032 2908 1137 2939; x_wconf 65' lang='lat' dir='ltr'><strong>natm,</strong></span> <span class='ocrx_word' id='word_1_864' title='bbox 1151 2904 1178 2932; x_wconf 89' lang='lat' dir='ltr'><strong>id</strong></span> <span class='ocrx_word' id='word_1_865' title='bbox 1189 2902 1235 2932; x_wconf 70' lang='lat' dir='ltr'><strong>est</strong></span> <span class='ocrx_word' id='word_1_866' title='bbox 1243 2904 1365 2935; x_wconf 80' lang='lat' dir='ltr'><strong>lanceam</strong></span> <span class='ocrx_word' id='word_1_867' title='bbox 1378 2903 1421 2931; x_wconf 80' lang='lat' dir='ltr'><strong>vel</strong></span> <span class='ocrx_word' id='word_1_868' title='bbox 1440 2911 1545 2931; x_wconf 86' lang='lat' dir='ltr'><strong>ensem.</strong></span> <span class='ocrx_word' id='word_1_869' title='bbox 1561 2902 1648 2930; x_wconf 75' lang='lat' dir='ltr'><strong>Busa.</strong></span> 
     </span>
    </p>
   </div>
  </div>
