  <div class='ocr_page' id='page_1' title='image "/cluster/home/n/w/nwhite01/storage/ocr_20150623/2/uva.x000669815/182.png"; bbox 0 0 2010 3143; ppageno 0'>
   <div class='ocr_carea' id='block_1_1' title="bbox 147 113 1231 145">
    <p class='ocr_par' dir='ltr' id='par_1_1' title="bbox 147 113 1231 145">
     <span class='ocr_line' id='line_1_1' title="bbox 147 113 1231 145; baseline 0.001 -2"><span class='ocrx_word' id='word_1_1' title='bbox 147 115 191 145; x_wconf 66' lang='grc' dir='ltr'><strong>5Γὲ5</strong></span> <span class='ocrx_word' id='word_1_2' title='bbox 687 117 751 145; x_wconf 82' lang='lat' dir='ltr'><strong>LIB.</strong></span> <span class='ocrx_word' id='word_1_3' title='bbox 772 117 805 144; x_wconf 89' lang='lat' dir='ltr'><strong>III</strong></span> <span class='ocrx_word' id='word_1_4' title='bbox 824 113 1003 144; x_wconf 81' lang='lat' dir='ltr'><strong>ADVERSUS</strong></span> <span class='ocrx_word' id='word_1_5' title='bbox 1022 115 1231 145; x_wconf 67' lang='lat' dir='ltr'><strong>MARCIONEM.</strong></span> 
     </span>
    </p>
   </div>
   <div class='ocr_carea' id='block_1_2' title="bbox 1731 96 1786 148">
    <p class='ocr_par' dir='ltr' id='par_1_2' title="bbox 1731 96 1786 148">
     <span class='ocr_line' id='line_1_2' title="bbox 1731 96 1786 148; baseline 0 -1"><span class='ocrx_word' id='word_1_6' title='bbox 1731 96 1786 148; x_wconf 70' lang='lat' dir='ltr'><strong>ast</strong></span> 
     </span>
    </p>
   </div>
   <div class='ocr_carea' id='block_1_3' title="bbox 147 172 1786 210">
    <p class='ocr_par' dir='ltr' id='par_1_3' title="bbox 147 172 1786 210">
     <span class='ocr_line' id='line_1_3' title="bbox 147 172 1786 210; baseline 0 -9"><span class='ocrx_word' id='word_1_7' title='bbox 147 175 183 202; x_wconf 90' lang='lat' dir='ltr'><strong>illa</strong></span> <span class='ocrx_word' id='word_1_8' title='bbox 196 178 256 201; x_wconf 89' lang='lat' dir='ltr'><strong>nota</strong></span> <span class='ocrx_word' id='word_1_9' title='bbox 271 174 384 207; x_wconf 89' lang='lat' dir='ltr'><strong>scilicet,</strong></span> <span class='ocrx_word' id='word_1_10' title='bbox 400 173 434 201; x_wconf 88' lang='lat' dir='ltr'><strong>de</strong></span> <span class='ocrx_word' id='word_1_11' title='bbox 452 181 503 209; x_wconf 86' lang='lat' dir='ltr'><strong>qua</strong></span> <span class='ocrx_word' id='word_1_12' title='bbox 519 173 642 202; x_wconf 86' lang='lat' dir='ltr'><strong>Ezechiel</strong></span> <span class='ocrx_word' id='word_1_13' title='bbox 661 173 779 210; x_wconf 64' lang='lat' dir='ltr'><strong>(Eiet/1.,</strong></span> <span class='ocrx_word' id='word_1_14' title='bbox 806 173 852 205; x_wconf 75' lang='lat' dir='ltr'><strong>IX,</strong></span> <span class='ocrx_word' id='word_1_15' title='bbox 878 173 926 208; x_wconf 65' lang='lat'><strong>1):</strong></span> <span class='ocrx_word' id='word_1_16' title='bbox 942 173 969 203; x_wconf 80' lang='grc' dir='ltr'><strong>Α</strong></span> <span class='ocrx_word' id='word_1_17' title='bbox 982 181 1037 203; x_wconf 75' lang='lat' dir='ltr'><strong>nar.</strong></span> <span class='ocrx_word' id='word_1_18' title='bbox 1061 181 1092 200; x_wconf 81' lang='lat' dir='ltr'><strong>ex</strong></span> <span class='ocrx_word' id='word_1_19' title='bbox 1119 174 1215 208; x_wconf 86' lang='lat' dir='ltr'><strong>quibus</strong></span> <span class='ocrx_word' id='word_1_20' title='bbox 1238 172 1381 201; x_wconf 91' lang='lat' dir='ltr'><strong>Dominum</strong></span> <span class='ocrx_word' id='word_1_21' title='bbox 1406 177 1602 207; x_wconf 80' lang='lat' dir='ltr'><strong>coronaverat;</strong></span> <span class='ocrx_word' id='word_1_22' title='bbox 1618 179 1641 201; x_wconf 87' lang='lat' dir='ltr'><strong>et</strong></span> <span class='ocrx_word' id='word_1_23' title='bbox 1661 182 1711 200; x_wconf 86' lang='lat' dir='ltr'><strong>non</strong></span> <span class='ocrx_word' id='word_1_24' title='bbox 1726 175 1786 209; x_wconf 83' lang='lat' dir='ltr'><strong>jus-</strong></span> 
     </span>
    </p>
   </div>
   <div class='ocr_carea' id='block_1_4' title="bbox 146 220 932 257">
    <p class='ocr_par' dir='ltr' id='par_1_4' title="bbox 146 220 932 257">
     <span class='ocr_line' id='line_1_4' title="bbox 146 220 932 257; baseline -0.001 -8"><span class='ocrx_word' id='word_1_25' title='bbox 146 222 205 250; x_wconf 77' lang='lat' dir='ltr'><strong>Dicit</strong></span> <span class='ocrx_word' id='word_1_26' title='bbox 220 222 345 249; x_wconf 77' lang='lat' dir='ltr'><strong>Dominus</strong></span> <span class='ocrx_word' id='word_1_27' title='bbox 366 222 400 248; x_wconf 82' lang='lat' dir='ltr'><strong>ad</strong></span> <span class='ocrx_word' id='word_1_28' title='bbox 423 230 461 249; x_wconf 88' lang='lat' dir='ltr'><strong>me</strong></span> <span class='ocrx_word' id='word_1_29' title='bbox 475 230 484 248; x_wconf 93' lang='lat'><em>:</em></span> <span class='ocrx_word' id='word_1_30' title='bbox 507 220 640 249; x_wconf 71' lang='lat' dir='ltr'><strong>Peitransi</strong></span> <span class='ocrx_word' id='word_1_31' title='bbox 662 221 701 257; x_wconf 99' lang='lat'><strong>(1)</strong></span> <span class='ocrx_word' id='word_1_32' title='bbox 717 222 798 249; x_wconf 84' lang='lat' dir='ltr'><strong>medio</strong></span> <span class='ocrx_word' id='word_1_33' title='bbox 813 226 893 257; x_wconf 67' lang='lat' dir='ltr'><strong>portae</strong></span> <span class='ocrx_word' id='word_1_34' title='bbox 906 221 932 248; x_wconf 89' lang='lat' dir='ltr'><strong>iu</strong></span> 
     </span>
    </p>
   </div>
   <div class='ocr_carea' id='block_1_5' title="bbox 146 267 931 304">
    <p class='ocr_par' dir='ltr' id='par_1_5' title="bbox 146 267 931 304">
     <span class='ocr_line' id='line_1_5' title="bbox 146 267 931 304; baseline -0.003 -9"><span class='ocrx_word' id='word_1_35' title='bbox 146 268 218 295; x_wconf 74' lang='lat' dir='ltr'><strong>media</strong></span> <span class='ocrx_word' id='word_1_36' title='bbox 231 268 274 304; x_wconf 75' lang='grc'>(2)</span> <span class='ocrx_word' id='word_1_37' title='bbox 296 267 470 300; x_wconf 74' lang='lat' dir='ltr'><strong>Hierusalem,</strong></span> <span class='ocrx_word' id='word_1_38' title='bbox 486 273 509 295; x_wconf 89' lang='lat' dir='ltr'><strong>et</strong></span> <span class='ocrx_word' id='word_1_39' title='bbox 529 268 562 295; x_wconf 83' lang='lat' dir='ltr'><strong>da</strong></span> <span class='ocrx_word' id='word_1_40' title='bbox 572 268 672 303; x_wconf 77' lang='lat' dir='ltr'><strong>signant</strong></span> <span class='ocrx_word' id='word_1_41' title='bbox 687 267 792 304; x_wconf 68' lang='lat' dir='ltr'><strong>(3)1&#39;au</strong></span> <span class='ocrx_word' id='word_1_42' title='bbox 815 268 841 294; x_wconf 86' lang='lat' dir='ltr'><strong>in</strong></span> <span class='ocrx_word' id='word_1_43' title='bbox 858 268 931 302; x_wconf 81' lang='lat' dir='ltr'><strong>[ron-</strong></span> 
     </span>
    </p>
   </div>
   <div class='ocr_carea' id='block_1_6' title="bbox 146 311 930 348">
    <p class='ocr_par' dir='ltr' id='par_1_6' title="bbox 146 311 930 348">
     <span class='ocr_line' id='line_1_6' title="bbox 146 311 930 348; baseline -0.001 -8"><span class='ocrx_word' id='word_1_44' title='bbox 146 314 202 341; x_wconf 77' lang='lat' dir='ltr'><strong>tibus</strong></span> <span class='ocrx_word' id='word_1_45' title='bbox 211 314 332 341; x_wconf 85' lang='lat' dir='ltr'><strong>virorum.</strong></span> <span class='ocrx_word' id='word_1_46' title='bbox 349 314 406 347; x_wconf 88' lang='lat' dir='ltr'><strong>Ipsa</strong></span> <span class='ocrx_word' id='word_1_47' title='bbox 418 319 457 341; x_wconf 91' lang='lat' dir='ltr'><strong>est</strong></span> <span class='ocrx_word' id='word_1_48' title='bbox 466 314 536 341; x_wconf 89' lang='lat' dir='ltr'><strong>enim</strong></span> <span class='ocrx_word' id='word_1_49' title='bbox 552 314 638 342; x_wconf 89' lang='lat' dir='ltr'><strong>littera</strong></span> <span class='ocrx_word' id='word_1_50' title='bbox 650 314 805 341; x_wconf 78' lang='lat' dir='ltr'><strong>Graecorum</strong></span> <span class='ocrx_word' id='word_1_51' title='bbox 814 313 869 340; x_wconf 85' lang='lat' dir='ltr'><strong>&#39;l‘au</strong></span> <span class='ocrx_word' id='word_1_52' title='bbox 881 311 930 348; x_wconf 84' lang='grc' dir='ltr'><strong>(α),</strong></span> 
     </span>
    </p>
   </div>
   <div class='ocr_carea' id='block_1_7' title="bbox 126 349 932 395">
    <p class='ocr_par' dir='ltr' id='par_1_7' title="bbox 126 349 932 395">
     <span class='ocr_line' id='line_1_7' title="bbox 126 349 932 395; baseline 0 -8"><span class='ocrx_word' id='word_1_53' title='bbox 126 349 225 388; x_wconf 70' lang='grc' dir='ltr'>ἠοειιξι</span> <span class='ocrx_word' id='word_1_54' title='bbox 252 365 340 387; x_wconf 86' lang='lat' dir='ltr'><strong>autem</strong></span> <span class='ocrx_word' id='word_1_55' title='bbox 357 359 389 392; x_wconf 84' lang='grc' dir='ltr'><strong>Τ,</strong></span> <span class='ocrx_word' id='word_1_56' title='bbox 410 360 513 395; x_wconf 88' lang='lat' dir='ltr'><strong>species</strong></span> <span class='ocrx_word' id='word_1_57' title='bbox 533 360 630 392; x_wconf 73' lang='lat' dir='ltr'><strong>crucis,</strong></span> <span class='ocrx_word' id='word_1_58' title='bbox 655 368 734 395; x_wconf 90' lang='lat' dir='ltr'><strong>quam</strong></span> <span class='ocrx_word' id='word_1_59' title='bbox 756 360 932 395; x_wconf 74' lang='lat' dir='ltr'><strong>portendebat</strong></span> 
     </span>
    </p>
   </div>
   <div class='ocr_carea' id='block_1_8' title="bbox 146 405 931 441">
    <p class='ocr_par' dir='ltr' id='par_1_8' title="bbox 146 405 931 441">
     <span class='ocr_line' id='line_1_8' title="bbox 146 405 931 441; baseline -0.003 -7"><span class='ocrx_word' id='word_1_60' title='bbox 146 407 251 435; x_wconf 80' lang='lat' dir='ltr'><strong>futuram</strong></span> <span class='ocrx_word' id='word_1_61' title='bbox 266 407 292 434; x_wconf 93' lang='lat' dir='ltr'><strong>in</strong></span> <span class='ocrx_word' id='word_1_62' title='bbox 309 407 440 435; x_wconf 76' lang='lat' dir='ltr'><strong>frontibus</strong></span> <span class='ocrx_word' id='word_1_63' title='bbox 465 408 564 435; x_wconf 78' lang='lat' dir='ltr'><strong>nostris</strong></span> <span class='ocrx_word' id='word_1_64' title='bbox 580 407 649 441; x_wconf 90' lang='lat' dir='ltr'><strong>apud</strong></span> <span class='ocrx_word' id='word_1_65' title='bbox 670 414 760 434; x_wconf 82' lang='lat' dir='ltr'><strong>veram</strong></span> <span class='ocrx_word' id='word_1_66' title='bbox 776 411 802 433; x_wconf 89' lang='lat' dir='ltr'><strong>et</strong></span> <span class='ocrx_word' id='word_1_67' title='bbox 818 405 931 433; x_wconf 88' lang='lat' dir='ltr'><strong>catholi-</strong></span> 
     </span>
    </p>
   </div>
   <div class='ocr_carea' id='block_1_9' title="bbox 146 452 933 487">
    <p class='ocr_par' dir='ltr' id='par_1_9' title="bbox 146 452 933 487">
     <span class='ocr_line' id='line_1_9' title="bbox 146 452 933 487; baseline -0.001 -7"><span class='ocrx_word' id='word_1_68' title='bbox 146 460 195 480; x_wconf 88' lang='lat' dir='ltr'><strong>cam</strong></span> <span class='ocrx_word' id='word_1_69' title='bbox 207 453 384 486; x_wconf 87' lang='lat' dir='ltr'><strong>Hierusalem,</strong></span> <span class='ocrx_word' id='word_1_70' title='bbox 402 452 427 480; x_wconf 93' lang='lat' dir='ltr'><strong>in</strong></span> <span class='ocrx_word' id='word_1_71' title='bbox 439 460 490 487; x_wconf 85' lang='lat' dir='ltr'><strong>qua</strong></span> <span class='ocrx_word' id='word_1_72' title='bbox 510 452 606 480; x_wconf 85' lang='lat' dir='ltr'><strong>fratres</strong></span> <span class='ocrx_word' id='word_1_73' title='bbox 625 453 734 485; x_wconf 79' lang='lat' dir='ltr'><strong>Christi,</strong></span> <span class='ocrx_word' id='word_1_74' title='bbox 754 453 820 479; x_wconf 79' lang='lat' dir='ltr'><strong>tilios</strong></span> <span class='ocrx_word' id='word_1_75' title='bbox 831 452 933 479; x_wconf 85' lang='lat' dir='ltr'><strong>scilicet</strong></span> 
     </span>
    </p>
   </div>
   <div class='ocr_carea' id='block_1_10' title="bbox 146 498 961 535">
    <p class='ocr_par' dir='ltr' id='par_1_10' title="bbox 146 498 961 535">
     <span class='ocr_line' id='line_1_10' title="bbox 146 498 961 535; baseline -0.001 -9"><span class='ocrx_word' id='word_1_76' title='bbox 146 498 196 532; x_wconf 90' lang='lat' dir='ltr'><strong>Dei,</strong></span> <span class='ocrx_word' id='word_1_77' title='bbox 208 499 319 535; x_wconf 76' lang='lat' dir='ltr'><strong>gloriam</strong></span> <span class='ocrx_word' id='word_1_78' title='bbox 337 499 408 526; x_wconf 81' lang='lat' dir='ltr'><strong>Patri</strong></span> <span class='ocrx_word' id='word_1_79' title='bbox 425 499 479 526; x_wconf 90' lang='lat' dir='ltr'><strong>Deo</strong></span> <span class='ocrx_word' id='word_1_80' title='bbox 492 499 635 532; x_wconf 72' lang='lat' dir='ltr'><strong>relaturos,</strong></span> <span class='ocrx_word' id='word_1_81' title='bbox 652 498 770 533; x_wconf 80' lang='lat' dir='ltr'><strong>psalmus</strong></span> <span class='ocrx_word' id='word_1_82' title='bbox 788 498 932 533; x_wconf 85' lang='lat' dir='ltr'><strong>vigesimus</strong></span> <span class='ocrx_word' id='word_1_83' title='bbox 958 500 961 507; x_wconf 91' lang='lat'><em>‘</em></span> 
     </span>
    </p>
   </div>
   <div class='ocr_carea' id='block_1_11' title="bbox 146 544 931 581">
    <p class='ocr_par' dir='ltr' id='par_1_11' title="bbox 146 544 931 581">
     <span class='ocr_line' id='line_1_11' title="bbox 146 544 931 581; baseline 0 -10"><span class='ocrx_word' id='word_1_84' title='bbox 146 545 236 579; x_wconf 90' lang='lat' dir='ltr'><strong>primus</strong></span> <span class='ocrx_word' id='word_1_85' title='bbox 249 544 308 581; x_wconf 80' lang='lat' dir='ltr'><strong>(Ps.</strong></span> <span class='ocrx_word' id='word_1_86' title='bbox 337 544 408 577; x_wconf 83' lang='lat' dir='ltr'><strong>XXI,</strong></span> <span class='ocrx_word' id='word_1_87' title='bbox 428 544 475 580; x_wconf 70' lang='grc'><strong>25)</strong></span> <span class='ocrx_word' id='word_1_88' title='bbox 490 546 562 572; x_wconf 89' lang='lat' dir='ltr'><strong>canit</strong></span> <span class='ocrx_word' id='word_1_89' title='bbox 582 553 615 573; x_wconf 81' lang='lat' dir='ltr'><strong>ex</strong></span> <span class='ocrx_word' id='word_1_90' title='bbox 627 553 739 580; x_wconf 91' lang='lat' dir='ltr'><strong>persona</strong></span> <span class='ocrx_word' id='word_1_91' title='bbox 756 545 838 580; x_wconf 88' lang='lat' dir='ltr'><strong>ipsius</strong></span> <span class='ocrx_word' id='word_1_92' title='bbox 852 545 931 572; x_wconf 62' lang='lat' dir='ltr'><strong>Chrio</strong></span> 
     </span>
    </p>
   </div>
   <div class='ocr_carea' id='block_1_12' title="bbox 143 591 932 627">
    <p class='ocr_par' dir='ltr' id='par_1_12' title="bbox 143 591 932 627">
     <span class='ocr_line' id='line_1_12' title="bbox 143 591 932 627; baseline -0.001 -8"><span class='ocrx_word' id='word_1_93' title='bbox 143 592 172 619; x_wconf 86' lang='lat' dir='ltr'><strong>sli</strong></span> <span class='ocrx_word' id='word_1_94' title='bbox 184 591 214 619; x_wconf 90' lang='lat' dir='ltr'><strong>ad</strong></span> <span class='ocrx_word' id='word_1_95' title='bbox 234 592 340 619; x_wconf 88' lang='lat' dir='ltr'><strong>Patrem</strong></span> <span class='ocrx_word' id='word_1_96' title='bbox 354 601 361 619; x_wconf 91' lang='lat'><strong>:</strong></span> <span class='ocrx_word' id='word_1_97' title='bbox 377 591 510 623; x_wconf 76' lang='lat' dir='ltr'><strong>Enarrabo</strong></span> <span class='ocrx_word' id='word_1_98' title='bbox 523 600 614 619; x_wconf 87' lang='lat' dir='ltr'><strong>uouten</strong></span> <span class='ocrx_word' id='word_1_99' title='bbox 628 597 698 618; x_wconf 88' lang='lat' dir='ltr'><strong>tuum</strong></span> <span class='ocrx_word' id='word_1_100' title='bbox 712 592 834 627; x_wconf 75' lang='lat' dir='ltr'><strong>fratribus</strong></span> <span class='ocrx_word' id='word_1_101' title='bbox 848 592 909 618; x_wconf 83' lang='lat' dir='ltr'><strong>uicis</strong></span> <span class='ocrx_word' id='word_1_102' title='bbox 923 599 932 618; x_wconf 87' lang='lat'><strong><em>:</em></strong></span> 
     </span>
    </p>
   </div>
   <div class='ocr_carea' id='block_1_13' title="bbox 143 638 932 674">
    <p class='ocr_par' dir='ltr' id='par_1_13' title="bbox 143 638 932 674">
     <span class='ocr_line' id='line_1_13' title="bbox 143 638 932 674; baseline 0.001 -9"><span class='ocrx_word' id='word_1_103' title='bbox 143 640 167 665; x_wconf 87' lang='lat' dir='ltr'><strong>in</strong></span> <span class='ocrx_word' id='word_1_104' title='bbox 179 639 256 666; x_wconf 82' lang='lat' dir='ltr'><strong>medio</strong></span> <span class='ocrx_word' id='word_1_105' title='bbox 269 638 380 666; x_wconf 71' lang='lat' dir='ltr'><strong>ecclesiw</strong></span> <span class='ocrx_word' id='word_1_106' title='bbox 399 640 521 674; x_wconf 85' lang='lat' dir='ltr'><strong>hymnum</strong></span> <span class='ocrx_word' id='word_1_107' title='bbox 542 639 586 666; x_wconf 94' lang='lat' dir='ltr'><strong>tibi</strong></span> <span class='ocrx_word' id='word_1_108' title='bbox 608 640 701 666; x_wconf 87' lang='lat' dir='ltr'><strong>dicam.</strong></span> <span class='ocrx_word' id='word_1_109' title='bbox 717 639 794 673; x_wconf 86' lang='lat' dir='ltr'><strong>Quod</strong></span> <span class='ocrx_word' id='word_1_110' title='bbox 816 639 887 666; x_wconf 88' lang='lat' dir='ltr'><strong>enim</strong></span> <span class='ocrx_word' id='word_1_111' title='bbox 906 639 932 666; x_wconf 90' lang='lat' dir='ltr'><strong>in</strong></span> 
     </span>
    </p>
   </div>
   <div class='ocr_carea' id='block_1_14' title="bbox 143 685 932 720">
    <p class='ocr_par' dir='ltr' id='par_1_14' title="bbox 143 685 932 720">
     <span class='ocr_line' id='line_1_14' title="bbox 143 685 932 720; baseline 0.003 -9"><span class='ocrx_word' id='word_1_112' title='bbox 143 685 242 712; x_wconf 86' lang='lat' dir='ltr'><strong>nomine</strong></span> <span class='ocrx_word' id='word_1_113' title='bbox 261 689 289 713; x_wconf 87' lang='lat' dir='ltr'><strong>et</strong></span> <span class='ocrx_word' id='word_1_114' title='bbox 303 685 397 720; x_wconf 90' lang='lat' dir='ltr'><strong>spiritu</strong></span> <span class='ocrx_word' id='word_1_115' title='bbox 413 685 496 720; x_wconf 81' lang='lat' dir='ltr'><strong>ipsius</strong></span> <span class='ocrx_word' id='word_1_116' title='bbox 515 685 595 713; x_wconf 83' lang='lat' dir='ltr'><strong>hodie</strong></span> <span class='ocrx_word' id='word_1_117' title='bbox 610 686 666 713; x_wconf 88' lang='lat' dir='ltr'><strong>lieri</strong></span> <span class='ocrx_word' id='word_1_118' title='bbox 681 686 787 719; x_wconf 88' lang='lat' dir='ltr'><strong>ltabcat,</strong></span> <span class='ocrx_word' id='word_1_119' title='bbox 809 686 904 713; x_wconf 89' lang='lat' dir='ltr'><strong>merito</strong></span> <span class='ocrx_word' id='word_1_120' title='bbox 917 693 932 713; x_wconf 90' lang='lat' dir='ltr'><strong>a</strong></span> 
     </span>
    </p>
   </div>
   <div class='ocr_carea' id='block_1_15' title="bbox 142 731 933 768">
    <p class='ocr_par' dir='ltr' id='par_1_15' title="bbox 142 731 933 768">
     <span class='ocr_line' id='line_1_15' title="bbox 142 731 933 768; baseline 0 -9"><span class='ocrx_word' id='word_1_121' title='bbox 142 739 168 759; x_wconf 85' lang='lat' dir='ltr'><strong>se</strong></span> <span class='ocrx_word' id='word_1_122' title='bbox 191 732 304 759; x_wconf 80' lang='lat' dir='ltr'><strong>futurum</strong></span> <span class='ocrx_word' id='word_1_123' title='bbox 325 731 495 766; x_wconf 64' lang='lat' dir='ltr'><strong>pratdieabat.</strong></span> <span class='ocrx_word' id='word_1_124' title='bbox 523 732 557 760; x_wconf 87' lang='lat' dir='ltr'><strong>Et</strong></span> <span class='ocrx_word' id='word_1_125' title='bbox 581 733 660 768; x_wconf 84' lang='lat' dir='ltr'><strong>paulo</strong></span> <span class='ocrx_word' id='word_1_126' title='bbox 682 732 770 760; x_wconf 81' lang='lat' dir='ltr'><strong>intra:</strong></span> <span class='ocrx_word' id='word_1_127' title='bbox 794 734 815 759; x_wconf 84' lang='grc' dir='ltr'><em>Α</em></span> <span class='ocrx_word' id='word_1_128' title='bbox 833 738 856 760; x_wconf 83' lang='lat' dir='ltr'><strong>te</strong></span> <span class='ocrx_word' id='word_1_129' title='bbox 876 733 933 760; x_wconf 75' lang='lat' dir='ltr'><strong>Ian:</strong></span> 
     </span>
    </p>
   </div>
   <div class='ocr_carea' id='block_1_16' title="bbox 142 777 932 814">
    <p class='ocr_par' dir='ltr' id='par_1_16' title="bbox 142 777 932 814">
     <span class='ocr_line' id='line_1_16' title="bbox 142 777 932 814; baseline 0.003 -10"><span class='ocrx_word' id='word_1_130' title='bbox 142 777 198 804; x_wconf 85' lang='lat' dir='ltr'><strong>mihi</strong></span> <span class='ocrx_word' id='word_1_131' title='bbox 216 778 242 804; x_wconf 86' lang='lat' dir='ltr'><strong>in</strong></span> <span class='ocrx_word' id='word_1_132' title='bbox 263 778 366 805; x_wconf 70' lang='lat' dir='ltr'><strong>ecclesia</strong></span> <span class='ocrx_word' id='word_1_133' title='bbox 390 786 493 814; x_wconf 86' lang='lat' dir='ltr'><strong>magna.</strong></span> <span class='ocrx_word' id='word_1_134' title='bbox 523 778 554 805; x_wconf 90' lang='lat' dir='ltr'><strong>Et</strong></span> <span class='ocrx_word' id='word_1_135' title='bbox 580 779 604 805; x_wconf 93' lang='lat' dir='ltr'><strong>in</strong></span> <span class='ocrx_word' id='word_1_136' title='bbox 625 779 792 814; x_wconf 81' lang='lat' dir='ltr'><strong>sexagesimo</strong></span> <span class='ocrx_word' id='word_1_137' title='bbox 818 779 932 813; x_wconf 87' lang='lat' dir='ltr'><strong>septimo</strong></span> 
     </span>
    </p>
   </div>
   <div class='ocr_carea' id='block_1_17' title="bbox 143 823 931 860">
    <p class='ocr_par' dir='ltr' id='par_1_17' title="bbox 143 823 931 860">
     <span class='ocr_line' id='line_1_17' title="bbox 143 823 931 860; baseline 0.001 -9"><span class='ocrx_word' id='word_1_138' title='bbox 143 824 152 859; x_wconf 91' lang='lat'><strong>(</strong></span> <span class='ocrx_word' id='word_1_139' title='bbox 167 823 208 851; x_wconf 75' lang='lat' dir='ltr'><strong>Ps.</strong></span> <span class='ocrx_word' id='word_1_140' title='bbox 231 824 337 859; x_wconf 74' lang='lat' dir='ltr'><strong>LXVII,</strong></span> <span class='ocrx_word' id='word_1_141' title='bbox 356 824 401 860; x_wconf 69' lang='grc'><strong>28)</strong></span> <span class='ocrx_word' id='word_1_142' title='bbox 424 835 430 852; x_wconf 88' lang='grc'>;</span> <span class='ocrx_word' id='word_1_143' title='bbox 457 825 489 852; x_wconf 89' lang='lat' dir='ltr'><strong>1n</strong></span> <span class='ocrx_word' id='word_1_144' title='bbox 508 825 618 853; x_wconf 80' lang='lat' dir='ltr'><strong>ecclesiis</strong></span> <span class='ocrx_word' id='word_1_145' title='bbox 633 826 770 853; x_wconf 84' lang='lat' dir='ltr'><strong>benedicite</strong></span> <span class='ocrx_word' id='word_1_146' title='bbox 795 826 931 853; x_wconf 88' lang='lat' dir='ltr'><strong>Dominum</strong></span> 
     </span>
    </p>
   </div>
   <div class='ocr_carea' id='block_1_18' title="bbox 984 219 1787 254">
    <p class='ocr_par' dir='ltr' id='par_1_18' title="bbox 984 219 1787 254">
     <span class='ocr_line' id='line_1_18' title="bbox 984 219 1787 254; baseline 0.004 -10"><span class='ocrx_word' id='word_1_147' title='bbox 984 219 1075 251; x_wconf 88' lang='lat' dir='ltr'><strong>titiam,</strong></span> <span class='ocrx_word' id='word_1_148' title='bbox 1101 220 1146 246; x_wconf 84' lang='lat' dir='ltr'><strong>sed</strong></span> <span class='ocrx_word' id='word_1_149' title='bbox 1166 219 1303 246; x_wconf 87' lang='lat' dir='ltr'><strong>clamorem</strong></span> <span class='ocrx_word' id='word_1_150' title='bbox 1331 227 1384 254; x_wconf 86' lang='lat' dir='ltr'><strong>quo</strong></span> <span class='ocrx_word' id='word_1_151' title='bbox 1407 220 1431 246; x_wconf 92' lang='lat' dir='ltr'><strong>in</strong></span> <span class='ocrx_word' id='word_1_152' title='bbox 1454 227 1560 247; x_wconf 87' lang='lat' dir='ltr'><strong>crucem</strong></span> <span class='ocrx_word' id='word_1_153' title='bbox 1588 228 1649 247; x_wconf 82' lang='lat' dir='ltr'><strong>enin</strong></span> <span class='ocrx_word' id='word_1_154' title='bbox 1667 226 1787 248; x_wconf 84' lang='lat' dir='ltr'><strong>extorse-</strong></span> 
     </span>
    </p>
   </div>
   <div class='ocr_carea' id='block_1_19' title="bbox 983 264 1783 304">
    <p class='ocr_par' dir='ltr' id='par_1_19' title="bbox 983 264 1783 304">
     <span class='ocr_line' id='line_1_19' title="bbox 983 264 1783 304; baseline 0.005 -13"><span class='ocrx_word' id='word_1_155' title='bbox 983 270 1024 291; x_wconf 91' lang='lat' dir='ltr'><strong>rat</strong></span> <span class='ocrx_word' id='word_1_156' title='bbox 1038 264 1091 300; x_wconf 80' lang='lat'><strong>(6).</strong></span> <span class='ocrx_word' id='word_1_157' title='bbox 1114 265 1147 292; x_wconf 87' lang='lat' dir='ltr'><strong>Et</strong></span> <span class='ocrx_word' id='word_1_158' title='bbox 1165 266 1199 293; x_wconf 88' lang='lat' dir='ltr'><strong>ita</strong></span> <span class='ocrx_word' id='word_1_159' title='bbox 1219 267 1362 294; x_wconf 76' lang='lat' dir='ltr'><strong>subtractis</strong></span> <span class='ocrx_word' id='word_1_160' title='bbox 1390 267 1580 294; x_wconf 69' lang='lat' dir='ltr'><strong>charismatum</strong></span> <span class='ocrx_word' id='word_1_161' title='bbox 1606 268 1711 295; x_wconf 83' lang='lat' dir='ltr'><strong>roribus</strong></span> <span class='ocrx_word' id='word_1_162' title='bbox 1732 268 1783 304; x_wconf 88' lang='lat'><strong>(7),</strong></span> 
     </span>
    </p>
   </div>
   <div class='ocr_carea' id='block_1_20' title="bbox 983 312 1784 348">
    <p class='ocr_par' dir='ltr' id='par_1_20' title="bbox 983 312 1784 348">
     <span class='ocr_line' id='line_1_20' title="bbox 983 312 1784 348; baseline 0.002 -9"><span class='ocrx_word' id='word_1_163' title='bbox 983 312 1038 340; x_wconf 81' lang='lat' dir='ltr'><strong>Lex</strong></span> <span class='ocrx_word' id='word_1_164' title='bbox 1054 319 1080 339; x_wconf 87' lang='lat' dir='ltr'><strong>et</strong></span> <span class='ocrx_word' id='word_1_165' title='bbox 1096 312 1237 348; x_wconf 73' lang='lat' dir='ltr'><strong>Propheta:</strong></span> <span class='ocrx_word' id='word_1_166' title='bbox 1255 312 1339 347; x_wconf 73' lang='lat' dir='ltr'><strong>usque</strong></span> <span class='ocrx_word' id='word_1_167' title='bbox 1366 314 1398 341; x_wconf 89' lang='lat' dir='ltr'><strong>ad</strong></span> <span class='ocrx_word' id='word_1_168' title='bbox 1420 314 1562 341; x_wconf 86' lang='lat' dir='ltr'><strong>Joannem.</strong></span> <span class='ocrx_word' id='word_1_169' title='bbox 1586 314 1698 348; x_wconf 85' lang='lat' dir='ltr'><strong>Dehine,</strong></span> <span class='ocrx_word' id='word_1_170' title='bbox 1724 323 1784 342; x_wconf 91' lang='lat' dir='ltr'><strong>cum</strong></span> 
     </span>
    </p>
   </div>
   <div class='ocr_carea' id='block_1_21' title="bbox 984 358 1787 396">
    <p class='ocr_par' dir='ltr' id='par_1_21' title="bbox 984 358 1787 396">
     <span class='ocr_line' id='line_1_21' title="bbox 984 358 1787 396; baseline 0.002 -10"><span class='ocrx_word' id='word_1_171' title='bbox 984 367 1015 386; x_wconf 80' lang='lat' dir='ltr'><strong>cx</strong></span> <span class='ocrx_word' id='word_1_172' title='bbox 1031 358 1071 394; x_wconf 84' lang='lat'><strong>(8)</strong></span> <span class='ocrx_word' id='word_1_173' title='bbox 1083 360 1280 393; x_wconf 88' lang='lat' dir='ltr'><strong>perseverantia</strong></span> <span class='ocrx_word' id='word_1_174' title='bbox 1297 360 1405 391; x_wconf 78' lang='lat' dir='ltr'><strong>furoris,</strong></span> <span class='ocrx_word' id='word_1_175' title='bbox 1423 365 1450 387; x_wconf 87' lang='lat' dir='ltr'><strong>et</strong></span> <span class='ocrx_word' id='word_1_176' title='bbox 1463 368 1559 387; x_wconf 86' lang='lat' dir='ltr'><strong>nomen</strong></span> <span class='ocrx_word' id='word_1_177' title='bbox 1571 361 1673 388; x_wconf 89' lang='lat' dir='ltr'><strong>Domini</strong></span> <span class='ocrx_word' id='word_1_178' title='bbox 1690 369 1737 396; x_wconf 80' lang='lat' dir='ltr'><strong>per</strong></span> <span class='ocrx_word' id='word_1_179' title='bbox 1748 361 1787 396; x_wconf 90' lang='lat' dir='ltr'><strong>ip-</strong></span> 
     </span>
    </p>
   </div>
   <div class='ocr_carea' id='block_1_22' title="bbox 984 405 1786 442">
    <p class='ocr_par' dir='ltr' id='par_1_22' title="bbox 984 405 1786 442">
     <span class='ocr_line' id='line_1_22' title="bbox 984 405 1786 442; baseline 0.004 -11"><span class='ocrx_word' id='word_1_180' title='bbox 984 412 1029 431; x_wconf 90' lang='lat' dir='ltr'><strong>sos</strong></span> <span class='ocrx_word' id='word_1_181' title='bbox 1042 405 1273 440; x_wconf 87' lang='lat' dir='ltr'><strong>blasphemaretur</strong></span> <span class='ocrx_word' id='word_1_182' title='bbox 1285 427 1291 438; x_wconf 92' lang='lat'><strong>,</strong></span> <span class='ocrx_word' id='word_1_183' title='bbox 1312 406 1380 433; x_wconf 90' lang='lat' dir='ltr'><strong>sicut</strong></span> <span class='ocrx_word' id='word_1_184' title='bbox 1393 406 1521 442; x_wconf 89' lang='lat' dir='ltr'><strong>scriptmn</strong></span> <span class='ocrx_word' id='word_1_185' title='bbox 1537 411 1578 434; x_wconf 85' lang='lat' dir='ltr'><strong>est</strong></span> <span class='ocrx_word' id='word_1_186' title='bbox 1591 406 1642 442; x_wconf 74' lang='lat' dir='ltr'><strong>(Is.</strong></span> <span class='ocrx_word' id='word_1_187' title='bbox 1658 406 1701 434; x_wconf 90' lang='lat' dir='ltr'><strong>Lll</strong></span> <span class='ocrx_word' id='word_1_188' title='bbox 1715 427 1721 440; x_wconf 92' lang='lat'><strong>,</strong></span> <span class='ocrx_word' id='word_1_189' title='bbox 1736 407 1764 441; x_wconf 77' lang='lat'><strong>5)</strong></span> <span class='ocrx_word' id='word_1_190' title='bbox 1779 416 1786 434; x_wconf 92' lang='lat'>:</span> 
     </span>
    </p>
   </div>
   <div class='ocr_carea' id='block_1_23' title="bbox 986 452 1788 489">
    <p class='ocr_par' dir='ltr' id='par_1_23' title="bbox 986 452 1788 489">
     <span class='ocr_line' id='line_1_23' title="bbox 986 452 1788 489; baseline 0.002 -10"><span class='ocrx_word' id='word_1_191' title='bbox 986 452 1096 488; x_wconf 82' lang='lat' dir='ltr'><strong>Propter</strong></span> <span class='ocrx_word' id='word_1_192' title='bbox 1114 461 1155 480; x_wconf 80' lang='lat' dir='ltr'><strong>vos</strong></span> <span class='ocrx_word' id='word_1_193' title='bbox 1177 454 1368 489; x_wconf 74' lang='lat' dir='ltr'><strong>blasphematur</strong></span> <span class='ocrx_word' id='word_1_194' title='bbox 1393 462 1485 480; x_wconf 82' lang='lat' dir='ltr'><strong>nomen</strong></span> <span class='ocrx_word' id='word_1_195' title='bbox 1505 462 1588 480; x_wconf 88' lang='lat' dir='ltr'><strong>nteum</strong></span> <span class='ocrx_word' id='word_1_196' title='bbox 1603 455 1629 480; x_wconf 91' lang='lat' dir='ltr'><strong>in</strong></span> <span class='ocrx_word' id='word_1_197' title='bbox 1643 454 1788 481; x_wconf 77' lang='lat' dir='ltr'><strong>nationibus</strong></span> 
     </span>
    </p>
   </div>
   <div class='ocr_carea' id='block_1_24' title="bbox 986 499 1788 536">
    <p class='ocr_par' dir='ltr' id='par_1_24' title="bbox 986 499 1788 536">
     <span class='ocr_line' id='line_1_24' title="bbox 986 499 1788 536; baseline 0.004 -11"><span class='ocrx_word' id='word_1_198' title='bbox 986 499 1039 532; x_wconf 79' lang='lat' dir='ltr'><strong>(ab</strong></span> <span class='ocrx_word' id='word_1_199' title='bbox 1058 499 1110 526; x_wconf 79' lang='lat' dir='ltr'><strong>illis</strong></span> <span class='ocrx_word' id='word_1_200' title='bbox 1130 500 1201 526; x_wconf 92' lang='lat' dir='ltr'><strong>enim</strong></span> <span class='ocrx_word' id='word_1_201' title='bbox 1217 501 1300 535; x_wconf 70' lang='lat' dir='ltr'><strong>erepit</strong></span> <span class='ocrx_word' id='word_1_202' title='bbox 1322 500 1443 535; x_wconf 73' lang='lat' dir='ltr'><strong>infamia)</strong></span> <span class='ocrx_word' id='word_1_203' title='bbox 1464 505 1491 528; x_wconf 85' lang='lat' dir='ltr'><strong>et</strong></span> <span class='ocrx_word' id='word_1_204' title='bbox 1512 505 1617 536; x_wconf 83' lang='lat' dir='ltr'><strong>tempus</strong></span> <span class='ocrx_word' id='word_1_205' title='bbox 1640 502 1757 528; x_wconf 87' lang='lat' dir='ltr'><strong>tnedium</strong></span> <span class='ocrx_word' id='word_1_206' title='bbox 1774 508 1788 528; x_wconf 89' lang='lat' dir='ltr'><strong>a</strong></span> 
     </span>
    </p>
   </div>
   <div class='ocr_carea' id='block_1_25' title="bbox 984 544 1790 583">
    <p class='ocr_par' dir='ltr' id='par_1_25' title="bbox 984 544 1790 583">
     <span class='ocr_line' id='line_1_25' title="bbox 984 544 1790 583; baseline 0.002 -11"><span class='ocrx_word' id='word_1_207' title='bbox 984 544 1092 573; x_wconf 82' lang='lat' dir='ltr'><strong>Tiberio</strong></span> <span class='ocrx_word' id='word_1_208' title='bbox 1118 554 1202 580; x_wconf 86' lang='lat' dir='ltr'><strong>usque</strong></span> <span class='ocrx_word' id='word_1_209' title='bbox 1225 547 1257 574; x_wconf 88' lang='lat' dir='ltr'><strong>ad</strong></span> <span class='ocrx_word' id='word_1_210' title='bbox 1283 546 1478 581; x_wconf 84' lang='lat' dir='ltr'><strong>Vespasianum</strong></span> <span class='ocrx_word' id='word_1_211' title='bbox 1506 546 1559 583; x_wconf 74' lang='grc' dir='ltr'>(ιι),</span> <span class='ocrx_word' id='word_1_212' title='bbox 1579 555 1632 574; x_wconf 84' lang='grc' dir='ltr'>ιιοιι</span> <span class='ocrx_word' id='word_1_213' title='bbox 1656 548 1790 582; x_wconf 84' lang='lat' dir='ltr'><strong>po-niten-</strong></span> 
     </span>
    </p>
   </div>
   <div class='ocr_carea' id='block_1_26' title="bbox 985 592 1788 630">
    <p class='ocr_par' dir='ltr' id='par_1_26' title="bbox 985 592 1788 630">
     <span class='ocr_line' id='line_1_26' title="bbox 985 592 1788 630; baseline 0.002 -11"><span class='ocrx_word' id='word_1_214' title='bbox 985 592 1048 619; x_wconf 88' lang='lat' dir='ltr'><strong>tiam</strong></span> <span class='ocrx_word' id='word_1_215' title='bbox 1076 593 1272 620; x_wconf 85' lang='lat' dir='ltr'><strong>intellexissent</strong></span> <span class='ocrx_word' id='word_1_216' title='bbox 1302 593 1360 630; x_wconf 88' lang='lat'><strong>(9),</strong></span> <span class='ocrx_word' id='word_1_217' title='bbox 1387 595 1455 629; x_wconf 80' lang='lat' dir='ltr'><strong>facta</strong></span> <span class='ocrx_word' id='word_1_218' title='bbox 1480 599 1515 620; x_wconf 82' lang='lat' dir='ltr'><strong>est</strong></span> <span class='ocrx_word' id='word_1_219' title='bbox 1541 599 1609 620; x_wconf 87' lang='lat' dir='ltr'><strong>terra</strong></span> <span class='ocrx_word' id='word_1_220' title='bbox 1634 602 1721 621; x_wconf 88' lang='lat' dir='ltr'><strong>eorum</strong></span> <span class='ocrx_word' id='word_1_221' title='bbox 1742 594 1788 621; x_wconf 82' lang='lat' dir='ltr'><strong>de-</strong></span> 
     </span>
    </p>
   </div>
   <div class='ocr_carea' id='block_1_27' title="bbox 984 638 1789 676">
    <p class='ocr_par' dir='ltr' id='par_1_27' title="bbox 984 638 1789 676">
     <span class='ocr_line' id='line_1_27' title="bbox 984 638 1789 676; baseline 0.004 -11"><span class='ocrx_word' id='word_1_222' title='bbox 984 644 1050 665; x_wconf 77' lang='lat' dir='ltr'><strong>serta</strong></span> <span class='ocrx_word' id='word_1_223' title='bbox 1063 638 1113 674; x_wconf 89' lang='lat' dir='ltr'><strong>(1s.</strong></span> <span class='ocrx_word' id='word_1_224' title='bbox 1128 639 1146 672; x_wconf 90' lang='lat' dir='ltr'><strong>l,</strong></span> <span class='ocrx_word' id='word_1_225' title='bbox 1157 639 1195 674; x_wconf 88' lang='lat'><strong>7),</strong></span> <span class='ocrx_word' id='word_1_226' title='bbox 1209 640 1319 666; x_wconf 75' lang='lat' dir='ltr'><strong>civitates</strong></span> <span class='ocrx_word' id='word_1_227' title='bbox 1328 648 1412 667; x_wconf 80' lang='lat' dir='ltr'><strong>eorum</strong></span> <span class='ocrx_word' id='word_1_228' title='bbox 1421 645 1516 667; x_wconf 60' lang='lat' dir='ltr'><strong>exusta:</strong></span> <span class='ocrx_word' id='word_1_229' title='bbox 1525 640 1579 676; x_wconf 86' lang='lat' dir='ltr'><strong>igni</strong></span> <span class='ocrx_word' id='word_1_230' title='bbox 1586 640 1653 676; x_wconf 89' lang='lat'><strong>(10),</strong></span> <span class='ocrx_word' id='word_1_231' title='bbox 1661 642 1789 676; x_wconf 78' lang='lat' dir='ltr'><strong>regionem</strong></span> 
     </span>
    </p>
   </div>
   <div class='ocr_carea' id='block_1_28' title="bbox 984 685 1786 720">
    <p class='ocr_par' dir='ltr' id='par_1_28' title="bbox 984 685 1786 720">
     <span class='ocr_line' id='line_1_28' title="bbox 984 685 1786 720; baseline 0.005 -10"><span class='ocrx_word' id='word_1_232' title='bbox 984 691 1071 710; x_wconf 84' lang='lat' dir='ltr'><strong>eorum</strong></span> <span class='ocrx_word' id='word_1_233' title='bbox 1090 685 1136 711; x_wconf 82' lang='lat' dir='ltr'><strong>sub</strong></span> <span class='ocrx_word' id='word_1_234' title='bbox 1154 685 1265 720; x_wconf 76' lang='lat' dir='ltr'><strong>ipsorum</strong></span> <span class='ocrx_word' id='word_1_235' title='bbox 1282 692 1417 720; x_wconf 82' lang='lat' dir='ltr'><strong>conspectu</strong></span> <span class='ocrx_word' id='word_1_236' title='bbox 1435 686 1549 713; x_wconf 72' lang='lat' dir='ltr'><strong>extranei</strong></span> <span class='ocrx_word' id='word_1_237' title='bbox 1576 686 1714 719; x_wconf 80' lang='lat' dir='ltr'><strong>devorant;</strong></span> <span class='ocrx_word' id='word_1_238' title='bbox 1740 686 1786 719; x_wconf 55' lang='lat' dir='ltr'><strong>de:</strong></span> 
     </span>
    </p>
   </div>
   <div class='ocr_carea' id='block_1_29' title="bbox 984 730 1789 768">
    <p class='ocr_par' dir='ltr' id='par_1_29' title="bbox 984 730 1789 768">
     <span class='ocr_line' id='line_1_29' title="bbox 984 730 1789 768; baseline 0.005 -12"><span class='ocrx_word' id='word_1_239' title='bbox 984 730 1073 756; x_wconf 83' lang='lat' dir='ltr'><strong>relicta</strong></span> <span class='ocrx_word' id='word_1_240' title='bbox 1100 736 1135 757; x_wconf 84' lang='lat' dir='ltr'><strong>est</strong></span> <span class='ocrx_word' id='word_1_241' title='bbox 1163 730 1221 766; x_wconf 87' lang='lat'><strong>(11)</strong></span> <span class='ocrx_word' id='word_1_242' title='bbox 1245 731 1301 765; x_wconf 84' lang='lat' dir='ltr'><strong>[ilia</strong></span> <span class='ocrx_word' id='word_1_243' title='bbox 1316 731 1397 765; x_wconf 81' lang='lat' dir='ltr'><strong>Sion,</strong></span> <span class='ocrx_word' id='word_1_244' title='bbox 1424 731 1480 768; x_wconf 79' lang='lat'><strong>(1‘2)</strong></span> <span class='ocrx_word' id='word_1_245' title='bbox 1499 737 1618 766; x_wconf 81' lang='lat' dir='ltr'><strong>tanquam</strong></span> <span class='ocrx_word' id='word_1_246' title='bbox 1633 733 1738 767; x_wconf 78' lang='lat' dir='ltr'><strong>specula</strong></span> <span class='ocrx_word' id='word_1_247' title='bbox 1762 734 1789 760; x_wconf 90' lang='lat' dir='ltr'><strong>in</strong></span> 
     </span>
    </p>
   </div>
   <div class='ocr_carea' id='block_1_30' title="bbox 984 775 1788 814">
    <p class='ocr_par' dir='ltr' id='par_1_30' title="bbox 984 775 1788 814">
     <span class='ocr_line' id='line_1_30' title="bbox 984 775 1788 814; baseline 0.006 -13"><span class='ocrx_word' id='word_1_248' title='bbox 984 775 1055 801; x_wconf 82' lang='lat' dir='ltr'><strong>uinea</strong></span> <span class='ocrx_word' id='word_1_249' title='bbox 1067 797 1074 808; x_wconf 85' lang='lat'><strong>,</strong></span> <span class='ocrx_word' id='word_1_250' title='bbox 1090 776 1128 802; x_wconf 81' lang='lat' dir='ltr'><strong>vel</strong></span> <span class='ocrx_word' id='word_1_251' title='bbox 1155 777 1180 802; x_wconf 89' lang='lat' dir='ltr'><strong>in</strong></span> <span class='ocrx_word' id='word_1_252' title='bbox 1209 779 1384 804; x_wconf 85' lang='lat' dir='ltr'><strong>cucunterario</strong></span> <span class='ocrx_word' id='word_1_253' title='bbox 1411 778 1499 804; x_wconf 80' lang='lat' dir='ltr'><strong>casula</strong></span> <span class='ocrx_word' id='word_1_254' title='bbox 1516 778 1606 814; x_wconf 77' lang='lat' dir='ltr'><strong>(c);e:c</strong></span> <span class='ocrx_word' id='word_1_255' title='bbox 1625 787 1674 813; x_wconf 86' lang='lat' dir='ltr'><strong>quo</strong></span> <span class='ocrx_word' id='word_1_256' title='bbox 1692 779 1788 806; x_wconf 74' lang='lat' dir='ltr'><strong>scilicet</strong></span> 
     </span>
    </p>
   </div>
   <div class='ocr_carea' id='block_1_31' title="bbox 986 820 1791 860">
    <p class='ocr_par' dir='ltr' id='par_1_31' title="bbox 986 820 1791 860">
     <span class='ocr_line' id='line_1_31' title="bbox 986 820 1791 860; baseline 0.006 -12"><span class='ocrx_word' id='word_1_257' title='bbox 986 820 1068 848; x_wconf 83' lang='lat' dir='ltr'><strong>Israel</strong></span> <span class='ocrx_word' id='word_1_258' title='bbox 1092 823 1229 850; x_wconf 89' lang='lat' dir='ltr'><strong>Dominum</strong></span> <span class='ocrx_word' id='word_1_259' title='bbox 1253 832 1303 851; x_wconf 87' lang='lat' dir='ltr'><strong>non</strong></span> <span class='ocrx_word' id='word_1_260' title='bbox 1319 825 1451 859; x_wconf 78' lang='lat' dir='ltr'><strong>cognovit,</strong></span> <span class='ocrx_word' id='word_1_261' title='bbox 1480 830 1502 851; x_wconf 84' lang='lat' dir='ltr'><strong>ct</strong></span> <span class='ocrx_word' id='word_1_262' title='bbox 1528 826 1638 860; x_wconf 70' lang='lat' dir='ltr'><strong>populus</strong></span> <span class='ocrx_word' id='word_1_263' title='bbox 1661 834 1718 853; x_wconf 86' lang='lat' dir='ltr'><strong>eum</strong></span> <span class='ocrx_word' id='word_1_264' title='bbox 1739 835 1791 853; x_wconf 84' lang='lat' dir='ltr'><strong>non</strong></span> 
     </span>
    </p>
   </div>
   <div class='ocr_carea' id='block_1_32' title="bbox 143 869 1791 907">
    <p class='ocr_par' dir='ltr' id='par_1_32' title="bbox 143 869 1791 907">
     <span class='ocr_line' id='line_1_32' title="bbox 143 869 1791 907; baseline 0.004 -13"><span class='ocrx_word' id='word_1_265' title='bbox 143 869 235 903; x_wconf 78' lang='lat' dir='ltr'><strong>Deum;</strong></span> <span class='ocrx_word' id='word_1_266' title='bbox 252 876 280 898; x_wconf 74' lang='lat' dir='ltr'><strong>ut</strong></span> <span class='ocrx_word' id='word_1_267' title='bbox 296 872 394 906; x_wconf 76' lang='lat' dir='ltr'><strong>pariter</strong></span> <span class='ocrx_word' id='word_1_268' title='bbox 407 876 580 899; x_wconf 71' lang='lat' dir='ltr'><strong>concurreret</strong></span> <span class='ocrx_word' id='word_1_269' title='bbox 604 877 629 898; x_wconf 71' lang='grc' dir='ltr'>ει</span> <span class='ocrx_word' id='word_1_270' title='bbox 644 871 780 899; x_wconf 66' lang='lat' dir='ltr'><strong>Malnchim</strong></span> <span class='ocrx_word' id='word_1_271' title='bbox 794 872 934 907; x_wconf 79' lang='lat' dir='ltr'><strong>prophetia</strong></span> <span class='ocrx_word' id='word_1_272' title='bbox 949 871 973 901; x_wconf 88' lang='lat' dir='ltr'><strong>B</strong></span> <span class='ocrx_word' id='word_1_273' title='bbox 987 869 1124 902; x_wconf 77' lang='lat' dir='ltr'><strong>intellexit,</strong></span> <span class='ocrx_word' id='word_1_274' title='bbox 1146 871 1190 896; x_wconf 78' lang='lat' dir='ltr'><strong>sed</strong></span> <span class='ocrx_word' id='word_1_275' title='bbox 1215 870 1362 905; x_wconf 80' lang='lat' dir='ltr'><strong>dereliquit.</strong></span> <span class='ocrx_word' id='word_1_276' title='bbox 1384 875 1407 897; x_wconf 87' lang='lat' dir='ltr'><strong>et</strong></span> <span class='ocrx_word' id='word_1_277' title='bbox 1430 872 1455 897; x_wconf 79' lang='lat' dir='ltr'><strong>itt</strong></span> <span class='ocrx_word' id='word_1_278' title='bbox 1476 871 1676 906; x_wconf 71' lang='lat' dir='ltr'><strong>indignationem</strong></span> <span class='ocrx_word' id='word_1_279' title='bbox 1701 881 1791 906; x_wconf 83' lang='lat' dir='ltr'><strong>provo-</strong></span> 
     </span>
    </p>
   </div>
   <div class='ocr_carea' id='block_1_33' title="bbox 143 917 936 953">
    <p class='ocr_par' dir='ltr' id='par_1_33' title="bbox 143 917 936 953">
     <span class='ocr_line' id='line_1_33' title="bbox 143 917 936 953; baseline 0.001 -9"><span class='ocrx_word' id='word_1_280' title='bbox 143 917 277 953; x_wconf 76' lang='lat' dir='ltr'><strong>(Malach.,</strong></span> <span class='ocrx_word' id='word_1_281' title='bbox 294 918 314 951; x_wconf 86' lang='grc' dir='ltr'><strong>Ι,</strong></span> <span class='ocrx_word' id='word_1_282' title='bbox 331 919 377 953; x_wconf 91' lang='grc'>10)</span> <span class='ocrx_word' id='word_1_283' title='bbox 392 927 398 945; x_wconf 91' lang='lat'>:</span> <span class='ocrx_word' id='word_1_284' title='bbox 417 918 477 945; x_wconf 86' lang='lat' dir='ltr'><strong>Non</strong></span> <span class='ocrx_word' id='word_1_285' title='bbox 490 924 528 946; x_wconf 72' lang='lat' dir='ltr'><strong>est</strong></span> <span class='ocrx_word' id='word_1_286' title='bbox 548 918 664 946; x_wconf 73' lang='lat' dir='ltr'><strong>voluntas</strong></span> <span class='ocrx_word' id='word_1_287' title='bbox 676 927 742 952; x_wconf 82' lang='lat' dir='ltr'><strong>utea,</strong></span> <span class='ocrx_word' id='word_1_288' title='bbox 769 920 830 945; x_wconf 87' lang='lat' dir='ltr'><strong>dicit</strong></span> <span class='ocrx_word' id='word_1_289' title='bbox 846 918 936 946; x_wconf 84' lang='lat' dir='ltr'><strong>Dami-</strong></span> 
     </span>
    </p>
   </div>
   <div class='ocr_carea' id='block_1_34' title="bbox 142 964 936 1000">
    <p class='ocr_par' dir='ltr' id='par_1_34' title="bbox 142 964 936 1000">
     <span class='ocr_line' id='line_1_34' title="bbox 142 964 936 1000; baseline 0 -9"><span class='ocrx_word' id='word_1_290' title='bbox 142 972 194 997; x_wconf 75' lang='lat' dir='ltr'><strong>utts,</strong></span> <span class='ocrx_word' id='word_1_291' title='bbox 221 969 243 991; x_wconf 85' lang='lat' dir='ltr'><strong>et</strong></span> <span class='ocrx_word' id='word_1_292' title='bbox 270 964 399 998; x_wconf 74' lang='lat' dir='ltr'><strong>sacriﬁcia</strong></span> <span class='ocrx_word' id='word_1_293' title='bbox 418 970 501 991; x_wconf 77' lang='lat' dir='ltr'><strong>vestra</strong></span> <span class='ocrx_word' id='word_1_294' title='bbox 516 973 567 991; x_wconf 87' lang='lat' dir='ltr'><strong>non</strong></span> <span class='ocrx_word' id='word_1_295' title='bbox 596 965 739 1000; x_wconf 82' lang='lat' dir='ltr'><strong>accipiant;</strong></span> <span class='ocrx_word' id='word_1_296' title='bbox 762 966 883 1000; x_wconf 88' lang='lat' dir='ltr'><strong>quoniam</strong></span> <span class='ocrx_word' id='word_1_297' title='bbox 905 966 936 992; x_wconf 88' lang='lat' dir='ltr'><strong>ab</strong></span> 
     </span>
    </p>
   </div>
   <div class='ocr_carea' id='block_1_35' title="bbox 142 1011 936 1046">
    <p class='ocr_par' dir='ltr' id='par_1_35' title="bbox 142 1011 936 1046">
     <span class='ocr_line' id='line_1_35' title="bbox 142 1011 936 1046; baseline 0.003 -10"><span class='ocrx_word' id='word_1_298' title='bbox 142 1015 193 1036; x_wconf 90' lang='lat' dir='ltr'><strong>ortu</strong></span> <span class='ocrx_word' id='word_1_299' title='bbox 205 1011 266 1038; x_wconf 75' lang='lat' dir='ltr'><strong>solis</strong></span> <span class='ocrx_word' id='word_1_300' title='bbox 281 1019 358 1045; x_wconf 79' lang='lat' dir='ltr'><strong>usque</strong></span> <span class='ocrx_word' id='word_1_301' title='bbox 371 1011 398 1038; x_wconf 87' lang='lat' dir='ltr'><strong>in</strong></span> <span class='ocrx_word' id='word_1_302' title='bbox 413 1019 530 1038; x_wconf 81' lang='lat' dir='ltr'><strong>occasum</strong></span> <span class='ocrx_word' id='word_1_303' title='bbox 554 1020 645 1037; x_wconf 79' lang='lat' dir='ltr'><strong>nomen</strong></span> <span class='ocrx_word' id='word_1_304' title='bbox 660 1019 741 1038; x_wconf 83' lang='lat' dir='ltr'><strong>meum</strong></span> <span class='ocrx_word' id='word_1_305' title='bbox 764 1012 936 1046; x_wconf 82' lang='lat' dir='ltr'><strong>glariﬁcatuut</strong></span> 
     </span>
    </p>
   </div>
   <div class='ocr_carea' id='block_1_36' title="bbox 142 1057 937 1091">
    <p class='ocr_par' dir='ltr' id='par_1_36' title="bbox 142 1057 937 1091">
     <span class='ocr_line' id='line_1_36' title="bbox 142 1057 937 1091; baseline 0.003 -8"><span class='ocrx_word' id='word_1_306' title='bbox 142 1062 174 1083; x_wconf 70' lang='lat' dir='ltr'><strong>est</strong></span> <span class='ocrx_word' id='word_1_307' title='bbox 185 1057 210 1084; x_wconf 91' lang='lat' dir='ltr'><strong>in</strong></span> <span class='ocrx_word' id='word_1_308' title='bbox 222 1057 378 1089; x_wconf 74' lang='lat' dir='ltr'><strong>nationibus,</strong></span> <span class='ocrx_word' id='word_1_309' title='bbox 400 1063 423 1084; x_wconf 87' lang='lat' dir='ltr'><strong>et</strong></span> <span class='ocrx_word' id='word_1_310' title='bbox 443 1059 469 1084; x_wconf 91' lang='lat' dir='ltr'><strong>in</strong></span> <span class='ocrx_word' id='word_1_311' title='bbox 494 1058 563 1084; x_wconf 89' lang='lat' dir='ltr'><strong>outni</strong></span> <span class='ocrx_word' id='word_1_312' title='bbox 586 1058 642 1084; x_wconf 89' lang='lat' dir='ltr'><strong>loco</strong></span> <span class='ocrx_word' id='word_1_313' title='bbox 660 1058 816 1091; x_wconf 81' lang='lat' dir='ltr'><strong>sacriﬁcium</strong></span> <span class='ocrx_word' id='word_1_314' title='bbox 840 1058 937 1085; x_wconf 87' lang='lat' dir='ltr'><strong>nomini</strong></span> 
     </span>
    </p>
   </div>
   <div class='ocr_carea' id='block_1_37' title="bbox 142 1103 938 1139">
    <p class='ocr_par' dir='ltr' id='par_1_37' title="bbox 142 1103 938 1139">
     <span class='ocr_line' id='line_1_37' title="bbox 142 1103 938 1139; baseline 0.004 -10"><span class='ocrx_word' id='word_1_315' title='bbox 142 1111 191 1130; x_wconf 85' lang='lat' dir='ltr'><strong>uteo</strong></span> <span class='ocrx_word' id='word_1_316' title='bbox 202 1103 322 1136; x_wconf 82' lang='lat' dir='ltr'><strong>o/fertur,</strong></span> <span class='ocrx_word' id='word_1_317' title='bbox 343 1108 366 1130; x_wconf 85' lang='lat' dir='ltr'><strong>et</strong></span> <span class='ocrx_word' id='word_1_318' title='bbox 388 1104 543 1138; x_wconf 72' lang='lat' dir='ltr'><strong>sacri/icium</strong></span> <span class='ocrx_word' id='word_1_319' title='bbox 570 1104 714 1136; x_wconf 82' lang='lat' dir='ltr'><strong>mundum;</strong></span> <span class='ocrx_word' id='word_1_320' title='bbox 727 1104 820 1139; x_wconf 77' lang='lat' dir='ltr'><strong>gloria:</strong></span> <span class='ocrx_word' id='word_1_321' title='bbox 835 1104 938 1132; x_wconf 81' lang='lat' dir='ltr'><strong>scilicet</strong></span> 
     </span>
    </p>
   </div>
   <div class='ocr_carea' id='block_1_38' title="bbox 142 1149 937 1186">
    <p class='ocr_par' dir='ltr' id='par_1_38' title="bbox 142 1149 937 1186">
     <span class='ocr_line' id='line_1_38' title="bbox 142 1149 937 1186; baseline 0.004 -11"><span class='ocrx_word' id='word_1_322' title='bbox 142 1149 241 1182; x_wconf 87' lang='lat' dir='ltr'><strong>relatio,</strong></span> <span class='ocrx_word' id='word_1_323' title='bbox 259 1154 287 1177; x_wconf 88' lang='lat' dir='ltr'><strong>et</strong></span> <span class='ocrx_word' id='word_1_324' title='bbox 298 1149 462 1183; x_wconf 85' lang='lat' dir='ltr'><strong>benedictio,</strong></span> <span class='ocrx_word' id='word_1_325' title='bbox 477 1155 503 1177; x_wconf 86' lang='lat' dir='ltr'><strong>et</strong></span> <span class='ocrx_word' id='word_1_326' title='bbox 516 1149 584 1181; x_wconf 87' lang='lat' dir='ltr'><strong>laus,</strong></span> <span class='ocrx_word' id='word_1_327' title='bbox 601 1155 628 1177; x_wconf 90' lang='lat' dir='ltr'><strong>et</strong></span> <span class='ocrx_word' id='word_1_328' title='bbox 650 1150 753 1186; x_wconf 88' lang='lat' dir='ltr'><strong>hymni.</strong></span> <span class='ocrx_word' id='word_1_329' title='bbox 770 1151 834 1184; x_wconf 77' lang='lat' dir='ltr'><strong>Qua:</strong></span> <span class='ocrx_word' id='word_1_330' title='bbox 847 1151 937 1178; x_wconf 91' lang='lat' dir='ltr'><strong>omnia</strong></span> 
     </span>
    </p>
   </div>
   <div class='ocr_carea' id='block_1_39' title="bbox 142 1196 936 1233">
    <p class='ocr_par' dir='ltr' id='par_1_39' title="bbox 142 1196 936 1233">
     <span class='ocr_line' id='line_1_39' title="bbox 142 1196 936 1233; baseline 0.003 -10"><span class='ocrx_word' id='word_1_331' title='bbox 142 1202 197 1223; x_wconf 89' lang='lat' dir='ltr'><strong>cum</strong></span> <span class='ocrx_word' id='word_1_332' title='bbox 222 1196 248 1223; x_wconf 95' lang='lat' dir='ltr'><strong>in</strong></span> <span class='ocrx_word' id='word_1_333' title='bbox 275 1201 300 1224; x_wconf 92' lang='lat' dir='ltr'><strong>te</strong></span> <span class='ocrx_word' id='word_1_334' title='bbox 323 1204 429 1232; x_wconf 87' lang='lat' dir='ltr'><strong>qttoque</strong></span> <span class='ocrx_word' id='word_1_335' title='bbox 451 1196 698 1232; x_wconf 85' lang='lat' dir='ltr'><strong>deprehendantur,</strong></span> <span class='ocrx_word' id='word_1_336' title='bbox 723 1201 751 1225; x_wconf 90' lang='lat' dir='ltr'><strong>et</strong></span> <span class='ocrx_word' id='word_1_337' title='bbox 771 1198 936 1233; x_wconf 77' lang='lat' dir='ltr'><strong>signaculum</strong></span> 
     </span>
    </p>
   </div>
   <div class='ocr_carea' id='block_1_40' title="bbox 110 1241 936 1276">
    <p class='ocr_par' dir='ltr' id='par_1_40' title="bbox 110 1241 936 1276">
     <span class='ocr_line' id='line_1_40' title="bbox 110 1241 936 1276; baseline 0.004 -7"><span class='ocrx_word' id='word_1_338' title='bbox 110 1246 131 1257; x_wconf 73' lang='lat'><strong>&#39;=</strong></span> <span class='ocrx_word' id='word_1_339' title='bbox 144 1241 278 1276; x_wconf 80' lang='lat' dir='ltr'><strong>frontium,</strong></span> <span class='ocrx_word' id='word_1_340' title='bbox 297 1248 325 1271; x_wconf 90' lang='lat' dir='ltr'><strong>et</strong></span> <span class='ocrx_word' id='word_1_341' title='bbox 344 1243 518 1272; x_wconf 84' lang='lat' dir='ltr'><strong>ecclesiarum</strong></span> <span class='ocrx_word' id='word_1_342' title='bbox 546 1242 726 1276; x_wconf 80' lang='lat' dir='ltr'><strong>sacramenta,</strong></span> <span class='ocrx_word' id='word_1_343' title='bbox 743 1249 771 1272; x_wconf 86' lang='lat' dir='ltr'><strong>et</strong></span> <span class='ocrx_word' id='word_1_344' title='bbox 798 1244 936 1272; x_wconf 66' lang='lat' dir='ltr'><strong>munditia:</strong></span> 
     </span>
    </p>
   </div>
   <div class='ocr_carea' id='block_1_41' title="bbox 143 1290 936 1326">
    <p class='ocr_par' dir='ltr' id='par_1_41' title="bbox 143 1290 936 1326">
     <span class='ocr_line' id='line_1_41' title="bbox 143 1290 936 1326; baseline 0.001 -9"><span class='ocrx_word' id='word_1_345' title='bbox 143 1290 341 1323; x_wconf 80' lang='lat' dir='ltr'><strong>sacriﬁciorum,</strong></span> <span class='ocrx_word' id='word_1_346' title='bbox 354 1290 435 1318; x_wconf 81' lang='lat' dir='ltr'><strong>debes</strong></span> <span class='ocrx_word' id='word_1_347' title='bbox 445 1291 499 1326; x_wconf 89' lang='lat' dir='ltr'><strong>jam</strong></span> <span class='ocrx_word' id='word_1_348' title='bbox 511 1298 653 1326; x_wconf 80' lang='lat' dir='ltr'><strong>erumpere</strong></span> <span class='ocrx_word' id='word_1_349' title='bbox 665 1291 701 1318; x_wconf 92' lang='lat' dir='ltr'><strong>uti</strong></span> <span class='ocrx_word' id='word_1_350' title='bbox 713 1291 797 1325; x_wconf 86' lang='lat' dir='ltr'><strong>dicas,</strong></span> <span class='ocrx_word' id='word_1_351' title='bbox 808 1291 936 1326; x_wconf 88' lang='lat' dir='ltr'><strong>Spiritum</strong></span> 
     </span>
    </p>
   </div>
   <div class='ocr_carea' id='block_1_42' title="bbox 141 1334 644 1371">
    <p class='ocr_par' dir='ltr' id='par_1_42' title="bbox 141 1334 644 1371">
     <span class='ocr_line' id='line_1_42' title="bbox 141 1334 644 1371; baseline 0.002 -8"><span class='ocrx_word' id='word_1_352' title='bbox 141 1334 273 1364; x_wconf 86' lang='lat' dir='ltr'><strong>Creatoris</strong></span> <span class='ocrx_word' id='word_1_353' title='bbox 285 1341 331 1364; x_wconf 89' lang='lat' dir='ltr'><strong>tuo</strong></span> <span class='ocrx_word' id='word_1_354' title='bbox 343 1335 450 1364; x_wconf 88' lang='lat' dir='ltr'><strong>Christo</strong></span> <span class='ocrx_word' id='word_1_355' title='bbox 459 1336 644 1371; x_wconf 86' lang='lat' dir='ltr'><strong>prophetasse.</strong></span> 
     </span>
    </p>
   </div>
   <div class='ocr_carea' id='block_1_43' title="bbox 422 1383 649 1412">
    <p class='ocr_par' dir='ltr' id='par_1_43' title="bbox 422 1383 649 1412">
     <span class='ocr_line' id='line_1_43' title="bbox 422 1383 649 1412; baseline 0.004 -2"><span class='ocrx_word' id='word_1_356' title='bbox 422 1383 534 1412; x_wconf 82' lang='lat' dir='ltr'><strong>CAPUT</strong></span> <span class='ocrx_word' id='word_1_357' title='bbox 556 1383 649 1411; x_wconf 78' lang='lat' dir='ltr'><strong>XXIII.</strong></span> 
     </span>
    </p>
   </div>
   <div class='ocr_carea' id='block_1_44' title="bbox 172 1427 937 1465">
    <p class='ocr_par' dir='ltr' id='par_1_44' title="bbox 172 1427 937 1465">
     <span class='ocr_line' id='line_1_44' title="bbox 172 1427 937 1465; baseline 0.004 -10"><span class='ocrx_word' id='word_1_358' title='bbox 172 1427 246 1456; x_wconf 71' lang='lat' dir='ltr'><strong>Nune</strong></span> <span class='ocrx_word' id='word_1_359' title='bbox 258 1428 322 1464; x_wconf 85' lang='lat' dir='ltr'><strong>quia</strong></span> <span class='ocrx_word' id='word_1_360' title='bbox 336 1436 395 1456; x_wconf 90' lang='lat' dir='ltr'><strong>eum</strong></span> <span class='ocrx_word' id='word_1_361' title='bbox 409 1429 508 1457; x_wconf 82' lang='lat' dir='ltr'><strong>.ludacis</strong></span> <span class='ocrx_word' id='word_1_362' title='bbox 523 1437 605 1465; x_wconf 79' lang='lat' dir='ltr'><strong>negas</strong></span> <span class='ocrx_word' id='word_1_363' title='bbox 621 1431 726 1458; x_wconf 83' lang='lat' dir='ltr'><strong>venisse</strong></span> <span class='ocrx_word' id='word_1_364' title='bbox 741 1430 876 1458; x_wconf 85' lang='lat' dir='ltr'><strong>Christum</strong></span> <span class='ocrx_word' id='word_1_365' title='bbox 891 1438 937 1458; x_wconf 91' lang='lat' dir='ltr'><strong>eo-</strong></span> 
     </span>
    </p>
   </div>
   <div class='ocr_carea' id='block_1_45' title="bbox 141 1476 936 1512">
    <p class='ocr_par' dir='ltr' id='par_1_45' title="bbox 141 1476 936 1512">
     <span class='ocr_line' id='line_1_45' title="bbox 141 1476 936 1512; baseline 0.003 -10"><span class='ocrx_word' id='word_1_366' title='bbox 141 1482 205 1509; x_wconf 87' lang='lat' dir='ltr'><strong>rum,</strong></span> <span class='ocrx_word' id='word_1_367' title='bbox 217 1483 384 1511; x_wconf 78' lang='lat' dir='ltr'><strong>recognosee</strong></span> <span class='ocrx_word' id='word_1_368' title='bbox 399 1480 424 1503; x_wconf 89' lang='lat' dir='ltr'><strong>et</strong></span> <span class='ocrx_word' id='word_1_369' title='bbox 435 1476 536 1503; x_wconf 78' lang='lat' dir='ltr'><strong>exitum</strong></span> <span class='ocrx_word' id='word_1_370' title='bbox 551 1477 681 1511; x_wconf 88' lang='lat' dir='ltr'><strong>ipsorum,</strong></span> <span class='ocrx_word' id='word_1_371' title='bbox 697 1485 776 1512; x_wconf 87' lang='lat' dir='ltr'><strong>quem</strong></span> <span class='ocrx_word' id='word_1_372' title='bbox 793 1483 852 1512; x_wconf 77' lang='lat' dir='ltr'><strong>post</strong></span> <span class='ocrx_word' id='word_1_373' title='bbox 863 1477 936 1505; x_wconf 88' lang='lat' dir='ltr'><strong>Chri-</strong></span> 
     </span>
    </p>
   </div>
   <div class='ocr_carea' id='block_1_46' title="bbox 139 1521 935 1559">
    <p class='ocr_par' dir='ltr' id='par_1_46' title="bbox 139 1521 935 1559">
     <span class='ocr_line' id='line_1_46' title="bbox 139 1521 935 1559; baseline 0.005 -13"><span class='ocrx_word' id='word_1_374' title='bbox 139 1525 204 1548; x_wconf 88' lang='lat' dir='ltr'><strong>stum</strong></span> <span class='ocrx_word' id='word_1_375' title='bbox 219 1521 333 1549; x_wconf 90' lang='lat' dir='ltr'><strong>relaturi</strong></span> <span class='ocrx_word' id='word_1_376' title='bbox 345 1521 568 1556; x_wconf 74' lang='lat' dir='ltr'><strong>prredicabantur,</strong></span> <span class='ocrx_word' id='word_1_377' title='bbox 585 1523 619 1550; x_wconf 89' lang='lat' dir='ltr'><strong>ob</strong></span> <span class='ocrx_word' id='word_1_378' title='bbox 630 1523 795 1557; x_wconf 84' lang='lat' dir='ltr'><strong>impietatem</strong></span> <span class='ocrx_word' id='word_1_379' title='bbox 806 1532 857 1559; x_wconf 82' lang='lat' dir='ltr'><strong>qua</strong></span> <span class='ocrx_word' id='word_1_380' title='bbox 874 1531 935 1550; x_wconf 86' lang='lat' dir='ltr'><strong>eum</strong></span> 
     </span>
    </p>
   </div>
   <div class='ocr_carea' id='block_1_47' title="bbox 988 915 1792 947">
    <p class='ocr_par' dir='ltr' id='par_1_47' title="bbox 988 915 1792 947">
     <span class='ocr_line' id='line_1_47' title="bbox 988 915 1792 947; baseline 0.007 -6"><span class='ocrx_word' id='word_1_381' title='bbox 988 916 1053 942; x_wconf 87' lang='lat' dir='ltr'><strong>cavit</strong></span> <span class='ocrx_word' id='word_1_382' title='bbox 1068 915 1193 942; x_wconf 88' lang='lat' dir='ltr'><strong>Sanctum</strong></span> <span class='ocrx_word' id='word_1_383' title='bbox 1213 916 1331 943; x_wconf 82' lang='lat' dir='ltr'><strong>lsraelis.</strong></span> <span class='ocrx_word' id='word_1_384' title='bbox 1347 917 1392 944; x_wconf 89' lang='lat' dir='ltr'><strong>Sic</strong></span> <span class='ocrx_word' id='word_1_385' title='bbox 1405 921 1433 944; x_wconf 88' lang='lat' dir='ltr'><strong>et</strong></span> <span class='ocrx_word' id='word_1_386' title='bbox 1448 918 1589 945; x_wconf 74' lang='lat' dir='ltr'><strong>tuaehzera:</strong></span> <span class='ocrx_word' id='word_1_387' title='bbox 1602 918 1792 947; x_wconf 83' lang='lat' dir='ltr'><strong>conditionalis</strong></span> 
     </span>
    </p>
   </div>
   <div class='ocr_carea' id='block_1_48' title="bbox 988 962 1791 1001">
    <p class='ocr_par' dir='ltr' id='par_1_48' title="bbox 988 962 1791 1001">
     <span class='ocr_line' id='line_1_48' title="bbox 988 962 1791 1001; baseline 0.005 -12"><span class='ocrx_word' id='word_1_388' title='bbox 988 963 1161 990; x_wconf 83' lang='lat' dir='ltr'><strong>comminatio</strong></span> <span class='ocrx_word' id='word_1_389' title='bbox 1172 962 1315 998; x_wconf 51' lang='lat' dir='ltr'><strong>(P5120)</strong></span> <span class='ocrx_word' id='word_1_390' title='bbox 1331 973 1337 990; x_wconf 90' lang='lat'><em>:</em></span> <span class='ocrx_word' id='word_1_391' title='bbox 1353 964 1383 991; x_wconf 76' lang='lat' dir='ltr'><strong>Si</strong></span> <span class='ocrx_word' id='word_1_392' title='bbox 1396 964 1536 997; x_wconf 80' lang='lat' dir='ltr'><strong>nolueritis,</strong></span> <span class='ocrx_word' id='word_1_393' title='bbox 1547 973 1591 991; x_wconf 84' lang='lat' dir='ltr'><strong>uec</strong></span> <span class='ocrx_word' id='word_1_394' title='bbox 1599 965 1731 993; x_wconf 83' lang='lat' dir='ltr'><strong>audieritis</strong></span> <span class='ocrx_word' id='word_1_395' title='bbox 1740 974 1791 1001; x_wconf 90' lang='lat' dir='ltr'><strong>nte,</strong></span> 
     </span>
    </p>
   </div>
   <div class='ocr_carea' id='block_1_49' title="bbox 990 1009 1791 1046">
    <p class='ocr_par' dir='ltr' id='par_1_49' title="bbox 990 1009 1791 1046">
     <span class='ocr_line' id='line_1_49' title="bbox 990 1009 1791 1046; baseline 0.006 -12"><span class='ocrx_word' id='word_1_396' title='bbox 990 1009 1118 1035; x_wconf 70' lang='lat' dir='ltr'><strong>mae/uera</strong></span> <span class='ocrx_word' id='word_1_397' title='bbox 1143 1016 1186 1035; x_wconf 70' lang='lat' dir='ltr'><strong>vos</strong></span> <span class='ocrx_word' id='word_1_398' title='bbox 1215 1010 1350 1041; x_wconf 83' lang='lat' dir='ltr'><strong>comedet;</strong></span> <span class='ocrx_word' id='word_1_399' title='bbox 1382 1010 1505 1043; x_wconf 80' lang='lat' dir='ltr'><strong>probavit</strong></span> <span class='ocrx_word' id='word_1_400' title='bbox 1533 1011 1671 1038; x_wconf 75' lang='lat' dir='ltr'><strong>Christum</strong></span> <span class='ocrx_word' id='word_1_401' title='bbox 1698 1012 1791 1046; x_wconf 77' lang='lat' dir='ltr'><strong>fuisse,</strong></span> 
     </span>
    </p>
   </div>
   <div class='ocr_carea' id='block_1_50' title="bbox 988 1055 1792 1093">
    <p class='ocr_par' dir='ltr' id='par_1_50' title="bbox 988 1055 1792 1093">
     <span class='ocr_line' id='line_1_50' title="bbox 988 1055 1792 1093; baseline 0.006 -12"><span class='ocrx_word' id='word_1_402' title='bbox 988 1062 1068 1089; x_wconf 82' lang='lat' dir='ltr'><strong>quem</strong></span> <span class='ocrx_word' id='word_1_403' title='bbox 1080 1062 1134 1082; x_wconf 92' lang='lat' dir='ltr'><strong>non</strong></span> <span class='ocrx_word' id='word_1_404' title='bbox 1145 1055 1289 1088; x_wconf 86' lang='lat' dir='ltr'><strong>audiendo,</strong></span> <span class='ocrx_word' id='word_1_405' title='bbox 1302 1056 1507 1090; x_wconf 83' lang='lat' dir='ltr'><strong>perierunt.Qni</strong></span> <span class='ocrx_word' id='word_1_406' title='bbox 1522 1062 1547 1083; x_wconf 82' lang='lat' dir='ltr'><strong>ct</strong></span> <span class='ocrx_word' id='word_1_407' title='bbox 1562 1058 1587 1084; x_wconf 93' lang='lat' dir='ltr'><strong>in</strong></span> <span class='ocrx_word' id='word_1_408' title='bbox 1601 1058 1705 1092; x_wconf 88' lang='lat' dir='ltr'><strong>psalmo</strong></span> <span class='ocrx_word' id='word_1_409' title='bbox 1714 1059 1792 1093; x_wconf 87' lang='lat' dir='ltr'><strong>quiu-</strong></span> 
     </span>
    </p>
   </div>
   <div class='ocr_carea' id='block_1_51' title="bbox 988 1102 1792 1138">
    <p class='ocr_par' dir='ltr' id='par_1_51' title="bbox 988 1102 1792 1138">
     <span class='ocr_line' id='line_1_51' title="bbox 988 1102 1792 1138; baseline 0.006 -11"><span class='ocrx_word' id='word_1_410' title='bbox 988 1102 1143 1135; x_wconf 76' lang='lat' dir='ltr'><strong>quagesinio</strong></span> <span class='ocrx_word' id='word_1_411' title='bbox 1157 1105 1251 1128; x_wconf 88' lang='lat' dir='ltr'><strong>octavo</strong></span> <span class='ocrx_word' id='word_1_412' title='bbox 1263 1122 1270 1134; x_wconf 87' lang='lat'><strong>,</strong></span> <span class='ocrx_word' id='word_1_413' title='bbox 1286 1102 1481 1136; x_wconf 86' lang='lat' dir='ltr'><strong>dispersiouem</strong></span> <span class='ocrx_word' id='word_1_414' title='bbox 1495 1102 1534 1129; x_wconf 89' lang='lat' dir='ltr'><strong>eis</strong></span> <span class='ocrx_word' id='word_1_415' title='bbox 1549 1104 1666 1138; x_wconf 83' lang='lat' dir='ltr'><strong>postulat</strong></span> <span class='ocrx_word' id='word_1_416' title='bbox 1681 1112 1696 1131; x_wconf 91' lang='lat' dir='ltr'><strong>a</strong></span> <span class='ocrx_word' id='word_1_417' title='bbox 1712 1105 1792 1133; x_wconf 80' lang='lat' dir='ltr'><strong>Patre</strong></span> 
     </span>
    </p>
   </div>
   <div class='ocr_carea' id='block_1_52' title="bbox 991 1145 1793 1184">
    <p class='ocr_par' dir='ltr' id='par_1_52' title="bbox 991 1145 1793 1184">
     <span class='ocr_line' id='line_1_52' title="bbox 991 1145 1793 1184; baseline 0.007 -12"><span class='ocrx_word' id='word_1_418' title='bbox 991 1145 1049 1181; x_wconf 78' lang='lat' dir='ltr'><strong>(Ps.</strong></span> <span class='ocrx_word' id='word_1_419' title='bbox 1065 1146 1161 1179; x_wconf 88' lang='lat' dir='ltr'><strong>LVIII,</strong></span> <span class='ocrx_word' id='word_1_420' title='bbox 1181 1147 1226 1182; x_wconf 72' lang='grc'>12)</span> <span class='ocrx_word' id='word_1_421' title='bbox 1241 1156 1247 1173; x_wconf 82' lang='lat' dir='ltr'><em>z</em></span> <span class='ocrx_word' id='word_1_422' title='bbox 1271 1146 1393 1183; x_wconf 83' lang='lat' dir='ltr'><strong>Disperge</strong></span> <span class='ocrx_word' id='word_1_423' title='bbox 1418 1156 1460 1175; x_wconf 84' lang='lat' dir='ltr'><strong>eos</strong></span> <span class='ocrx_word' id='word_1_424' title='bbox 1483 1148 1509 1175; x_wconf 87' lang='lat' dir='ltr'><strong>itt</strong></span> <span class='ocrx_word' id='word_1_425' title='bbox 1528 1150 1617 1176; x_wconf 79' lang='lat' dir='ltr'><strong>virtute</strong></span> <span class='ocrx_word' id='word_1_426' title='bbox 1634 1154 1687 1177; x_wconf 88' lang='lat' dir='ltr'><strong>tua.</strong></span> <span class='ocrx_word' id='word_1_427' title='bbox 1703 1151 1753 1184; x_wconf 82' lang='lat' dir='ltr'><strong>Qui</strong></span> <span class='ocrx_word' id='word_1_428' title='bbox 1764 1156 1793 1179; x_wconf 82' lang='lat' dir='ltr'><strong>et</strong></span> 
     </span>
    </p>
   </div>
   <div class='ocr_carea' id='block_1_53' title="bbox 989 1193 1789 1232">
    <p class='ocr_par' dir='ltr' id='par_1_53' title="bbox 989 1193 1789 1232">
     <span class='ocr_line' id='line_1_53' title="bbox 989 1193 1789 1232; baseline 0.006 -12"><span class='ocrx_word' id='word_1_429' title='bbox 989 1201 1081 1220; x_wconf 88' lang='lat' dir='ltr'><strong>rursus</strong></span> <span class='ocrx_word' id='word_1_430' title='bbox 1098 1201 1144 1228; x_wconf 87' lang='lat' dir='ltr'><strong>per</strong></span> <span class='ocrx_word' id='word_1_431' title='bbox 1156 1193 1278 1227; x_wconf 84' lang='lat' dir='ltr'><strong>Esaiam,</strong></span> <span class='ocrx_word' id='word_1_432' title='bbox 1295 1196 1322 1221; x_wconf 93' lang='lat' dir='ltr'><strong>iu</strong></span> <span class='ocrx_word' id='word_1_433' title='bbox 1341 1195 1509 1222; x_wconf 87' lang='lat' dir='ltr'><strong>exustionem</strong></span> <span class='ocrx_word' id='word_1_434' title='bbox 1526 1204 1619 1223; x_wconf 89' lang='lat' dir='ltr'><strong>eorutn</strong></span> <span class='ocrx_word' id='word_1_435' title='bbox 1635 1205 1766 1232; x_wconf 79' lang='lat' dir='ltr'><strong>perorazis</strong></span> <span class='ocrx_word' id='word_1_436' title='bbox 1782 1207 1789 1225; x_wconf 92' lang='lat'>:</span> 
     </span>
    </p>
   </div>
   <div class='ocr_carea' id='block_1_54' title="bbox 991 1238 1791 1276">
    <p class='ocr_par' dir='ltr' id='par_1_54' title="bbox 991 1238 1791 1276">
     <span class='ocr_line' id='line_1_54' title="bbox 991 1238 1791 1276; baseline 0.008 -11"><span class='ocrx_word' id='word_1_437' title='bbox 991 1238 1100 1274; x_wconf 82' lang='lat' dir='ltr'><strong>Propter</strong></span> <span class='ocrx_word' id='word_1_438' title='bbox 1115 1248 1153 1266; x_wconf 78' lang='lat' dir='ltr'><strong>nte</strong></span> <span class='ocrx_word' id='word_1_439' title='bbox 1166 1261 1172 1272; x_wconf 83' lang='lat'><strong>,</strong></span> <span class='ocrx_word' id='word_1_440' title='bbox 1199 1240 1304 1275; x_wconf 89' lang='lat' dir='ltr'><strong>inquit,</strong></span> <span class='ocrx_word' id='word_1_441' title='bbox 1322 1241 1376 1268; x_wconf 75' lang='lat' dir='ltr'><strong>[nec</strong></span> <span class='ocrx_word' id='word_1_442' title='bbox 1391 1243 1461 1276; x_wconf 80' lang='lat' dir='ltr'><strong>facta</strong></span> <span class='ocrx_word' id='word_1_443' title='bbox 1475 1246 1533 1268; x_wconf 83' lang='lat' dir='ltr'><strong>sunt</strong></span> <span class='ocrx_word' id='word_1_444' title='bbox 1547 1242 1615 1269; x_wconf 79' lang='lat' dir='ltr'><strong>vobis</strong></span> <span class='ocrx_word' id='word_1_445' title='bbox 1631 1250 1640 1269; x_wconf 89' lang='lat'><strong><em>:</em></strong></span> <span class='ocrx_word' id='word_1_446' title='bbox 1659 1243 1685 1270; x_wconf 89' lang='lat' dir='ltr'><strong>in</strong></span> <span class='ocrx_word' id='word_1_447' title='bbox 1699 1244 1791 1271; x_wconf 66' lang='lat' dir='ltr'><strong>anxie—</strong></span> 
     </span>
    </p>
   </div>
   <div class='ocr_carea' id='block_1_55' title="bbox 990 1287 1791 1324">
    <p class='ocr_par' dir='ltr' id='par_1_55' title="bbox 990 1287 1791 1324">
     <span class='ocr_line' id='line_1_55' title="bbox 990 1287 1791 1324; baseline 0.007 -12"><span class='ocrx_word' id='word_1_448' title='bbox 990 1291 1040 1313; x_wconf 85' lang='lat' dir='ltr'><strong>tate</strong></span> <span class='ocrx_word' id='word_1_449' title='bbox 1055 1287 1196 1314; x_wconf 86' lang='lat' dir='ltr'><strong>dormietis.</strong></span> <span class='ocrx_word' id='word_1_450' title='bbox 1214 1287 1285 1314; x_wconf 84' lang='lat' dir='ltr'><strong>Satis</strong></span> <span class='ocrx_word' id='word_1_451' title='bbox 1307 1295 1374 1314; x_wconf 86' lang='lat' dir='ltr'><strong>vane</strong></span> <span class='ocrx_word' id='word_1_452' title='bbox 1386 1308 1394 1319; x_wconf 79' lang='lat'><em>.</em></span> <span class='ocrx_word' id='word_1_453' title='bbox 1406 1288 1427 1314; x_wconf 92' lang='lat' dir='ltr'><strong>si</strong></span> <span class='ocrx_word' id='word_1_454' title='bbox 1451 1287 1509 1315; x_wconf 66' lang='lat' dir='ltr'><strong>hinc</strong></span> <span class='ocrx_word' id='word_1_455' title='bbox 1530 1297 1581 1315; x_wconf 89' lang='lat' dir='ltr'><strong>non</strong></span> <span class='ocrx_word' id='word_1_456' title='bbox 1600 1294 1709 1324; x_wconf 75' lang='lat' dir='ltr'><strong>propter</strong></span> <span class='ocrx_word' id='word_1_457' title='bbox 1728 1298 1791 1318; x_wconf 90' lang='lat' dir='ltr'><strong>eum</strong></span> 
     </span>
    </p>
   </div>
   <div class='ocr_carea' id='block_1_56' title="bbox 989 1334 1791 1370">
    <p class='ocr_par' dir='ltr' id='par_1_56' title="bbox 989 1334 1791 1370">
     <span class='ocr_line' id='line_1_56' title="bbox 989 1334 1791 1370; baseline 0.005 -9"><span class='ocrx_word' id='word_1_458' title='bbox 989 1334 1059 1368; x_wconf 78' lang='lat' dir='ltr'><strong>passi</strong></span> <span class='ocrx_word' id='word_1_459' title='bbox 1072 1338 1149 1367; x_wconf 90' lang='lat' dir='ltr'><strong>sunt,</strong></span> <span class='ocrx_word' id='word_1_460' title='bbox 1164 1335 1207 1369; x_wconf 89' lang='lat' dir='ltr'><strong>qui</strong></span> <span class='ocrx_word' id='word_1_461' title='bbox 1223 1338 1332 1369; x_wconf 84' lang='lat' dir='ltr'><strong>propter</strong></span> <span class='ocrx_word' id='word_1_462' title='bbox 1346 1342 1374 1361; x_wconf 87' lang='lat' dir='ltr'><strong>se</strong></span> <span class='ocrx_word' id='word_1_463' title='bbox 1390 1342 1516 1370; x_wconf 82' lang='lat' dir='ltr'><strong>passuros</strong></span> <span class='ocrx_word' id='word_1_464' title='bbox 1531 1337 1727 1370; x_wconf 88' lang='lat' dir='ltr'><strong>pronttntiarat,</strong></span> <span class='ocrx_word' id='word_1_465' title='bbox 1742 1337 1791 1365; x_wconf 85' lang='lat' dir='ltr'><strong>sed</strong></span> 
     </span>
    </p>
   </div>
   <div class='ocr_carea' id='block_1_57' title="bbox 989 1381 1789 1416">
    <p class='ocr_par' dir='ltr' id='par_1_57' title="bbox 989 1381 1789 1416">
     <span class='ocr_line' id='line_1_57' title="bbox 989 1381 1789 1416; baseline 0.004 -8"><span class='ocrx_word' id='word_1_466' title='bbox 989 1385 1098 1416; x_wconf 84' lang='lat' dir='ltr'><strong>propter</strong></span> <span class='ocrx_word' id='word_1_467' title='bbox 1108 1381 1242 1408; x_wconf 82' lang='lat' dir='ltr'><strong>Christum</strong></span> <span class='ocrx_word' id='word_1_468' title='bbox 1258 1381 1303 1408; x_wconf 86' lang='lat' dir='ltr'><strong>Dei</strong></span> <span class='ocrx_word' id='word_1_469' title='bbox 1319 1381 1437 1408; x_wconf 86' lang='lat' dir='ltr'><strong>alterius.</strong></span> <span class='ocrx_word' id='word_1_470' title='bbox 1461 1382 1559 1416; x_wconf 71' lang='lat' dir='ltr'><strong>Atquin</strong></span> <span class='ocrx_word' id='word_1_471' title='bbox 1578 1383 1728 1415; x_wconf 84' lang='lat' dir='ltr'><strong>Christum,</strong></span> <span class='ocrx_word' id='word_1_472' title='bbox 1744 1384 1789 1411; x_wconf 84' lang='lat' dir='ltr'><strong>in-</strong></span> 
     </span>
    </p>
   </div>
   <div class='ocr_carea' id='block_1_58' title="bbox 988 1427 1792 1464">
    <p class='ocr_par' dir='ltr' id='par_1_58' title="bbox 988 1427 1792 1464">
     <span class='ocr_line' id='line_1_58' title="bbox 988 1427 1792 1464; baseline 0.002 -9"><span class='ocrx_word' id='word_1_473' title='bbox 988 1436 1078 1464; x_wconf 87' lang='lat' dir='ltr'><strong>quam,</strong></span> <span class='ocrx_word' id='word_1_474' title='bbox 1094 1428 1204 1455; x_wconf 80' lang='lat' dir='ltr'><strong>alterius</strong></span> <span class='ocrx_word' id='word_1_475' title='bbox 1219 1428 1264 1454; x_wconf 90' lang='lat' dir='ltr'><strong>Dei</strong></span> <span class='ocrx_word' id='word_1_476' title='bbox 1278 1427 1355 1460; x_wconf 90' lang='lat' dir='ltr'><strong>dicit,</strong></span> <span class='ocrx_word' id='word_1_477' title='bbox 1368 1435 1383 1454; x_wconf 90' lang='lat' dir='ltr'><strong>a</strong></span> <span class='ocrx_word' id='word_1_478' title='bbox 1396 1428 1532 1455; x_wconf 76' lang='lat' dir='ltr'><strong>Creatoris</strong></span> <span class='ocrx_word' id='word_1_479' title='bbox 1545 1428 1688 1456; x_wconf 84' lang='lat' dir='ltr'><strong>virtutibus</strong></span> <span class='ocrx_word' id='word_1_480' title='bbox 1703 1434 1730 1456; x_wconf 92' lang='lat' dir='ltr'><strong>et</strong></span> <span class='ocrx_word' id='word_1_481' title='bbox 1744 1437 1792 1464; x_wconf 82' lang='grc' dir='ltr'><strong>ρο-</strong></span> 
     </span>
    </p>
   </div>
   <div class='ocr_carea' id='block_1_59' title="bbox 990 1473 1791 1506">
    <p class='ocr_par' dir='ltr' id='par_1_59' title="bbox 990 1473 1791 1506">
     <span class='ocr_line' id='line_1_59' title="bbox 990 1473 1791 1506; baseline 0.001 -4"><span class='ocrx_word' id='word_1_482' title='bbox 990 1475 1140 1506; x_wconf 67' lang='lat' dir='ltr'><strong>teSta&#39;ibus,</strong></span> <span class='ocrx_word' id='word_1_483' title='bbox 1164 1478 1192 1500; x_wconf 90' lang='lat' dir='ltr'><strong>nt</strong></span> <span class='ocrx_word' id='word_1_484' title='bbox 1205 1474 1239 1500; x_wconf 87' lang='lat' dir='ltr'><strong>ab</strong></span> <span class='ocrx_word' id='word_1_485' title='bbox 1252 1473 1357 1500; x_wconf 67' lang='lat' dir='ltr'><strong>aemulis</strong></span> <span class='ocrx_word' id='word_1_486' title='bbox 1371 1473 1397 1500; x_wconf 93' lang='lat' dir='ltr'><strong>in</strong></span> <span class='ocrx_word' id='word_1_487' title='bbox 1410 1480 1517 1500; x_wconf 86' lang='lat' dir='ltr'><strong>erucem</strong></span> <span class='ocrx_word' id='word_1_488' title='bbox 1534 1479 1635 1501; x_wconf 89' lang='lat' dir='ltr'><strong>actum.</strong></span> <span class='ocrx_word' id='word_1_489' title='bbox 1660 1475 1713 1502; x_wconf 73' lang='lat' dir='ltr'><strong>Sed</strong></span> <span class='ocrx_word' id='word_1_490' title='bbox 1727 1482 1791 1503; x_wconf 84' lang='lat' dir='ltr'><strong>ecce</strong></span> 
     </span>
    </p>
   </div>
   <div class='ocr_carea' id='block_1_60' title="bbox 989 1519 1792 1555">
    <p class='ocr_par' dir='ltr' id='par_1_60' title="bbox 989 1519 1792 1555">
     <span class='ocr_line' id='line_1_60' title="bbox 989 1519 1792 1555; baseline -0.002 -5"><span class='ocrx_word' id='word_1_491' title='bbox 989 1522 1115 1550; x_wconf 81' lang='lat' dir='ltr'><strong>defensus</strong></span> <span class='ocrx_word' id='word_1_492' title='bbox 1125 1520 1276 1548; x_wconf 89' lang='lat' dir='ltr'><strong>ostenditur</strong></span> <span class='ocrx_word' id='word_1_493' title='bbox 1288 1527 1302 1546; x_wconf 86' lang='lat' dir='ltr'><strong>a</strong></span> <span class='ocrx_word' id='word_1_494' title='bbox 1316 1519 1443 1547; x_wconf 89' lang='lat' dir='ltr'><strong>Creatore</strong></span> <span class='ocrx_word' id='word_1_495' title='bbox 1458 1519 1508 1555; x_wconf 86' lang='lat' dir='ltr'><strong>(Is.</strong></span> <span class='ocrx_word' id='word_1_496' title='bbox 1531 1520 1596 1554; x_wconf 91' lang='lat' dir='ltr'><strong>LIII,</strong></span> <span class='ocrx_word' id='word_1_497' title='bbox 1612 1520 1639 1555; x_wconf 88' lang='lat'><strong>9)</strong></span> <span class='ocrx_word' id='word_1_498' title='bbox 1654 1530 1660 1550; x_wconf 85' lang='lat'>;</span> <span class='ocrx_word' id='word_1_499' title='bbox 1686 1526 1709 1548; x_wconf 85' lang='lat' dir='ltr'><strong>et</strong></span> <span class='ocrx_word' id='word_1_500' title='bbox 1736 1521 1792 1548; x_wconf 78' lang='lat' dir='ltr'><strong>tlati</strong></span> 
     </span>
    </p>
   </div>
   <div class='ocr_carea' id='block_1_61' title="bbox 139 1566 935 1603">
    <p class='ocr_par' dir='ltr' id='par_1_61' title="bbox 139 1567 935 1602">
     <span class='ocr_line' id='line_1_61' title="bbox 139 1567 935 1602; baseline 0.005 -9"><span class='ocrx_word' id='word_1_501' title='bbox 139 1570 163 1593; x_wconf 88' lang='lat' dir='ltr'><strong>et</strong></span> <span class='ocrx_word' id='word_1_502' title='bbox 177 1567 214 1602; x_wconf 62' lang='grc' dir='ltr'><strong>(Α)</strong></span> <span class='ocrx_word' id='word_1_503' title='bbox 234 1567 439 1602; x_wconf 81' lang='lat' dir='ltr'><strong>despexerunt,</strong></span> <span class='ocrx_word' id='word_1_504' title='bbox 458 1573 485 1595; x_wconf 90' lang='lat' dir='ltr'><strong>et</strong></span> <span class='ocrx_word' id='word_1_505' title='bbox 508 1570 712 1596; x_wconf 87' lang='lat' dir='ltr'><strong>interemerunt.</strong></span> <span class='ocrx_word' id='word_1_506' title='bbox 728 1569 845 1596; x_wconf 82' lang='lat' dir='ltr'><strong>Primum</strong></span> <span class='ocrx_word' id='word_1_507' title='bbox 865 1571 935 1598; x_wconf 88' lang='lat' dir='ltr'><strong>enim</strong></span> 
     </span>
    </p>
   </div>
   <div class='ocr_carea' id='block_1_62' title="bbox 990 1566 1792 1603">
    <p class='ocr_par' dir='ltr' id='par_1_62' title="bbox 990 1566 1792 1603">
     <span class='ocr_line' id='line_1_62' title="bbox 990 1566 1792 1603; baseline 0.001 -9"><span class='ocrx_word' id='word_1_508' title='bbox 990 1573 1047 1594; x_wconf 83' lang='lat' dir='ltr'><strong>sunt</strong></span> <span class='ocrx_word' id='word_1_509' title='bbox 1071 1568 1172 1602; x_wconf 79' lang='lat' dir='ltr'><strong>pessimi</strong></span> <span class='ocrx_word' id='word_1_510' title='bbox 1193 1575 1239 1601; x_wconf 87' lang='lat' dir='ltr'><strong>pro</strong></span> <span class='ocrx_word' id='word_1_511' title='bbox 1264 1566 1398 1600; x_wconf 83' lang='lat' dir='ltr'><strong>sepultura</strong></span> <span class='ocrx_word' id='word_1_512' title='bbox 1408 1567 1485 1600; x_wconf 68' lang='lat' dir='ltr'><strong>eius;</strong></span> <span class='ocrx_word' id='word_1_513' title='bbox 1505 1568 1549 1601; x_wconf 87' lang='lat' dir='ltr'><strong>qui</strong></span> <span class='ocrx_word' id='word_1_514' title='bbox 1563 1567 1665 1595; x_wconf 90' lang='lat' dir='ltr'><strong>scilicet</strong></span> <span class='ocrx_word' id='word_1_515' title='bbox 1677 1568 1792 1603; x_wconf 84' lang='lat' dir='ltr'><strong>subrep-</strong></span> 
     </span>
    </p>
   </div>
   <div class='ocr_carea' id='block_1_63' title="bbox 138 1613 936 1651">
    <p class='ocr_par' dir='ltr' id='par_1_63' title="bbox 138 1613 936 1651">
     <span class='ocr_line' id='line_1_63' title="bbox 138 1613 936 1651; baseline 0.005 -12"><span class='ocrx_word' id='word_1_516' title='bbox 138 1619 167 1640; x_wconf 81' lang='lat' dir='ltr'><strong>ex</strong></span> <span class='ocrx_word' id='word_1_517' title='bbox 179 1613 231 1647; x_wconf 86' lang='lat' dir='ltr'><strong>die,</strong></span> <span class='ocrx_word' id='word_1_518' title='bbox 246 1621 303 1649; x_wconf 83' lang='lat' dir='ltr'><strong>qua</strong></span> <span class='ocrx_word' id='word_1_519' title='bbox 319 1613 467 1641; x_wconf 88' lang='lat' dir='ltr'><strong>secundutu</strong></span> <span class='ocrx_word' id='word_1_520' title='bbox 488 1614 594 1642; x_wconf 75' lang='lat' dir='ltr'><strong>Esaiam</strong></span> <span class='ocrx_word' id='word_1_521' title='bbox 618 1614 680 1649; x_wconf 68' lang='lat'><strong>(13.,</strong></span> <span class='ocrx_word' id='word_1_522' title='bbox 697 1615 730 1647; x_wconf 89' lang='lat' dir='ltr'><strong>II,</strong></span> <span class='ocrx_word' id='word_1_523' title='bbox 749 1615 807 1651; x_wconf 73' lang='lat'><strong>20),</strong></span> <span class='ocrx_word' id='word_1_524' title='bbox 823 1615 936 1651; x_wconf 81' lang='lat' dir='ltr'><strong>Projrcit</strong></span> 
     </span>
    </p>
   </div>
   <div class='ocr_carea' id='block_1_64' title="bbox 138 1658 936 1698">
    <p class='ocr_par' dir='ltr' id='par_1_64' title="bbox 138 1658 936 1698">
     <span class='ocr_line' id='line_1_64' title="bbox 138 1658 936 1698; baseline 0.005 -13"><span class='ocrx_word' id='word_1_525' title='bbox 138 1658 209 1686; x_wconf 81' lang='lat' dir='ltr'><strong>Immo</strong></span> <span class='ocrx_word' id='word_1_526' title='bbox 219 1665 418 1696; x_wconf 72' lang='lat' dir='ltr'><strong>aspernainenta</strong></span> <span class='ocrx_word' id='word_1_527' title='bbox 430 1669 477 1687; x_wconf 82' lang='lat' dir='ltr'><strong>sua</strong></span> <span class='ocrx_word' id='word_1_528' title='bbox 490 1669 569 1687; x_wconf 87' lang='lat' dir='ltr'><strong>aurea</strong></span> <span class='ocrx_word' id='word_1_529' title='bbox 582 1666 605 1687; x_wconf 77' lang='lat' dir='ltr'><strong>et</strong></span> <span class='ocrx_word' id='word_1_530' title='bbox 617 1667 747 1697; x_wconf 81' lang='lat' dir='ltr'><strong>argentea,</strong></span> <span class='ocrx_word' id='word_1_531' title='bbox 760 1670 816 1696; x_wconf 77' lang='lat' dir='ltr'><strong>quw</strong></span> <span class='ocrx_word' id='word_1_532' title='bbox 824 1664 936 1698; x_wconf 75' lang='lat' dir='ltr'><strong>[coerunt</strong></span> 
     </span>
    </p>
   </div>
   <div class='ocr_carea' id='block_1_65' title="bbox 136 1704 937 1744">
    <p class='ocr_par' dir='ltr' id='par_1_65' title="bbox 136 1704 937 1744">
     <span class='ocr_line' id='line_1_65' title="bbox 136 1704 937 1744; baseline 0.009 -13"><span class='ocrx_word' id='word_1_533' title='bbox 136 1704 277 1733; x_wconf 81' lang='lat' dir='ltr'><strong>adorandis</strong></span> <span class='ocrx_word' id='word_1_534' title='bbox 304 1707 375 1734; x_wconf 81' lang='lat' dir='ltr'><strong>vanis</strong></span> <span class='ocrx_word' id='word_1_535' title='bbox 397 1712 420 1734; x_wconf 85' lang='lat' dir='ltr'><strong>et</strong></span> <span class='ocrx_word' id='word_1_536' title='bbox 442 1708 542 1734; x_wconf 76' lang='lat' dir='ltr'><strong>noctuis</strong></span> <span class='ocrx_word' id='word_1_537' title='bbox 557 1707 618 1743; x_wconf 78' lang='lat'><strong>(5);</strong></span> <span class='ocrx_word' id='word_1_538' title='bbox 639 1708 664 1735; x_wconf 89' lang='lat' dir='ltr'><strong>id</strong></span> <span class='ocrx_word' id='word_1_539' title='bbox 677 1713 728 1742; x_wconf 80' lang='lat' dir='ltr'><strong>est,</strong></span> <span class='ocrx_word' id='word_1_540' title='bbox 744 1717 775 1736; x_wconf 83' lang='lat' dir='ltr'><strong>ex</strong></span> <span class='ocrx_word' id='word_1_541' title='bbox 788 1718 840 1744; x_wconf 89' lang='lat' dir='ltr'><strong>quo</strong></span> <span class='ocrx_word' id='word_1_542' title='bbox 853 1718 937 1744; x_wconf 79' lang='lat' dir='ltr'><strong>genus</strong></span> 
     </span>
    </p>
   </div>
   <div class='ocr_carea' id='block_1_66' title="bbox 136 1749 938 1790">
    <p class='ocr_par' dir='ltr' id='par_1_66' title="bbox 136 1749 938 1790">
     <span class='ocr_line' id='line_1_66' title="bbox 136 1749 938 1790; baseline 0.006 -13"><span class='ocrx_word' id='word_1_543' title='bbox 136 1749 288 1786; x_wconf 84' lang='lat' dir='ltr'><strong>hominum,</strong></span> <span class='ocrx_word' id='word_1_544' title='bbox 301 1752 445 1780; x_wconf 81' lang='lat' dir='ltr'><strong>dtlucidata</strong></span> <span class='ocrx_word' id='word_1_545' title='bbox 456 1761 502 1788; x_wconf 87' lang='lat' dir='ltr'><strong>per</strong></span> <span class='ocrx_word' id='word_1_546' title='bbox 511 1753 645 1781; x_wconf 87' lang='lat' dir='ltr'><strong>Christum</strong></span> <span class='ocrx_word' id='word_1_547' title='bbox 658 1749 779 1787; x_wconf 76' lang='lat' dir='ltr'><strong>veritate,</strong></span> <span class='ocrx_word' id='word_1_548' title='bbox 796 1755 865 1782; x_wconf 90' lang='lat' dir='ltr'><strong>idola</strong></span> <span class='ocrx_word' id='word_1_549' title='bbox 876 1764 938 1790; x_wconf 91' lang='lat' dir='ltr'><strong>pro-</strong></span> 
     </span>
    </p>
   </div>
   <div class='ocr_carea' id='block_1_67' title="bbox 132 1796 937 1835">
    <p class='ocr_par' dir='ltr' id='par_1_67' title="bbox 132 1796 937 1835">
     <span class='ocr_line' id='line_1_67' title="bbox 132 1796 937 1835; baseline 0.006 -11"><span class='ocrx_word' id='word_1_550' title='bbox 132 1796 211 1831; x_wconf 84' lang='lat' dir='ltr'><strong>jecit;</strong></span> <span class='ocrx_word' id='word_1_551' title='bbox 228 1799 294 1826; x_wconf 83' lang='lat' dir='ltr'><strong>vide</strong></span> <span class='ocrx_word' id='word_1_552' title='bbox 306 1806 339 1826; x_wconf 85' lang='lat' dir='ltr'><strong>an</strong></span> <span class='ocrx_word' id='word_1_553' title='bbox 361 1799 431 1833; x_wconf 88' lang='lat' dir='ltr'><strong>quod</strong></span> <span class='ocrx_word' id='word_1_554' title='bbox 442 1800 564 1835; x_wconf 88' lang='lat' dir='ltr'><strong>sequitur</strong></span> <span class='ocrx_word' id='word_1_555' title='bbox 578 1805 739 1835; x_wconf 79' lang='lat' dir='ltr'><strong>expunctum</strong></span> <span class='ocrx_word' id='word_1_556' title='bbox 755 1801 789 1828; x_wconf 90' lang='lat' dir='ltr'><strong>sit</strong></span> <span class='ocrx_word' id='word_1_557' title='bbox 805 1811 812 1829; x_wconf 90' lang='lat'><strong>:</strong></span> <span class='ocrx_word' id='word_1_558' title='bbox 827 1802 937 1829; x_wconf 73' lang='lat' dir='ltr'><strong>Abstulit</strong></span> 
     </span>
    </p>
   </div>
   <div class='ocr_carea' id='block_1_68' title="bbox 130 1837 937 1881">
    <p class='ocr_par' dir='ltr' id='par_1_68' title="bbox 130 1837 937 1881">
     <span class='ocr_line' id='line_1_68' title="bbox 130 1837 937 1881; baseline 0.006 -12"><span class='ocrx_word' id='word_1_559' title='bbox 130 1837 250 1877; x_wconf 63' lang='lat'><strong>(11.,111,</strong></span> <span class='ocrx_word' id='word_1_560' title='bbox 272 1843 336 1880; x_wconf 66' lang='lat'><strong>1,9)</strong></span> <span class='ocrx_word' id='word_1_561' title='bbox 354 1845 420 1871; x_wconf 88' lang='lat' dir='ltr'><strong>enim</strong></span> <span class='ocrx_word' id='word_1_562' title='bbox 439 1844 564 1872; x_wconf 85' lang='lat' dir='ltr'><strong>Dominus</strong></span> <span class='ocrx_word' id='word_1_563' title='bbox 577 1846 684 1873; x_wconf 79' lang='lat' dir='ltr'><strong>sabaotlt</strong></span> <span class='ocrx_word' id='word_1_564' title='bbox 699 1855 715 1873; x_wconf 90' lang='lat' dir='ltr'><strong>a</strong></span> <span class='ocrx_word' id='word_1_565' title='bbox 732 1846 836 1881; x_wconf 72' lang='lat' dir='ltr'><strong>Judtea,</strong></span> <span class='ocrx_word' id='word_1_566' title='bbox 857 1853 880 1874; x_wconf 86' lang='lat' dir='ltr'><strong>et</strong></span> <span class='ocrx_word' id='word_1_567' title='bbox 906 1848 937 1874; x_wconf 89' lang='lat' dir='ltr'><strong>ab</strong></span> 
     </span>
    </p>
   </div>
   <div class='ocr_carea' id='block_1_69' title="bbox 135 1889 937 1931">
    <p class='ocr_par' dir='ltr' id='par_1_69' title="bbox 135 1889 937 1931">
     <span class='ocr_line' id='line_1_69' title="bbox 135 1889 937 1931; baseline 0.007 -15"><span class='ocrx_word' id='word_1_568' title='bbox 135 1889 300 1919; x_wconf 78' lang='lat' dir='ltr'><strong>Hierusalem</strong></span> <span class='ocrx_word' id='word_1_569' title='bbox 320 1892 385 1919; x_wconf 87' lang='lat' dir='ltr'><strong>inter</strong></span> <span class='ocrx_word' id='word_1_570' title='bbox 397 1897 497 1926; x_wconf 79' lang='lat' dir='ltr'><strong>cretera,</strong></span> <span class='ocrx_word' id='word_1_571' title='bbox 522 1898 545 1919; x_wconf 86' lang='lat' dir='ltr'><strong>et</strong></span> <span class='ocrx_word' id='word_1_572' title='bbox 568 1894 729 1929; x_wconf 82' lang='lat' dir='ltr'><strong>prop/tatam,</strong></span> <span class='ocrx_word' id='word_1_573' title='bbox 749 1900 772 1921; x_wconf 86' lang='lat' dir='ltr'><strong>et</strong></span> <span class='ocrx_word' id='word_1_574' title='bbox 799 1895 937 1931; x_wconf 81' lang='lat' dir='ltr'><strong>sapientem</strong></span> 
     </span>
    </p>
   </div>
   <div class='ocr_carea' id='block_1_70' title="bbox 135 1938 938 1976">
    <p class='ocr_par' dir='ltr' id='par_1_70' title="bbox 135 1938 938 1976">
     <span class='ocr_line' id='line_1_70' title="bbox 135 1938 938 1976; baseline 0.007 -13"><span class='ocrx_word' id='word_1_575' title='bbox 135 1938 324 1971; x_wconf 77' lang='lat' dir='ltr'><strong>architectum,-</strong></span> <span class='ocrx_word' id='word_1_576' title='bbox 337 1938 465 1973; x_wconf 89' lang='lat' dir='ltr'><strong>Spiritum</strong></span> <span class='ocrx_word' id='word_1_577' title='bbox 482 1940 583 1966; x_wconf 86' lang='lat' dir='ltr'><strong>scilicet</strong></span> <span class='ocrx_word' id='word_1_578' title='bbox 603 1940 741 1973; x_wconf 85' lang='lat' dir='ltr'><strong>Sanctum,</strong></span> <span class='ocrx_word' id='word_1_579' title='bbox 763 1941 808 1976; x_wconf 91' lang='lat' dir='ltr'><strong>qui</strong></span> <span class='ocrx_word' id='word_1_580' title='bbox 823 1941 938 1969; x_wconf 80' lang='lat' dir='ltr'><strong>:edilicat</strong></span> 
     </span>
    </p>
   </div>
   <div class='ocr_carea' id='block_1_71' title="bbox 135 1981 936 2019">
    <p class='ocr_par' dir='ltr' id='par_1_71' title="bbox 135 1981 936 2019">
     <span class='ocr_line' id='line_1_71' title="bbox 135 1981 936 2019; baseline 0.006 -9"><span class='ocrx_word' id='word_1_581' title='bbox 135 1981 296 2017; x_wconf 82' lang='lat' dir='ltr'><strong>Ecclesium,</strong></span> <span class='ocrx_word' id='word_1_582' title='bbox 314 1985 441 2019; x_wconf 92' lang='lat' dir='ltr'><strong>templum</strong></span> <span class='ocrx_word' id='word_1_583' title='bbox 461 1985 564 2013; x_wconf 84' lang='lat' dir='ltr'><strong>scilicet</strong></span> <span class='ocrx_word' id='word_1_584' title='bbox 577 1990 604 2013; x_wconf 90' lang='lat' dir='ltr'><strong>et</strong></span> <span class='ocrx_word' id='word_1_585' title='bbox 622 1986 731 2013; x_wconf 88' lang='lat' dir='ltr'><strong>domum</strong></span> <span class='ocrx_word' id='word_1_586' title='bbox 755 1993 781 2014; x_wconf 88' lang='lat' dir='ltr'><strong>et</strong></span> <span class='ocrx_word' id='word_1_587' title='bbox 804 1988 936 2016; x_wconf 85' lang='lat' dir='ltr'><strong>civitatem</strong></span> 
     </span>
    </p>
   </div>
   <div class='ocr_carea' id='block_1_72' title="bbox 134 2028 938 2069">
    <p class='ocr_par' dir='ltr' id='par_1_72' title="bbox 134 2028 938 2069">
     <span class='ocr_line' id='line_1_72' title="bbox 134 2028 938 2069; baseline 0.007 -13"><span class='ocrx_word' id='word_1_588' title='bbox 134 2028 179 2056; x_wconf 86' lang='lat' dir='ltr'><strong>Dei</strong></span> <span class='ocrx_word' id='word_1_589' title='bbox 195 2040 202 2058; x_wconf 88' lang='lat'><strong>:</strong></span> <span class='ocrx_word' id='word_1_590' title='bbox 217 2039 281 2058; x_wconf 89' lang='lat' dir='ltr'><strong>nam</strong></span> <span class='ocrx_word' id='word_1_591' title='bbox 297 2031 394 2058; x_wconf 80' lang='lat' dir='ltr'><strong>exinde</strong></span> <span class='ocrx_word' id='word_1_592' title='bbox 410 2031 479 2066; x_wconf 88' lang='lat' dir='ltr'><strong>apud</strong></span> <span class='ocrx_word' id='word_1_593' title='bbox 506 2032 565 2059; x_wconf 91' lang='lat' dir='ltr'><strong>illos</strong></span> <span class='ocrx_word' id='word_1_594' title='bbox 590 2032 691 2060; x_wconf 87' lang='lat' dir='ltr'><strong>destitit</strong></span> <span class='ocrx_word' id='word_1_595' title='bbox 715 2033 761 2061; x_wconf 81' lang='lat' dir='ltr'><strong>Dei</strong></span> <span class='ocrx_word' id='word_1_596' title='bbox 785 2035 879 2069; x_wconf 76' lang='lat' dir='ltr'><strong>gratia.</strong></span> <span class='ocrx_word' id='word_1_597' title='bbox 903 2035 938 2062; x_wconf 86' lang='lat' dir='ltr'><strong>Et</strong></span> 
     </span>
    </p>
   </div>
   <div class='ocr_carea' id='block_1_73' title="bbox 134 2074 938 2114">
    <p class='ocr_par' dir='ltr' id='par_1_73' title="bbox 134 2074 938 2114">
     <span class='ocr_line' id='line_1_73' title="bbox 134 2074 938 2114; baseline 0.007 -12"><span class='ocrx_word' id='word_1_598' title='bbox 134 2074 196 2110; x_wconf 68' lang='lat'><strong>(13.,</strong></span> <span class='ocrx_word' id='word_1_599' title='bbox 216 2077 247 2109; x_wconf 89' lang='lat' dir='ltr'><strong>V,</strong></span> <span class='ocrx_word' id='word_1_600' title='bbox 265 2077 294 2111; x_wconf 83' lang='lat'><strong>6)</strong></span> <span class='ocrx_word' id='word_1_601' title='bbox 308 2077 455 2105; x_wconf 83' lang='lat' dir='ltr'><strong>mandatam</strong></span> <span class='ocrx_word' id='word_1_602' title='bbox 467 2084 503 2105; x_wconf 86' lang='lat' dir='ltr'><strong>est</strong></span> <span class='ocrx_word' id='word_1_603' title='bbox 520 2078 637 2110; x_wconf 86' lang='lat' dir='ltr'><strong>nubibus,</strong></span> <span class='ocrx_word' id='word_1_604' title='bbox 654 2087 684 2105; x_wconf 78' lang='lat' dir='ltr'><strong>ne</strong></span> <span class='ocrx_word' id='word_1_605' title='bbox 705 2080 819 2114; x_wconf 73' lang='lat' dir='ltr'><strong>plucrent</strong></span> <span class='ocrx_word' id='word_1_606' title='bbox 834 2081 938 2108; x_wconf 80' lang='lat' dir='ltr'><strong>imbrem</strong></span> 
     </span>
    </p>
   </div>
   <div class='ocr_carea' id='block_1_74' title="bbox 133 2123 934 2160">
    <p class='ocr_par' dir='ltr' id='par_1_74' title="bbox 133 2123 934 2160">
     <span class='ocr_line' id='line_1_74' title="bbox 133 2123 934 2160; baseline 0.007 -12"><span class='ocrx_word' id='word_1_607' title='bbox 133 2130 206 2158; x_wconf 72' lang='lat' dir='ltr'><strong>super</strong></span> <span class='ocrx_word' id='word_1_608' title='bbox 229 2124 333 2151; x_wconf 71' lang='lat' dir='ltr'><strong>vineam</strong></span> <span class='ocrx_word' id='word_1_609' title='bbox 349 2123 464 2156; x_wconf 84' lang='lat' dir='ltr'><strong>Soreclt;</strong></span> <span class='ocrx_word' id='word_1_610' title='bbox 479 2123 505 2151; x_wconf 87' lang='lat' dir='ltr'><strong>id</strong></span> <span class='ocrx_word' id='word_1_611' title='bbox 530 2129 582 2154; x_wconf 68' lang='lat' dir='ltr'><strong>est,</strong></span> <span class='ocrx_word' id='word_1_612' title='bbox 605 2124 761 2152; x_wconf 62' lang='lat' dir='ltr'><strong>caalestihus</strong></span> <span class='ocrx_word' id='word_1_613' title='bbox 775 2125 934 2160; x_wconf 87' lang='lat' dir='ltr'><strong>_beneiiciis,</strong></span> 
     </span>
    </p>
   </div>
   <div class='ocr_carea' id='block_1_75' title="bbox 134 2169 937 2208">
    <p class='ocr_par' dir='ltr' id='par_1_75' title="bbox 134 2169 937 2208">
     <span class='ocr_line' id='line_1_75' title="bbox 134 2169 937 2208; baseline 0.004 -13"><span class='ocrx_word' id='word_1_614' title='bbox 134 2174 166 2195; x_wconf 87' lang='lat' dir='ltr'><strong>ne</strong></span> <span class='ocrx_word' id='word_1_615' title='bbox 185 2169 365 2204; x_wconf 84' lang='lat' dir='ltr'><strong>provenirent</strong></span> <span class='ocrx_word' id='word_1_616' title='bbox 392 2169 482 2197; x_wconf 89' lang='lat' dir='ltr'><strong>domui</strong></span> <span class='ocrx_word' id='word_1_617' title='bbox 505 2169 627 2198; x_wconf 88' lang='lat' dir='ltr'><strong>Israelis.</strong></span> <span class='ocrx_word' id='word_1_618' title='bbox 651 2169 764 2198; x_wconf 87' lang='lat' dir='ltr'><strong>Fecerat</strong></span> <span class='ocrx_word' id='word_1_619' title='bbox 786 2172 857 2198; x_wconf 90' lang='lat' dir='ltr'><strong>enim</strong></span> <span class='ocrx_word' id='word_1_620' title='bbox 883 2173 937 2208; x_wconf 70' lang='lat' dir='ltr'><strong>spi-</strong></span> 
     </span>
    </p>
   </div>
   <div class='ocr_carea' id='block_1_76' title="bbox 990 1613 1790 1650">
    <p class='ocr_par' dir='ltr' id='par_1_76' title="bbox 990 1613 1790 1650">
     <span class='ocr_line' id='line_1_76' title="bbox 990 1613 1790 1650; baseline 0 -8"><span class='ocrx_word' id='word_1_621' title='bbox 990 1619 1045 1642; x_wconf 88' lang='lat' dir='ltr'><strong>tum</strong></span> <span class='ocrx_word' id='word_1_622' title='bbox 1057 1622 1118 1641; x_wconf 87' lang='lat' dir='ltr'><strong>eum</strong></span> <span class='ocrx_word' id='word_1_623' title='bbox 1131 1618 1368 1641; x_wconf 82' lang='lat' dir='ltr'><strong>asseveraveram:</strong></span> <span class='ocrx_word' id='word_1_624' title='bbox 1382 1618 1405 1639; x_wconf 80' lang='lat' dir='ltr'><strong>et</strong></span> <span class='ocrx_word' id='word_1_625' title='bbox 1419 1613 1557 1648; x_wconf 74' lang='lat' dir='ltr'><strong>locupletes</strong></span> <span class='ocrx_word' id='word_1_626' title='bbox 1568 1622 1614 1648; x_wconf 86' lang='lat' dir='ltr'><strong>pro</strong></span> <span class='ocrx_word' id='word_1_627' title='bbox 1628 1620 1706 1642; x_wconf 88' lang='lat' dir='ltr'><strong>morte</strong></span> <span class='ocrx_word' id='word_1_628' title='bbox 1715 1616 1790 1650; x_wconf 71' lang='lat' dir='ltr'><strong>ejus;</strong></span> 
     </span>
    </p>
   </div>
   <div class='ocr_carea' id='block_1_77' title="bbox 989 1658 1789 1697">
    <p class='ocr_par' dir='ltr' id='par_1_77' title="bbox 989 1658 1789 1697">
     <span class='ocr_line' id='line_1_77' title="bbox 989 1658 1789 1697; baseline 0.003 -9"><span class='ocrx_word' id='word_1_629' title='bbox 989 1662 1032 1697; x_wconf 89' lang='lat' dir='ltr'><strong>qui</strong></span> <span class='ocrx_word' id='word_1_630' title='bbox 1048 1661 1151 1689; x_wconf 86' lang='lat' dir='ltr'><strong>scilicet</strong></span> <span class='ocrx_word' id='word_1_631' title='bbox 1162 1664 1197 1694; x_wconf 44' lang='lat' dir='ltr'><strong>let</strong></span> <span class='ocrx_word' id='word_1_632' title='bbox 1219 1668 1234 1687; x_wconf 85' lang='lat' dir='ltr'><strong>a</strong></span> <span class='ocrx_word' id='word_1_633' title='bbox 1258 1660 1325 1687; x_wconf 74' lang='lat' dir='ltr'><strong>Iuda</strong></span> <span class='ocrx_word' id='word_1_634' title='bbox 1339 1658 1508 1687; x_wconf 82' lang='lat' dir='ltr'><strong>traditionem</strong></span> <span class='ocrx_word' id='word_1_635' title='bbox 1528 1661 1708 1693; x_wconf 82' lang='lat' dir='ltr'><strong>redemerunt.</strong></span> <span class='ocrx_word' id='word_1_636' title='bbox 1730 1667 1758 1689; x_wconf 86' lang='lat' dir='ltr'><strong>et</strong></span> <span class='ocrx_word' id='word_1_637' title='bbox 1773 1671 1789 1690; x_wconf 70' lang='grc' dir='ltr'><strong>ιι</strong></span> 
     </span>
    </p>
   </div>
   <div class='ocr_carea' id='block_1_78' title="bbox 989 1706 1792 1744">
    <p class='ocr_par' dir='ltr' id='par_1_78' title="bbox 989 1706 1792 1744">
     <span class='ocr_line' id='line_1_78' title="bbox 989 1706 1792 1744; baseline 0.001 -9"><span class='ocrx_word' id='word_1_638' title='bbox 989 1708 1117 1735; x_wconf 87' lang='lat' dir='ltr'><strong>militibus</strong></span> <span class='ocrx_word' id='word_1_639' title='bbox 1131 1707 1226 1733; x_wconf 79' lang='lat' dir='ltr'><strong>falsum</strong></span> <span class='ocrx_word' id='word_1_640' title='bbox 1243 1706 1424 1733; x_wconf 90' lang='lat' dir='ltr'><strong>testimonium</strong></span> <span class='ocrx_word' id='word_1_641' title='bbox 1438 1706 1576 1733; x_wconf 89' lang='lat' dir='ltr'><strong>cadaveris</strong></span> <span class='ocrx_word' id='word_1_642' title='bbox 1593 1708 1723 1742; x_wconf 84' lang='lat' dir='ltr'><strong>subrepti.</strong></span> <span class='ocrx_word' id='word_1_643' title='bbox 1740 1709 1792 1744; x_wconf 78' lang='lat' dir='ltr'><strong>lgi-</strong></span> 
     </span>
    </p>
   </div>
   <div class='ocr_carea' id='block_1_79' title="bbox 990 1752 1789 1789">
    <p class='ocr_par' dir='ltr' id='par_1_79' title="bbox 990 1752 1789 1789">
     <span class='ocr_line' id='line_1_79' title="bbox 990 1752 1789 1789; baseline 0.003 -8"><span class='ocrx_word' id='word_1_644' title='bbox 990 1759 1042 1786; x_wconf 93' lang='lat' dir='ltr'><strong>tnr,</strong></span> <span class='ocrx_word' id='word_1_645' title='bbox 1066 1758 1113 1781; x_wconf 88' lang='lat' dir='ltr'><strong>aut</strong></span> <span class='ocrx_word' id='word_1_646' title='bbox 1134 1760 1187 1780; x_wconf 92' lang='lat' dir='ltr'><strong>non</strong></span> <span class='ocrx_word' id='word_1_647' title='bbox 1204 1757 1312 1787; x_wconf 77' lang='lat' dir='ltr'><strong>propter</strong></span> <span class='ocrx_word' id='word_1_648' title='bbox 1327 1752 1400 1779; x_wconf 91' lang='lat' dir='ltr'><strong>illum</strong></span> <span class='ocrx_word' id='word_1_649' title='bbox 1421 1752 1576 1780; x_wconf 85' lang='lat' dir='ltr'><strong>acciderunt</strong></span> <span class='ocrx_word' id='word_1_650' title='bbox 1601 1753 1650 1780; x_wconf 84' lang='lat' dir='ltr'><strong>ista</strong></span> <span class='ocrx_word' id='word_1_651' title='bbox 1670 1754 1789 1789; x_wconf 71' lang='lat' dir='ltr'><strong>Iuda-is;</strong></span> 
     </span>
    </p>
   </div>
   <div class='ocr_carea' id='block_1_80' title="bbox 989 1797 1790 1835">
    <p class='ocr_par' dir='ltr' id='par_1_80' title="bbox 989 1797 1790 1835">
     <span class='ocr_line' id='line_1_80' title="bbox 989 1797 1790 1835; baseline 0 -7"><span class='ocrx_word' id='word_1_652' title='bbox 989 1800 1036 1828; x_wconf 86' lang='lat' dir='ltr'><strong>sed</strong></span> <span class='ocrx_word' id='word_1_653' title='bbox 1059 1799 1203 1827; x_wconf 75' lang='lat' dir='ltr'><strong>revinceris</strong></span> <span class='ocrx_word' id='word_1_654' title='bbox 1228 1799 1401 1833; x_wconf 69' lang='lat' dir='ltr'><strong>conspirante</strong></span> <span class='ocrx_word' id='word_1_655' title='bbox 1420 1797 1479 1834; x_wconf 85' lang='grc'>(15)</span> <span class='ocrx_word' id='word_1_656' title='bbox 1494 1806 1575 1827; x_wconf 92' lang='lat' dir='ltr'><strong>sensu</strong></span> <span class='ocrx_word' id='word_1_657' title='bbox 1590 1800 1790 1835; x_wconf 82' lang='lat' dir='ltr'><strong>Seriptnrarum</strong></span> 
     </span>
    </p>
   </div>
   <div class='ocr_carea' id='block_1_81' title="bbox 990 1841 1792 1884">
    <p class='ocr_par' dir='ltr' id='par_1_81' title="bbox 990 1841 1792 1884">
     <span class='ocr_line' id='line_1_81' title="bbox 990 1841 1792 1884; baseline -0.002 -9"><span class='ocrx_word' id='word_1_658' title='bbox 990 1856 1049 1876; x_wconf 91' lang='lat' dir='ltr'><strong>cum</strong></span> <span class='ocrx_word' id='word_1_659' title='bbox 1074 1847 1144 1875; x_wconf 76' lang='lat' dir='ltr'><strong>exitu</strong></span> <span class='ocrx_word' id='word_1_660' title='bbox 1164 1854 1252 1873; x_wconf 88' lang='lat' dir='ltr'><strong>rertttn</strong></span> <span class='ocrx_word' id='word_1_661' title='bbox 1280 1850 1307 1873; x_wconf 91' lang='lat' dir='ltr'><strong>et</strong></span> <span class='ocrx_word' id='word_1_662' title='bbox 1321 1845 1415 1873; x_wconf 88' lang='lat' dir='ltr'><strong>ordine</strong></span> <span class='ocrx_word' id='word_1_663' title='bbox 1432 1841 1580 1880; x_wconf 86' lang='lat' dir='ltr'><strong>temporum</strong></span> <span class='ocrx_word' id='word_1_664' title='bbox 1596 1852 1661 1879; x_wconf 82' lang='lat' dir='ltr'><strong>;aut</strong></span> <span class='ocrx_word' id='word_1_665' title='bbox 1674 1848 1695 1875; x_wconf 88' lang='lat' dir='ltr'><strong>si</strong></span> <span class='ocrx_word' id='word_1_666' title='bbox 1712 1856 1792 1884; x_wconf 82' lang='lat' dir='ltr'><strong>prop-</strong></span> 
     </span>
    </p>
   </div>
   <div class='ocr_carea' id='block_1_82' title="bbox 991 1891 1792 1927">
    <p class='ocr_par' dir='ltr' id='par_1_82' title="bbox 991 1891 1792 1927">
     <span class='ocr_line' id='line_1_82' title="bbox 991 1891 1792 1927; baseline 0.001 -6"><span class='ocrx_word' id='word_1_667' title='bbox 991 1899 1031 1921; x_wconf 87' lang='lat' dir='ltr'><strong>ter</strong></span> <span class='ocrx_word' id='word_1_668' title='bbox 1045 1894 1117 1920; x_wconf 91' lang='lat' dir='ltr'><strong>illum</strong></span> <span class='ocrx_word' id='word_1_669' title='bbox 1131 1893 1298 1924; x_wconf 87' lang='lat' dir='ltr'><strong>acciderunt,</strong></span> <span class='ocrx_word' id='word_1_670' title='bbox 1316 1899 1367 1918; x_wconf 93' lang='lat' dir='ltr'><strong>non</strong></span> <span class='ocrx_word' id='word_1_671' title='bbox 1384 1892 1469 1925; x_wconf 86' lang='lat' dir='ltr'><strong>potuit</strong></span> <span class='ocrx_word' id='word_1_672' title='bbox 1482 1891 1596 1919; x_wconf 85' lang='lat' dir='ltr'><strong>Creator</strong></span> <span class='ocrx_word' id='word_1_673' title='bbox 1610 1894 1714 1927; x_wconf 73' lang='lat' dir='ltr'><strong>ulcisci,</strong></span> <span class='ocrx_word' id='word_1_674' title='bbox 1738 1895 1792 1922; x_wconf 91' lang='lat' dir='ltr'><strong>nisi</strong></span> 
     </span>
    </p>
   </div>
   <div class='ocr_carea' id='block_1_83' title="bbox 991 1938 1790 1972">
    <p class='ocr_par' dir='ltr' id='par_1_83' title="bbox 991 1938 1790 1972">
     <span class='ocr_line' id='line_1_83' title="bbox 991 1938 1790 1972; baseline 0.003 -6"><span class='ocrx_word' id='word_1_675' title='bbox 991 1947 1067 1966; x_wconf 88' lang='lat' dir='ltr'><strong>smnn</strong></span> <span class='ocrx_word' id='word_1_676' title='bbox 1082 1939 1228 1971; x_wconf 68' lang='lat' dir='ltr'><strong>(Ilii-istum,</strong></span> <span class='ocrx_word' id='word_1_677' title='bbox 1244 1943 1463 1965; x_wconf 85' lang='lat' dir='ltr'><strong>remuneratnrus</strong></span> <span class='ocrx_word' id='word_1_678' title='bbox 1477 1938 1566 1972; x_wconf 88' lang='lat' dir='ltr'><strong>potius</strong></span> <span class='ocrx_word' id='word_1_679' title='bbox 1578 1938 1687 1972; x_wconf 87' lang='lat' dir='ltr'><strong>Judam,</strong></span> <span class='ocrx_word' id='word_1_680' title='bbox 1702 1941 1724 1967; x_wconf 89' lang='lat' dir='ltr'><strong>si</strong></span> <span class='ocrx_word' id='word_1_681' title='bbox 1740 1941 1790 1968; x_wconf 86' lang='lat' dir='ltr'><strong>ad-</strong></span> 
     </span>
    </p>
   </div>
   <div class='ocr_carea' id='block_1_84' title="bbox 992 1982 1791 2018">
    <p class='ocr_par' dir='ltr' id='par_1_84' title="bbox 992 1982 1791 2018">
     <span class='ocr_line' id='line_1_84' title="bbox 992 1982 1791 2018; baseline 0.001 -6"><span class='ocrx_word' id='word_1_682' title='bbox 992 1985 1140 2012; x_wconf 78' lang='lat' dir='ltr'><strong>versarium</strong></span> <span class='ocrx_word' id='word_1_683' title='bbox 1163 1983 1266 2010; x_wconf 84' lang='lat' dir='ltr'><strong>Domini</strong></span> <span class='ocrx_word' id='word_1_684' title='bbox 1280 1984 1319 2009; x_wconf 88' lang='lat' dir='ltr'><strong>sui</strong></span> <span class='ocrx_word' id='word_1_685' title='bbox 1333 1982 1520 2018; x_wconf 59' lang='lat' dir='ltr'><strong>pet-emissent.</strong></span> <span class='ocrx_word' id='word_1_686' title='bbox 1536 1982 1615 2011; x_wconf 85' lang='lat' dir='ltr'><strong>Certe</strong></span> <span class='ocrx_word' id='word_1_687' title='bbox 1627 1985 1650 2011; x_wconf 90' lang='lat' dir='ltr'><strong>si</strong></span> <span class='ocrx_word' id='word_1_688' title='bbox 1669 1986 1791 2015; x_wconf 89' lang='lat' dir='ltr'><strong>nondum</strong></span> 
     </span>
    </p>
   </div>
   <div class='ocr_carea' id='block_1_85' title="bbox 990 2029 1791 2066">
    <p class='ocr_par' dir='ltr' id='par_1_85' title="bbox 990 2029 1791 2066">
     <span class='ocr_line' id='line_1_85' title="bbox 990 2029 1791 2066; baseline 0 -7"><span class='ocrx_word' id='word_1_689' title='bbox 990 2032 1063 2059; x_wconf 84' lang='lat' dir='ltr'><strong>venit</strong></span> <span class='ocrx_word' id='word_1_690' title='bbox 1076 2030 1196 2058; x_wconf 82' lang='lat' dir='ltr'><strong>Christus</strong></span> <span class='ocrx_word' id='word_1_691' title='bbox 1212 2029 1348 2056; x_wconf 84' lang='lat' dir='ltr'><strong>Creatoris</strong></span> <span class='ocrx_word' id='word_1_692' title='bbox 1360 2050 1368 2062; x_wconf 92' lang='lat'><strong>,</strong></span> <span class='ocrx_word' id='word_1_693' title='bbox 1395 2033 1502 2063; x_wconf 86' lang='lat' dir='ltr'><strong>propter</strong></span> <span class='ocrx_word' id='word_1_694' title='bbox 1512 2037 1592 2064; x_wconf 89' lang='lat' dir='ltr'><strong>quem</strong></span> <span class='ocrx_word' id='word_1_695' title='bbox 1614 2029 1671 2058; x_wconf 61' lang='lat' dir='ltr'><strong>huic</strong></span> <span class='ocrx_word' id='word_1_696' title='bbox 1685 2032 1791 2066; x_wconf 77' lang='lat' dir='ltr'><strong>passuri</strong></span> 
     </span>
    </p>
   </div>
   <div class='ocr_carea' id='block_1_86' title="bbox 992 2075 1793 2113">
    <p class='ocr_par' dir='ltr' id='par_1_86' title="bbox 992 2075 1793 2113">
     <span class='ocr_line' id='line_1_86' title="bbox 992 2075 1793 2113; baseline 0.004 -10"><span class='ocrx_word' id='word_1_697' title='bbox 992 2077 1170 2113; x_wconf 69' lang='grc' dir='ltr'>ιιιίυιιὶειιιιιυι·</span> <span class='ocrx_word' id='word_1_698' title='bbox 1189 2097 1195 2108; x_wconf 86' lang='grc'><strong><em>,</em></strong></span> <span class='ocrx_word' id='word_1_699' title='bbox 1218 2084 1278 2102; x_wconf 91' lang='lat' dir='ltr'><strong>enm</strong></span> <span class='ocrx_word' id='word_1_700' title='bbox 1301 2075 1405 2103; x_wconf 87' lang='lat' dir='ltr'><strong>venerit</strong></span> <span class='ocrx_word' id='word_1_701' title='bbox 1427 2084 1502 2111; x_wconf 79' lang='lat' dir='ltr'><strong>ergo,</strong></span> <span class='ocrx_word' id='word_1_702' title='bbox 1521 2077 1664 2112; x_wconf 87' lang='lat' dir='ltr'><strong>patientur.</strong></span> <span class='ocrx_word' id='word_1_703' title='bbox 1692 2078 1726 2105; x_wconf 82' lang='lat' dir='ltr'><strong>Et</strong></span> <span class='ocrx_word' id='word_1_704' title='bbox 1746 2078 1793 2108; x_wconf 83' lang='lat' dir='ltr'><strong>ubi</strong></span> 
     </span>
    </p>
   </div>
   <div class='ocr_carea' id='block_1_87' title="bbox 992 2122 1791 2157">
    <p class='ocr_par' dir='ltr' id='par_1_87' title="bbox 992 2122 1791 2157">
     <span class='ocr_line' id='line_1_87' title="bbox 992 2122 1791 2157; baseline 0.001 -5"><span class='ocrx_word' id='word_1_705' title='bbox 992 2130 1055 2152; x_wconf 78' lang='lat' dir='ltr'><strong>utne</strong></span> <span class='ocrx_word' id='word_1_706' title='bbox 1080 2124 1133 2151; x_wconf 87' lang='lat' dir='ltr'><strong>lilia</strong></span> <span class='ocrx_word' id='word_1_707' title='bbox 1149 2123 1213 2151; x_wconf 85' lang='lat' dir='ltr'><strong>Sion</strong></span> <span class='ocrx_word' id='word_1_708' title='bbox 1228 2122 1447 2157; x_wconf 86' lang='lat' dir='ltr'><strong>derelinquenda,</strong></span> <span class='ocrx_word' id='word_1_709' title='bbox 1460 2130 1519 2157; x_wconf 71' lang='lat' dir='ltr'><strong>qua:</strong></span> <span class='ocrx_word' id='word_1_710' title='bbox 1533 2124 1603 2150; x_wconf 88' lang='lat' dir='ltr'><strong>nulla</strong></span> <span class='ocrx_word' id='word_1_711' title='bbox 1624 2123 1703 2152; x_wconf 88' lang='lat' dir='ltr'><strong>hodie</strong></span> <span class='ocrx_word' id='word_1_712' title='bbox 1724 2130 1766 2152; x_wconf 66' lang='lat' dir='ltr'><strong>est</strong></span> <span class='ocrx_word' id='word_1_713' title='bbox 1778 2126 1791 2153; x_wconf 79' lang='lat' dir='ltr'><strong>‘l</strong></span> 
     </span>
    </p>
   </div>
   <div class='ocr_carea' id='block_1_88' title="bbox 992 2169 1792 2205">
    <p class='ocr_par' dir='ltr' id='par_1_88' title="bbox 992 2169 1792 2205">
     <span class='ocr_line' id='line_1_88' title="bbox 992 2169 1792 2205; baseline 0.001 -6"><span class='ocrx_word' id='word_1_714' title='bbox 992 2172 1035 2199; x_wconf 92' lang='lat' dir='ltr'><strong>ubi</strong></span> <span class='ocrx_word' id='word_1_715' title='bbox 1052 2171 1173 2198; x_wconf 88' lang='lat' dir='ltr'><strong>civitates</strong></span> <span class='ocrx_word' id='word_1_716' title='bbox 1187 2169 1342 2203; x_wconf 73' lang='lat' dir='ltr'><strong>exnreudze,</strong></span> <span class='ocrx_word' id='word_1_717' title='bbox 1357 2177 1417 2204; x_wconf 68' lang='lat' dir='ltr'><strong>quae</strong></span> <span class='ocrx_word' id='word_1_718' title='bbox 1429 2169 1482 2205; x_wconf 85' lang='lat' dir='ltr'><strong>jam</strong></span> <span class='ocrx_word' id='word_1_719' title='bbox 1498 2170 1523 2197; x_wconf 95' lang='lat' dir='ltr'><strong>in</strong></span> <span class='ocrx_word' id='word_1_720' title='bbox 1540 2171 1666 2198; x_wconf 84' lang='lat' dir='ltr'><strong>tumulis?</strong></span> <span class='ocrx_word' id='word_1_721' title='bbox 1680 2172 1722 2199; x_wconf 85' lang='lat' dir='ltr'><strong>tibi</strong></span> <span class='ocrx_word' id='word_1_722' title='bbox 1735 2172 1792 2200; x_wconf 81' lang='lat' dir='ltr'><strong>dis-</strong></span> 
     </span>
    </p>
   </div>
   <div class='ocr_carea' id='block_1_89' title="bbox 756 2227 1166 2259">
    <p class='ocr_par' dir='ltr' id='par_1_89' title="bbox 756 2227 1166 2259">
     <span class='ocr_line' id='line_1_89' title="bbox 756 2227 1166 2259; baseline 0 -4"><span class='ocrx_word' id='word_1_723' title='bbox 756 2227 942 2259; x_wconf 82' lang='lat' dir='ltr'><strong>LECTIONES</strong></span> <span class='ocrx_word' id='word_1_724' title='bbox 964 2228 1166 2259; x_wconf 63' lang='lat' dir='ltr'><strong>VARIANTES.</strong></span> 
     </span>
    </p>
   </div>
   <div class='ocr_carea' id='block_1_90' title="bbox 177 2280 408 2308">
    <p class='ocr_par' dir='ltr' id='par_1_90' title="bbox 177 2280 408 2308">
     <span class='ocr_line' id='line_1_90' title="bbox 177 2280 408 2308; baseline 0 -2"><span class='ocrx_word' id='word_1_725' title='bbox 177 2282 200 2308; x_wconf 85' lang='lat'><strong>1)</strong></span> <span class='ocrx_word' id='word_1_726' title='bbox 214 2281 244 2308; x_wconf 82' lang='lat' dir='ltr'><strong>1n</strong></span> <span class='ocrx_word' id='word_1_727' title='bbox 256 2282 319 2307; x_wconf 79' lang='lat' dir='ltr'><strong>add.</strong></span> <span class='ocrx_word' id='word_1_728' title='bbox 332 2280 408 2307; x_wconf 78' lang='lat' dir='ltr'><strong>Seml.</strong></span> 
     </span>
    </p>
   </div>
   <div class='ocr_carea' id='block_1_91' title="bbox 173 2313 499 2340">
    <p class='ocr_par' dir='ltr' id='par_1_91' title="bbox 173 2313 499 2340">
     <span class='ocr_line' id='line_1_91' title="bbox 173 2313 499 2340; baseline 0.009 -3"><span class='ocrx_word' id='word_1_729' title='bbox 173 2313 198 2340; x_wconf 79' lang='grc'>2)</span> <span class='ocrx_word' id='word_1_730' title='bbox 211 2314 298 2339; x_wconf 68' lang='lat' dir='ltr'><strong>Porta:</strong></span> <span class='ocrx_word' id='word_1_731' title='bbox 309 2315 414 2339; x_wconf 84' lang='lat' dir='ltr'><strong>mediam</strong></span> <span class='ocrx_word' id='word_1_732' title='bbox 426 2318 499 2340; x_wconf 80' lang='lat' dir='ltr'><strong>Fran.</strong></span> 
     </span>
    </p>
   </div>
   <div class='ocr_carea' id='block_1_92' title="bbox 173 2343 380 2376">
    <p class='ocr_par' dir='ltr' id='par_1_92' title="bbox 173 2343 380 2376">
     <span class='ocr_line' id='line_1_92' title="bbox 173 2343 380 2376; baseline -0.005 -6"><span class='ocrx_word' id='word_1_733' title='bbox 173 2343 199 2376; x_wconf 67' lang='grc'>5)</span> <span class='ocrx_word' id='word_1_734' title='bbox 211 2345 291 2376; x_wconf 75' lang='lat' dir='ltr'><strong>Signa</strong></span> <span class='ocrx_word' id='word_1_735' title='bbox 303 2344 380 2370; x_wconf 82' lang='lat' dir='ltr'><strong>Seml.</strong></span> 
     </span>
    </p>
   </div>
   <div class='ocr_carea' id='block_1_93' title="bbox 175 2375 419 2401">
    <p class='ocr_par' dir='ltr' id='par_1_93' title="bbox 175 2375 419 2401">
     <span class='ocr_line' id='line_1_93' title="bbox 175 2375 419 2401; baseline 0.004 -2"><span class='ocrx_word' id='word_1_736' title='bbox 175 2375 199 2401; x_wconf 69' lang='lat'><strong>1)</strong></span> <span class='ocrx_word' id='word_1_737' title='bbox 212 2375 336 2401; x_wconf 30' lang='lat' dir='ltr'><strong>Et’omitt.</strong></span> <span class='ocrx_word' id='word_1_738' title='bbox 345 2376 419 2401; x_wconf 86' lang='lat' dir='ltr'><strong>Seml.</strong></span> 
     </span>
    </p>
   </div>
   <div class='ocr_carea' id='block_1_94' title="bbox 211 2405 361 2432">
    <p class='ocr_par' dir='ltr' id='par_1_94' title="bbox 211 2405 361 2432">
     <span class='ocr_line' id='line_1_94' title="bbox 211 2405 361 2432; baseline -0.007 0"><span class='ocrx_word' id='word_1_739' title='bbox 211 2407 317 2432; x_wconf 78' lang='lat' dir='ltr'><strong>Nocivis</strong></span> <span class='ocrx_word' id='word_1_740' title='bbox 326 2405 361 2432; x_wconf 92' lang='lat' dir='ltr'><strong>al.</strong></span> 
     </span>
    </p>
   </div>
   <div class='ocr_carea' id='block_1_95' title="bbox 212 2437 509 2470">
    <p class='ocr_par' dir='ltr' id='par_1_95' title="bbox 212 2437 509 2470">
     <span class='ocr_line' id='line_1_95' title="bbox 212 2437 509 2470; baseline 0.007 -8"><span class='ocrx_word' id='word_1_741' title='bbox 212 2438 365 2470; x_wconf 69' lang='lat' dir='ltr'><strong>Extruserat</strong></span> <span class='ocrx_word' id='word_1_742' title='bbox 373 2437 437 2470; x_wconf 82' lang='lat' dir='ltr'><strong>coni.</strong></span> <span class='ocrx_word' id='word_1_743' title='bbox 449 2439 509 2464; x_wconf 86' lang='lat' dir='ltr'><strong>Jun.</strong></span> 
     </span>
    </p>
   </div>
   <div class='ocr_carea' id='block_1_96' title="bbox 213 2469 937 2502">
    <p class='ocr_par' dir='ltr' id='par_1_96' title="bbox 213 2469 937 2502">
     <span class='ocr_line' id='line_1_96' title="bbox 213 2469 937 2502; baseline 0.003 -7"><span class='ocrx_word' id='word_1_744' title='bbox 213 2469 376 2495; x_wconf 82' lang='lat' dir='ltr'><strong>Charismatis</strong></span> <span class='ocrx_word' id='word_1_745' title='bbox 394 2470 516 2502; x_wconf 88' lang='lat' dir='ltr'><strong>prioribus</strong></span> <span class='ocrx_word' id='word_1_746' title='bbox 533 2469 586 2502; x_wconf 88' lang='lat' dir='ltr'><strong>al.;</strong></span> <span class='ocrx_word' id='word_1_747' title='bbox 608 2471 779 2497; x_wconf 82' lang='lat' dir='ltr'><strong>charismatum</strong></span> <span class='ocrx_word' id='word_1_748' title='bbox 804 2473 937 2498; x_wconf 84' lang='lat' dir='ltr'><strong>rationibus</strong></span> 
     </span>
    </p>
   </div>
   <div class='ocr_carea' id='block_1_97' title="bbox 951 2283 1042 2315">
    <p class='ocr_par' dir='ltr' id='par_1_97' title="bbox 951 2283 1042 2315">
     <span class='ocr_line' id='line_1_97' title="bbox 951 2283 1042 2315; baseline -0.011 -5"><span class='ocrx_word' id='word_1_749' title='bbox 951 2285 978 2315; x_wconf 89' lang='lat' dir='ltr'><strong>D</strong></span> <span class='ocrx_word' id='word_1_750' title='bbox 990 2283 1042 2310; x_wconf 86' lang='lat' dir='ltr'><strong>alii.</strong></span> 
     </span>
    </p>
   </div>
   <div class='ocr_carea' id='block_1_98' title="bbox 1033 2313 1790 2380">
    <p class='ocr_par' dir='ltr' id='par_1_98' title="bbox 1033 2313 1790 2380">
     <span class='ocr_line' id='line_1_98' title="bbox 1033 2313 1190 2346; baseline -0.013 -5"><span class='ocrx_word' id='word_1_751' title='bbox 1033 2316 1058 2346; x_wconf 79' lang='grc'>8)</span> <span class='ocrx_word' id='word_1_752' title='bbox 1071 2315 1105 2340; x_wconf 87' lang='lat' dir='ltr'><strong>Ea</strong></span> <span class='ocrx_word' id='word_1_753' title='bbox 1115 2313 1190 2340; x_wconf 70' lang='lat' dir='ltr'><strong>Sami.</strong></span> 
     </span>
     <span class='ocr_line' id='line_1_99' title="bbox 1034 2345 1790 2380; baseline 0.009 -11"><span class='ocrx_word' id='word_1_754' title='bbox 1034 2349 1060 2380; x_wconf 69' lang='grc' dir='ltr'>ιι)</span> <span class='ocrx_word' id='word_1_755' title='bbox 1069 2348 1125 2380; x_wconf 76' lang='lat' dir='ltr'><strong>Cum</strong></span> <span class='ocrx_word' id='word_1_756' title='bbox 1137 2347 1303 2380; x_wconf 62' lang='lat' dir='ltr'><strong>[itl‘llllt‘llllnlll</strong></span> <span class='ocrx_word' id='word_1_757' title='bbox 1311 2346 1325 2369; x_wconf 90' lang='lat' dir='ltr'><strong>ii</strong></span> <span class='ocrx_word' id='word_1_758' title='bbox 1333 2345 1731 2380; x_wconf 69' lang='lat' dir='ltr'><strong>neglexissentltat.poenitentitc</strong></span> <span class='ocrx_word' id='word_1_759' title='bbox 1737 2350 1790 2377; x_wconf 83' lang='lat' dir='ltr'><strong>Lat.</strong></span> 
     </span>
    </p>
   </div>
   <div class='ocr_carea' id='block_1_99' title="bbox 1037 2376 1512 2409">
    <p class='ocr_par' dir='ltr' id='par_1_99' title="bbox 1037 2376 1512 2409">
     <span class='ocr_line' id='line_1_100' title="bbox 1037 2376 1512 2409; baseline 0 -6"><span class='ocrx_word' id='word_1_760' title='bbox 1037 2376 1073 2409; x_wconf 82' lang='lat' dir='ltr'><strong>t0)</strong></span> <span class='ocrx_word' id='word_1_761' title='bbox 1090 2379 1139 2407; x_wconf 59' lang='lat' dir='ltr'><strong>lgni</strong></span> <span class='ocrx_word' id='word_1_762' title='bbox 1151 2376 1225 2401; x_wconf 85' lang='lat' dir='ltr'><strong>omitt.</strong></span> <span class='ocrx_word' id='word_1_763' title='bbox 1236 2377 1311 2409; x_wconf 72' lang='lat' dir='ltr'><strong>tthen.</strong></span> <span class='ocrx_word' id='word_1_764' title='bbox 1326 2376 1402 2402; x_wconf 69' lang='lat' dir='ltr'><strong>Sunii.</strong></span> <span class='ocrx_word' id='word_1_765' title='bbox 1415 2377 1512 2403; x_wconf 85' lang='lat' dir='ltr'><strong>Obcrtlt.</strong></span> 
     </span>
    </p>
   </div>
   <div class='ocr_carea' id='block_1_100' title="bbox 1037 2407 1304 2440">
    <p class='ocr_par' dir='ltr' id='par_1_100' title="bbox 1037 2407 1304 2440">
     <span class='ocr_line' id='line_1_101' title="bbox 1037 2407 1304 2440; baseline -0.007 -6"><span class='ocrx_word' id='word_1_766' title='bbox 1037 2407 1072 2440; x_wconf 85' lang='lat' dir='ltr'><strong>II)</strong></span> <span class='ocrx_word' id='word_1_767' title='bbox 1087 2410 1128 2433; x_wconf 62' lang='lat' dir='ltr'><strong>12st</strong></span> <span class='ocrx_word' id='word_1_768' title='bbox 1139 2408 1213 2433; x_wconf 84' lang='lat' dir='ltr'><strong>outitt.</strong></span> <span class='ocrx_word' id='word_1_769' title='bbox 1228 2407 1304 2432; x_wconf 79' lang='lat' dir='ltr'><strong>Sentl.</strong></span> 
     </span>
    </p>
   </div>
   <div class='ocr_carea' id='block_1_101' title="bbox 1021 2441 1273 2473">
    <p class='ocr_par' dir='ltr' id='par_1_101' title="bbox 1021 2441 1273 2473">
     <span class='ocr_line' id='line_1_102' title="bbox 1021 2441 1273 2473; baseline -0.008 -7"><span class='ocrx_word' id='word_1_770' title='bbox 1021 2441 1071 2473; x_wconf 74' lang='lat'><strong>(12)</strong></span> <span class='ocrx_word' id='word_1_771' title='bbox 1084 2442 1113 2473; x_wconf 73' lang='lat' dir='ltr'><strong>lit</strong></span> <span class='ocrx_word' id='word_1_772' title='bbox 1125 2441 1184 2464; x_wconf 80' lang='lat' dir='ltr'><strong>tltltl.</strong></span> <span class='ocrx_word' id='word_1_773' title='bbox 1198 2441 1273 2473; x_wconf 64' lang='lat' dir='ltr'><strong>Sciat.</strong></span> 
     </span>
    </p>
   </div>
   <div class='ocr_carea' id='block_1_102' title="bbox 1022 2471 1274 2505">
    <p class='ocr_par' dir='ltr' id='par_1_102' title="bbox 1022 2471 1274 2505">
     <span class='ocr_line' id='line_1_103' title="bbox 1022 2471 1274 2505; baseline -0.008 -8"><span class='ocrx_word' id='word_1_774' title='bbox 1022 2471 1073 2505; x_wconf 82' lang='grc'>(15)</span> <span class='ocrx_word' id='word_1_775' title='bbox 1087 2472 1117 2496; x_wconf 69' lang='lat' dir='ltr'><strong>lit</strong></span> <span class='ocrx_word' id='word_1_776' title='bbox 1128 2472 1186 2496; x_wconf 81' lang='lat' dir='ltr'><strong>add.</strong></span> <span class='ocrx_word' id='word_1_777' title='bbox 1199 2471 1274 2495; x_wconf 79' lang='lat' dir='ltr'><strong>Sent].</strong></span> 
     </span>
    </p>
   </div>
   <div class='ocr_carea' id='block_1_103' title="bbox 831 2526 1111 2555">
    <p class='ocr_par' dir='ltr' id='par_1_103' title="bbox 831 2526 1111 2555">
     <span class='ocr_line' id='line_1_104' title="bbox 831 2526 1111 2555; baseline -0.004 -1"><span class='ocrx_word' id='word_1_778' title='bbox 831 2526 1111 2555; x_wconf 79' lang='lat' dir='ltr'><strong>COMMENTARIUS.</strong></span> 
     </span>
    </p>
   </div>
   <div class='ocr_carea' id='block_1_104' title="bbox 165 2579 935 2617">
    <p class='ocr_par' dir='ltr' id='par_1_104' title="bbox 165 2579 935 2617">
     <span class='ocr_line' id='line_1_105' title="bbox 165 2579 935 2617; baseline 0.003 -9"><span class='ocrx_word' id='word_1_779' title='bbox 165 2579 248 2609; x_wconf 84' lang='lat' dir='ltr'><strong>CAP.</strong></span> <span class='ocrx_word' id='word_1_780' title='bbox 257 2580 500 2617; x_wconf 70' lang='lat' dir='ltr'><strong>XXII.—-(a)1psa</strong></span> <span class='ocrx_word' id='word_1_781' title='bbox 512 2583 620 2610; x_wconf 79' lang='lat' dir='ltr'><strong>estcnim</strong></span> <span class='ocrx_word' id='word_1_782' title='bbox 630 2582 701 2609; x_wconf 86' lang='lat' dir='ltr'><strong>litera</strong></span> <span class='ocrx_word' id='word_1_783' title='bbox 709 2581 854 2609; x_wconf 62' lang='lat' dir='ltr'><strong>Grecorum</strong></span> <span class='ocrx_word' id='word_1_784' title='bbox 869 2583 935 2617; x_wconf 85' lang='lat' dir='ltr'><strong>Tau,</strong></span> 
     </span>
    </p>
   </div>
   <div class='ocr_carea' id='block_1_105' title="bbox 133 2617 938 2653">
    <p class='ocr_par' dir='ltr' id='par_1_105' title="bbox 133 2617 938 2653">
     <span class='ocr_line' id='line_1_106' title="bbox 133 2617 938 2653; baseline 0.004 -10"><span class='ocrx_word' id='word_1_785' title='bbox 133 2621 220 2653; x_wconf 75' lang='lat' dir='ltr'><strong>mira</strong></span> <span class='ocrx_word' id='word_1_786' title='bbox 237 2622 335 2653; x_wconf 70' lang='lat' dir='ltr'><strong>autem,</strong></span> <span class='ocrx_word' id='word_1_787' title='bbox 351 2622 404 2644; x_wconf 89' lang='lat' dir='ltr'><strong>etc.</strong></span> <span class='ocrx_word' id='word_1_788' title='bbox 421 2617 478 2645; x_wconf 90' lang='lat' dir='ltr'><strong>Hoc</strong></span> <span class='ocrx_word' id='word_1_789' title='bbox 491 2618 578 2652; x_wconf 89' lang='lat' dir='ltr'><strong>ipsum</strong></span> <span class='ocrx_word' id='word_1_790' title='bbox 595 2618 689 2644; x_wconf 86' lang='lat' dir='ltr'><strong>imitati</strong></span> <span class='ocrx_word' id='word_1_791' title='bbox 710 2618 834 2645; x_wconf 77' lang='lat' dir='ltr'><strong>videntur</strong></span> <span class='ocrx_word' id='word_1_792' title='bbox 848 2625 938 2653; x_wconf 88' lang='lat' dir='ltr'><strong>patres</strong></span> 
     </span>
    </p>
   </div>
   <div class='ocr_carea' id='block_1_106' title="bbox 134 2651 937 2688">
    <p class='ocr_par' dir='ltr' id='par_1_106' title="bbox 134 2651 937 2688">
     <span class='ocr_line' id='line_1_107' title="bbox 134 2651 937 2688; baseline 0.005 -11"><span class='ocrx_word' id='word_1_793' title='bbox 134 2652 232 2688; x_wconf 71' lang='lat' dir='ltr'><strong>nosttj,</strong></span> <span class='ocrx_word' id='word_1_794' title='bbox 245 2652 311 2688; x_wconf 81' lang='lat' dir='ltr'><strong>dum</strong></span> <span class='ocrx_word' id='word_1_795' title='bbox 323 2651 349 2679; x_wconf 89' lang='lat' dir='ltr'><strong>in</strong></span> <span class='ocrx_word' id='word_1_796' title='bbox 361 2651 511 2680; x_wconf 81' lang='lat' dir='ltr'><strong>Missalihns</strong></span> <span class='ocrx_word' id='word_1_797' title='bbox 522 2654 639 2688; x_wconf 88' lang='lat' dir='ltr'><strong>antiquis</strong></span> <span class='ocrx_word' id='word_1_798' title='bbox 651 2653 726 2680; x_wconf 87' lang='lat' dir='ltr'><strong>initio</strong></span> <span class='ocrx_word' id='word_1_799' title='bbox 736 2651 879 2681; x_wconf 84' lang='lat' dir='ltr'><strong>canonisin</strong></span> <span class='ocrx_word' id='word_1_800' title='bbox 893 2655 937 2681; x_wconf 91' lang='lat' dir='ltr'><strong>lit-</strong></span> 
     </span>
    </p>
   </div>
   <div class='ocr_carea' id='block_1_107' title="bbox 134 2687 938 2724">
    <p class='ocr_par' dir='ltr' id='par_1_107' title="bbox 134 2687 938 2724">
     <span class='ocr_line' id='line_1_108' title="bbox 134 2687 938 2724; baseline 0.006 -12"><span class='ocrx_word' id='word_1_801' title='bbox 134 2691 188 2724; x_wconf 72' lang='lat' dir='ltr'><strong>tera</strong></span> <span class='ocrx_word' id='word_1_802' title='bbox 196 2687 231 2721; x_wconf 82' lang='lat' dir='ltr'><strong>T.</strong></span> <span class='ocrx_word' id='word_1_803' title='bbox 243 2687 289 2715; x_wconf 86' lang='lat' dir='ltr'><strong>ubi</strong></span> <span class='ocrx_word' id='word_1_804' title='bbox 297 2688 394 2724; x_wconf 71' lang='lat' dir='ltr'><strong>legitur</strong></span> <span class='ocrx_word' id='word_1_805' title='bbox 401 2688 448 2715; x_wconf 87' lang='lat' dir='ltr'><strong>:Te</strong></span> <span class='ocrx_word' id='word_1_806' title='bbox 454 2689 546 2724; x_wconf 82' lang='lat' dir='ltr'><strong>igitur,</strong></span> <span class='ocrx_word' id='word_1_807' title='bbox 554 2687 745 2715; x_wconf 76' lang='lat' dir='ltr'><strong>cteiiieittissiiiic</strong></span> <span class='ocrx_word' id='word_1_808' title='bbox 753 2689 841 2721; x_wconf 87' lang='lat' dir='ltr'><strong>Pater,</strong></span> <span class='ocrx_word' id='word_1_809' title='bbox 850 2690 938 2718; x_wconf 89' lang='lat' dir='ltr'><strong>solent</strong></span> 
     </span>
    </p>
   </div>
   <div class='ocr_carea' id='block_1_108' title="bbox 133 2722 936 2760">
    <p class='ocr_par' dir='ltr' id='par_1_108' title="bbox 133 2722 936 2760">
     <span class='ocr_line' id='line_1_109' title="bbox 133 2722 936 2760; baseline 0.002 -10"><span class='ocrx_word' id='word_1_810' title='bbox 133 2722 234 2755; x_wconf 76' lang='lat' dir='ltr'><strong>pictam</strong></span> <span class='ocrx_word' id='word_1_811' title='bbox 258 2722 389 2760; x_wconf 81' lang='lat' dir='ltr'><strong>exhibere</strong></span> <span class='ocrx_word' id='word_1_812' title='bbox 400 2722 509 2751; x_wconf 72' lang='lat' dir='ltr'><strong>crucem</strong></span> <span class='ocrx_word' id='word_1_813' title='bbox 530 2724 628 2751; x_wconf 83' lang='lat' dir='ltr'><strong>Christi</strong></span> <span class='ocrx_word' id='word_1_814' title='bbox 644 2734 650 2751; x_wconf 94' lang='lat'><strong>:</strong></span> <span class='ocrx_word' id='word_1_815' title='bbox 666 2725 692 2750; x_wconf 93' lang='lat' dir='ltr'><strong>in</strong></span> <span class='ocrx_word' id='word_1_816' title='bbox 708 2725 784 2760; x_wconf 90' lang='lat' dir='ltr'><strong>cujus</strong></span> <span class='ocrx_word' id='word_1_817' title='bbox 799 2725 879 2752; x_wconf 85' lang='lat' dir='ltr'><strong>hodie</strong></span> <span class='ocrx_word' id='word_1_818' title='bbox 895 2726 936 2752; x_wconf 95' lang='lat' dir='ltr'><strong>lo-</strong></span> 
     </span>
    </p>
   </div>
   <div class='ocr_carea' id='block_1_109' title="bbox 131 2759 938 2795">
    <p class='ocr_par' dir='ltr' id='par_1_109' title="bbox 131 2759 938 2795">
     <span class='ocr_line' id='line_1_110' title="bbox 131 2759 938 2795; baseline 0.004 -10"><span class='ocrx_word' id='word_1_819' title='bbox 131 2763 192 2795; x_wconf 73' lang='lat' dir='ltr'><strong>eurn</strong></span> <span class='ocrx_word' id='word_1_820' title='bbox 206 2759 342 2795; x_wconf 61' lang='lat' dir='ltr'><strong>successit</strong></span> <span class='ocrx_word' id='word_1_821' title='bbox 355 2760 413 2795; x_wconf 80' lang='lat' dir='ltr'><strong>ipsa</strong></span> <span class='ocrx_word' id='word_1_822' title='bbox 423 2761 511 2787; x_wconf 84' lang='lat' dir='ltr'><strong>crucis</strong></span> <span class='ocrx_word' id='word_1_823' title='bbox 523 2760 612 2795; x_wconf 80' lang='lat' dir='ltr'><strong>imago</strong></span> <span class='ocrx_word' id='word_1_824' title='bbox 627 2760 720 2795; x_wconf 76' lang='lat' dir='ltr'><strong>pagina</strong></span> <span class='ocrx_word' id='word_1_825' title='bbox 734 2759 854 2795; x_wconf 81' lang='lat' dir='ltr'><strong>proxime</strong></span> <span class='ocrx_word' id='word_1_826' title='bbox 870 2769 938 2795; x_wconf 75' lang='lat' dir='ltr'><strong>pra:-</strong></span> 
     </span>
    </p>
   </div>
   <div class='ocr_carea' id='block_1_110' title="bbox 130 2793 937 2823">
    <p class='ocr_par' dir='ltr' id='par_1_110' title="bbox 130 2793 937 2823">
     <span class='ocr_line' id='line_1_111' title="bbox 130 2793 937 2823; baseline 0.001 -2"><span class='ocrx_word' id='word_1_827' title='bbox 130 2793 253 2821; x_wconf 80' lang='lat' dir='ltr'><strong>eedenti.</strong></span> <span class='ocrx_word' id='word_1_828' title='bbox 270 2794 304 2821; x_wconf 82' lang='lat' dir='ltr'><strong>Et</strong></span> <span class='ocrx_word' id='word_1_829' title='bbox 317 2802 380 2822; x_wconf 86' lang='lat' dir='ltr'><strong>vero</strong></span> <span class='ocrx_word' id='word_1_830' title='bbox 394 2793 590 2823; x_wconf 81' lang='lat' dir='ltr'><strong>Tertullianuni</strong></span> <span class='ocrx_word' id='word_1_831' title='bbox 609 2793 713 2823; x_wconf 33' lang='lat' dir='ltr'><strong>fere‘ad</strong></span> <span class='ocrx_word' id='word_1_832' title='bbox 726 2793 834 2823; x_wconf 72' lang='lat' dir='ltr'><strong>verbum</strong></span> <span class='ocrx_word' id='word_1_833' title='bbox 850 2793 937 2823; x_wconf 82' lang='lat' dir='ltr'><strong>imita-</strong></span> 
     </span>
    </p>
   </div>
   <div class='ocr_carea' id='block_1_111' title="bbox 130 2828 935 2866">
    <p class='ocr_par' dir='ltr' id='par_1_111' title="bbox 130 2828 935 2866">
     <span class='ocr_line' id='line_1_112' title="bbox 130 2828 935 2866; baseline 0.002 -10"><span class='ocrx_word' id='word_1_834' title='bbox 130 2831 172 2866; x_wconf 78' lang='lat' dir='ltr'><strong>t_ns</strong></span> <span class='ocrx_word' id='word_1_835' title='bbox 257 2828 437 2866; x_wconf 75' lang='lat' dir='ltr'><strong>Hieronymus</strong></span> <span class='ocrx_word' id='word_1_836' title='bbox 462 2831 488 2858; x_wconf 88' lang='lat' dir='ltr'><strong>in</strong></span> <span class='ocrx_word' id='word_1_837' title='bbox 503 2831 655 2859; x_wconf 71' lang='lat' dir='ltr'><strong>Comment.</strong></span> <span class='ocrx_word' id='word_1_838' title='bbox 669 2840 675 2858; x_wconf 89' lang='lat'>:</span> <span class='ocrx_word' id='word_1_839' title='bbox 692 2831 824 2864; x_wconf 68' lang='lat' dir='ltr'><strong>Extrema,</strong></span> <span class='ocrx_word' id='word_1_840' title='bbox 840 2832 935 2866; x_wconf 81' lang='lat' dir='ltr'><strong>inquit,</strong></span> 
     </span>
    </p>
   </div>
   <div class='ocr_carea' id='block_1_112' title="bbox 128 2861 936 2903">
    <p class='ocr_par' dir='ltr' id='par_1_112' title="bbox 128 2861 936 2903">
     <span class='ocr_line' id='line_1_113' title="bbox 128 2861 936 2903; baseline 0.002 -10"><span class='ocrx_word' id='word_1_841' title='bbox 128 2861 185 2894; x_wconf 77' lang='lat' dir='ltr'><strong>Tan</strong></span> <span class='ocrx_word' id='word_1_842' title='bbox 200 2865 285 2894; x_wconf 75' lang='lat' dir='ltr'><strong>litera</strong></span> <span class='ocrx_word' id='word_1_843' title='bbox 304 2861 386 2894; x_wconf 65' lang='lat' dir='ltr'><strong>crucis</strong></span> <span class='ocrx_word' id='word_1_844' title='bbox 398 2866 471 2895; x_wconf 83' lang='lat' dir='ltr'><strong>habet</strong></span> <span class='ocrx_word' id='word_1_845' title='bbox 493 2867 687 2895; x_wconf 68' lang='lat' dir='ltr'><strong>similitudinem</strong></span> <span class='ocrx_word' id='word_1_846' title='bbox 699 2875 755 2903; x_wconf 77' lang='lat' dir='ltr'><strong>qua:</strong></span> <span class='ocrx_word' id='word_1_847' title='bbox 772 2867 798 2895; x_wconf 85' lang='lat' dir='ltr'><strong>in</strong></span> <span class='ocrx_word' id='word_1_848' title='bbox 811 2861 936 2895; x_wconf 51' lang='lat' dir='ltr'><strong>C/triitiai</strong></span> 
     </span>
    </p>
   </div>
   <div class='ocr_carea' id='block_1_113' title="bbox 990 2583 1792 2623">
    <p class='ocr_par' dir='ltr' id='par_1_113' title="bbox 990 2583 1792 2623">
     <span class='ocr_line' id='line_1_114' title="bbox 990 2583 1792 2623; baseline 0.001 -12"><span class='ocrx_word' id='word_1_849' title='bbox 990 2592 1092 2623; x_wconf 39' lang='lat' dir='ltr'><strong>norum.</strong></span> <span class='ocrx_word' id='word_1_850' title='bbox 1104 2583 1230 2623; x_wconf 65' lang='lat' dir='ltr'><strong>frontibus</strong></span> <span class='ocrx_word' id='word_1_851' title='bbox 1254 2583 1377 2618; x_wconf 80' lang='lat' dir='ltr'><strong>pingitur,</strong></span> <span class='ocrx_word' id='word_1_852' title='bbox 1392 2589 1415 2611; x_wconf 86' lang='lat' dir='ltr'><strong>et</strong></span> <span class='ocrx_word' id='word_1_853' title='bbox 1435 2587 1560 2620; x_wconf 80' lang='lat' dir='ltr'><strong>frequenti</strong></span> <span class='ocrx_word' id='word_1_854' title='bbox 1576 2595 1665 2614; x_wconf 83' lang='lat' dir='ltr'><strong>ntunus</strong></span> <span class='ocrx_word' id='word_1_855' title='bbox 1680 2585 1792 2623; x_wconf 74' lang='lat' dir='ltr'><strong>inscrip-</strong></span> 
     </span>
    </p>
   </div>
   <div class='ocr_carea' id='block_1_114' title="bbox 990 2619 1280 2654">
    <p class='ocr_par' dir='ltr' id='par_1_114' title="bbox 990 2619 1280 2654">
     <span class='ocr_line' id='line_1_115' title="bbox 990 2619 1280 2654; baseline -0.007 -8"><span class='ocrx_word' id='word_1_856' title='bbox 990 2621 1057 2647; x_wconf 77' lang='lat' dir='ltr'><strong>tione</strong></span> <span class='ocrx_word' id='word_1_857' title='bbox 1071 2619 1195 2654; x_wconf 70' lang='lat' dir='ltr'><strong>signatur.</strong></span> <span class='ocrx_word' id='word_1_858' title='bbox 1214 2619 1280 2645; x_wconf 76' lang='lat' dir='ltr'><strong>I’AH.</strong></span> 
     </span>
    </p>
   </div>
   <div class='ocr_carea' id='block_1_115' title="bbox 1025 2654 1789 2689">
    <p class='ocr_par' dir='ltr' id='par_1_115' title="bbox 1025 2654 1789 2689">
     <span class='ocr_line' id='line_1_116' title="bbox 1025 2654 1789 2689; baseline 0.005 -8"><span class='ocrx_word' id='word_1_859' title='bbox 1025 2655 1099 2682; x_wconf 76' lang='lat' dir='ltr'><strong>CAP.</strong></span> <span class='ocrx_word' id='word_1_860' title='bbox 1110 2654 1202 2681; x_wconf 73' lang='lat' dir='ltr'><strong>XXIII.</strong></span> <span class='ocrx_word' id='word_1_861' title='bbox 1210 2669 1246 2673; x_wconf 94' lang='lat'><strong><em>—</em></strong></span> <span class='ocrx_word' id='word_1_862' title='bbox 1255 2654 1295 2689; x_wconf 81' lang='grc'>(1))</span> <span class='ocrx_word' id='word_1_863' title='bbox 1309 2654 1341 2681; x_wconf 81' lang='lat' dir='ltr'><strong>Et</strong></span> <span class='ocrx_word' id='word_1_864' title='bbox 1350 2654 1458 2689; x_wconf 73' lang='lat' dir='ltr'><strong>Tempus</strong></span> <span class='ocrx_word' id='word_1_865' title='bbox 1466 2655 1575 2682; x_wconf 76' lang='lat' dir='ltr'><strong>met/inm</strong></span> <span class='ocrx_word' id='word_1_866' title='bbox 1586 2665 1601 2683; x_wconf 81' lang='grc' dir='ltr'><em>α</em></span> <span class='ocrx_word' id='word_1_867' title='bbox 1616 2657 1726 2687; x_wconf 84' lang='lat' dir='ltr'><strong>Tiberio.</strong></span> <span class='ocrx_word' id='word_1_868' title='bbox 1734 2662 1789 2686; x_wconf 77' lang='lat' dir='ltr'><strong>Cic.</strong></span> 
     </span>
    </p>
   </div>
   <div class='ocr_carea' id='block_1_116' title="bbox 989 2690 1792 2725">
    <p class='ocr_par' dir='ltr' id='par_1_116' title="bbox 989 2690 1792 2725">
     <span class='ocr_line' id='line_1_117' title="bbox 989 2690 1792 2725; baseline 0.002 -7"><span class='ocrx_word' id='word_1_869' title='bbox 989 2691 1182 2724; x_wconf 79' lang='lat' dir='ltr'><strong>Vespasianmn</strong></span> <span class='ocrx_word' id='word_1_870' title='bbox 1194 2695 1323 2725; x_wconf 79' lang='lat' dir='ltr'><strong>nominat.</strong></span> <span class='ocrx_word' id='word_1_871' title='bbox 1339 2698 1372 2725; x_wconf 77' lang='lat' dir='ltr'><strong>eo</strong></span> <span class='ocrx_word' id='word_1_872' title='bbox 1385 2691 1453 2724; x_wconf 83' lang='lat' dir='ltr'><strong>tptod</strong></span> <span class='ocrx_word' id='word_1_873' title='bbox 1466 2690 1515 2716; x_wconf 90' lang='lat' dir='ltr'><strong>sub</strong></span> <span class='ocrx_word' id='word_1_874' title='bbox 1529 2691 1574 2716; x_wconf 87' lang='lat' dir='ltr'><strong>illo</strong></span> <span class='ocrx_word' id='word_1_875' title='bbox 1589 2698 1687 2719; x_wconf 83' lang='lat' dir='ltr'><strong>\astata</strong></span> <span class='ocrx_word' id='word_1_876' title='bbox 1701 2693 1733 2718; x_wconf 88' lang='lat' dir='ltr'><strong>sit</strong></span> <span class='ocrx_word' id='word_1_877' title='bbox 1744 2692 1792 2720; x_wconf 83' lang='lat' dir='ltr'><strong>Je-</strong></span> 
     </span>
    </p>
   </div>
   <div class='ocr_carea' id='block_1_117' title="bbox 989 2724 1791 2762">
    <p class='ocr_par' dir='ltr' id='par_1_117' title="bbox 989 2724 1791 2762">
     <span class='ocr_line' id='line_1_118' title="bbox 989 2724 1791 2762; baseline 0.002 -9"><span class='ocrx_word' id='word_1_878' title='bbox 989 2727 1115 2758; x_wconf 82' lang='lat' dir='ltr'><strong>rusalem,</strong></span> <span class='ocrx_word' id='word_1_879' title='bbox 1134 2725 1169 2751; x_wconf 88' lang='lat' dir='ltr'><strong>uti</strong></span> <span class='ocrx_word' id='word_1_880' title='bbox 1181 2732 1212 2751; x_wconf 88' lang='lat' dir='ltr'><strong>ex</strong></span> <span class='ocrx_word' id='word_1_881' title='bbox 1230 2724 1346 2762; x_wconf 73' lang='lat' dir='ltr'><strong>Iosephi</strong></span> <span class='ocrx_word' id='word_1_882' title='bbox 1359 2730 1385 2762; x_wconf 74' lang='lat' dir='ltr'><strong>et</strong></span> <span class='ocrx_word' id='word_1_883' title='bbox 1400 2725 1518 2751; x_wconf 77' lang='lat' dir='ltr'><strong>Philonis</strong></span> <span class='ocrx_word' id='word_1_884' title='bbox 1535 2725 1654 2762; x_wconf 75' lang='lat' dir='ltr'><strong>historiis</strong></span> <span class='ocrx_word' id='word_1_885' title='bbox 1672 2728 1791 2762; x_wconf 69' lang='lat' dir='ltr'><strong>juxtaicis</strong></span> 
     </span>
    </p>
   </div>
   <div class='ocr_carea' id='block_1_118' title="bbox 988 2760 1636 2794">
    <p class='ocr_par' dir='ltr' id='par_1_118' title="bbox 988 2760 1636 2794">
     <span class='ocr_line' id='line_1_119' title="bbox 988 2760 1636 2794; baseline 0.005 -10"><span class='ocrx_word' id='word_1_886' title='bbox 988 2762 1078 2788; x_wconf 63' lang='lat' dir='ltr'><strong>nntius</strong></span> <span class='ocrx_word' id='word_1_887' title='bbox 1091 2766 1131 2788; x_wconf 81' lang='lat' dir='ltr'><strong>est</strong></span> <span class='ocrx_word' id='word_1_888' title='bbox 1141 2781 1148 2792; x_wconf 80' lang='grc'>,</span> <span class='ocrx_word' id='word_1_889' title='bbox 1164 2766 1243 2794; x_wconf 88' lang='lat' dir='ltr'><strong>quam</strong></span> <span class='ocrx_word' id='word_1_890' title='bbox 1260 2765 1289 2785; x_wconf 93' lang='lat' dir='ltr'><strong>ut</strong></span> <span class='ocrx_word' id='word_1_891' title='bbox 1301 2760 1417 2793; x_wconf 82' lang='lat' dir='ltr'><strong>pluribus</strong></span> <span class='ocrx_word' id='word_1_892' title='bbox 1429 2761 1463 2787; x_wconf 91' lang='lat' dir='ltr'><strong>sit</strong></span> <span class='ocrx_word' id='word_1_893' title='bbox 1476 2767 1552 2793; x_wconf 90' lang='lat' dir='ltr'><strong>opus.</strong></span> <span class='ocrx_word' id='word_1_894' title='bbox 1570 2761 1636 2789; x_wconf 69' lang='lat' dir='ltr'><strong>Pw.</strong></span> 
     </span>
    </p>
   </div>
   <div class='ocr_carea' id='block_1_119' title="bbox 1024 2795 1789 2832">
    <p class='ocr_par' dir='ltr' id='par_1_119' title="bbox 1024 2795 1789 2832">
     <span class='ocr_line' id='line_1_120' title="bbox 1024 2795 1789 2832; baseline 0.004 -12"><span class='ocrx_word' id='word_1_895' title='bbox 1024 2798 1063 2832; x_wconf 78' lang='grc' dir='ltr'>(ο)</span> <span class='ocrx_word' id='word_1_896' title='bbox 1088 2796 1121 2823; x_wconf 84' lang='lat' dir='ltr'><strong>In</strong></span> <span class='ocrx_word' id='word_1_897' title='bbox 1144 2795 1316 2832; x_wconf 66' lang='lat' dir='ltr'><strong>cucumerurio</strong></span> <span class='ocrx_word' id='word_1_898' title='bbox 1339 2796 1437 2832; x_wconf 76' lang='lat' dir='ltr'><strong>casula.</strong></span> <span class='ocrx_word' id='word_1_899' title='bbox 1459 2795 1553 2822; x_wconf 87' lang='lat' dir='ltr'><strong>Casnla</strong></span> <span class='ocrx_word' id='word_1_900' title='bbox 1568 2796 1758 2824; x_wconf 82' lang='lat' dir='ltr'><strong>diminutivum</strong></span> <span class='ocrx_word' id='word_1_901' title='bbox 1773 2805 1789 2826; x_wconf 82' lang='lat' dir='ltr'><strong>a</strong></span> 
     </span>
    </p>
   </div>
   <div class='ocr_carea' id='block_1_120' title="bbox 989 2830 1455 2868">
    <p class='ocr_par' dir='ltr' id='par_1_120' title="bbox 989 2830 1455 2868">
     <span class='ocr_line' id='line_1_121' title="bbox 989 2830 1455 2868; baseline -0.009 -8"><span class='ocrx_word' id='word_1_902' title='bbox 989 2830 1121 2868; x_wconf 69' lang='lat' dir='ltr'><strong>casuquze</strong></span> <span class='ocrx_word' id='word_1_903' title='bbox 1139 2830 1240 2858; x_wconf 65' lang='lat' dir='ltr'><strong>Graecis</strong></span> <span class='ocrx_word' id='word_1_904' title='bbox 1255 2842 1338 2861; x_wconf 65' lang='grc' dir='ltr'><strong>σκηνη.</strong></span> <span class='ocrx_word' id='word_1_905' title='bbox 1355 2830 1393 2858; x_wconf 79' lang='lat' dir='ltr'><strong>LE</strong></span> <span class='ocrx_word' id='word_1_906' title='bbox 1408 2830 1455 2858; x_wconf 83' lang='lat' dir='ltr'><strong>Pu.</strong></span> 
     </span>
    </p>
   </div>
  </div>
