4020 6286
312 3243 329 3273 θ

336 3270 377 3349 “t‘

404 196 519 258 355

1840 190 2305 255 TERTULLIANI

3538 154 3547 159 ’
3602 196 3713 255 556

404 315 587 388 persio
615 313 810 389 gentis,
840 329 959 393 qua:
1001 314 1111 386 jam
1156 312 1433 371 extorris?
1466 310 1651 393 Redde
1678 320 1871 368 statum
1910 312 1999 367 .lu.
2029 314 2075 376 Α
2108 313 2359 375 Ezechiel
2393 318 2539 386 novit
2578 315 2791 397 (Ezeclt.
2837 309 3091 397 XLVIII),
3133 319 3189 371 et
3210 314 3509 397 apostolus
3545 314 3712 375 Joan-

402 407 556 474 δέρω,
613 424 770 480 quem
826 406 1072 463 Christus
1123 406 1397 462 Creatoris
1449 404 1704 474 inveniat,
1755 414 1808 461 et
1836 405 2000 459 alium

400 501 669 555 contende
695 499 926 555 venisse.
959 496 1078 554 .Iam
1111 513 1242 555 vero
1261 498 1420 569 quale
1448 508 1564 565 est,
1597 509 1656 551 ut
1687 494 1784 569 per
1803 500 1999 554 uelum

401 591 882 657 sumn‘admiserit,
908 605 1065 664 quem
1098 591 1151 645 in
1182 600 1322 646 terra
1345 607 1436 645 sua
1466 599 1611 645 esset
1637 592 1995 661 interemptu-

402 698 497 743 rus
524 726 539 750 ,
574 684 882 740 honestiore
910 692 963 738 et
999 681 1319 755 gloriosiorc
1353 683 1501 754 regni
1531 681 1610 736 sui
1636 670 1852 754 regione
1891 683 2004 737 vio-

400 775 538 839 lata,
568 777 680 848 ipsa
702 778 822 832 aula
849 790 943 832 sua
969 784 1026 831 et
1048 791 1171 831 arce
1199 776 1401 831 calcata
1429 776 1453 830 ?
1494 775 1575 831 An
1603 775 1708 831 hoc
1734 775 1903 855 magis
1920 774 2003 829 af-

404 862 655 924 fectavit?
698 869 860 926 Plane
914 869 1051 947 Deus
1092 864 1168 940 (Ι)
1202 868 1433 936 zelotes,
1483 878 1658 922 tamen
1683 868 1828 923 vicit.
1863 868 2001 922 Eru-

401 960 580 1027 besce,
607 964 696 1034 qui
724 963 863 1018 victo
884 962 995 1016 Deo
1025 960 1221 1016 credis.
1262 957 1399 1028 Quid
1441 960 1682 1030 sperabis
1725 961 1793 1015 ab
1819 975 1885 1015 eo
1915 959 2003 1029 qui

400 1064 461 1109 se
491 1063 768 1125 protegere
814 1068 916 1107 non
946 1051 1157 1107 valuit?
1193 1050 1299 1106 Aut
1325 1050 1468 1106 enim
1500 1067 1593 1121 per
1633 1050 2002 1107 inﬁrmitatem

400 1142 689 1216 oppressus
713 1155 794 1201 est
815 1159 845 1200 a
876 1145 1159 1200 virtutibus
1187 1152 1241 1198 ct
1268 1143 1573 1200 hominibus
1593 1144 1889 1211 Creatoris,
1914 1135 2005 1201 aut

401 1234 500 1308 per
518 1235 958 1303 malitiositatem,
993 1244 1049 1290 ut
1067 1244 1269 1290 tantum
1292 1234 1399 1291 illis
1420 1236 1639 1292 sceleris
1655 1232 1907 1308 patientia
1921 1220 2007 1292 itt-

403 1327 618 1403 ﬁgeret.

974 1420 1202 1478 CAPUT
1230 1416 1432 1477 XXIV.

469 1516 584 1572 Imo
608 1559 623 1584 ,
643 1515 840 1588 inquis,
866 1528 1026 1587 Spero
1053 1515 1122 1572 ab
1144 1517 1234 1571 illo
1264 1514 1405 1587 quod
1440 1523 1494 1570 et
1523 1513 1696 1584 ipsum
1733 1512 1894 1569 faciat
1937 1513 2004 1571 ad

401 1592 773 1668 testimonium
804 1607 1136 1664 diversita’tis
1176 1622 1398 1679 regnum
1438 1604 1531 1662 Dei
1561 1617 1779 1661 ceteer
1811 1613 2002 1664 eteae—

401 1700 554 1758 lestis
581 1700 955 1772 possessionis.
995 1697 1289 1764 Caeterum,
1340 1707 1521 1755 vester
1543 1697 1792 1754 Christus
1818 1700 2003 1770 pristi-

401 1802 521 1813 μμηη
793 1792 982 1813 Ls-.-
1015 1792 1299 1813 _-..:_,-.__
1344 1804 1406 1813 ν--
1443 1791 1780 1813 -,,,.ε.,,.εη,
1815 1798 1971 1813 ,μη

2117 1720 2235 1768 sunt
2261 1721 2315 1766 et
2341 1696 2521 1765 amicti
2552 1698 2606 1766 in
2638 1710 2857 1766 nomine
2887 1708 3075 1779 ipsius.
3110 1707 3236 1773 Hmc
3260 1694 3397 1763 ratio
3422 1694 3568 1785 regni
3599 1715 3817 1813 ter-ef.“

401 1802 529 1851 num
561 1803 758 1849 statum
785 1792 985 1849 Iudaeis
1015 1780 1321 1863 pollicetur,
1344 1804 1412 1848 ex
1443 1791 1783 1846 restitutione
1815 1798 1999 1860 terrae,

401 1896 458 1942 et
486 1898 603 1957 post
634 1886 918 1941 decursum
944 1886 1085 1951 vita},
1119 1883 1258 1955 apud
1288 1881 1487 1939 inferos
1518 1883 1573 1936 in
1606 1883 1724 1938 sinu
1767 1878 2003 1937 Abrahae

405 1962 764 2048 r‘eﬂ'Igerium.
793 1977 960 2032 Deum
987 1976 1246 2046 optimum
1273 1976 1288 2028 ι
1323 1973 1369 2030 si
1390 1973 1565 2030 reddit
1590 1974 2006 2046 placatus,quod

404 2078 460 2126 et
476 2069 768 2124 abstulerat
792 2067 979 2123 iratus.
1002 2065 1228 2123 ODeum
1254 2077 1400 2122 tuum
1427 2067 1516 2139 qui
1533 2066 2003 2134 etcazditetsanat,

411 2162 595 2217 Condit
620 2161 759 2216 mala
781 2169 834 2215 et
863 2159 989 2216 facit
1015 2160 1230 2231 pacem!
1274 2158 1317 2214 Ο
1339 2158 1504 2215 Deum
1535 2160 1695 2215 etiam
1718 2159 1784 2214 ad
1808 2159 2008 2214 inferos

404 2273 578 2330 uSqne
618 2255 1023 2313 misericordem
1057 2257 1072 2310 ε
1118 2258 1195 2328 (η)
1239 2254 1346 2311 Sed
1383 2255 1451 2310 de
1481 2255 1600 2311 sinu
1635 2253 1869 2327 Abrahae
1909 2270 2006 2310 suo

404 2358 668 2421 tempore.
712 2348 788 2404 De
828 2346 1168 2404 restitutione
1212 2362 1340 2403 vero
1377 2346 1611 2414 Iudaeae,
1640 2363 1797 2418 quant
1825 2357 1878 2403 et
1908 2347 2007 2418 ipsi

403 2438 597 2505 Jud.ei,
628 2442 696 2495 ita
736 2447 794 2496 ut
819 2439 1159 2506 describitur,
1184 2448 1422 2508 sperant,
1459 2438 1705 2495 locorum
1732 2448 1786 2494 et
1825 2442 2004 2511 regio-

405 2540 532 2588 nu'tu
558 2530 860 2587 nominibus
890 2531 1112 2598 inducti,
1137 2532 1406 2602 quomodo
1431 2531 1721 2603 allegorica
1744 2514 2005 2603 interpre-

408 2626 537 2679 tatin
560 2626 610 2679 in
640 2622 912 2680 Christum
935 2635 989 2679 et
1017 2625 1068 2679 in
1099 2625 1414 2690 Ecclesium,
1449 2636 1503 2681 et
1530 2616 1833 2681 haliitutnet
1862 2626 2008 2683 fruc-

409 2726 521 2772 tum
539 2715 655 2787 ejus
675 2715 987 2788 Spiritaliter
1002 2726 1293 2787 competat,
1311 2727 1364 2772 et
1387 2719 1600 2788 longum
1627 2728 1710 2773 est
1734 2720 2003 2790 persequi,

408 2819 462 2866 et
494 2808 571 2881 (ti)
618 2810 670 2865 in
714 2810 823 2865 alio
863 2825 1025 2881 opere
1069 2811 1354 2882 digestum,
1384 2804 1902 2882 quodinscribimus,
1932 2814 2010 2869 De

406 2922 498 2975 spe
523 2905 752 2975 ﬁdelium
772 2924 792 2974 ;
814 2914 868 2961 et
888 2906 942 2961 in
965 2906 1216 2976 prmsenti
1246 2907 1328 2961 vel
1350 2921 1415 2962 eo
1441 2908 1671 2963 otiosum
1693 2949 1706 2971 ,
1748 2908 1870 2979 quia
1900 2914 2006 2964 non

407 2996 476 3055 de
507 3008 715 3053 terrena
740 3038 757 3065 ,
802 2998 898 3053 sed
938 2997 1006 3053 de
1045 2997 1253 3053 cmlesti
1281 2998 1636 3069 promissione
1664 3000 1735 3055 sit
1756 3001 2004 3071 qutcstio.

2108 425 2202 463 nos
2225 398 2354 469 vidit
2386 409 2570 483 (Apoc.
2596 394 2735 483 XII),
2778 417 2830 464 et
2866 396 2957 479 qui
2982 405 3121 477 apud
3157 394 3312 462 fidem
3337 418 3575 480 nostram
3603 418 3708 477 est,

2108 518 2260 558 nunc
2294 503 2587 575 prophetia:
2612 519 2791 558 sermo
2819 490 3065 565 testatur,
3090 492 3155 553 {ut
3181 499 3344 555 etiam
3369 501 3604 581 eiligicut
3634 501 3713 557 ci.

2108 574 2301 650 vitatis
2329 574 2454 652 ante
2504 595 3036 668 rcprmsentationem
3079 592 3197 663 ejus
3233 574 3525 665 conspectu
3571 574 3713 673 iutu-

2109 700 2221 743 rant
2263 688 2314 743 in
2355 689 2563 761 signant
2590 672 2916 767 prfedicarit.
2952 686 3037 757 td)
3068 684 3309 763 Denique
3347 686 3589 756 proxime
3627 685 3709 763 (2)

2108 790 2431 853 expunctum
2449 793 2533 838 est
2552 762 2803 838 orientali
2817 779 3183 851 expeditione.
3208 778 3279 851 (ε)
3297 778 3520 836 Constat
3539 775 3803 859 cpitium;

2108 871 2339 945 ethnicis
2366 861 2581 946 quoque
2607 860 2869 940 testibus,
2892 872 2945 928 in
2994 871 3176 929 Judma
3211 887 3306 942 per
3334 872 3450 933 dies
3475 873 3708 945 quadra-3

2107 966 2252 1038 ginta
2303 956 2576 1028 matutinis
2613 967 2898 1025 momentis
2939 967 3210 1047 civitatem
3240 964 3309 1041 de
3335 967 3476 1025 coelo
3495 982 3703 1041 pepen-

2109 1060 2289 1127 disse,
2337 1065 2481 1117 omni
2522 1062 2845 1121 moeniorum
2876 1060 3058 1116 habitu
3088 1071 3447 1119 evanescente
3482 1061 3553 1119 de
3583 1077 3710 1133 pro:

2109 1149 2252 1217 fectu
2277 1153 2382 1208 diei
2408 1194 2424 1220 ,
2456 1162 2512 1208 et
2538 1153 2671 1211 alias
2699 1152 2766 1209 de
2789 1150 3035 1222 proximo
3061 1151 3281 1233 nullam.
3309 1150 3459 1233 lianc
3483 1152 3733 1232 dicimus

2109 1244 2440 1315 excipiendis
2465 1245 2858 1317 resurrectione
2895 1243 3116 1309 sanctis,
3149 1230 3203 1299 et
3252 1230 3558 1319 refovendis
3588 1258 3707 1299 om-

2109 1337 2255 1392 nium
2288 1336 2549 1394 bonorum
2582 1337 2766 1411 utique
2785 1322 3105 1407 spiritalium
3136 1336 3290 1415 copia
3314 1336 3367 1393 in
3391 1349 3712 1415 compensa-

2110 1429 2312 1485 tionem
2368 1444 2717 1500 eorum'qute
2758 1430 2809 1484 in
2852 1428 3053 1484 sacculo
3094 1428 3177 1485 vel
3207 1412 3572 1509 despeximus,
3620 1426 3707 1497 vel

2109 1523 2408 1591 amisimus,
2439 1539 2467 1577 a
2495 1524 2603 1578 Deo
2628 1532 2986 1594 prospectum.
3014 1512 3292 1601 Siquidem
3324 1530 3379 1576 et
3404 1520 3632 1601 justum,
3655 1528 3712 1598 et

2114 1616 2225 1672 Deo
2249 1615 2491 1697 dignum,
2526 1616 2633 1671 illic
2659 1631 2873 1691 quoque
2899 1613 3143 1687 exultare
3171 1612 3543 1697 famulos-ejus
3560 1654 3577 1681 ,
3619 1612 3711 1695 ubi

2111 1800 2247 1868 reni,
2280 1811 2399 1874 post
2421 1798 2573 1871 cujus
2602 1800 2746 1856 mille
2766 1815 2960 1868 annos,
2994 1799 3131 1854 intra
3161 1813 3321 1873 quam
3337 1807 3551 1877 mtatem
3569 1798 3719 1855 con-‘
3754 1802 3784 1831 ί

2110 1895 2344 1952 cluditur
2373 1904 2678 1951 sanctorum
2713 1894 3062 1959 resurrectio,
3088 1908 3183 1963 pro
3210 1892 3417 1969 meritis
3441 1880 3713 1949 maturius

2109 1988 2192 2045 vel
2217 1986 2425 2042 tardius
2452 1985 3009 2057 resurgentium,tuuc
3036 1992 3091 2039 et
3121 1983 3301 2045 mundi
3322 1982 3711 2061 destructione,

2110 2088 2164 2135 et
2198 2078 2381 2151 judicii
2413 2079 2486 2151 (f)
2512 2075 2931 2147 conﬂagratione
2981 2075 3306 2155 commissa,
3363 2073 3619 2155 detttutati
3649 2074 3704 2141 in

2110 2180 2292 2226 atomo
2333 2170 2387 2225 in
2433 2168 2727 2243 angelicam
2774 2167 3161 2231 substantiam,
3213 2154 3414 2225 scilicet
3445 2152 3540 2243 per
3572 2152 3707 2239 illud

2111 2261 2487 2333 incorruptelm
2514 2242 3074 2332 Superindumentum,
3110 2242 3570 2329 transferenturi'n
3601 2272 3715 2314 coe-

2111 2356 2243 2411 leste
2258 2370 2499 2426 regnum,
2529 2353 2596 2409 de
2625 2367 2731 2426 quo
2762 2366 2903 2408 nunc
2929 2353 3007 2406 sic
3037 2347 3157 2407 ideo
3185 2358 3527 2417 retractatur,
3552 2350 3706 2427 quasi

2111 2460 2217 2501 non
2245 2445 2538 2516 pra-dicato
2566 2428 2706 2513 apud
2729 2440 3065 2508 Creatorem,
3114 2455 3177 2519 ac
3206 2454 3303 2513 per
3333 2430 3454 2506 hoc,
3485 2438 3708 2506 alterius

2115 2538 2205 2594 Dei
2228 2537 2499 2593 Christum
2533 2536 2816 2605 probante,
2849 2549 2877 2587 a
2896 2547 3004 2604 quo
3038 2532 3210 2603 primo
3235 2539 3291 2588 et
3315 2531 3433 2586 solo
3460 2531 3528 2601 sit
3553 2546 3707 2586 reve-

2112 2632 2297 2686 latum.
2326 2627 2608 2698 Discejam
2631 2626 2755 2682 hinc
2779 2624 2908 2681 illud
2932 2635 2983 2681 et
3016 2625 3359 2703 prtedicatum
3381 2638 3410 2677 a
3431 2621 3712 2689 Creatore,

2112 2731 2167 2780 et
2203 2723 2319 2779 sine
2368 2720 2751 2793 praedicatione
2796 2717 3127 2776 credendum
3183 2715 3323 2787 apud
3375 2714 3711 2771 Creatorem.

2111 2815 2250 2886 Quid
2287 2815 2379 2870 tibi
2413 2813 2645 2877 videtur,
2675 2828 2795 2868 cum
2825 2810 3055 2867 Abrahae
3091 2825 3276 2866 semen
3298 2850 3313 2878 ,
3344 2818 3462 2880 post
3487 2808 3717 2881 primam

2086 2910 2545 2980 promissionem,
2575 2922 2676 2979 qua
2709 2903 2789 2983 (ὅ)
2813 2906 2867 2981 in_
2884 2890 3291 2961 multitudinem
3321 2919 3498 2959 arena:
3528 2918 3713 2975 repro-

2113 3003 2361 3068 mittitur,
2388 3002 2456 3058 ad
2483 3003 2652 3057 instar
2673 3014 2887 3072 quoque
2914 2998 3196 3056 stellarum
3219 2998 3552 3066 destinatur;
3582 3013 3722 3081 nonf-

405 3089 541 3148 Nam
568 3099 623 3146 et
661 3091 982 3147 conﬁtemur
1024 3092 1078 3146 in
1109 3100 1250 3147 terra
1281 3091 1437 3147 nobis
1464 3108 1687 3163 regnum
1717 3094 2008 3164 repromis—
2037 3103 2083 3168 ρ
2116 3114 2185 3155 ne
2208 3107 2264 3154 et
2293 3105 2523 3152 terrenae
2544 3102 2598 3149 et
2623 3092 2862 3149 coelestis
2890 3091 3261 3167 dispositionis
3287 3089 3521 3171 auspicia
3545 3090 3718 3147 sunt?

382 3196 525 3258 (sum
551 3201 566 3250 ;
594 3183 687 3239 sed
714 3173 843 3240 ante
870 3183 1089 3254 coelum,
1118 3185 1211 3240 sed
1235 3184 1341 3239 alio
1372 3193 1540 3250 statu;
1572 3195 1754 3257 utpote
1776 3195 1897 3258 post
1923 3202 2012 3243 re-

382 3256 798 3332 isurrectionem
839 3275 891 3330 in
942 3275 1093 3331 mille
1136 3291 1325 3342 annos,
1375 3275 1449 3348 (c)
1501 3278 1553 3331 in
1585 3256 1799 3334 civitate
1849 3279 2012 3334 divini

408 3368 589 3439 operis
622 3366 958 3424 Hierusalem
995 3368 1135 3424 coelo
1178 3367 1387 3433 delata,
1416 3384 1575 3439 quam
1629 3380 1684 3425 et
1724 3372 2013 3442 Apostolus

409 3469 638 3515 matrem
670 3467 910 3515 nostram
942 3472 1154 3514 sursum
1186 3457 1452 3530 designat,
1486 3468 1540 3514 et
1570 3460 1860 3530 politeuma
1888 3480 2013 3520 nos-

413 3560 576 3623 trum,
611 3555 663 3611 id
691 3565 797 3624 est,
826 3555 1209 3625 municipatum
1235 3556 1289 3610 in
1310 3556 1463 3611 cretis
1487 3570 1609 3611 esse
1637 3552 2007 3629 pronuntians,

413 3648 572 3706 alicui
618 3649 804 3721 utique
837 3648 1044 3705 caelesti
1082 3647 1284 3704 civitati
1331 3662 1453 3704 eum
1490 3648 1732 3720 deputat.
1779 3651 1928 3707 Hanc
1955 3664 2010 3709 et

2117 3189 2249 3261 Cum
2301 3186 2451 3243 Isaac
2489 3178 2814 3242 benedicens
2852 3178 3020 3259 Jacob
3046 3170 3212 3238 tilium
3245 3168 3439 3238 suum:
3483 3168 3598 3250 Det,
3630 3182 3717 3261 ait

2118 3260 2270 3356 (Gen.
2295 3277 2511 3345 XXVII,
2539 3277 2656 3350 28),
2698 3277 2785 3332 tibi
2816 3275 2957 3331 Deus
2994 3266 3056 3331 de
3085 3274 3199 3331 rore
3224 3275 3356 3337 cali,
3379 3284 3424 3330 et
3442 3274 3505 3355 ιέε
3528 3260 3723 3346 opimi-

2118 3383 2220 3430 tate
2235 3384 2412 3438 terrm;
2436 3385 2613 3426 nonne
2636 3370 2910 3441 utriusque
2925 3367 3266 3439 indulgentia:
3283 3367 3528 3439 exempla
3547 3377 3676 3448 sunt
3695 3367 3723 3424 ἲ

2119 3471 2356 3540 Denique
2386 3450 2855 3522 animadvertenda
2884 3471 2968 3520 est
2998 3463 3085 3519 hic
3115 3462 3276 3532 etiam
3310 3470 3581 3519 structura
3610 3450 3723 3521 be-

2119 3557 2439 3619 nedictionis
2464 3557 2653 3629 ipsius.
2682 3553 2816 3612 Nam
2838 3555 2979 3610 circa
3001 3542 3168 3633 Jacob
3185 3594 3199 3620 ,
3232 3553 3321 3623 qui
3345 3546 3569 3641 quidem
3584 3566 3722 3626 pos-

2120 3654 2333 3711 terioris
2354 3660 2411 3708 et
2456 3649 2773 3722 praclatioris
2796 3647 2979 3721 populi
3008 3646 3177 3719 ﬁgura
3203 3658 3306 3718 est,
3334 3642 3389 3703 id
3410 3656 3493 3715 est
3518 3646 3722 3715 nostri,

1630 3762 1924 3823 LECTION
1934 3766 2015 3825 ES
2053 3764 2464 3824 VARIANTES.

573 3851 1150 3982 θξὲξίέῗίέὲίῗὲωπὶιεη.
1169 3911 1320 3970 ςεηιι.
1348 3915 1544 3970 Obertlt.

2182 3858 2257 3925 (5)
2283 3858 2438 3952 Quam
2459 3851 2613 3911 Seml.

1778 4005 2332 4070 COMMENTARIUS.

485 4120 652 4192 CAP:
665 4118 860 4176 XXIV.
892 4149 964 4161 —
995 4117 1069 4192 (a)
1095 4118 1203 4175 Sed
1227 4120 1289 4174 de
1310 4120 1423 4175 sinu
1440 4120 1682 4192 Abrahw.
1714 4121 1916 4179 Alludit
1946 4127 2013 4183 ad

413 4191 511 4269 lii).
533 4194 595 4269 (te
620 4190 1410 4269 Paradiso,_aut_potius_ad_lib.
1435 4191 1526 4269 IV_.
1544 4192 1673 4269 Ade.
1700 4193 1866 4269 Marc.
1891 4211 2011 4269 cap.

414 4265 472 4330 4,
506 4264 595 4321 ubi
633 4269 819 4335 tractat
857 4261 987 4335 illud
1011 4261 1173 4335 Lucae
1211 4260 1331 4316 XVI
1373 4263 1514 4333 quod
1547 4266 1743 4335 legitur
1772 4266 1841 4321 de
1894 4260 2014 4325 sine

412 4335 678 4408 Abrahae,
714 4334 766 4388 in
809 4348 916 4402 quo
942 4331 1129 4408 Laz_ari
1169 4331 1536 4408 refrigerium;
1577 4331 1632 4408 et
1677 4337 1746 4393 de
1785 4337 2009 4408 inferis,

414 4406 503 4462 ubi
522 4406 725 4461 directe
743 4413 1007 4460 tormenta
1021 4404 1417 4472 describuntur,
1436 4406 1724 4463 ostendens
1735 4409 1876 4465 aliud
1894 4404 2015 4469 esse

310 4548 319 4551 _
413 4477 642 4551 inferos,
667 4475 809 4551 aliud
832 4475 1283 4551 sinuntAbrahat.
1306 4477 1442 4551 PAttl.

603 4548 667 4603 In
689 4549 795 4633 ﬁlio
823 4564 975 4633 opere
995 4549 1254 4633 digestum
1280 4549 1415 4633 quod
1439 4549 1786 4633 inscribimus.
1796 4622 1807 4633 .
1832 4550 1910 4608 De
1922 4570 2011 4625 spe

360 4629 380 4684 ,7
413 4618 664 4702 meum.
689 4618 1140 4702 HoeTertulliaui
1164 4618 1670 4702 optts_Agobardino
1690 4622 1875 4702 codice
1891 4618 2013 4702 con;

362 5308 388 5341 β

333 5348 364 5399 ι(

414 4690 707 4766 tinebatur,
737 4700 831 4766 aut
855 4705 920 4766 e_o
937 4699 1085 4766 certe
1113 4690 1406 4766 exemplari
1432 4692 1574 4748 unde
1597 4708 1755 4766 suum
1778 4694 2007 4766 describi

413 4764 620 4834 curavit
645 4759 981 4834 Agebardus.
1012 4759 1143 4817 Nam
1175 4759 1229 4834 et
1256 4759 1417 4834 liodic
1431 4773 1707 4834 comparet
1725 4764 1908 4821 titulus
1928 4769 2008 4820 in-

416 4841 501 4890 ter
520 4832 688 4888 libros
716 4832 900 4903 viginti
931 4841 1158 4905 quatuor
1187 4832 1364 4888 indice
1389 4832 1825 4905 comprehensos.
1851 4836 2009 4893 Istius

414 4914 594 4976 autem
626 4902 806 4974 operis
835 4904 1076 4976 meminit
1099 4902 1453 4972 lIierouymus
1482 4902 1533 4960 in
1562 4906 1723 4976 Papia
1754 4908 2011 4976 Hierapo-

414 4975 604 5039 Iitano,
627 4985 682 5031 et
707 4990 825 5044 cap.
868 4974 940 5030 36
976 4976 1422 5041 Commentarior,
1447 4976 1501 5030 in
1536 4974 1891 5043 Ezech'ielem,
1920 4974 2006 5034 at-

415 5062 523 5121 que
561 5047 724 5103 etiam
769 5047 822 5101 in
869 5046 1187 5147 Praefatioue
1232 5046 1425 5102 decimi
1461 5049 1633 5104 octavi
1796 5049 2008 5109 Isaiam.

1751 5137 1820 5174 lc.

1751 5137 1820 5177 IG.

486 5189 568 5263 (c)
607 5188 674 5244 In
702 5189 906 5245 civitate
930 5188 1090 5263 divini
1110 5190 1278 5263 operis
1315 5186 1631 5263 Hierusalem
1663 5192 1789 5246 creto
1817 5191 2011 5248 delata.

385 5260 652 5330 (Auream
676 5272 841 5334 atque
868 5262 1191 5334 gemmatam
1230 5260 1490 5334 Ain_terris
1516 5262 1852 5334 Hierusalem
1893 5278 2015 5334 spe-

417 5334 611 5391 rabant
634 5330 795 5405 nimis
820 5330 1021 5405 creduli
1045 5331 1283 5405 judaicis
1297 5330 1512 5405 fabulis,
1540 5348 1671 5405 quas
1693 5332 1766 5387 illi
1795 5330 2011 5405 δεντερὠ-

417 5428 513 5469 m;
539 5403 917 5472 appellabant,
944 5403 1152 5472 decepti
1177 5403 1352 5457 verbis
1373 5403 1690 5473 quibusdam
1716 5403 2009 5460 Ezechielis

420 5487 473 5531 et
506 5473 1305 5545 lsaia:_perperamintellectis.
1353 5472 1702 5544 Inde_Papias
1733 5476 1963 5545 primum
1991 5515 2005 5540 ,

418 5560 545 5601 mox
576 5553 630 5597 et
653 5542 910 5609 Justitms,
939 5542 1031 5614 qui
1062 5546 1204 5599 viros
1233 5559 1295 5599 ea
1324 5558 1421 5615 spe
1460 5542 1755 5615 gaudentes
1783 5550 2008 5617 ἆρ’)ογνὼ·

419 5638 565 5689 μέθης
593 5618 716 5689 aqu-3t
736 5618 894 5671 πάντα
920 5618 1237 5689 Χριίῃανοὺς
1260 5624 1448 5689 vocat;
1473 5624 1582 5689 tum
1603 5625 1659 5670 et
1676 5617 1933 5689 Irentuus,
1955 5625 2011 5671 et

419 5684 713 5760 Septimius
733 5696 934 5755 noster,
956 5684 1011 5745 et
1040 5685 1344 5745 Victorinus
1366 5685 1718 5746 Pictaviensis
1739 5728 1754 5757 ,
1785 5695 1841 5745 et
1868 5685 2005 5745 Lac-

2118 4131 2351 4205 tantius,
2383 4138 2438 4191 et
2474 4129 2613 4205 alii._
2637 4129 2997 4205 Hieronymus
3035 4130 3088 4186 in
3108 4129 3241 4205 illa
3263 4128 3329 4187 ad
3356 4129 3548 4205 Isaiam
3580 4145 3724 4203 pne-

2120 4196 2349 4275 fatione,
2376 4196 2736 4275 compositum
2770 4196 2934 4275 fuisse
2971 4205 3046 4257 ait
3075 4202 3142 4258 ab
3184 4196 3441 4275 Dionysio
3481 4196 3724 4275 Alcimu-

2119 4272 2274 4345 drino
2301 4270 2802 4329 librum—adversus
2847 4271 3106 4345 Irenaeum
3132 4316 3147 4341 ,
3194 4270 3365 4345 coque
3393 4274 3530 4329 libro
3568 4270 3727 4345 fabu-

2121 4344 2227 4403 lam
2259 4345 2535 4415 eleganter
2558 4345 2816 4416 derisatn.
2843 4344 3172 4416 Augustinus
3196 4342 3294 4399 lib.
3316 4358 3381 4416 xx
3406 4344 3726 4402 deCivﬂam

2037 4441 2092 4505 Β
2124 4416 2239 4505 Dei,
2278 4418 2585 4505 opinionem
2631 4415 2799 4505 fuisse
2837 4416 2912 4498 ait
2936 4415 3238 4505 utcumque
3268 4415 3602 4505 tolerabilem
3626 4456 3645 4483 ,
3674 4417 3725 4473 si

2118 4484 2542 4557 aliqum’dclicize
2564 4487 2833 4558 Spiritales
2857 4488 2909 4541 in
2936 4484 3294 4558 illosabbato,
3330 4489 3433 4542 huc
3459 4497 3562 4549 est.
3594 4503 3726 4558 scp-

2118 4559 2248 4613 tiuto
2288 4557 2604 4615 millenario’
2645 4573 2909 4613 annorum
2963 4557 3208 4613 aﬂ'ntura:
3246 4558 3455 4613 sanctis
3495 4564 3589 4621 per
3614 4557 3726 4621 Bb—

2115 4628 2243 4683 tnini
2296 4630 2638 4700 praesentiam
2691 4628 3064 4700 crederentur.
3108 4629 3250 4700 Quin
3294 4631 3457 4699 etiam
3488 4626 3724 4700 ausum

2113 4699 2380 4771 opinionis
2409 4702 2644 4771 seipsum
2672 4699 2961 4772 aliquando
2988 4699 3154 4757 fuisse
3176 4699 3394 4763 fatetur:
3422 4699 3575 4757 th‘.’
3668 4700 3671 4707 “

2184 4792 2523 4869 (d)_0enique
2561 4793 2790 4869 proxime
2812 4794 3122 4869 expunctum
3148 4803 3222 4869 est
3247 4793 3484 4869 originali

2113 4865 2247 4918 tione
2268 4865 2481 4930 Severi,
2512 4865 2739 4929 scilicet,
2762 4865 3020 4923 adversus
3050 4865 3294 4931 Parthos.
3333 4865 3452 4922 Ille.
3479 4878 3554 4906 —‘-
3580 4865 3722 4922 Pro-

2116 4935 2313 5005 tligium
2347 4935 2488 5007 istud
2528 4935 2786 4993 hactenus
2835 4937 3075 5006 reperire
3104 4936 3243 5007 apud
3273 4939 3551 5003 ethnicos,
3602 4936 3725 4995 imo

2116 5021 2215 5061 nec
2269 5005 2411 5078 apud
2465 5008 2856 5062 ecclesiasucos
2901 5005 3151 5062 ltistorttc
3208 5008 3497 5078 scriptores
3525 5009 3674 5078 potui
3703 5050 3721 5074 ,

2116 5092 2282 5148 quare
2316 5080 2500 5132 lectori
2538 5078 2778 5148 diligenti
2817 5079 3188 5147 inquirendum
3235 5079 3480 5148 relinquo
3505 5119 3520 5140 ,
3560 5094 3627 5134 an
3662 5079 3725 5135 in

2116 5150 2457 5223 expeditione
2480 5149 2942 5223 orientalitﬁeveri
2970 5148 3317 5223 [inperatoris
3332 5150 3540 5223 _de"qu.a
3562 5149 3725 5223 loqui

2119 5218 2329 5291 videtur
2354 5222 2558 5285 Auctor
2585 5218 2784 5287 aliquid
2814 5221 2919 5274 tale
2936 5221 3223 5292 contigerit
3248 5221 3303 5277 in
3322 5220 3530 5277 Iudaea.
3570 5219 3723 5277 PAI.

2186 5310 2268 5382 (c)
2296 5310 2504 5367 Constat
2530 5312 2663 5383 enim
2692 5310 2923 5365 Etlmicis
2945 5329 3139 5382 quoque
3165 5304 3387 5383 testibus.
3412 5312 3582 5383 A‘tQuc
3608 5310 3726 5383 hoc

2114 5382 2253 5453 inter
2300 5382 2535 5452 prodigia
2574 5382 2754 5437 relato
2783 5383 3043 5439 credibile
3081 5394 3164 5440 est
3191 5382 3571 5453 Clrilia‘sraruln
3596 5382 3724 5443 sm

2114 5452 2485 5509 miliariorum
2536 5454 2847 5524 opinionem
2900 5454 3054 5512 valde
3099 5453 3468 5580 conﬁrmatam
3523 5454 3719 5510 ruisse.

3368 5539 3437 5580 te.

3368 5539 3437 5583 I6.

2187 5615 2264 5701 (ly)
2295 5617 2709 5701 Conﬁngratione
2755 5620 3045 5701 acamisso.
3088 5616 3217 5697 Igne
3258 5619 3405 5699 dato.
3448 5617 3722 5701 Nimirum

2115 5682 2366 5763 suprema
2397 5682 3011 5764 malettvpdtezt.RIG."
3115 5682 3203 5697 VH
3267 5682 3291 5697 ί
3360 5682 3373 5699 θ
3486 5682 3501 5701 1
3566 5682 3595 5702 ’ὲ
