4020 6286
332 232 433 293 361

397 349 711 420 Herodem,
732 359 1079 434 cruciﬁxione,
1119 366 1281 441 signis
1303 370 1359 429 in
1388 388 1566 449 morte,
1589 383 1921 458 aspiratione,

394 456 444 499 et
471 445 744 518 sepulturti
770 452 998 514 Domini.

320 532 477 592 CAP.
509 538 698 597 XLIII.
723 541 951 617 Denique
977 566 1040 605 ea:
1074 567 1189 621 cap.
1217 555 1385 614 XXIV
1411 560 1575 633 Luca,
1602 566 1668 623 de
1691 570 1920 627 mulieri-

389 628 484 684 bus
517 632 591 685 ad
618 636 903 705 sepulcrum
933 657 1046 696 cum
1071 645 1285 704 odorum
1310 664 1577 723 paratura,
1606 659 1669 715 de
1693 678 1918 719 resurre-

387 723 560 779 ctione
572 739 686 797 post
706 727 932 801 biduum,
948 736 1013 792 de
1033 742 1436 819 apparitionibus
1451 750 1658 818 Christi,
1674 771 1788 826 qua:
1808 774 1920 812 mu-

385 817 891 894 lieribus,discipulis
903 843 963 883 ac
973 829 1014 883 Α
1020 835 1227 900 postolis
1239 817 1394 908 facta:
1404 852 1595 912 sunt,et
1607 817 1671 902 de
1682 817 1919 906 missione

381 908 754 980 Apostolorum
777 919 845 972 ad
871 923 1256 993 prazdicandum
1285 908 1538 991 universis
1565 937 1875 995 nationibus.

844 1055 1076 1116 CAPUT
1102 1060 1388 1123 PRIMUM.

376 1184 611 1244 Omnem
642 1194 960 1251 sententiam
993 1196 1071 1272 (α)
1099 1211 1153 1258 et
1182 1218 1397 1262 omnem
1430 1221 1735 1281 paraturam
1764 1216 1912 1289 impii

301 1285 467 1348 atque
497 1282 747 1354 sacrilegi
776 1285 1058 1345 Marcionis
1101 1292 1168 1348 ad
1219 1295 1390 1367 ipsum
1413 1297 1525 1371 jam
1557 1282 1910 1378 Evangelitim

248 1407 272 1454 τ
301 1371 422 1440 ejus
455 1389 833 1444 provocamus,
879 1383 1019 1453 quod
1064 1384 1440 1460 interpolando
1478 1411 1635 1462 suum
1665 1371 1806 1456 fecit.
1840 1403 1906 1460 Et

252 1442 259 1454 ’
298 1473 357 1518 ut
389 1464 558 1522 fidem
607 1470 916 1541 instrueret,
964 1476 1142 1536 dotem
1187 1485 1474 1553 quamdam
1518 1503 1910 1571 commentatus

298 1567 383 1613 est
409 1559 510 1626 illi,
558 1578 696 1634 opus
730 1582 795 1621 ex
836 1573 1274 1631 contrarietatum
1320 1582 1765 1653 oppositionibus,
1803 1565 1909 1645 Au-

299 1651 507 1708 titheses
550 1659 983 1724 cognominatum
1017 1662 1117 1734 (ὁ),
1145 1676 1200 1722 et
1237 1668 1305 1725 ad
1325 1675 1717 1743 separationem
1748 1678 1907 1752 Legis

297 1752 353 1799 et
378 1744 664 1818 Evangelii
693 1762 961 1822 coactum,
1003 1772 1103 1827 qua
1132 1759 1268 1817 duos
1302 1763 1441 1821 Deos
1471 1766 1738 1839 dividens,
1771 1787 1899 1844 pro-

298 1835 425 1891 inde
444 1837 716 1907 diversos,
747 1842 975 1900 alterum
1000 1849 1218 1906 alterius
1234 1852 1600 1929 Instrumpnti,
1633 1835 1902 1937 vel(qu0d

219 1970 261 1989 ..
296 1931 471 1999 magis
498 1931 616 1986 usui
636 1930 656 2005 (
668 1932 714 2006 Ι)
737 1946 818 2017 est
839 1936 1040 2010 dicere)
1058 1939 1420 2013 Testamenti;
1450 1960 1505 2005 ut
1524 1951 1718 2009 exinde
1731 1930 1905 2011 Evan-

295 2022 437 2092 gelio
465 2040 684 2096 quoque
709 2031 1004 2087 secundum
1031 2036 1326 2095 antitheses
1353 2041 1629 2100 credendo
1670 2049 1902 2120 patroci-

295 2126 541 2175 naretur.
574 2120 681 2176 Sed
712 2130 766 2177 et
800 2123 931 2181 istas
980 2130 1194 2200 proprio
1219 2146 1507 2206 congressu
1546 2140 1812 2208 cominus,
1846 2143 1902 2200 id

294 2216 398 2275 est,
449 2225 553 2280 per
597 2212 835 2283 singulas
885 2217 1199 2288 injectiones
1244 2223 1446 2284 Pontici
1484 2231 1825 2304 cecidissem,
1855 2237 1901 2293 si

296 2318 400 2358 non
429 2304 608 2361 multo
636 2311 988 2378 Opportunius
1017 2313 1068 2368 in
1103 2316 1219 2386 ipso
1267 2329 1321 2375 et
1363 2336 1486 2377 cum
1515 2324 1632 2395 ipso
1659 2327 1897 2403 Evange-

293 2390 386 2459 Iio,
416 2397 505 2452 cui
560 2392 868 2468 pret-urant,
916 2406 1354 2468 retunderentur.
1409 2390 1740 2488 Quamquam
1793 2431 1900 2478 tam

292 2484 449 2543 facile
476 2499 566 2543 est
597 2494 963 2564 pra-scriptive
988 2511 1292 2569 occurrere,
1322 2513 1373 2560 et
1398 2484 1611 2576 quidem
1631 2509 1713 2585 (2)
1737 2522 1903 2570 utae-

292 2590 446 2651 cepto
464 2597 566 2638 eas
593 2582 808 2655 faciam,
843 2598 899 2644 ut
923 2600 1039 2646 rato
1063 2591 1312 2666 habeam,
1337 2608 1394 2654 ut
1422 2601 1700 2661 nobiseum
1722 2605 1902 2667 facere

290 2674 484 2741 dicam,
517 2693 632 2746 quo
658 2682 825 2752 magis
844 2682 912 2737 de
938 2688 1177 2745 cmcitate
1207 2694 1443 2751 auctoris
1467 2698 1549 2753 sui
1580 2699 1900 2761 erubescant

289 2779 488 2826 nostra:
531 2771 649 2842 jam
695 2776 989 2835 antitheses
1032 2780 1291 2841 adversus
1332 2786 1676 2849 Marcionem.
1723 2797 1900 2868 Atque

288 2862 561 2919 confiteor
576 2865 738 2920 alium
766 2868 1005 2926 ordinem
1023 2873 1412 2936 decucurrisse
1427 2881 1477 2937 in
1494 2887 1659 2942 veteri
1672 2887 1900 2959 disposi-

287 2953 430 3011 tione
454 2956 607 3027 apud
631 2958 964 3031 Creatorem,
995 2967 1158 3022 alium
1190 2971 1241 3024 in
1277 2988 1411 3030 nova
1435 2978 1574 3047 apud
1602 2953 1897 3040 Christum.

286 3044 399 3102 Non
431 3066 581 3121 nego
629 3050 833 3110 distare
874 3056 1192 3117 documenta
1224 3063 1449 3137 eloquii,
1470 3044 1767 3143 praecepta
1788 3076 1897 3131 vir-

285 3143 433 3212 tutis,
468 3145 615 3217 lcgis
639 3147 950 3221 disciplinas
979 3169 993 3219 ;
1026 3154 1152 3211 dum
1181 3166 1358 3217 tamen
1392 3172 1498 3219 tota
1525 3165 1813 3225 diversitas
1840 3170 1894 3227 in
1921 3183 1968 3247 ρ

282 3250 445 3292 unum
477 3248 543 3294 et
582 3241 832 3298 eumdem
883 3245 1048 3302 Deum
1088 3263 1395 3322 competat;
1439 3256 1587 3314 illum
1636 3260 1897 3321 sciliceta

282 3343 386 3399 quo
411 3340 636 3385 constat
655 3331 733 3402 (5)
758 3333 1094 3405 dispositam,
1121 3340 1254 3397 sicut
1282 3352 1337 3399 et
1366 3347 1727 3416 prtedicatam.
1754 3354 1895 3412 Olim

279 3422 646 3477 concinnatur
683 3422 848 3482 Isaias
878 3425 978 3500 (Is.
1007 3429 1073 3499 Il,
1107 3433 1164 3505 5)
1183 3475 1199 3499 ,
1228 3437 1549 3506 proditurum
1580 3459 1644 3498 ex
1669 3444 1798 3502 Sion
1822 3449 1897 3505 le-

278 3530 413 3585 gem,
436 3525 487 3570 ct
516 3532 801 3573 sermonem
827 3518 1031 3576 Domini
1053 3541 1118 3580 ea:
1145 3526 1464 3587 Hierusalem
1484 3549 1504 3589 .'
1524 3534 1682 3592 aliam
1712 3540 1895 3611 utique

280 3604 476 3678 legem,
521 3607 798 3680 aliumque
825 3628 1150 3672 sermonem.
1198 3618 1474 3695 Denique:
1501 3626 1783 3701 Judicaliit,
1813 3634 1894 3689 in-

279 3699 413 3769 quit,
430 3701 578 3757 inter
600 3705 848 3773 nationes,
865 3717 911 3761 et
933 3709 1164 3766 trnducet
1188 3718 1434 3785 populant
1456 3721 1769 3792 plurimum;
1789 3729 1895 3785 sci-

282 3788 406 3849 licet
437 3809 557 3849 non
590 3795 748 3851 unius
776 3800 950 3869 gentis
975 3801 1304 3873 Jndzeorum,
1337 3810 1431 3866 sed
1458 3816 1893 3892 natiomnn,qu:e

280 3896 376 3954 per
391 3900 600 3940 novam
627 3886 797 3958 legem
828 3889 1100 3964 Evangelii
1130 3906 1184 3951 et
1198 3913 1395 3957 novum
1415 3917 1718 3964 sermonem
1751 3912 1895 3982 Apo-

279 3976 554 4034 stolorum
569 3977 881 4049 judicantur
891 3996 944 4041 et
962 3985 1310 4046 traducuntur
1327 3995 1466 4065 apud
1488 3976 1815 4071 semetipsas
1827 4004 1896 4061 de

282 4071 521 4140 pristino
548 4087 761 4142 errore,
788 4077 949 4132 simul
976 4079 1341 4153 crediderunt,
1370 4097 1529 4159 atque
1549 4092 1745 4149 exinde
1763 4110 1895 4153 con-

282 4161 475 4219 cidunt
518 4164 824 4223 machxras
874 4185 999 4227 suas
1042 4175 1094 4227 in
1122 4184 1335 4245 aratra;
1382 4188 1437 4236 et
1459 4181 1699 4255 sibynas,
1750 4189 1892 4259 quod

283 4271 456 4329 genus
484 4260 875 4317 venabulorum
899 4275 1002 4333 ρει,
1033 4266 1084 4321 in
1114 4266 1300 4336 falces,
1328 4270 1379 4327 id
1404 4283 1505 4342 est,
1537 4274 1681 4334 feros
1704 4289 1758 4335 et
1785 4296 1889 4337 sa:-

282 4363 378 4406 vos
404 4350 691 4424 quondam
719 4354 929 4413 animos
953 4371 1273 4418 convertunt
1299 4364 1349 4419 in
1377 4381 1570 4426 sensus
1587 4373 1806 4442 probos,
1837 4387 1893 4433 et

278 4440 437 4500 bona
450 4443 628 4516 frugis
647 4449 936 4517 operarios.
959 4451 1028 4507 Et
1050 4469 1232 4511 rursus
1251 4455 1350 4528 (Is.
1372 4459 1460 4529 LI,
1474 4462 1535 4535 4)
1556 4440 1771 4525 εᾸυάὶιθ
1789 4488 1889 4539 me,

1372 256 1503 319 LIB.
1543 262 1614 320 IV
1669 264 2035 334 ADVERSUS
2071 274 2496 348 MARCIONEM.

3511 319 3621 380 56").

1950 394 2000 455 Α
2029 393 2082 450 in
2112 413 2209 464 me,
2236 406 2475 469 quoniam
2503 409 2587 466 lea:
2612 415 2835 483 prodibit
2854 436 2888 475 a
2908 438 3005 491 me,
3034 437 3080 481 et
3098 428 3356 498 judicium
3383 452 3545 494 meum
3566 442 3621 496 in

2024 486 2186 545 lucem
2203 496 2486 568 nationum,
2513 518 2621 571 quo
2651 505 3161 590 judicaveiatatque
3191 522 3498 585 decreverat
3529 550 3624 586 na-

2027 579 2199 639 tiones
2216 603 2430 661 quoque
2448 591 2827 658 illuminandas
2846 620 2942 675 per
2961 607 3231 683 Evangelii
3259 618 3432 690 legem
3452 633 3616 693 atque

2021 685 2344 735 sermonem.
2390 682 2517 741 Ilmc
2545 690 2648 745 erit
2678 692 2761 748 lex
2792 696 2874 769 (5)
2900 701 3041 771 apud
3076 682 3237 762 David
3285 682 3616 784 invitupei-a-

2024 760 2142 784 μη,
2408 773 2430 784 -

2020 760 2167 833 bilis.
2188 784 2288 838 ειυει
2308 773 2561 845 perfecta,
2579 787 3136 863 cein'crtenslanimas,
3158 798 3337 870 utique
3367 803 3434 858 ab
3462 808 3617 865 idolis

2017 857 2084 911 ad
2116 858 2305 919 Deum.
2336 864 2435 925 Hic
2458 870 2561 926 erit
2584 884 2639 930 et
2662 892 2873 947 sermo,
2897 857 2965 940 de
2989 902 3095 957 quo
3121 857 3269 949 idem
3308 894 3472 954 Isaias
3511 900 3611 972 (Is.

2018 945 2062 972 ν
2118 948 2208 972 αθ)
2273 954 2314 972 Λ
2427 961 2438 972 ⁸
2567 964 2579 972 ⁵
2698 969 2706 972 ‘

2859 945 2866 947 ,
3006 945 3020 957 .
3308 945 3472 954 --ρ-..ν
3511 945 3611 972 νυ-

2018 945 2089 1014 X,
2118 948 2210 1023 23)
2231 972 2244 1008 :
2269 954 2541 1029 Quoniam,
2567 964 2754 1037 inquit,
2778 971 3002 1030 decisum
3022 995 3301 1039 sermonem
3324 991 3474 1058 faciet
3502 992 3612 1047 Do-

3234 1038 3237 1039 ν
3272 1038 3275 1039 ,
3502 1038 3580 1047 --..

2017 1038 2186 1096 minus
2214 1043 2269 1098 in
2296 1056 2449 1105 terra.
2496 1051 2941 1127 Compendiatum
2973 1078 3054 1124 est
3080 1075 3221 1129 enim
3263 1075 3472 1137 Novum
3499 1083 3607 1141 Tc-

2016 1138 2364 1206 “amemums
2401 1141 2478 1212 (ε)
2505 1154 2559 1201 et
2585 1146 2668 1220 (6)
2701 1151 2833 1224 legis
2857 1157 3126 1217 laciniosis
3155 1160 3411 1226 oneribus
3441 1190 3608 1245 exite.

2014 1222 2203 1281 ditum.
2238 1229 2344 1287 Sed
2371 1235 2498 1305 quid
2516 1222 2817 1309 pluribus?
2845 1264 2968 1307 cum
3008 1258 3365 1329 manifestius,
3410 1276 3463 1322 et
3491 1222 3608 1328 liice

2013 1315 2127 1388 ipsa
2167 1320 2365 1381 clarius
2391 1333 2603 1388 novalio
2631 1338 2951 1406 pra-dicetur
2980 1362 3009 1399 a
3036 1346 3290 1411 Creatore
3333 1373 3427 1427 per
3452 1378 3604 1421 euin-
3670 1348 3677 1349 ί

2011 1410 2134 1469 dem
2184 1415 2289 1487 (Is.
2335 1420 2521 1491 XLIII,
2553 1427 2643 1499 18)
2673 1446 2692 1484 :
2718 1431 2802 1488 Ne
2847 1441 3229 1500 rememineritis
3278 1410 3607 1521 mini-tinnit

2010 1506 2222 1578 antiqua
2246 1527 2309 1565 ne
2327 1515 2683 1586 cogitaveritis.
2721 1522 2901 1582 Vetera
2923 1535 3253 1607 transierunt,
3278 1558 3406 1598 nova
3426 1549 3603 1602 oriun-

2011 1603 2114 1654 tur.
2145 1596 2283 1656 Ecce
2323 1606 2458 1675 facio
2499 1625 2660 1678 nova,
2699 1616 2823 1686 qute'
2855 1636 2990 1675 nunc
3031 1627 3273 1684 orientur.
3318 1632 3464 1691 Idem
3510 1655 3604 1710 per

2011 1686 2196 1710 Ili---_
2230 1693 2272 1710 ο,
2364 1697 2408 1710 ιι
2598 1704 2668 1710 -..-
2714 1709 2740 1710 η

2010 1686 2332 1750 Hieremiam
2357 1697 2569 1768 (Ierem.
2598 1704 2686 1774 IV,
2709 1709 2766 1780 '5)
2793 1726 2806 1764 :
2843 1711 3055 1771 Novate
3070 1721 3205 1776 vobis
3234 1740 3476 1797 uopamen
3507 1686 3602 1787 irro-

1931 1789 1980 1851 B
2008 1799 2154 1850 vum,
2187 1798 2234 1843 et
2274 1806 2338 1846 ne
2361 1797 2586 1853 severitis
2622 1800 2674 1855 in
2699 1805 2908 1875 spinas,
2935 1820 2983 1864 et
3020 1814 3441 1878 circumcidimini
3467 1844 3603 1895 pra:-

2008 1877 2150 1945 putia
2167 1879 2248 1951 (7)
2264 1882 2431 1940 cordis
2454 1891 2601 1943 vestri
2619 1908 2641 1956 ,'
2666 1902 2722 1949 el
2743 1896 2870 1952 alibi
2891 1899 3099 1972 (Ierem.
3126 1877 3607 1985 XXX1.5I):'Ecce

2005 1969 2210 2024 veniunt
2227 1971 2304 2043 (8)
2323 1975 2451 2044 dies,
2473 1980 2598 2036 dicit
2616 1969 2959 2058 Dominum-et
2976 1999 3237 2066 per/icium
3253 1969 3427 2060 domui
3442 2008 3604 2066 Jacob

2006 2068 2052 2113 et
2077 2061 2251 2117 domui
2268 2064 2306 2119 Ι
2309 2068 2412 2122 uda
2432 2080 2782 2133 testamentum
2807 2097 3009 2154 novum,
3033 2104 3134 2144 non
3157 2096 3430 2152 secundum
3454 2112 3605 2156 testa-

2006 2165 2230 2210 mentum
2252 2162 2390 2231 quod
2407 2164 2638 2237 disposui
2657 2174 2885 2241 patribus
2904 2195 3079 2236 eorum
3104 2185 3255 2242 indie
3278 2207 3378 2258 qua
3406 2195 3605 2266 arripui

3289 2244 3301 2258 ι
3412 2244 3448 2246 ⁷”
3470 2244 3480 2248 ⁷
3500 2244 3604 2266 'r‘"

2005 2244 2386 2317 dispositionem
2407 2271 2604 2325 eorum,
2625 2263 2694 2315 ad
2714 2265 2998 2325 educendos
3017 2289 3101 2328 eos
3122 2277 3184 2330 de
3203 2288 3335 2333 terra
3359 2281 3604 2356 zEgypti.

2017 2336 2036 2356 Α
2072 2337 2085 2356 Ι
2102 2355 2112 2356 7
2139 2355 2147 2356 ί
2242 2343 2253 2354 ι
2293 2343 2325 2356 Α.

2005 2336 2158 2396 Adeo
2174 2343 2454 2412 pristinum
2477 2359 2849 2415 testamentum
2867 2369 3160 2436 temporale
3175 2336 3462 2444 signiﬁcat:

1922 2478 1927 2483 .
2003 2436 2260 2493 mutabile
2298 2442 2565 2512 ostendit,
2613 2450 2774 2506 etiam
2809 2453 2935 2510 dum
2975 2436 3250 2519 πίει-πιαιιῖ
3274 2466 3343 2524 de
3387 2480 3603 2540 postero

2006 2525 2308 2594 pollicetur.
2352 2533 2485 2592 Nam
2528 2554 2623 2608 per
2651 2539 2840 2601 Isaiam
2869 2547 2969 2620 (Is.
2998 2551 3113 2622 ιν,
3146 2557 3241 2627 δ);
3277 2525 3473 2618 Audite
3493 2525 3598 2635 ille,

2002 2625 2050 2670 et
2075 2620 2266 2690 vinetis,
2312 2633 2359 2678 et
2385 2624 2657 2698 disponam
2692 2635 2832 2692 vobis
2872 2648 3265 2714 testamentum;
3300 2651 3598 2723 adjicicns:

2003 2706 2200 2767 Sancta
2227 2723 2274 2768 et
2293 2716 2469 2784 fidelia
2498 2720 2703 2791 David;
2731 2738 2785 2781 ut
2812 2730 2864 2786 id
2889 2741 3265 2797 testamentum
3298 2706 3598 2808 in'Cbristo

2001 2800 2353 2863 decursurum
2375 2808 2770 2874 demonstraret
2791 2821 2897 2893 (9).
2921 2824 3183 2887 Eumdem
3208 2850 3271 2890 ex
3289 2853 3484 2909 genere
3510 2844 3604 2901 Da-

2002 2893 2087 2949 vid
2109 2899 2403 2956 secundum
2426 2903 2605 2962 Mariae
2625 2923 2870 2982 censum,
2889 2918 3048 2974 etiam
3074 2922 3126 2978 in
3147 2926 3290 2998 virga
3317 2946 3385 2986 ex
3420 2937 3600 2995 radice

2000 2986 2153 3045 Iesse
2192 3007 2507 3063 processura
2548 3000 2789 3070 figurate‘
2810 3011 3156 3078 praadicabat.
3204 2986 3368 3090 Igitur
3393 3028 3437 3081 si
3462 3029 3596 3087 alias

2000 3079 2182 3153 leges,
2222 3085 2464 3158 aliosque
2500 3104 2820 3164 sermones,
2864 3110 2918 3156 et
2946 3119 3112 3162 novas
3159 3119 3597 3178 testamentorum

2000 3172 2379 3244 dispositiones
2404 3197 2433 3234 a
2463 3180 2721 3244 Creatore
2746 3189 2880 3246 dixit
2910 3192 3134 3265 futuras,
3177 3211 3233 3258 ut
3259 3208 3420 3264 etiam
3453 3212 3596 3283 ipso-

2000 3278 2118 3319 rum
2137 3267 2524 3329 sacriliciorum
2546 3275 2648 3332 alia
2668 3279 2843 3337 officia
2868 3286 3095 3359 potiora,
3130 3303 3185 3349 et
3213 3299 3425 3366 quidem
3453 3267 3595 3376 apud

2001 3357 2247 3416 nationes
2285 3362 2605 3437 destinarit,
2652 3371 2865 3433 dicente
2892 3357 3148 3440 Malachia
3181 3357 3336 3461 (illul.
3367 3357 3595 3463 LII;

2001 3448 2092 3523 Il)
2118 3466 2130 3504 :
2167 3449 2289 3508 Non
2313 3465 2388 3509 est
2408 3457 2639 3518 voluntas
2660 3482 2771 3521 mea
2797 3469 2850 3523 in
2876 3475 3032 3543 vobis,
3063 3448 3223 3546 inquit
3251 3484 3522 3559 Dominus,
3545 3509 3594 3552 et

1995 3542 2249 3613 sacriﬁcia
2278 3557 2438 3604 vestra
2467 3568 2567 3607 non
2596 3557 2850 3628 excipiam
2877 3564 2940 3619 de
2964 3570 3195 3628 manibus
3223 3581 3392 3635 vestris
3413 3600 3435 3650 ;
3462 3603 3593 3656 quo-

3353 3633 3384 3635 ,_
3413 3633 3430 3650 ,
3463 3633 3586 3656 1.--,

1998 3633 2134 3689 niam
2163 3654 2196 3692 a
2219 3639 2341 3695 solis
2367 3651 2482 3697 ortu
2508 3660 2667 3718 usque
2687 3652 2756 3705 ad
2795 3670 3030 3713 occasum
3072 3665 3415 3737 gloriﬁcatum
3443 3690 3516 3733 est
3540 3680 3594 3736 in

1998 3727 2288 3785 nationibus
2334 3748 2518 3790 nomen
2563 3754 2758 3812 meum,
2789 3754 2836 3798 et
2871 3747 2927 3803 in
2961 3755 3100 3807 onmi
3127 3756 3237 3812 loco
3284 3768 3594 3835 sacriﬁcium

1998 3819 2189 3874 nomini
2234 3839 2346 3878 meo
2375 3824 2607 3897 o/fertur,
2635 3841 2684 3886 et
2721 3838 3031 3907 sacri/icium
3075 3850 3353 3922 mundum,
3388 3860 3596 3919 scilicet

1995 3910 2222 3982 simplex
2249 3917 2421 3973 oratio
2450 3919 2517 3976 de
2537 3926 2861 3983 conscientia
2890 3946 3021 4003 pura
3052 3953 3065 3990 :
3101 3955 3321 4001 necesse
3347 3960 3448 4015 est,
3474 3969 3593 4009 ome

1998 4001 2080 4058 nis
2109 4004 2403 4063 demutatio
2448 4013 2668 4071 veniens
2694 4034 2760 4074 ex
2803 4001 3178 4098 innovatione,
3223 4034 3589 4104 diversitatem

1998 4098 2143 4155 ineat
2169 4115 2291 4156 cum
2323 4100 2406 4159 Itis
2427 4121 2653 4176 quorum
2685 4112 2765 4181 fit,
2797 4124 2851 4171 et
2875 4123 3308 4184 contrarietatem
3332 4147 3396 4188 ex
3418 4134 3593 4196 diver-

1996 4191 2175 4248 sitate.
2202 4192 2352 4250 Sicut
2377 4197 2520 4253 enim
2554 4199 2683 4256 nihil
2716 4203 3070 4281 demutatum,
3105 4219 3246 4288 quod
3274 4239 3378 4279 non
3407 4227 3588 4286 diver-

1996 4300 2148 4353 sum;
2177 4286 2245 4341 ita
2279 4287 2407 4345 nihil
2436 4290 2730 4365 diversum,
2756 4301 2896 4368 quod
2926 4319 3031 4360 non
3056 4315 3402 4371 contrarium.
3430 4318 3589 4391 Ejus-

1995 4379 2116 4435 dem
2148 4396 2275 4452 ergo
2308 4382 2651 4453 deputabitur
2689 4392 2848 4448 etiam
2881 4404 3230 4461 contrarietas
3256 4426 3327 4464 ex
3358 4412 3586 4472 diversi-

1995 4482 2125 4542 tate,
2159 4474 2311 4546 cujus
2338 4475 2498 4533 fuerit
2529 4480 2909 4544 demutatio'ex
2936 4491 3296 4556 innovatione.
3339 4503 3437 4572 Qui
3469 4509 3582 4564 dis-

1873 4536 1881 4539 .
2110 4536 2121 4542 .
2223 4536 2242 4546 -
2664 4536 2818 4542 κη---ν
2850 4536 2909 4544 ,η
3339 4536 3437 4572 κ...
3469 4536 3581 4564 ωδ.

279 4536 459 4593 audite
478 4554 585 4605 me,
617 4539 697 4611 (4)
724 4543 944 4614 populus
985 4562 1125 4605 meus
1142 4565 1163 4617 ;
1193 4559 1240 4605 et
1260 4568 1399 4625 reges
1426 4558 1631 4615 auribus
1649 4563 1891 4621 intendite
1916 4560 1971 4622 D
1998 4567 2176 4636 posuit
2201 4568 2642 4646 demutationem,
2675 4575 2777 4635 iste
2816 4582 3046 4642 inStituit
3086 4597 3139 4646 et
3174 4591 3535 4658 diversitatem
3567 4620 3581 4671 ;

1525 4671 1903 4741 LECTIONES
1940 4681 2358 4741 VARIANTES.

360 4740 413 4871 Β
430 4742 861 4871 ἕρὲῗὲεὲξὲεωι.

426 4868 557 4921 Etim
577 4868 697 4920 add.
723 4873 875 4923 Seml.

351 4929 407 4985 ι)
432 4929 501 4982 Et
521 4929 648 4983 add.
670 4932 821 4985 Seml.

424 4990 495 5046 Ει
514 4993 639 5046 add.
666 4995 817 5048 Seml.

2069 4772 2121 4851 ε)
2146 4772 2260 4851 ea
2284 4774 2412 4851 legis
2428 4778 2582 4851 seme-

2069 4772 2121 4837 6)
2146 4772 2210 4825 Et
2229 4786 2260 4826 a
2284 4774 2412 4851 legis
2428 4778 2575 4830 Seml.

2146 4836 2398 4910 Prtepuuo
2421 4839 2575 4892 Seml.

2070 4901 2101 4949 8
2148 4898 2370 4952 Venieut
2388 4902 2545 4955 Seml.

2067 4961 2098 5011 9
2144 4959 2575 5019 Demonstraretur

2067 4961 2098 5011 9

2144 4959 2578 5019 Demonstraretur
2600 4971 2724 5024 Par.
2753 4983 2903 5028 Fran.

1651 5137 2208 5206 COMMENTARIUS.

330 5236 501 5325 εΑξ).
530 5234 729 5312 I.——(a)
758 5240 823 5298 Et
842 5259 1043 5300 omnem
1058 5258 1375 5318 paraturam.
1401 5253 1516 5311 Hoc
1533 5265 1634 5325 est,
1657 5273 1872 5319 omnem

1096 5296 1375 5306 --_-_._..-.
1401 5296 1516 5311 ..νυ
1534 5296 1616 5313 νο.
1657 5296 1867 5319 omne...

260 5296 578 5398 interimo,
598 5296 811 5370 omnem
835 5296 1274 5388 argumeiitorum
1304 5302 1637 5398 apparatum:
1670 5340 1727 5386 ut
1773 5347 1867 5388 su—

757 5460 1202 5538 cognominatum.
1242 5463 1402 5523 Liber
1424 5479 1538 5525 erat
1562 5470 1866 5538 Marcionis.

423 5520 601 5583 Vetus
643 5520 1108 5607 Testamentu‘m‘a
1136 5532 1285 5593 Novo
1320 5520 1864 5607 *sépéi-Sbiij'éikiiti

446 5608 513 5653 ω
548 5599 886 5674 opponebat:
919 5598 1155 5674 loquitur
1191 5607 1350 5663 etiam
1389 5598 1476 5666 hic
1501 5598 1866 5672 Tertulliauus

384 5662 1147 5749 Wlhlilgnedivaiigelii,
1193 5677 1260 5732 de
1303 5696 1409 5749 quo
1452 5697 1549 5737 nos
1594 5685 1696 5739 alio
1726 5688 1860 5741 lmo.

434 5734 479 5795 ii
526 5734 763 5797 ἠθοηηίιί
812 5734 1258 5805 ΙίΙηῚιιηνυιΙῖιιιιη
1311 5734 1485 5809 esses
1534 5756 1864 5815 'I'crtulltauo

573 5826 1013 5901 Tauranus:
1059 5839 1141 5902 II.

424 5532 470 5611 ν

1982 5265 2688 5368 t:tff:.’:s*:i':2'.92ein.sz.92
2705 5278 2907 5368 suae
2952 5289 3366 5368 seminudo
3394 5297 3571 5368 οκριε-

1977 5338 2180 5426 candqs
2208 5339 2293 5394 hic
2323 5339 2492 5426 locus.
2518 5341 2673 5426 Quod
2702 5338 3574 5426 sisensuhu}inlibris-(oraho-

1976 5409 2062 5464 nis
2104 5408 2361 5465 alienum.
2410 5408 2559 5467 Nam‘
2596 5415 2882 5476 Antitlteses
2923 5408 3572 5555 ιίδοῖέὶὲίξὰιηὶἓὸἶιῖἑξ

3190 5518 3221 5555 Ε
3297 5521 3348 5555 R.

3190 5518 3221 5556 ε
3251 5504 3348 5559 Pu.

2045 5548 2121 5619 (c)
2152 5547 2217 5603 Et
2247 5549 2372 5621 legis
2398 5552 2654 5635 laciniosis
2677 5561 2910 5618 oneribus
2947 5547 3273 5633 expeditum:
3288 5547 3574 5635 incuriosa

1972 5634 2145 5712 operal
2166 5632 2327 5712 νοιῖειιΙ
2340 5622 2670 5703 multiplicia,
2704 5638 2758 5683 et
2782 5648 2900 5699 quae
2929 5622 3175 5693 homines
3188 5622 3574 5712 occupationi:

1974 5691 2068 5712 .,,,,
2120 5690 2272 5712 Α,,.,,,
2575 5710 2582 5712 _
2635 5708 2642 5712 .
2698 5700 2708 5709 .
2861 5704 2891 5712 ..

1972 5691 2072 5744 bus
2115 5690 2469 5761 distinebant,
2496 5690 2663 5751 Vsicut
2698 5690 2915 5770 impedit
2962 5719 3204 5772 gressum
3240 5690 3398 5767 vostris
3431 5715 3576 5773 laci~

1971 5764 2139 5816 niuea.
2178 5763 2347 5817 lines.

2919 5864 3212 5944 (Dousa)
