4020 6286
384 249 488 313 505

1803 230 1835 284 Ἰ
1850 225 2262 289 Eil'l'llLLlAXl

3584 223 3688 281 564

380 364 470 434 qui
498 359 806 433 praedicavit
830 357 1244 422 innovationem,
1270 354 1369 408 iste
1418 345 1798 422 prtenuntiarit
1836 343 1912 412 (Ι)
1938 349 1991 395 et
2018 342 2066 403 A
2098 357 2194 410 per
2221 342 2398 399 omnia
2448 343 2697 416 congredi
2743 341 3006 403 malumus
3033 340 3142 414 (7),
3166 355 3266 398 nec
3292 340 3690 405 dissimulamus
3730 336 3735 340 ’

385 456 849 512 contrarietatem.
867 449 1003 517 Quid
1024 442 1382 503 dilTerentiam
1400 456 1577 523 rerum
1596 437 1660 493 ad
1685 434 1983 523 distantiam

384 543 757 615 interpretaris
802 538 1168 612 potestatum?
1215 520 1682 608 quid‘antith‘cses
1709 520 1986 607 exemplo-

383 654 501 695 rutn
547 638 852 706 distorques
896 632 1153 688 adversus
1195 627 1545 693 Creatorem,
1589 637 1721 695 quas
1768 619 1819 711 in
1856 616 1985 689 ipsis

382 743 596 801 quoque
644 725 892 783 sensibus
941 732 997 779 et
1044 719 1415 778 affectionibus
1462 716 1576 787 ejus
1614 723 1767 787 potes
1795 724 1983 780 recog-

384 821 653 879 noscere?
685 817 819 892 Ego,
866 816 1035 888 inquit
1058 813 1235 884 (Dent.
1266 810 1485 887 XXXII,
1512 807 1631 879 '59),
1679 804 1981 887 percutiant,

383 922 431 968 et
457 929 545 984 ego
577 909 804 966 satiabo:
838 904 969 977 Ego,
1016 903 1190 974 inquit
1218 901 1263 974 (l
1288 901 1417 973 Reg.
1451 896 1516 967 ll,
1547 895 1627 972 6),
1656 892 1905 960 occidam,
1937 900 1984 984 et

384 982 766 1078 egoﬁviviﬁcabo
791 1017 811 1067 ;
838 997 1059 1055 condens
1087 996 1294 1052 scilicet
1322 992 1421 1067 (Is.
1450 989 1612 1059 XLV,
1642 990 1673 1044 7
1702 987 1721 1061 )
1750 986 1906 1052 mala,
1930 982 1986 1041 et

385 1099 576 1171 faciens
607 1109 818 1168 pacem;
848 1108 949 1162 qua
978 1092 1139 1147 etiam
1167 1091 1310 1146 soles
1340 1088 1490 1143 illum
1518 1083 1834 1141 mobilitatis
1855 1095 1984 1153 quo-

383 1205 487 1262 que
512 1198 566 1245 et
592 1185 968 1244 inconstantiae
995 1182 1212 1239 nomine
1241 1177 1661 1253 reprehendere,
1685 1173 1977 1247 prohiben-

386 1290 490 1336 tem
522 1295 641 1351 qua:
678 1276 850 1349 jubet,
879 1284 934 1331 et
980 1274 1256 1353 jubentem
1293 1288 1413 1344 quae
1456 1268 1699 1343 prohibet
1747 1265 1847 1339 (ἰ).
1874 1263 1982 1321 Cur

385 1387 514 1443 ergo
536 1386 644 1425 non
673 1378 728 1424 et
755 1366 1053 1423 antitheses
1078 1364 1145 1420 ad
1170 1362 1430 1420 naturalia
1474 1358 1731 1433 reputasti
1769 1365 1982 1413 contra-

384 1464 446 1519 rii
475 1460 578 1519 sibi
609 1476 824 1531 semper
848 1456 1156 1514 Creatoris?
1195 1471 1295 1512 nec
1320 1454 1577 1511 mundum
1605 1452 1781 1507 saltim
1823 1463 1980 1505 reco-

384 1557 558 1629 gitare
598 1554 841 1627 potuisti,
887 1551 987 1607 nisi
1021 1550 1197 1617 fallor,
1247 1550 1409 1604 etiam
1441 1546 1580 1617 apud
1608 1544 1879 1611 Ponticos,
1912 1557 1980 1598 ex

381 1646 780 1705 diversitatibus
825 1653 1087 1699 structum
1116 1643 1195 1715 (ὅ)
1224 1641 1538 1697 tantularum
1577 1637 1803 1693 invicem
1847 1635 1977 1691 sub-

2089 438 2231 509 quod
2279 456 2341 494 ex
2375 448 2565 495 nostro
2612 440 2829 510 intelligi
2860 448 3052 509 potest.
3085 439 3217 497 Nam
3256 455 3323 495 ex
3352 439 3415 494 iis
3436 437 3516 509 (8)
3538 452 3689 494 com-

2091 533 2490 613 mentatoribus
2519 548 2651 607 quos
2682 534 2963 601 habemus,
2992 532 3067 605 (b)
3097 534 3295 597 Lucam
3324 531 3533 587 videtur
3555 530 3692 593 διπ-
3715 561 3738 603 ιι

2088 624 2206 677 eion
2237 624 2488 696 elegisse,
2521 640 2678 697 quem
2706 625 2959 685 ctederet.
2987 626 3175 689 Porro,
3209 624 3381 683 Lucas
3419 637 3524 680 non
3561 637 3691 693 apo-

2087 715 2280 782 stolus,
2312 716 2407 793 sed
2450 717 2816 789 apostolicus;
2856 732 2963 789 non
3012 717 3293 787 magister,
3327 715 3421 772 sed
3451 714 3689 785 discipu-

2088 808 2211 876 lus;
2261 810 2443 881 utique
2481 810 2736 885 magistro
2763 794 3157 875 minor;certe
3205 816 3352 875 tanto
3399 807 3688 878 posterior,

2087 910 2284 971 quanto
2313 901 2621 981 posterioris
2643 902 2869 975 apostoli
2892 908 3143 976 sectator,
3171 900 3321 956 Pauli
3348 902 3464 959 sine
3488 899 3688 963 dubio:

2089 1002 2166 1060 ut,
2200 993 2300 1049 etsi
2331 994 2432 1049 sub
2456 995 2627 1065 ipsius
2657 994 2807 1049 Pauli
2836 995 3055 1049 nomine
3083 993 3430 1065 Evangelium
3457 992 3693 1048 Marcion

2087 1085 2380 1153 intulisset,
2410 1100 2518 1142 non
2542 1086 2814 1142 sufficeret
2843 1087 2907 1141 ad
2939 1085 3100 1141 fidem
3129 1085 3469 1157 singularitas
3488 1083 3695 1141 Instru-

2086 1183 2274 1251 menti,
2307 1181 2560 1241 destituta
2589 1182 2885 1254 patrocinio
2912 1192 3319 1239 antecessorum
3346 1197 3362 1247 ;
3390 1181 3695 1251 exigeretur

2086 1278 2230 1332 enim
2257 1276 2310 1335 id
2337 1290 2549 1353 quoque
2576 1275 2928 1359 iivangelium
2956 1275 3096 1346 quod
3127 1274 3322 1333 Paulus
3344 1274 3569 1342 invenit,
3602 1272 3693 1331 cui

2086 1369 2246 1424 fidem
2275 1367 2443 1434 dedit,
2488 1369 2571 1424 cui
2604 1384 2727 1424 mox
2765 1384 2920 1435 suum
2948 1383 3243 1439 congruere
3285 1367 3490 1438 gestiit.
3511 1366 3694 1437 Siqui-

2084 1460 2206 1515 dctn
2238 1459 2381 1531 (Gal.
2410 1458 2477 1526 ll,
2502 1459 2559 1535 1)
2583 1468 2866 1533 propterea
2907 1459 3324 1531 Hierosolymam
3364 1458 3591 1514 ascendit
3617 1458 3694 1517 ad

2085 1551 2458 1624 cognoscendo:
2498 1551 2771 1621 Apostolos
2808 1559 2865 1607 et
2906 1550 3322 1621 consultandos,
3376 1566 3437 1604 ne
3483 1552 3614 1621 forte
3641 1549 3698 1605 in

2083 1643 2637 1721 vacuumcucurn’sset,
2668 1644 2721 1699 id
2749 1654 2851 1708 est,
2881 1654 2949 1698 ne
2972 1658 3080 1699 non
3107 1641 3397 1703 secundum
3430 1641 3551 1699 illos
3577 1656 3700 1699 crc-

292 1746 301 1753 ‘
382 1739 744 1798 stantiarum?
773 1738 927 1793 Prius
950 1739 1127 1808 itaque
1148 1734 1411 1791 debueras
1435 1732 1599 1787 alium
1629 1730 1796 1785 Deum
1819 1727 1977 1783 lumi-
2007 1740 2057 1803 Β
2084 1737 2328 1805 didisset,
2356 1749 2411 1795 θι
2447 1753 2556 1794 non
2588 1736 2883 1809 secundum
2914 1737 3034 1792 illos
3069 1736 3482 1807 evangcljzurcl.
3527 1734 3699 1791 Deni-

382 1836 488 1905 nis,
534 1832 698 1889 alium
748 1831 1090 1888 tenebrarum
1140 1826 1549 1893 determinasse,
1576 1832 1638 1878 ut
1686 1823 1757 1877 ita
1790 1835 1979 1894 posses

379 1929 544 1984 alium
574 1917 757 1998 Legis,
785 1925 944 1980 alium
976 1921 1258 1992 Evangelii
1286 1919 1654 1976 adseverasse.
1684 1916 1972 1998 Caeterum,

382 1994 787 2095 prmjudicatum
816 2027 899 2073 est
928 2031 996 2073 ex
1024 2011 1342 2091 manifestis,
1378 2012 1531 2089 cujus
1559 2024 1723 2082 opera
1748 2016 1804 2064 et
1831 1994 1979 2079 inge-

380 2119 467 2174 nia
494 2132 591 2189 per
630 2112 925 2170 antitheses
960 2115 1232 2177 constant,
1291 2106 1478 2164 eadem
1525 2103 1695 2197 forma
1727 2110 1979 2187 constare

378 2210 539 2267 etiam
570 2212 928 2265 sacramenta.

1016 2289 1245 2350 CAPUT
1270 2288 1335 2345 Il.

450 2390 628 2448 Habes
669 2403 814 2445 nunc
860 2386 925 2442 ad
968 2383 1264 2457 antitheses
1302 2380 1386 2454 (4)
1422 2377 1731 2461 expeditam
1770 2391 1801 2433 a
1824 2374 1978 2432 nobis

378 2481 809 2554 responsionem.
855 2477 1095 2533 Transeo
1122 2488 1262 2529 nunc
1291 2472 1357 2526 ad
1386 2470 1682 2542 Evangelii,
1715 2483 1843 2547 sane
1869 2483 1976 2523 non

326 2606 359 2665 ιη
374 2570 598 2646 judaici,
628 2571 723 2629 sed
752 2567 973 2642 pontici,
1009 2567 1222 2623 interim
1253 2558 1538 2619 adulterati
1559 2560 1977 2618 demonstratio-

347 2651 527 2734 ‘Inem,
583 2671 1019 2738 prasstructuram
1069 2658 1317 2714 ordinem
1384 2670 1545 2727 quem
1613 2651 1973 2725 aggredimur.

379 2757 765 2817 Constituimus
808 2756 860 2810 in
892 2753 1099 2825 primis,
1146 2748 1511 2821 evangelicum
1558 2747 1974 2802 lnslrumentum

303 2897 341 2932 ρ
380 2849 669 2923 Apostolos
698 2855 949 2902 auctores
978 2828 1198 2908 habere,
1226 2840 1421 2911 quibus
1452 2839 1554 2894 hoc
1582 2853 1776 2892 munus
1800 2832 1977 2891 Evan-

377 2943 503 3015 gelii
535 2936 906 3013 promulgandi
933 2937 1002 2991 ab
1041 2936 1157 3015 ipso
1194 2932 1423 3014 Domino
1452 2930 1522 2986 sit
1549 2929 1858 3002 impositum
1886 2946 1902 2996 ;
1929 2929 1977 2985 si

382 3014 439 3092 et
465 3032 804 3105 Apostolicos
831 3028 931 3103 (a),
964 3044 1070 3084 non
1108 3014 1307 3082 tamen
1328 3024 1493 3105 solos,
1522 3022 1618 3079 sed
1646 3038 1768 3079 cum
1798 3024 1974 3093 Apos-

2082 1846 2209 1900 que,
2239 1839 2296 1886 ut
2322 1845 2445 1886 cum
2470 1831 2779 1905 auctoribus
2804 1830 3032 1886 contulit
3054 1841 3107 1885 et
3131 1830 3382 1887 convenit
3412 1828 3479 1885 de
3501 1829 3693 1900 regula

2083 1924 2239 1993 ﬁdei;
2268 1924 2519 1985 dexteras
2544 1925 2828 1995 miscuere,
2853 1933 2906 1995 et
2935 1923 3128 1997 exinde
3154 1922 3329 1979 officia
3361 1921 3699 1997 praedicandi

2081 2017 2479 2096 distinxerunt,
2515 2027 2573 2074 ut
2599 2017 2674 2073 illi
2708 2020 2760 2072 in
2787 2016 3024 2084 Judmos,
3074 1995 3268 2071 Paulus
3294 1995 3613 2070 in'Jndzeos
3640 2022 3698 2071 et

2081 2111 2135 2189 in
2164 2110 2426 2171 nationes.
2468 2110 2633 2182 Igitur
2661 2110 2708 2189 si
2735 2111 2850 2180 ipse
2876 2108 3209 2169 illuminator
3236 2106 3417 2173 Lucze,
3449 2106 3697 2171 auctori-

2081 2188 2241 2259 tatem
2285 2188 2689 2261 antecessoruni
2717 2201 2797 2275 (9)
2833 2213 2889 2258 et
2930 2201 3053 2258 ﬁdei
3081 2212 3134 2259 et
3172 2200 3539 2272 prmdicationi
3574 2215 3696 2258 suae
3775 2214 3788 2227 ’

2079 2295 2301 2375 optavit,
2329 2305 2528 2368 quanto
2556 2296 2726 2367 magis
2750 2310 2866 2351 eam
2911 2295 3205 2366 Evangelio
3238 2294 3395 2351 Luca:
3421 2310 3487 2351 ex
3501 2305 3697 2364 postu-

2085 2386 2213 2454 lem,
2259 2402 2381 2461 quae
2425 2386 2717 2463 Erangelio
2754 2388 2993 2460 magistri
3037 2388 3153 2458 ejus
3196 2386 3294 2443 fuit
3338 2386 3697 2444 necessaria?

2085 2479 2243 2547 Aliud
2288 2489 2406 2547 est,
2435 2481 2481 2535 si
2536 2495 2703 2551 penes
2747 2479 3069 2541 Marcionem
3099 2496 3130 2535 a
3159 2479 3480 2550 discipulatu
3527 2479 3737 2571 Lucas.

2080 2571 2248 2643 cmpit
2272 2570 2547 2643 religionis
2573 2573 2881 2628 christiana:
2923 2583 3343 2628 sacramentum.
3393 2575 3685 2640 Cxeterum,

2080 2667 2125 2721 si
2144 2676 2199 2721 et
2218 2675 2362 2722 retro
2382 2664 2708 2729 decucurrit,
2738 2666 2923 2720 habuit
2943 2667 3125 2738 utique
3144 2666 3503 2722 authenticam
3534 2682 3692 2736 para-

2081 2766 2276 2825 turam,
2325 2775 2420 2830 pcr
2466 2775 2626 2831 quam
2657 2760 2723 2815 ad
2757 2760 2953 2816 Lucam
2999 2775 3166 2829 usque
3215 2759 3479 2830 pervenit,
3525 2759 3684 2829 cujus

2080 2851 2388 2908 teStimonio
2415 2852 2728 2918 adsistente,
2776 2853 2948 2908 Lucas
2978 2867 3192 2924 quoque
3215 2853 3383 2924 possit
3414 2852 3652 2910 admitti.

2236 2928 2241 2935 ’
2706 2943 2933 3001 CAPUT
2971 2942 3062 2999 nt.

2151 3034 2257 3094 Sed
2287 3036 2428 3093 enim
2460 3035 2695 3099 Marcion
2727 3044 2912 3091 nactus
2941 3034 3224 3108 epistolam
3252 3033 3402 3089 Pauli
3428 3033 3495 3089 ad
3525 3033 3690 3091 Gala-

378 3128 525 3196 tolis,
557 3136 611 3182 et
636 3134 759 3198 post
787 3122 1075 3195 Apostolus
1109 3119 1220 3196 (5).
1249 3118 1510 3205 Quoniam
1541 3115 1848 3187 prmdicatio
1869 3115 1976 3172 dis-

2087 3138 2183 3196 las,
2212 3129 2372 3185 etiam
2393 3131 2537 3200 ipsos
2556 3128 2825 3200 apostolos
2846 3128 3177 3201 suggillantis
3200 3125 3342 3200 (Gal.
3370 3124 3458 3197 Il),
3486 3138 3547 3182 ut
3577 3142 3685 3183 non

380 3220 680 3292 cipulorum
726 3226 975 3289 suSpecta
1022 3216 1135 3271 fieri
1170 3222 1353 3284 posset
1375 3212 1442 3268 de
1469 3211 1653 3283 gloria:
1697 3211 1895 3278 studio,
1931 3213 1975 3268 si

380 3329 488 3373 non
519 3312 745 3369 adsistat
769 3309 843 3365 illi
873 3307 1162 3363 auctoritas
1193 3292 1589 3377 magistrormn,
1619 3304 1726 3359 imo
1752 3303 1974 3371 Cill‘irli,

377 3408 467 3480 qui
490 3398 572 3481 (6)
590 3405 873 3476 magistros
894 3390 1179 3472 ApostOlos
1197 3398 1341 3455 fecit.
1364 3399 1622 3470 Denique,
1642 3385 1797 3454 tiobis
1818 3396 1977 3454 fidem

378 3519 447 3560 ex
475 3500 746 3574 Aposmlis
769 3497 1006 3554 Joannes
1026 3503 1080 3549 et
1105 3492 1390 3549 Matthaeus
1420 3492 1724 3558 insinuant;
1749 3509 1815 3548 ex
1837 3495 1981 3564 Apo-

381 3596 606 3660 stolicis,
656 3592 829 3648 Lucas
852 3598 907 3645 et
930 3587 1141 3643 Marcus
1181 3588 1498 3651 instaurant,
1547 3585 1736 3641 iisdem
1779 3586 1979 3656 regulis

381 3687 588 3751 exorsi,
611 3668 870 3758 quantum
899 3680 967 3737 ad
990 3681 1205 3736 unicum
1230 3680 1395 3734 Deum
1421 3680 1610 3735 attinet
1636 3678 1973 3748 Creatorem,

380 3792 436 3838 et
461 3779 735 3837 Christum
776 3776 912 3847 ejus,
962 3782 1143 3829 natum
1174 3789 1243 3829 ex
1270 3773 1495 3845 virgine,
1544 3774 1976 3846 supplementum

381 3873 539 3946 Legis
563 3880 617 3928 et
654 3867 1062 3940 Prophetarum.
1111 3864 1321 3922 Viderit
1359 3865 1502 3922 enim
1543 3866 1587 3921 si
1616 3867 1978 3946 narrationem

382 3942 662 4039 dispositio
682 3962 940 4028 variavit,
971 3957 1261 4015 dummodo
1286 3957 1353 4014 de
1379 3958 1555 4039 capite
1600 3958 1725 4038 fidei
1771 3942 1977 4025 conve-

383 4060 518 4124 niat,
541 4056 609 4112 de
633 4070 739 4125 quo
759 4068 881 4108 cum
907 4051 1180 4107 Marcione
1207 4065 1314 4106 non
1332 4052 1607 4119 convenit.
1624 4050 1825 4108 Contra
1842 4052 1978 4110 Mar-

384 4148 507 4208 cion
537 4146 846 4218 Evangelia,
874 4144 1079 4199 scilicet
1105 4158 1225 4210 suo,
1254 4142 1459 4198 nullum
1507 4142 1763 4199 adscribit
1789 4154 1974 4201 aucto-

332 4261 357 4319 τ
386 4259 501 4301 rem
529 4283 544 4310 ,
571 4242 721 4313 quasi
749 4253 854 4293 non
876 4236 1088 4292 licuerit
1116 4236 1191 4291 illi
1221 4235 1430 4290 titulum
1456 4252 1667 4308 quoque
1695 4237 1976 4310 effingere,

386 4341 473 4397 cui
501 4336 652 4395 nefas
678 4349 785 4391 non
814 4331 912 4387 fuit
940 4332 1116 4403 ipsum
1147 4344 1346 4400 corpus
1371 4339 1634 4386 evertere.
1666 4331 1735 4387 Et
1762 4348 1973 4405 possem

385 4434 474 4489 hic
513 4431 623 4504 jam
670 4427 890 4500 gradum
924 4426 1117 4496 figere,
1171 4441 1277 4479 non
1320 4426 1719 4496 agnoscendum
1747 4439 1974 4485 conten-

2082 3233 2228 3281 recto
2255 3222 2417 3294 pedes
2444 3222 2750 3278 int-edentes
2781 3220 2846 3275 ad
2874 3222 3152 3276 veritatem
3181 3220 3487 3291 Evangelii,
3526 3220 3691 3283 simul

2081 3326 2134 3372 et
2161 3315 2462 3371 accusantis
2504 3314 2947 3386 pseudaposmlos
2995 3312 3254 3384 quosdam
3305 3322 3682 3383 pervertentes

2082 3407 2431 3480 Evangelium
2462 3407 2681 3471 Christi,
2730 3406 3024 3462 connititur
3063 3404 3128 3461 ad
3158 3405 3547 3461 destruendum
3574 3415 3690 3463 sta-

2085 3513 2194 3557 tum
2216 3517 2402 3557 eorum
2424 3501 2849 3572 evangeliorum,
2871 3515 2991 3570 qua:
3008 3500 3247 3571 propria,
3267 3509 3321 3554 et
3347 3499 3447 3555 sub
3461 3509 3684 3569 aposto~

2083 3596 2254 3652 lorum
2280 3596 2496 3650 nomine
2525 3594 2789 3659 eduntur,
2821 3593 2903 3649 vel
2925 3593 3085 3648 etiam
3113 3591 3533 3662 apostolicorum
3560 3609 3576 3659 ;
3626 3601 3688 3648 ut

2082 3688 2287 3744 scilicet
2308 3686 2486 3767 ﬁdem,
2516 3702 2675 3758 quam
2704 3686 2809 3742 illis
2834 3686 3041 3752 adimit,
3071 3699 3170 3741 suo
3189 3684 3453 3741 conferat.
3491 3686 3686 3752 Porro,

2082 3780 2185 3836 etsi
2209 3779 2569 3850 reprehensus
2591 3788 2675 3835 est
2701 3779 2889 3834 Petrus
2910 3777 3213 3834 etJoannes
3235 3788 3290 3833 et
3312 3775 3565 3843 Jacobus,
3597 3775 3693 3848 qui

2082 3871 2525 3929 existimabantur
2566 3870 2853 3935 columnae,
2903 3868 3189 3925 manifesta
3218 3883 3383 3924 causa
3412 3879 3514 3925 est.
3546 3868 3685 3925 Per-

2081 3980 2337 4023 sonarum
2382 3964 2523 4020 enim
2564 3972 2812 4035 respectu
2856 3961 3173 4017 videbantur
3208 3964 3418 4017 variare
3455 3961 3684 4017 convic-

2082 4068 2215 4114 tum.
2257 4058 2326 4114 Et
2371 4067 2568 4123 tamen,
2628 4071 2749 4111 cum
2796 4056 2909 4126 ipse
2952 4054 3145 4110 Paulus
3208 4052 3438 4108 omnibus
3501 4053 3683 4107 omnia

2082 4152 2244 4222 ﬁeret,
2298 4159 2351 4204 ut
2390 4166 2562 4205 omnes
2604 4148 2886 4203 lucraretur
2931 4146 2971 4219 (1
2997 4146 3111 4205 Cor.
3139 4145 3241 4213 ΙΧ,
3267 4146 3390 4217 l9),
3439 4146 3612 4217 potuit
3639 4153 3698 4203 et

2082 4244 2243 4299 Petro
2296 4242 2397 4297 hoc
2436 4241 2488 4297 in
2545 4241 2770 4297 consilio
2801 4239 3003 4305 fuisse,
3050 4238 3251 4310 aliquid
3289 4239 3445 4295 aliter
3490 4237 3693 4309 agendi
3760 4267 3765 4270 ν

2050 4350 2240 4407 -quatn
2280 4334 2523 4392 docebat.
2567 4332 2797 4388 Proinde
2848 4332 2895 4386 si
2924 4339 2979 4387 et
3017 4329 3409 4401 pseudapostoli
3454 4328 3697 4400 irrepse-

2081 4438 2239 4496 rant,
2274 4428 2463 4484 horum
2504 4441 2719 4498 quoque
2769 4425 2997 4497 qualitas
3043 4424 3183 4479 edita
3233 4432 3353 4489 est,
3406 4421 3699 4477 circumci-

383 4523 520 4580 dens
565 4534 721 4594 opus,
768 4516 913 4591 quod
957 4533 1063 4572 non
1094 4519 1263 4589 erigat
1292 4517 1553 4582 frontem,
1602 4520 1743 4589 quod
1775 4522 1973 4579 nullam
1999 4529 2054 4590 1)
2080 4525 2285 4579 sionem
2314 4521 2695 4576 vindicantium
2720 4526 2773 4574 et
2794 4518 3035 4589 judaicos
3066 4514 3140 4592 (c)
3164 4517 3325 4571 fastos
3358 4514 3497 4588 (10).
3540 4513 3698 4571 Adeo

388 4613 741 4673 constantiam
794 4609 1079 4681 praeferat,
1124 4609 1324 4666 nullam
1357 4608 1515 4665 fidem
1546 4618 1883 4682 repromittat
1909 4617 1985 4675 de
2044 4606 2055 4612 ’
2085 4631 2190 4671 non
2220 4615 2288 4671 de
2328 4611 2725 4686 praedicatione,
2760 4609 2855 4665 sed
2879 4609 2947 4665 de
2984 4608 3413 4671 conversatione,
3449 4621 3479 4658 a
3525 4605 3698 4660 Paulo

390 4704 722 4780 plenitudine
744 4701 901 4770 tituli,
933 4711 989 4758 et
1012 4700 1349 4773 professione
1372 4699 1551 4789 debita
1577 4703 1831 4760 (tutioris.
1872 4706 1977 4764 Sed

2081 4708 2505 4772 denotabantur;
2532 4718 2683 4774 teque
2707 4702 3027 4760 denotaturo
3046 4739 3061 4768 ,
3090 4699 3137 4755 si
3161 4698 3288 4769 quid
3311 4696 3378 4754 de
3399 4696 3517 4781 Deo
3538 4711 3698 4753 crea-

1594 4818 1973 4915 LECTIONES
2009 4823 2421 4888 VARIANTES.

376 4942 390 4985 ε
446 4939 520 4992 (li
543 4935 883 4990 Pronuntiavit
904 4935 1028 4987 Par.
1054 4934 1175 4987 Jun.

470 4995 523 5063 2)
551 5000 793 5052 lubeat...
821 5000 1079 5063 prohibeat
1096 4996 1208 5051 cod.
1237 4995 1425 5050 Wouw.

530 5059 882 5116 Constructtim
899 5059 1058 5113 Seml.

470 5120 520 5179 Π
540 5125 813 5178 Antithesis
830 5120 899 5173 al.

467 5186 519 5254 ὅ)
539 5187 848 5254 Apostolieos
866 5186 986 5237 Jun.

444 4940 468 5252 Ξ

2157 4943 2228 5003 (6)
2254 4942 2374 5002 Quae
2396 4935 2546 4994 Semf.

2152 4999 2229 5056 'f7l
2247 4999 2501 5056 Maluimus
2517 4999 2670 5054 Seml.

2153 5008 2157 5013 ’
2179 5008 2205 5056 7
2247 5008 2518 5056 Maluimus‘

2176 5008 2232 5195 εξ
2253 5067 2343 5118 His
2364 5064 2518 5121 Seml.

2170 5176 2175 5185 .
2250 5131 2518 5181 Antecesso

2179 5192 2259 5256 10)
2280 5191 2456 5243 Fastus
2474 5204 2518 5243 cc

2179 5194 2203 5245 1

2210 4943 2232 5195 ἑ

2250 5131 2632 5181 Antecessorem
2655 5127 2781 5177 Par.

2207 5184 2259 5256 il)
2280 5191 2456 5243 Fastus
2474 5189 2582 5243 cod.
2602 5186 2778 5240 Pilhw.
2806 5184 2958 5240 Seml.

1763 5291 2317 5377 COMMENTARIUS.

372 5411 397 5437 '
444 5406 756 5469 CAPJL—
781 5405 863 5478 (a)
892 5403 955 5460 Si
963 5415 1024 5478 iet
1046 5403 1355 5478 apostolicos
1380 5419 1483 5478 non
1507 5412 1674 5460 tamen
1701 5410 1859 5475 ratos,
1872 5420 1977 5468 etc.

380 5482 462 5539 Ab
490 5478 760 5553 Apostolls
773 5475 1004 5553 autviris
1017 5475 1325 5553 apostolicis
1353 5475 1525 5553 solum
1554 5493 1737 5553 verum
1751 5496 1983 5553 evange-

379 5554 507 5609 lium
520 5546 878 5619 conscriptum
912 5546 1075 5622 fuisse
1102 5546 1269 5609 ait,ut
1292 5546 1765 5622 iis‘viamoceludat
1782 5546 1979 5622 qttaz'ex

375 5616 752 5691 ιιωι-ριίουιειψὶ
791 5619 1056 5691 correptis
1096 5616 1500 5691 gomphis-ibus
1526 5617 1684 5691 objici
1725 5616 1971 5691 possent,

375 5694 533 5751 veluti
561 5706 627 5749 ex
675 5689 1072 5749 Ebionitarum,
1114 5687 1539 5753 Encratitartnn,
1588 5687 1967 5751 Nazarzeorum

375 5763 828 5827 .‘llarcionitarum,
858 5769 960 5814 etc.
997 5756 1071 5812 Li;
1100 5757 1193 5811 Pu.

2165 5414 2247 5485 (b)
2270 5412 2463 5485 Lucam
2509 5410 2706 5465 videtur
2751 5407 2983 5485 Marcion
3022 5404 3227 5485 elegis”
3263 5415 3412 5485 (μέρη
3449 5400 3696 5485 avderet.

2089 5470 2253 5540 Vides
2275 5483 2556 5540 manifeste
2571 5491 2881 5549 eorrupttnn
2903 5470 3290 5549 fuisseB.Lue:e
3306 5470 3693 5545 Evangelium,

2088 5566 2143 5610 ut
2190 5557 2239 5609 in
2273 5570 2490 5608 suorum
2537 5546 2781 5607 errat-nni
2834 5549 3180 5620 patrocinium
3213 5546 3601 5620 detorqueret,
3636 5557 3698 5599 ut

2083 5628 2249 5680 malta
2292 5634 2585 5688 truncaret,
2617 5614 2858 5688 adderet,
2890 5634 3090 5688 suaque
3129 5614 3495 5683 explicatione
3541 5620 3698 5670 coui-

2081 5697 2401 5760 maentarrt,
2433 5695 2505 5750 Lr.
2538 5695 2630 5749 Pu.
2984 5708 2987 5715 ‘
3258 5755 3286 5760 _
3331 5755 3342 5760 _
3386 5756 3457 5760 ___
3582 5740 3594 5755 .

2150 5766 2302 5825 CAP.
2336 5755 2845 5841 lllA.——-(t-)Judaicos
2860 5765 3034 5836 fastos.
3057 5755 3365 5814 UticstGal.
3386 5756 3457 5841 lV
3489 5767 3545 5815 et
3574 5758 3696 5820 dies
