4020 6286
397 145 503 202 567

1776 90 2263 196 ‘TERTULLIANI

3593 136 3702 199 568

411 270 622 315 tuemur
655 275 667 313 :
699 259 983 316 Marcionis
1011 273 1141 315 vero
1171 232 1435 330 plerisque
1462 270 1560 312 nec
1587 263 1767 311 notum
1791 271 1804 318 ;
1837 255 1994 308 nulli.-
2024 259 2068 317 Α
2102 254 2182 308 bis
2211 253 2445 323 quotidie
2474 252 2867 326 revincuntur),
2889 262 2980 309 aut
3005 253 3323 313 erubescant
3349 256 3418 314 de
3443 258 3700 329 magistro

400 360 579 408 autem
614 352 691 425 (l)
723 361 902 409 notum
935 393 948 417 ,
983 359 1040 406 ιιι
1076 365 1181 406 non
1218 364 1284 407 eo
1332 347 1410 421 (2)
1459 348 1787 404 damnatum.
1824 345 1995 400 liabet

398 443 559 514 plane
580 455 632 500 et
658 444 788 500 illud
814 443 1067 499 ecclesias
1095 482 1110 510 ,
1134 440 1230 498 sed
1250 455 1410 507 suas;
1436 451 1541 495 tam
1570 448 1812 511 posteras
1833 452 1989 507 quam

401 536 707 604 adulteras;
741 550 964 607 quarum
994 534 1038 590 si
1068 549 1290 591 censum
1324 533 1565 612 requiras
1588 573 1603 600 ,
1632 530 1839 588 facilius
1865 545 1996 599 apo-

395 630 645 686 staticum
672 630 912 686 invenias
932 643 1092 700 quam
1135 626 1523 696 apostolicum;
1570 624 1840 680 Marcione
1883 623 1992 678 sci-

391 721 520 777 licet
546 721 845 786 conditore,
872 720 959 776 vel
986 720 1166 790 aliquo
1186 718 1256 774 de
1284 716 1566 773 Marcionis
1588 714 2001 793 examine.

393 814 544 877 ciunt
573 813 719 871 favos
740 824 797 870 et
824 827 1000 877 vespae
1021 809 1100 877 (α)
1128 829 1141 865 τ
1177 810 1650 867 faciuutecclesias
1677 816 1732 864 et
1761 807 1990 862 marcio-

310 936 333 949 -
394 906 545 962 niue.
583 905 783 961 Eadem
841 903 1138 960 auctoritas
1174 902 1521 979 ecclesiarum
1578 900 1989 979 apostolicarum

392 976 603 1055 cane—ris
628 1010 845 1069 quoque
866 994 1290 1068 patrocinabitur
1332 976 1633 1065 Ev‘angeliis
1656 1034 1671 1061 ,
1701 1007 1819 1064 qua:
1846 976 1994 1062 pro-

392 1090 521 1147 inde
548 1104 643 1160 per
668 1089 783 1144 illas
812 1098 865 1144 et
907 1087 1200 1143 secundum
1251 1086 1369 1142 illas
1417 1085 1677 1141 habemus
1703 1125 1719 1148 ,
1769 1084 1992 1140 Joannis

391 1181 514 1238 dico
541 1191 596 1237 et
624 1180 855 1236 Matthazi
889 1221 902 1245 ,
935 1180 1059 1237 licet
1086 1188 1142 1235 et
1170 1178 1377 1235 Marcus
1405 1179 1546 1251 quod
1595 1178 1760 1234 edidit
1790 1220 1804 1244 ,
1847 1176 1991 1234 l’etri

389 1273 732 1336 affirmetur,
764 1273 916 1342 cujus
946 1273 1211 1342 interpres
1258 1272 1502 1326 Marcus:
1558 1286 1677 1324 nam
1730 1279 1784 1326 et
1832 1269 1991 1325 Luca:

390 1365 665 1437 Digestum
691 1363 855 1420 Paulo
875 1363 1185 1420 adscribere
1204 1363 1400 1421 solent.
1429 1361 1580 1433 Capit
1599 1360 1677 1434 (5)
1709 1361 1992 1431 magistro-

388 1472 511 1513 rum
536 1456 742 1522 videri,
773 1470 893 1526 qua:
915 1453 1163 1524 discipuli
1194 1455 1604 1525 promttlgarint.
1636 1451 1821 1522 Itaque
1848 1460 1899 1506 et
1922 1449 1990 1504 de

389 1546 476 1603 bis
502 1547 734 1603 Marcion
760 1546 1083 1617 ﬂagitandus
1106 1586 1121 1611 ,
1169 1544 1293 1616 quid
1326 1542 1404 1617 (4)
1435 1544 1650 1599 omissis
1675 1543 1787 1607 eis,
1827 1530 1989 1597 Luca:

393 814 544 877 ciunt
573 813 719 871 favos
740 824 797 870 et
824 827 1000 893 vespae
1021 809 1100 893 (α)
1128 829 1141 865 τ
1177 810 1650 867 faciuutecclesias
1677 816 1732 864 et
1761 809 1990 862 marcio-

2098 344 2290 415 ubique
2318 343 2591 412 traducto,
2618 359 2738 400 cum
2795 345 3067 416 Evangelii
3117 347 3400 403 veritatem
3448 365 3591 404 nunc
3632 366 3700 405 ex

2095 437 2421 493 conscientia
2448 437 2730 500 tramittit;
2758 454 2901 495 nunc
2920 455 2988 493 ex
3016 438 3347 506 impudentia
3368 442 3580 496 evertit.
3607 441 3702 497 llis

2095 528 2206 585 fere
2259 529 2588 599 compendiis
2623 529 2855 596 utimur,
2894 545 3016 586 cum
3045 530 3112 586 de
3157 530 3430 603 Evangelii
3476 533 3579 588 fide
3611 530 3693 605 (δ)

2096 623 2352 678 adversus
2383 623 2659 679 limreticos
2696 625 3004 694 experimur
3046 622 3124 697 (9)
3153 666 3167 689 ,
3199 623 3610 680 defendentibus
3639 634 3696 681 et

2098 725 2394 787 temporum
2432 717 2673 773 ordinem
2716 718 3013 788 posteritati
3059 717 3396 773 falsariorum
3442 721 3697 789 praescri-

2097 809 2330 876 bentem,
2363 820 2416 865 et
2443 812 2813 867 auctoritatem
2846 810 3207 867 Ecclesiarum
3251 810 3520 867 traditioni
3549 811 3772 880 Ap0-“

2095 905 2355 959 stolornm
2386 906 2808 975 patrocinantem
2852 921 2865 958 :
2896 902 3020 974 quia
3050 903 3248 960 veritas
3284 904 3471 958 falsum
3504 920 3705 971 ιπηιυο-

2095 997 2183 1053 dat
2198 1011 2418 1054 necesse
2431 1007 2511 1054 est
2530 1012 2546 1065 ;
2575 1005 2628 1053 et
2653 995 2722 1052 ab
2742 996 2818 1052 eis
2832 994 3109 1066 procedat,
3122 1010 3153 1051 a
3167 993 3358 1066 quibus
3376 993 3569 1050 tradita
3597 1003 3701 1051 est.

2716 1132 2945 1192 CAPUT
2987 1133 3075 1192 Vl.

2165 1272 2271 1331 Sed
2291 1273 2457 1329 alium
2476 1272 2586 1344 jam
2615 1272 2739 1349 hinc
2761 1272 2955 1327 inimus
2972 1270 3194 1344 gradum
3217 1312 3231 1340 ,
3266 1271 3439 1341 ipsum
3471 1271 3553 1344 (ut
3581 1286 3705 1341 pro-

2094 1365 2220 1422 feSsi
2250 1365 2469 1436 sumus)
2519 1363 2850 1436 evangelium
2882 1363 3163 1420 Marcionis
3195 1372 3547 1433 provocantes
3567 1404 3582 1428 ,
3622 1363 3706 1417 sic

2092 1473 2304 1529 quoque
2324 1458 2597 1529 probaturi
2617 1459 2996 1514 adulteratam.
3022 1459 3179 1514 Certe
3202 1458 3345 1512 enim
3368 1467 3533 1512 totum
3557 1457 3705 1529 qitnd

2092 1552 2424 1618 elaboravit,
2474 1552 2634 1608 etiam
2695 1552 3013 1608 antitlteseis
3050 1551 3417 1621 praestruendo
3443 1593 3457 1619 ,
3510 1534 3562 1605 i'n
3593 1549 3700 1605 hoc

388 1642 570 1711 potius
595 1641 887 1707 institerit;
915 1640 1065 1711 quasi
1096 1626 1204 1695 non
1245 1648 1301 1694 et
1330 1640 1446 1694 haec
1490 1635 1632 1708 apud
1676 1637 1930 1693 ecclesias
1957 1651 1985 1689 a

2099 1643 2362 1714 cogit,ut
2410 1643 2620 1701 Veteris
2669 1652 2724 1698 et
2780 1642 2913 1698 Novi
2942 1642 3267 1698 Testameuti
3334 1642 3703 1698 diversitatem

389 1734 685 1804 primordio
735 1735 963 1800 fuerint,
997 1733 1448 1805 quemadmodum
1494 1742 1549 1789 et
1578 1732 1757 1788 Lucae.
1788 1730 1988 1803 Atquin

382 1825 510 1883 lure
537 1826 706 1899 magis
734 1825 1026 1897 primordio
1053 1824 1216 1881 fuisse
1243 1824 1504 1880 credibile
1540 1834 1624 1880 est
1653 1864 1669 1891 ,
1703 1833 1758 1878 ut
1788 1824 1987 1894 priora,

390 1935 497 1990 qua
537 1919 867 1989 apostolica;
898 1927 1091 1973 utcum
1121 1917 1251 1986 ipsis
1281 1915 1537 1972 Ecclesiis
1564 1915 1826 1972 dedicata.
1873 1914 1989 1970 Cre-

387 2023 565 2068 terum
587 2051 605 2078 ,
637 2011 797 2083 quale
820 2020 934 2077 est,
962 2010 1008 2064 si
1035 2009 1169 2065 nihil
1196 2007 1441 2081 Apostoli
1472 2006 1778 2074 ediderunt,
1803 2017 1861 2061 ttt
1880 2007 1991 2063 dis-

392 2106 560 2177 cipuli
586 2107 762 2177 potius
787 2104 1054 2161 ediderint
1079 2144 1096 2171 ,
1128 2104 1217 2175 qui
1240 2118 1341 2159 nec
1366 2102 1613 2174 discipuli
1636 2102 1875 2158 existere
1903 2117 1989 2172 po-

387 2201 619 2255 tuissent
647 2182 763 2253 sine
789 2198 892 2253 ulla
922 2196 1166 2252 doctrina
1198 2186 1620 2265 magistrorum?
1650 2192 1814 2264 Igitur
1859 2193 1987 2248 dum

391 2301 606 2350 constet
632 2291 749 2347 luce
785 2305 1004 2361 quoque
1042 2288 1180 2358 apud
1221 2288 1484 2344 Ecclesias
1509 2286 1672 2342 fuisse
1694 2329 1708 2353 ,
1756 2302 1853 2342 cur
1880 2302 1987 2341 non

386 2384 508 2439 haec
529 2397 744 2454 quoque
772 2381 1005 2436 Marcion
1036 2379 1244 2450 attigit,
1287 2388 1381 2432 ant
1409 2377 1746 2435 emendanda
1776 2378 1817 2432 si
1848 2377 1992 2432 adul-

387 2484 559 2532 terata
579 2515 594 2539 ,
623 2483 716 2529 aut
751 2470 1089 2544 agnoscenda
1119 2472 1162 2524 si
1187 2469 1433 2541 integra?
1473 2484 1592 2523 nam
1617 2477 1670 2524 et
1695 2469 1986 2538 competit,

390 2575 449 2622 ut
482 2564 556 2639 (b)
583 2565 629 2621 si
654 2564 745 2635 qui
774 2563 1121 2633 Evangeliqu
1151 2558 1524 2631 pervertebant
1556 2600 1572 2626 ,
1605 2574 1792 2615 eorum
1821 2559 1990 2629 magis

387 2666 641 2715 curarent
669 2656 1076 2728 perversionetn
1101 2697 1119 2723 ,
1149 2670 1375 2726 quorum
1417 2653 1660 2723 sciebant
1703 2652 1992 2708 auctorita-

386 2759 498 2807 tem
541 2748 932 2820 receptiorem,
976 2747 1099 2804 ideo
1144 2756 1202 2803 et
1249 2745 1680 2818 pseudapostuli,
1721 2744 1861 2817 quod
1895 2760 1994 2816 per

387 2844 581 2900 falsum
595 2842 884 2916 Apostolos
909 2842 1267 2917 imitarentur.
1290 2840 1347 2896 ln
1374 2851 1632 2912 quantum
1654 2855 1782 2910 ergo
1806 2853 1995 2896 emen-

384 2935 571 2994 dasset
587 2951 707 3008 qua:
734 2936 960 2991 fuissent
985 2932 1321 2991 emendanda
1347 2975 1363 3001 ,
1391 2934 1434 2988 si
1464 2933 1687 2991 fuissent
1712 2941 1988 3003 corrupta,

386 3029 443 3084 itt
475 3038 679 3085 tantum
708 3027 1048 3084 confirmavit
1073 3042 1179 3082 non
1207 3026 1370 3082 fuisse
1394 3033 1647 3096 corrupta
1668 3066 1683 3092 ,
1716 3041 1836 3096 qua:
1879 3041 1984 3079 non
2016 3058 2063 3121 Ο

386 3122 599 3192 putavit
625 3120 982 3192 emendanda.
1014 3120 1254 3190 Denique
1294 3118 1647 3183 emendavit,
1677 3117 1821 3189 quod
1865 3132 1991 3173 cor-

386 3222 604 3285 ruptum
646 3213 990 3270 existimavit.
1031 3211 1137 3268 Sed
1181 3227 1249 3268 ne
1279 3211 1382 3267 hoc
1436 3210 1666 3279 merito,
1709 3212 1831 3280 quia
1883 3227 1990 3267 non

387 3304 489 3361 fuit
514 3315 847 3376 corruptum.
871 3305 927 3361 Si
958 3304 1101 3360 enim
1130 3304 1420 3374 apostolica
1449 3304 1654 3375 integra
1685 3302 1765 3375 (5)
1797 3298 2015 3360 cucur-'

389 3408 578 3456 rerunt
622 3397 743 3471 (6);
790 3398 949 3454 Lucrc
976 3406 1155 3454 autem
1198 3398 1342 3468 quod
1380 3407 1465 3454 est
1508 3396 1803 3453 secundum
1844 3412 1941 3453 nos
1972 3440 1987 3465 ,

389 3492 524 3547 adeo
550 3491 796 3563 congruit
833 3489 1033 3563 regula:
1059 3505 1245 3546 eorum
1266 3532 1282 3557 ,
1312 3499 1371 3545 ut
1396 3505 1517 3546 cum
1564 3491 1667 3546 illis
1696 3490 1838 3563 apud
1880 3490 1989 3546 Ec-

389 3583 585 3640 clesias
622 3590 873 3649 maneat,
893 3583 1004 3653 jam
1048 3590 1104 3637 et
1139 3581 1299 3636 Luca:
1333 3592 1545 3637 constat
1588 3583 1857 3655 integrum
1896 3582 1992 3638 de-

390 3673 698 3730 cucurrisse
723 3688 891 3745 usque
918 3673 985 3730 ad
1015 3673 1351 3744 sacrilegium
1380 3673 1683 3731 Marcionis.
1726 3675 1989 3747 Denique,

390 3766 482 3823 ttbi
511 3781 700 3823 manus
722 3766 795 3822 illi
816 3765 1052 3822 Marcion
1077 3764 1282 3831 intulit,
1313 3775 1437 3821 tunc
1455 3765 1725 3821 diversum
1751 3776 1806 3823 et
1824 3783 1994 3823 temu-

391 3859 504 3915 lttm
537 3859 733 3917 factum
772 3869 856 3917 est
881 3860 964 3932 (7)
993 3860 1322 3932 apostolicis.
1346 3846 1518 3931 igitur
1540 3860 1682 3918 dabo
1706 3862 1992 3919 consilium

392 3952 673 4024 discipulis
697 3953 813 4025 ejus
833 3995 847 4021 ,
884 3962 941 4009 ιιι
980 3962 1072 4011 aut
1095 3962 1151 4009 et
1174 3954 1264 4018 illa
1294 3964 1641 4023 convertant,
1668 3942 1800 4011 licet
1823 3971 1948 4013 sero
1974 3996 1992 4023 ,

322 4034 325 4039 ’
391 4044 461 4099 ad
502 4045 728 4101 formam
777 4046 901 4114 sui,
947 4061 1054 4117 quo
1079 4062 1201 4102 cum
1246 4048 1557 4118 apostolicis
1594 4050 1884 4106 convenire
1919 4050 2000 4105 vi-

320 4156 363 4175 --
384 4135 622 4193 ‘deantur
644 4134 790 4207 (nam
811 4145 866 4193 et
885 4137 1126 4209 quotidie
1150 4137 1447 4197 reformant
1466 4141 1593 4197 illud
1617 4182 1631 4209 ,
1658 4152 1816 4211 prout
1845 4158 1875 4197 a
1903 4160 2004 4199 no-

2092 1736 2415 1804 constituat;
2449 1735 2675 1807 proinde
2691 1735 2963 1791 Cltristum
2989 1749 3143 1790 suum
3161 1751 3188 1788 a
3207 1735 3339 1790 Crea
3349 1744 3465 1790 tore
3480 1748 3704 1805 separa-

2093 1836 2202 1882 tttm
2225 1826 2360 1901 (10),
2390 1835 2452 1883 ιιι
2478 1827 2577 1884 Dei
2600 1826 2845 1894 alterius,
2874 1836 2931 1880 ut
2958 1825 3196 1885 alienum
3228 1823 3358 1896 legis
3383 1834 3435 1879 et
3464 1822 3706 1894 prophe-

2093 1927 2284 1974 tarttm.
2325 1917 2396 1992 (ε)
2425 1916 2583 1975 Certe
2609 1926 2889 1989 propterea
2931 1917 3199 1973 contraria
3228 1931 3455 1987 qumque
3483 1923 3707 1971 sentcn-

2094 2013 2180 2067 tize
2207 2026 2320 2067 suae
2345 2013 2548 2080 erasit,
2589 2011 2958 2082 conspirantia
2982 2025 3104 2066 cum
3134 2010 3415 2076 Creatore,
3450 2008 3603 2080 quasi
3631 2009 3708 2065 ab

2092 2101 2450 2159 assertoribus
2476 2103 2593 2174 ejus
2633 2102 2837 2159 intexta
2881 2121 2894 2158 :
2940 2101 3298 2172 competentia
3347 2112 3527 2156 autem
3576 2115 3708 2155 sen-

2094 2197 2275 2252 tentiae
2322 2213 2434 2253 sua:
2485 2197 2798 2253 reservavit.
2825 2196 2950 2252 llaec
2977 2196 3379 2251 conveniemus.
3413 2188 3541 2250 Iliae
3584 2210 3708 2249 ant-

2096 2291 2390 2360 plectemnr
2418 2333 2432 2356 ,
2462 2292 2505 2347 si
2540 2291 2818 2347 nobiscum
2868 2289 3038 2362 magis
3069 2288 3265 2344 fuerint
3293 2303 3309 2353 ;
3339 2286 3384 2342 si
3416 2287 3705 2342 Marcionis

2096 2383 2566 2452 praesumptionem
2609 2382 3009 2452 percnsserint,
3056 2389 3258 2436 tuncet
3299 2379 3385 2434 illa
3432 2379 3709 2434 constabit

2094 2475 2284 2531 eodem
2332 2475 2460 2530 vitio
2511 2475 2775 2530 hwretieze
2827 2474 3084 2529 cmcitatis
3129 2488 3278 2529 erasa
3306 2515 3322 2542 ,
3352 2488 3458 2544 quo
3484 2481 3540 2528 et
3585 2471 3710 2528 hx-e

2094 2575 2387 2622 reservata.
2420 2565 2510 2621 Sic
2537 2565 2755 2621 habebit
2784 2565 3008 2622 intentio
3028 2572 3084 2621 et
3110 2564 3276 2619 forma
3295 2564 3542 2637 opusculi
3571 2581 3707 2619 tim-

2096 2663 2163 2718 tri
2187 2703 2202 2725 .
2231 2661 2330 2718 sub
2372 2661 2461 2716 illa
2491 2661 2673 2732 utique
2702 2660 3010 2716 conditione
3034 2700 3050 2727 ,
3077 2675 3196 2731 qua:
3217 2674 3283 2715 ex
3306 2667 3530 2729 utraque
3551 2668 3711 2729 parte

2095 2753 2342 2810 condicta
2369 2754 2458 2809 sit.
2483 2754 2771 2810 Constituit
2802 2753 3036 2807 Marcion
3066 2751 3231 2806 alium
3261 2765 3381 2806 esse
3403 2747 3708 2815 Christum,

2095 2848 2187 2918 qui
2235 2846 2536 2902 Tiberianis
2590 2847 2917 2917 temporibus
2957 2860 2986 2898 a
3028 2844 3139 2900 Deo
3194 2840 3465 2913 quondam
3517 2842 3707 2913 ignoto

2095 2939 2367 2995 revelatus
2398 2940 2469 2994 sit
2490 2939 2540 2993 in
2569 2938 2793 2993 salutem
2826 2937 3061 2993 omnium
3094 2936 3329 3007 gentium
3360 2952 3376 3002 ;
3423 2934 3584 2989 alium
3611 2934 3711 3005 qui

2095 3048 2124 3083 a
2157 3031 2269 3087 Deo
2295 3040 2540 3086 creatore
2561 3030 2613 3085 in
2637 3030 3029 3085 restitutionem
3058 3028 3273 3100 ~judaici
3300 3035 3470 3083 status
3495 3026 3564 3081 sit
3584 3026 3713 3082 des-

2100 3124 2300 3181 tinattts
2327 3166 2343 3193 ,
2374 3125 2693 3193 quandoque
2720 3133 2999 3179 venturus.
3036 3121 3180 3178 Inter
3223 3121 3322 3176 hos
3377 3136 3623 3192 magnam
3657 3130 3713 3176 et

2099 3231 2316 3273 omnem
2354 3215 2434 3289 (ά)
2462 3216 2819 3272 differentiam
2844 3213 3042 3271 scindit
3074 3255 3089 3281 ,
3140 3222 3393 3285 quantam
3421 3213 3562 3269 inter
3581 3212 3709 3283 jus-

2099 3319 2213 3365 tum
2237 3318 2291 3365 et
2318 3310 2541 3377 bonum,
2572 3319 2822 3381 quantam
2858 3309 2998 3364 inter
3025 3307 3221 3378 Legem
3248 3317 3301 3363 et
3329 3306 3709 3383 Evangelium,

2095 3412 2352 3474 quantam
2399 3404 2540 3458 inter
2587 3402 2912 3473 judaisntum
2957 3412 3011 3457 et
3048 3399 3521 3455 christianismnm.
3569 3399 3712 3455 llinc

2097 3506 2151 3552 et
2190 3505 2372 3551 nostra
2422 3496 2777 3567 pratscriptio,
2822 3508 2924 3565 qua
2974 3490 3257 3565 deligimus
3288 3534 3303 3558 ,
3334 3491 3464 3547 nihil
3491 3491 3712 3548 Christo

2099 3589 2194 3645 Dei
2215 3589 2435 3645 alterius
2455 3600 2743 3647 commune
2766 3603 2885 3644 esse
2905 3587 3105 3644 debere
3130 3602 3249 3642 cum
3284 3585 3569 3643 Creatore:
3595 3602 3711 3643 cae-

2100 3690 2271 3737 terum
2293 3723 2308 3748 ,
2335 3681 2606 3738 Creatoris
2640 3679 3090 3752 pronuntiandum
3116 3719 3130 3744 ,
3159 3680 3202 3736 si
3249 3678 3710 3734 administraverit

2099 3773 2482 3844 dispositiones
2510 3776 2628 3845 ejus
2655 3817 2670 3838 .
2722 3774 2768 3829 si
2797 3773 3099 3844 impleverit
3126 3771 3437 3845 prophetias
3463 3771 3581 3842 ejus
3612 3812 3630 3839 ,
3659 3772 3709 3828 si

2099 3866 2364 3939 adiuverit
2404 3868 2549 3939 leges
2579 3868 2716 3941 cjus,
2748 3870 2793 3926 si
2825 3865 3292 3938 reprtcscntaverit
3316 3866 3707 3939 prontissiones

3740 2869 3771 2895 Ι

2101 3961 2220 4033 ejus
2248 4002 2262 4028 ,
2296 3960 2342 4016 si
2368 3964 2749 4018 restauraverit
2796 3961 3022 4017 virtutes
3051 3960 3188 4030 ejus,
3220 3960 3265 4015 si
3292 3958 3585 4016 sententias
3617 3974 3706 4014 ιθ·
3730 3978 3772 3993 σο

2104 4053 2433 4121 formaverit,
2483 4054 2529 4109 si
2583 4068 2783 4120 mores,
2841 4053 2885 4108 si
2953 4052 3307 4122 proprietates
3354 4052 3704 4122 expresserit.

2106 4145 2275 4217 Hujus
2305 4148 2443 4219 pacti
2474 4156 2529 4204 et
2556 4146 2713 4219 hujus
2741 4145 3038 4218 praescripti
3064 4160 3249 4217 quaeso
3270 4154 3344 4213 te,
3373 4145 3561 4211 lector,
3592 4160 3706 4202 mc-

1589 4266 1594 4285 ⁸
1625 4254 2004 4318 LECTIONES
2042 4259 2459 4320 VARIANTES.

558 4431 743 4483 Eodem
767 4429 920 4483 Seml.

478 4494 531 4548 ὅ)
551 4495 731 4546 Autem
753 4494 875 4546 add.
894 4503 1009 4548 Jtm.

480 4499 512 4544 ὅ
551 4499 731 4546 Autem
753 4499 872 4546 add.

557 4556 694 4616 Quod
718 4556 872 4608 Semf.

480 4620 510 4668 ὸ
556 4619 762 4683 Integre
784 4622 872 4672 Ser

486 4369 533 4481 ιζ
554 4330 730 4421 Autem
747 4366 898 4422 omiu.
925 4367 1080 4421 Seml.

482 4432 512 4481 2
558 4431 743 4481 Eodem
767 4429 920 4481 Seml.

486 4369 533 4495 ι)
554 4369 730 4421 Autem
747 4369 898 4422 omiu.
925 4374 938 4421 ι

456 4369 512 4684 ἐξ
551 4431 743 4546 233::

557 4556 694 4616 Quod
718 4556 872 4608 Semf.

479 4620 510 4668 ὸ
556 4619 762 4683 Integre
784 4618 938 4672 Semf.

666 4786 685 4813 \

470 4840 547 4914 (a)
578 4838 800 4897 Faciunt
826 4851 872 4897 et
898 4843 1041 4912 favos
1069 4856 1251 4913 vespae.
1280 4838 1485 4914 Vespas
1508 4843 1561 4899 in
1587 4844 1800 4902 sublimi
1827 4863 1858 4903 e
1880 4850 1991 4907 luto

395 4912 552 4967 nidos
584 4915 785 4976 facere,
818 4923 868 4967 et
898 4916 948 4968 in
975 4914 1040 4969 iis
1066 4912 1253 4981 creas,
1286 4913 1443 4968 tradit
1475 4914 1700 4973 Plinius.
1724 4918 1842 4975 BtG.

467 4982 618 5062 (b)S_t'
643 4985 728 5055 qui
764 4984 1096 5062 Evairgelium
1135 4986 1712 5062 perverteba_nt.__At_tcs
1745 4990 1991 5062 vulgares

396 5055 568 5129 tangit
594 5056 965 5129 hmreticorunt
994 5056 1047 5110 in
1074 5055 1483 5129 corrumpendis
1512 5059 1800 5129 Scriptura:
1837 5055 1988 5118 codi-

395 5126 548 5202 cibus
574 5167 588 5192 ,
619 5126 682 5181 iis
709 5126 1041 5197 potissimum
1071 5128 1162 5202 qui
1204 5128 1272 5202 ab
1304 5126 1839 5202 'auetoribus’magni"
1858 5148 1991 5201 pou-

391 5196 538 5253 deris
570 5196 881 5268 magnaeque
921 5196 1253 5254 auctoritatis
1278 5201 1577 5267 conscripti
1603 5196 1763 5257 sunt:
1793 5196 1992 5259 Obser-

391 5267 564 5341 vanda
594 5267 740 5341 venit
768 5284 869 5341 vox
896 5283 1068 5339 graeca
1098 5279 1423 5341 μςταστρέψςιι
1451 5287 1570 5341 qum
1598 5273 1820 5328 ltabctur
1847 5276 1985 5341 apud

393 5338 585 5420 Apost.
618 5338 781 5420 (Gul._
804 5339 874 5411 l),
905 5355 973 5396 ex
1003 5339 1255 5420 quo_ha:c
1281 5338 1581 5411 desumpsit
1602 5338 1989 5420 Tertullianus;

395 5409 661 5476 significat
697 5409 891 5480 quippe
920 5425 1027 5465 non
1055 5410 1229 5465 solum
1255 5409 1575 5469 convertere
1594 5455 1608 5478 ,
1639 5414 1732 5468 sed
1771 5424 1825 5469 et
1865 5409 1988 5471 eor-4

394 5491 649 5549 rumpere
676 5491 730 5536 et
759 5481 812 5535 in
840 5481 1001 5535 alium
1031 5496 1248 5537 sensum
1279 5480 1515 5538 trahere.
1547 5483 1625 5539 Ls
1654 5484 1747 5539 Pn.

465 5550 549 5633 CA
561 5552 618 5609 P.
637 5552 727 5607 Vl.
750 5578 821 5591 —-
927 5550 1082 5633 [Certe
1089 5561 1362 5633 propterea
1373 5556 1631 5633 contraria
1652 5570 1858 5633 quaeque
1869 5571 1985 5609 seu-

396 5621 566 5676 tentia:
592 5637 700 5678 sua:
720 5621 897 5677 erasit.
923 5621 1475 5682 Ontnibus'luereticis
1499 5624 1551 5679 id
1580 5621 1847 5681 familiare
1866 5638 1948 5682 eSt
1971 5667 1988 5695 ,

2269 4442 2346 4490 Ab
2365 4439 2515 4492 inscia
2541 4443 2662 4492 Par.
2688 4442 2842 4494 Fran.

2193 4501 2244 4566 8)
2268 4501 2348 4566 _l_)e
2373 4504 2646 4566 evangeliis
2667 4503 2819 4566 sentt.

2191 4563 2243 4629 9)
2263 4563 2567 4629 Eypedimitr
2588 4563 2743 4618 Seml.

2199 4627 2276 4691 10)
2301 4627 2632 4693 separaturus
2652 4632 2777 4682 Par.
2800 4633 2958 4684 Fran.
2983 4635 3340 4695 separatorum.
3364 4637 3478 4681 Jun.

2023 4399 2080 4459 D
2193 4377 2225 4426 6
2270 4378 2609 4467 Decurrerunt
2646 4379 2769 4431 Par.
2797 4379 2902 4445 πίῃ.
2928 4387 3092 4433 Venet.

2169 4375 2245 4694 {:5}
2269 4442 2348 4553 ἓεέ
2365 4442 2842 4566 ³333]ὲέἶὲξᾷιὲξῇ

2191 4565 2242 4629 9)
2265 4564 2567 4629 Εῐρθιιὶιιιιιι·
2588 4563 2743 4618 Seml.

2199 4627 2276 4691 ιο)
2301 4627 2632 4693 Separaturus
2652 4632 2777 4682 Par.
2800 4633 2958 4684 Fran.
2983 4641 3092 4694 sep:

1186 4763 1213 4792 .
1763 4731 2322 4794 COMMENTARIUS.

2100 4859 2352 4908 utcontra
2365 4853 2442 4909 ria
2458 4870 2567 4910 sua:
2587 4856 2869 4911 sententiae
2893 4853 3117 4912 eradaut
3142 4854 3193 4908 in
3220 4850 3706 4923 Scripturismtque

2097 4923 2259 4978 etiam
2278 4924 2411 4980 adeo
2434 4929 2651 4980 nostris.
2681 4928 2773 4982 Sic
2799 4927 2962 4982 libros
2983 4926 3118 4980 duos
3143 4924 3565 4980 Machabmornm
3582 4924 3708 4989 reji-

2098 4994 2237 5049 ciunt
2251 5032 2268 5061 ,
2283 5010 2346 5049 eo
2360 4996 2499 5067 quod
2517 5006 2826 5053 sanctorum
2840 5007 2960 5068 post
2973 4997 3111 5051 hanc
3128 4996 3290 5050 vitam
3291 4994 3635 5068 pradonibus
3651 5002 3709 5048 et.

2099 5064 2385 5121 sacrificiis
2407 5084 2502 5136 pro
2552 5068 2822 5125 defunctis
2842 5064 3254 5137 'sufl'ragcntur;
3289 5065 3579 5135 Epistolam
3610 5064 3708 5118 Ja-

2101 5137 2220 5191 cobi
2250 5147 2306 5192 et
2328 5138 2692 5210 Apocalypsin
2717 5181 2732 5202 ,
2762 5140 2905 5209 quod
2933 5139 3124 5210 faciant
3161 5150 3256 5210 p_ro
3284 5137 3706 5210 bettorttttt_upe-

2099 5222 2234 5279 runt
2268 5205 2504 5275 meritis;
2538 5205 2844 5279 Epistulam
2904 5207 3134 5279 denique
3182 5208 3322 5262 Petri
3376 5205 3705 5279 secundant,

2094 5277 2237 5347 quod
2277 5295 2402 5335 suas
2450 5276 2686 5336 bmreSes
2718 5280 3024 5335 novissimis
3050 5276 3211 5333 hisce
3254 5278 3581 5348 temporibus
3628 5276 3708 5330 ibi

2098 5350 2383 5417 pra2dietas
2407 5352 2860 5407 animadvertant.
2891 5350 3029 5406 ΡΑιι.

2173 5417 2252 5491 (d)
2285 5419 2643 5488 Dilferemiam
2672 5425 2802 5476 inter
2820 5423 3032 5493 justum
3052 5419 3331 5493 et__battum2
3361 5418 3475 5474 Hoc
3501 5426 3582 5493 est
3625 5418 3706 5493 in.

2099 5488 2451 5561 terseverutn
2484 5501 2540 5547 et:
2583 5494 2766 5548 mitem
2789 5488 2990 5561 {inter
3011 5490 3344 5561 jndicantem
3396 5500 3451 5545 et
3488 5488 3703 5544 mi~eri~

2097 5559 2315 5615 eordem
2338 5603 2353 5624 ,
2384 5563 2526 5633 inter
2557 5559 2866 5633 punientem
2895 5574 2949 5618 et
2991 5559 3297 5632 parcentem
3323 5602 3339 5629 ,
3374 5561 3512 5618 inter
3536 5561 3702 5615 Crea-

2101 5639 2271 5687 torem
2297 5642 2352 5689 et
2381 5632 2826 5708 Redemptorcm.
2866 5634 2988 5691 me.

2489 5820 2515 5828 οι.
3512 5809 3576 5824 ια,
