4020 6286
300 285 407 343 575

1720 285 2184 345 TERTULLIANI

3485 285 3594 347 576

304 402 416 457 nari
451 417 554 459 non
588 411 789 474 posset.
833 401 931 472 Qui
970 416 1102 474 ergo
1143 400 1410 474 inquinari
1440 384 1549 457 non
1582 410 1795 472 poterat
1836 411 1895 457 ut
1921 404 1967 464 A
1998 411 2110 458 tum
2137 412 2314 459 autem
2341 403 2407 459 ad
2438 403 2657 461 tutelam
2687 403 2820 477 legis
2841 445 2855 472 ,
2880 405 3039 477 jussit
3066 403 3309 462 ordinem
3339 406 3548 478 impleri
3578 421 3593 462 :

306 499 652 562 phantasma,
691 497 800 566 jam
845 510 950 550 non
980 496 1176 550 virtute
1206 495 1383 549 divina
1409 495 1896 552 incontaminabilis

304 588 425 649 erit,
455 587 547 642 sed
579 588 967 658 phantasmatis
1012 588 1310 644 inanitate:
1362 603 1463 644 nec
1505 590 1898 659 contempsisse

303 677 473 734 videri
519 687 696 747 potest
739 680 1238 751 inquinamentum,
1269 680 1426 751 cujus
1465 682 1743 737 materiam
1790 697 1897 738 non

304 770 532 826 habebat
556 789 569 824 :
606 772 675 827 ita
705 786 805 828 nec
829 770 1000 844 legem
1028 771 1382 840 destruxisse,
1406 773 1496 845 qui
1524 773 1898 844 inquinamen-

306 870 416 917 tum
447 878 511 919 ex
538 866 828 921 occasione
860 866 1270 936 phantasmatis,
1302 881 1408 922 non
1436 882 1502 923 ex
1540 871 1900 928 ostentatione

305 960 518 1016 virtutis
541 969 805 1039 evaserat.
821 960 876 1017 Si
906 970 1084 1017 autem
1115 960 1396 1029 Helisaeus,
1417 962 1707 1035 prephetes
1731 963 1898 1021 Crea-

306 1053 457 1118 toris,
484 1053 699 1107 unicum
730 1052 997 1123 leprosum
1030 1053 1267 1110 Naaman
1297 1069 1482 1128 syrum
1513 1072 1578 1112 ex
1618 1065 1698 1112 tot
1724 1056 1901 1129 lepro-

306 1146 381 1200 sis
425 1146 680 1202 israclilis
731 1146 1037 1203 emendavit
1073 1147 1172 1222 (lV
1202 1148 1356 1222 Reg.,
1401 1149 1467 1215 V,
1511 1149 1639 1225 14),
1667 1167 1768 1208 nec
1799 1154 1901 1210 hoc

313 1238 379 1292 ad
408 1237 774 1292 diversitatem
819 1239 946 1294 facit
981 1237 1183 1295 Christi
1206 1281 1221 1303 ,
1266 1240 1419 1312 quasi
1459 1240 1564 1298 hoc
1592 1241 1754 1298 modo
1781 1259 1900 1301 me-

304 1329 476 1397 lioris,
498 1328 624 1384 dum
664 1330 954 1387 israelitem
979 1331 1253 1402 leprosum
1277 1332 1586 1389 emundavit
1610 1332 1690 1408 (l)
1718 1344 1900 1391 extra-

303 1436 470 1486 neus,
513 1436 671 1491 quem
710 1437 843 1478 suus
880 1423 1131 1480 dominus
1155 1424 1449 1483 emundare
1475 1441 1581 1482 non
1621 1426 1898 1495 valuerat;

301 1528 429 1586 syro
485 1513 693 1571 facilius
738 1517 1049 1584 emundato,
1100 1518 1401 1590 signiﬁcato
1429 1520 1509 1593 (2)
1539 1536 1634 1593 per
1656 1523 1901 1579 nationes

305 1607 706 1662 emundationis
743 1609 794 1664 in
823 1608 1040 1665 Christo
1066 1609 1270 1666 lumine
1290 1627 1498 1678 earum,
1522 1628 1643 1685 qua:
1671 1612 1748 1687 (a)
1771 1630 1899 1686 sep-

305 1710 411 1757 tem
438 1701 661 1757 maculis
678 1703 985 1773 capitalium
1007 1702 1326 1759 delictorum
1345 1705 1704 1775 inhorrerent,
1729 1707 1902 1764 idolo-

2014 496 2170 561 Vade,
2197 498 2405 554 ostende
2430 509 2477 552 te
2499 499 2752 554 sacerdoti
2774 541 2786 564 ,
2833 509 2880 554 et
2921 498 3051 566 olfcr
3078 516 3262 554 manus
3289 501 3425 571 quod
3459 517 3599 571 pra:-

1999 588 2130 660 cepit
2173 588 2396 661 Moyses.
2448 592 2775 662 Argumenta
2829 593 2971 648 enim
3023 591 3245 663 ﬁgurata
3288 602 3473 664 utpote
3516 592 3598 665 (7)

2003 681 2333 754 prophetam:
2375 682 2457 754 (8)
2499 684 2633 756 legis
2669 685 2846 741 adhuc
2882 686 2936 741 in
2979 685 3093 741 suis
3123 688 3457 758 imaginibus
3485 699 3602 744 tuc-

2001 766 2192 834 batur,
2235 784 2356 842 qua:
2400 770 2771 842 signitleabant
2809 770 3083 827 hominem
3110 772 3380 843 quondam
3412 789 3603 843 pecca-

2003 870 2174 919 torem
2200 904 2215 925 ,
2262 861 2425 918 verbo
2466 878 2591 918 mox
2634 863 2726 919 Dei
2767 865 3148 930 emaculatum,
3175 864 3373 921 offerre
3394 864 3598 922 debere

2001 970 2203 1012 munus
2247 956 2359 1012 Deo
2393 955 2537 1027 apud
2565 957 2850 1028 templum.
2875 958 3173 1013 orationem
3201 957 3407 1013 scilicet
3432 967 3488 1013 et
3510 972 3603 1013 ac-

2003 1047 2201 1103 tionem
2250 1048 2540 1119 gratiarum
2601 1047 2743 1116 apud
2791 1047 3124 1116 Eeclesiam,
3178 1063 3278 1120 per
3325 1048 3601 1106 Christum

2001 1137 2184 1195 Iesum
2206 1137 2528 1194 catholicum
2558 1139 2732 1196 Patris
2757 1140 3124 1197 sacerdotem.
3154 1140 3338 1213 Itaque
3365 1141 3599 1212 adjecit:
3626 1148 3664 1169 "

2006 1231 2076 1288 Ut
2103 1233 2168 1289 sit
2191 1233 2330 1289 vobis
2355 1232 2411 1288 in
2434 1234 2815 1302 testimonium;
2862 1235 2980 1292 sine
3004 1235 3199 1302 dubio,
3231 1251 3339 1306 quo
3369 1236 3602 1291 testaba-

2002 1334 2090 1383 tur
2132 1342 2192 1383 se
2234 1326 2405 1398 legem
2446 1342 2556 1384 non
2599 1327 2923 1396 dissolvere,
2968 1328 3066 1385 sed
3111 1328 3448 1400 adimplere;
3493 1344 3602 1401 quo
3650 1379 3661 1388 .

2004 1420 2299 1477 testabatur
2340 1420 2579 1488 seipsum
2617 1436 2756 1488 esse,
2790 1423 2880 1494 qui
2913 1422 3133 1479 morbos
3172 1431 3227 1480 et
3256 1423 3593 1479 valetudines

2001 1526 2191 1567 eorum
2244 1521 2595 1584 suscepturus
2646 1514 3085 1571 annnatiahatnr.
3145 1515 3296 1571 Hanc
3348 1526 3454 1570 tam
3515 1515 3596 1587 (9)

1976 1606 2384 1675 ‘congruentem
2413 1614 2469 1662 et
2505 1598 3264 1679 debitaminterpretationem
3298 1608 3600 1665 testimonii

2003 1696 2252 1754 adulator
2275 1696 2478 1754 Christi
2520 1699 2603 1755 sui
2642 1699 2877 1756 Marcion
2901 1742 2916 1768 ,
2949 1700 3050 1757 sub
3087 1701 3312 1757 obtentu
3344 1717 3603 1757 mansue-

258 1788 270 1843 ἲ
302 1793 479 1862 latria,
505 1794 857 1865 blasphemia,
885 1795 1194 1866 homicidio,
1227 1795 1511 1863 adulterio,
1537 1806 1746 1869 stupro,
1766 1798 1901 1856 falso

2007 1788 2206 1845 tudinis
2230 1799 2286 1846 et
2314 1789 2551 1846 lenitatis
2579 1790 2769 1862 quzerit
2788 1791 3099 1847 excludere.
3131 1792 3265 1848 Nam
3305 1801 3362 1848 et
3386 1793 3558 1849 bonus
3579 1834 3596 1859 ,

303 1887 613 1942 testimonio
636 1928 652 1954 ,
682 1887 890 1942 fraude.
915 1888 1251 1959 Quapropter
1270 1888 1469 1959 septies
1497 1889 1648 1961 quasi
1680 1905 1774 1962 per
1792 1892 1901 1947 sin-

300 1978 457 2050 gulos
494 1979 676 2034 titulos
707 1981 762 2034 in
790 1978 1022 2036 Jordane
1059 1979 1224 2047 lavit,
1257 1980 1418 2036 simul
1455 1991 1507 2038 et
1538 1991 1594 2036 ut
1624 1984 1786 2039 totius
1816 1983 1903 2054 (5)

305 2069 659 2126 hebdomadis
692 2080 910 2141 caperet
942 2071 1024 2143 (4)
1061 2072 1421 2141 expiationem
1449 2072 1561 2146 (5);
1594 2074 1714 2144 quia
1743 2075 1901 2131 unius

306 2160 511 2217 lavacri
554 2162 636 2216 vis
677 2170 732 2216 et
761 2161 1038 2233 plenitudo
1063 2162 1282 2218 Christo
1316 2164 1415 2219 soli
1456 2164 1754 2234 dicabatur,
1787 2164 1901 2222 fac-

307 2263 427 2308 turo
459 2254 510 2309 in
543 2255 721 2318 terris,
752 2255 889 2310 sicut
918 2269 1227 2310 sermonem
1257 2255 1717 2328 compendiatum.
1749 2257 1819 2313 ita
1849 2266 1903 2315 et

305 2347 601 2404 lavacrum.
650 2347 782 2403 Nam
828 2356 885 2403 et
925 2346 1028 2403 hoc
1066 2349 1290 2419 opponit
1314 2347 1580 2414 Marcion,
1612 2348 1900 2405 Helismum

304 2438 518 2509 quidem
551 2438 773 2495 materia
805 2438 1052 2510 eguisse,
1090 2453 1280 2510 aquam
1308 2438 1651 2509 adhibuisse,
1693 2450 1748 2497 et
1782 2457 1901 2497 eam

306 2529 555 2599 septies;
596 2529 864 2585 Christum
911 2545 1041 2586 vero
1082 2531 1249 2587 verbo
1291 2531 1444 2600 solo,
1489 2542 1546 2589 et
1591 2532 1693 2589 hoc
1731 2535 1902 2591 semel

306 2621 545 2677 functum
574 2620 656 2694 (6)
677 2665 692 2689 ,
711 2623 1042 2678 curationem
1066 2624 1244 2678 statim
1272 2633 1712 2694 repraesentasse.
1739 2624 1903 2694 Quasi

307 2728 417 2769 non
462 2714 686 2770 audeam
724 2723 780 2770 cl
817 2714 1038 2769 verbum
1071 2715 1243 2786 ipsum
1273 2716 1324 2770 in
1356 2716 1710 2772 substantiam
1741 2717 1906 2773 Crea-

310 2807 446 2862 toris
467 2807 761 2864 vindicare.
785 2807 994 2865 Nullius
1016 2810 1090 2865 rei
1116 2825 1222 2865 non
1248 2809 1339 2865 ille
1371 2810 1545 2880 potior
1571 2820 1779 2877 auctor,
1812 2814 1902 2882 qui

310 2899 479 2971 prior.
515 2900 836 2959 Incredibile
864 2904 1055 2974 plane,
1085 2912 1138 2959 ut
1176 2913 1412 2975 potestas
1440 2905 1712 2961 Creatoris
1739 2906 1906 2962 verbo

309 2991 609 3050 remedium
642 2993 751 3049 vitii
785 2993 942 3051 unius
971 3004 1194 3067 operata
1225 2996 1327 3059 sit,
1359 3012 1480 3068 qua:
1511 2996 1678 3053 verbo
1705 3006 1905 3054 tantam

309 3081 495 3137 mundi
538 3083 734 3138 molem
779 3084 948 3139 semel
980 3085 1220 3156 protulit.
1256 3085 1410 3143 Unde
1439 3088 1607 3157 magis
1635 3086 1908 3159 dignosci-

2005 1880 2212 1952 inquit,
2245 1892 2502 1952 prmterea
2541 1883 2719 1940 sciens
2740 1885 3086 1957 omnem,qui
3114 1884 3260 1955 lepra
3288 1895 3434 1941 esset
3464 1884 3603 1941 libe-

2003 1982 2153 2028 ratus
2172 2015 2187 2039 ,
2216 1972 2479 2030 solemnia
2499 1975 2632 2046 legis
2656 1986 3030 2043 executurum,
3064 1976 3187 2033 ideo
3216 1977 3287 2032 ita
3318 1977 3603 2047 praecepit.

2004 2054 2144 2134 Quid
2175 2066 2328 2120 tum?
2367 2067 2808 2125 Perseveravitne
2832 2069 2883 2124 in
2914 2069 3187 2134 bonitate,
3230 2069 3283 2124 id
3322 2080 3438 2137 est,
3480 2085 3604 2141 per-

2007 2158 2263 2214 missione
2294 2159 2455 2231 legis,
2483 2175 2550 2215 an
2580 2175 2685 2216 non
2712 2160 2827 2234 (10)
2849 2161 2874 2215 ?
2894 2162 2947 2218 Si
2980 2162 3122 2217 enim
3151 2163 3323 2218 bonus
3349 2177 3604 2232 perseve-

2006 2252 2176 2323 ravit,
2225 2267 2494 2322 nunquam
2525 2252 2640 2325 (Η)
2683 2253 2990 2309 destructor
3027 2254 3130 2309 erit
3170 2254 3323 2324 legis,
3365 2269 3465 2310 nec
3503 2255 3600 2311 Dei

2004 2343 2226 2399 alterius
2271 2343 2588 2412 habebitur,
2616 2354 2864 2402 cessante
2911 2346 3042 2416 legis
3089 2345 3464 2402 destructione
3507 2362 3605 2417 per

2003 2452 2162 2510 quam
2202 2438 2425 2496 alterius
2467 2438 2560 2495 Dei
2608 2439 2928 2496 vindicatur.
2977 2440 3033 2496 Si
3084 2456 3188 2495 non
3240 2441 3606 2512 perseveravit

2007 2529 2177 2587 bonus
2203 2531 2531 2587 destruendo
2554 2540 2736 2602 postea
2763 2531 2959 2604 legem,
2985 2532 3176 2589 falsum
3207 2546 3336 2602 ergo
3363 2533 3605 2589 testimo—

2017 2624 2164 2679 nium
2216 2633 2403 2695 postea
2450 2624 2733 2680 collocavit
2778 2625 2918 2695 apud
2959 2625 3081 2682 illos
3118 2625 3171 2681 in
3210 2625 3487 2682 curatione
3525 2625 3629 2697 leg

2006 2715 2150 2787 prosi
2175 2733 2189 2770 :
2218 2715 2458 2773 deservit
2483 2715 2626 2771 enim
2656 2716 2970 2780 bonitatem,
3000 2717 3128 2773 dum
3157 2716 3385 2773 destruit
3412 2717 3605 2789 legero.

2007 2807 2177 2864 Malus
2204 2806 2336 2879 jam,
2367 2807 2582 2879 quando
2612 2807 2745 2880 legis
2766 2824 3007 2875 eversor,
3035 2810 3079 2865 si
3104 2809 3295 2876 bonus,
3326 2824 3446 2865 cum
3475 2810 3609 2881 legis

2008 2900 2263 2957 indultor.
2309 2899 2416 2959 Sed
2463 2908 2519 2955 et
2556 2915 2622 2957 eo
2655 2900 2799 2972 quod
2845 2900 3065 2957 indulsit
3110 2902 3213 2973 legi
3253 2902 3607 2974 obsequium,

2008 2992 2202 3050 bonam
2233 2992 2403 3064 legem
2435 2991 2792 3049 conﬁrmavit.
2837 2992 3003 3049 Nemo
3032 2992 3177 3050 enim
3218 2995 3361 3049 malo
3385 2994 3608 3065 obsequi

2011 3086 2230 3157 patitur.
2278 3085 2421 3157 Ergo
2458 3092 2513 3141 et
2541 3085 2618 3141 sic
2646 3084 2841 3150 malus,
2871 3085 2916 3140 si
2945 3084 3260 3156 obsequium
3305 3085 3457 3141 mala:
3504 3084 3611 3157 legi

309 3185 398 3229 tur
440 3174 685 3231 Christus
726 3164 1033 3246 Creatdris,
1078 3193 1240 3248 quam
1287 3194 1352 3235 ex
1401 3179 1552 3235 verbi
1603 3183 1905 3251 potestate?
1931 3189 1976 3255 ο
2010 3178 2270 3245 indulsit;
2298 3187 2352 3233 et
2371 3177 2450 3233 sic
2474 3176 2731 3245 deterior,
2760 3177 2804 3233 si
2843 3177 2996 3233 bona:
3027 3177 3162 3248 legis
3189 3177 3493 3234 destructor
3515 3177 3609 3233 ad-

313 3265 421 3321 Sed
463 3266 586 3322 ideo
614 3267 749 3322 alius
775 3267 1024 3326 Christus
1044 3311 1059 3337 ,
1088 3269 1211 3341 quia
1239 3269 1397 3327 aliter
1425 3286 1584 3342 quam
1613 3271 1905 3345 Helisants,

307 3357 430 3430 quia
462 3362 729 3430 potentior
755 3360 1007 3418 dominus
1031 3362 1231 3418 famulo
1260 3377 1379 3420 suo.
1417 3363 1558 3434 Quid
1589 3366 1906 3434 constituis,

310 3452 566 3521 Marcion,
604 3454 829 3526 proinde
860 3472 948 3512 res
977 3457 1060 3528 agi
1086 3472 1114 3511 a
1146 3458 1339 3522 servis.
1369 3458 1820 3528 quemadmodum
1841 3462 1909 3518 ab

308 3546 440 3616 ipsis
464 3546 731 3603 dominis?
770 3548 885 3603 Non
925 3550 1085 3607 times
1125 3565 1192 3605 ne
1230 3551 1284 3606 in
1314 3551 1550 3607 dedecus
1577 3552 1669 3608 tibi
1698 3564 1905 3623 vertat,

307 3640 353 3692 si
404 3638 525 3693 ideo
573 3639 846 3695 Christum
892 3656 1054 3713 negas
1107 3641 1414 3710 Creatoris,
1461 3643 1584 3715 quia
1640 3647 1909 3716 potentior

310 3730 475 3787 fuerit
517 3731 716 3787 famulo
757 3732 1029 3789 Creatoris
1050 3776 1066 3803 ,
1099 3735 1190 3806 qui
1219 3735 1284 3790 ad
1315 3735 1531 3792 Helismi
1561 3737 1905 3808 pusillitatem

310 3824 484 3896 major
505 3827 834 3896 agnoscitur,
863 3828 906 3883 si
933 3839 1110 3887 tamen
1137 3829 1350 3900 major?
1377 3830 1480 3887 Par
1507 3833 1652 3888 enim
1677 3836 1905 3904 curatio,

310 3918 435 3974 licet
488 3919 653 3975 distet
705 3923 969 3991 Operatio.
1021 3921 1157 3991 Quid
1206 3923 1437 3996 amplius
1484 3926 1733 3999 prarstitit
1787 3939 1908 3984 tuus

312 4007 562 4064 Christus
584 4051 598 4074 ,
643 4028 802 4081 quam
835 4028 988 4068 meus
1019 4012 1318 4070 Helisaeus?
1346 4015 1479 4084 lmo,
1507 4017 1633 4086 quid
1657 4032 1905 4089 magnum

314 4102 563 4171 prmstitit
620 4104 695 4157 tui
749 4104 952 4159 Christi
1003 4105 1266 4160 verbum?
1317 4121 1441 4163 cum
1496 4107 1551 4164 id
1599 4112 1908 4179 praestiterit

313 4192 454 4262 quod
487 4193 678 4247 ﬂuvius
703 4193 997 4250 Creatoris.
1031 4194 1337 4253 Secundum
1368 4198 1513 4266 inec,
1544 4208 1738 4257 ett-tera
1768 4218 1907 4274 quo-

310 4299 415 4354 que
460 4296 770 4341 occurrunt.
812 4287 1081 4356 Quantum
1132 4289 1276 4345 enim
1319 4290 1385 4347 ad
1428 4291 1612 4362 gloria:
1657 4292 1907 4353 humana:

309 4378 645 4434 aversionem
679 4379 1012 4450 pertinebat,
1041 4381 1210 4439 vetuit
1238 4397 1362 4440 eum
1391 4383 1705 4456 divulgare:
1737 4402 1907 4460 quan-

2012 3272 2180 3327 venit.
2216 3269 2446 3327 Proinde
2469 3269 2515 3325 si
2540 3281 2596 3324 ut
2620 3270 2798 3325 sciens
2812 3284 3034 3326 omnem
3058 3271 3147 3341 qui
3175 3270 3320 3342 lepra
3353 3270 3611 3327 liberatus

2010 3372 2158 3419 esset
2202 3363 2271 3418 ita
2322 3362 2618 3430 iacturum,
2671 3361 2792 3418 ideo
2833 3363 3089 3434 praecepit
3140 3377 3333 3417 munus
3388 3361 3606 3432 offerre,

2012 3455 2183 3528 potuit
2212 3465 2267 3510 et
2293 3470 2398 3509 non
2424 3454 2745 3526 praecepisse
2770 3454 2914 3525 quod
2943 3456 3144 3511 sciebat
3176 3454 3317 3510 ultro
3346 3453 3605 3513 futurum.

2012 3546 2073 3604 In
2105 3561 2299 3602 vanum
2327 3561 2457 3617 ergo
2493 3544 2775 3602 descendit
2804 3547 2958 3619 quasi
2989 3547 3161 3617 legem
3202 3546 3607 3621 destructurus,

2012 3658 2133 3699 cum
2173 3642 2318 3699 cedit
2354 3641 2765 3699 obsecutoribns
2804 3642 2958 3714 legis.
3002 3641 3199 3713 Atquin
3238 3641 3388 3712 quasi
3432 3642 3608 3697 sciens

2011 3734 2238 3792 formam
2275 3736 2718 3811 cornuin-magis
2758 3734 2828 3791 ab
2856 3750 2918 3791 ea
2947 3733 3265 3790 avertendos
3307 3733 3609 3805 prtevenire

2010 3829 2290 3897 debuerat,
2323 3829 2367 3885 si
2395 3830 2446 3885 in
2475 3828 2577 3884 hoc
2605 3839 2846 3886 venerat.
2861 3828 2969 3885 Cur
2985 3844 3114 3899 ergo
3137 3826 3254 3901 (12)
3278 3842 3382 3883 non
3410 3827 3608 3895 tacuit,

2011 3929 2071 3978 ut
2109 3920 2273 3977 homo
2305 3920 2422 3977 solo
2457 3936 2557 3975 suo
2597 3919 2820 3976 arbitrio
2850 3919 2951 3990 legi
2980 3919 3259 3976 obediret?
3303 3931 3428 3975 tunc
3460 3919 3608 3975 enim

2009 4016 2352 4087 aliquatenus
2401 4022 2585 4085 posset
2629 4012 2797 4069 videri
2827 4012 3097 4083 patientia:
3125 4026 3238 4066 sua:
3272 4010 3604 4081 praestitisse.

2009 4105 2116 4163 Sed
2164 4104 2346 4176 adjicit
2389 4089 2552 4161 etiam
2601 4104 2976 4160 auctoritatem
3027 4117 3181 4158 suam
3231 4110 3605 4174 exaggeratam

2013 4197 2303 4255 testimonii
2337 4196 2595 4269 pondere.
2637 4194 2803 4267 Cujus
2836 4195 2952 4266 jam
2979 4194 3314 4262 testimonii,
3344 4193 3447 4250 nisi
3473 4193 3608 4265 legis

2012 4290 2278 4348 asserturi
2327 4290 2489 4347 Certe
2536 4287 2674 4346 nihil
2722 4289 2947 4345 interest
2996 4284 3267 4358 quomodo
3310 4283 3608 4341 ﬁrmaverit

2012 4385 2186 4458 legem
2209 4427 2225 4452 .
2267 4385 2384 4443 sive
2411 4399 2513 4457 qua
2553 4384 2725 4442 bonus
2747 4422 2762 4452 ,
2790 4382 2904 4439 sive
2930 4396 3036 4454 qua
3061 4394 3424 4453 supervacuus
3442 4419 3459 4446 ,
3490 4378 3606 4451 sive

1535 4496 1918 4559 LECTIONES
1954 4498 2373 4560 VARIANTES.

398 4626 705 4701 l)Emundat
738 4625 891 4678 Seml.
1924 4637 1979 4701 D
2089 4636 2118 4685 7
2163 4635 2349 4702 Utputa
2383 4635 2536 4689 Seml.

396 4688 719 4815 2g'gtgniﬁcat
751 4690 905 4742 Seml.
2066 4637 2145 4815 38)
2164 4700 2412 4764 Propheta
2444 4702 2600 4755 Bentt.
2624 4695 2878 4767 prophetas
2911 4705 3026 4749 Jun.

396 4751 425 4815 ὅ
470 4750 631 4815 toties
656 4754 775 4815 Rtg.
795 4757 954 4804 Venet.
2093 4762 2125 4812 9
2166 4762 2341 4814 Totam
2376 4765 2519 4815 Pard

394 4750 445 4820 ξ)
462 4750 631 4820 ἐδῖίθε
656 4751 779 4820 πίρκ
795 4757 954 4820 Venet.
2072 4750 2142 4820 tot
2166 4750 2349 4814 Totam?
2372 4750 2519 4820 Pard

394 4763 447 4872 ος
463 4763 631 4801 Iones
656 4763 779 4866 ΜΞ..
795 4763 954 4804 Venet.
2066 4763 2142 4883 (9)
2166 4763 2341 4814 Totam
2376 4765 2519 4820 Pard

394 4814 441 4883 ._t__
466 4812 680 4883 generet
719 4816 1027 4883 _tg._Venet.
2096 4825 2405 4883 lO)Autnou
2420 4825 2572 4883 Semi.

397 4873 863 4954 ξρξεξτιρςνξρῑηέο
2067 4873 2634 4954 ῗξῇἓίιὲἁῦηἶὲἆιι-

396 4936 443 5002 ϐ)
472 4936 662 4990 Functo
699 4937 852 4991 Semt.
2064 4936 2171 5006 ost
2190 4936 2525 5006 etiamm;

1673 5051 2234 5119 COMMENTARIUS.

384 5189 459 5258 (a)
498 5185 707 5261 Septem
752 5184 969 5240 maculis
1013 5183 1310 5261 capitalium
1356 5182 1678 5261 delictorum.
1713 5187 1897 5261 Longe

307 5256 466 5316 aliam
498 5257 682 5330 habes
704 5271 864 5330 quam
890 5272 1010 5327 quae
1038 5256 1399 5313 cemmuniter
1423 5256 1649 5314 traditur
1687 5256 1892 5330 septeni

313 5273 466 5316 altam
500 5273 663 5312 naues
743 5273 864 5311 nam
890 5273 1010 5327 quae
1038 5273 1399 5313 communiter
1423 5273 1649 5314 traditur
1687 5273 1892 5330 septem

313 5329 618 5402 capitalium
655 5273 971 5402 delictorum
994 5330 1456 5402 enumerationem
1476 5370 1490 5394 ,
1523 5338 1894 5402 _utpote_cum

310 5398 395 5457 hic
418 5408 796 5458 cnumcrentur
813 5398 1134 5470 idololatria,
1153 5398 1502 5470 blasphemia,
1522 5398 1888 5470 homicidium,

313 5471 667 5537 adulterium,
702 5481 967 5539 stuprum,
1001 5469 1192 5525 falsum
1218 5469 1607 5536 testimonium,
1638 5480 1692 5527 et
1721 5469 1890 5529 fraus.

309 5546 546 5615 Quorum
570 5541 874 5615 idololatria
900 5550 961 5615 et
985 5540 1311 5615 blasphemia
1352 5551 1577 5615 possunt
1602 5541 1671 5615 ad
1697 5555 1892 5615 super-

2000 5202 2056 5250 et
2085 5196 2295 5254 acedia?
2314 5192 2439 5253 Tria
2464 5204 2641 5252 autem
2679 5210 2746 5253 ex
2775 5193 2859 5249 bis
2884 5194 3210 5250 enumeratis
3235 5190 3600 5263 adulterium,

2000 5263 2260 5339 fraudem,
2296 5266 2665 5339 homicidium,
2692 5266 2991 5339 Cyprianus
3032 5265 3195 5339 etiam
3219 5266 3357 5339 inter
3387 5274 3566 5339 mort_a
3592 5292 3601 5303 ·

2000 5336 2067 5391 lia
2094 5338 2317 5394 crimina
2349 5340 2517 5407 ponit,
2551 5338 2646 5394 lib.
2665 5334 2903 5393 de'Bono
2928 5335 3224 5391 Patientia.
3257 5336 3457 5407 Auctor
3500 5334 3605 5389 deo
3682 5353 3702 5369 ο

1998 5407 2160 5475 nique
2212 5409 2303 5465 lib.
2332 5405 2397 5464 de
2427 5407 2684 5463 Pudicitia
2704 5450 2719 5471 ,
2751 5410 2939 5465 eadem
2968 5407 3071 5462 ista
3098 5408 3236 5460 inter
3260 5405 3510 5475 graviora
3542 5413 3598 5461 et

1995 5473 2249 5545 exitiosa,
2297 5481 2404 5534 imo
2450 5488 2505 5535 et
2544 5480 2786 5534 mortalia
2836 5486 3111 5543 numerat,
3152 5473 3351 5547 praeter
3398 5473 3601 5547 lalsum

1999 5544 2393 5607 testimonium.
2421 5550 2575 5620 cujus
2602 5551 2719 5605 loco
2752 5549 2821 5605 ibi
2850 5544 3189 5620 negationem
3219 5544 3384 5609 addit,
3420 5544 3595 5600 forni-

312 5608 452 5671 Diam
497 5612 721 5692 referri,
768 5608 1115 5692 ltomiciditnn
1163 5611 1230 5665 ad
1275 5608 1448 5692 irain,
1494 5608 1812 5692 adulterith
1839 5624 1895 5668 et
1996 5620 2261 5692 cationem
2316 5622 2422 5678 illic
2460 5608 2774 5692 appellans,
2815 5608 2974 5692 quain
3016 5617 3102 5673 hic
3141 5608 3384 5685 stuprum
3438 5631 3593 5673 inore

310 5700 551 5757 stuprum
597 5682 660 5735 ad
704 5681 966 5757 luxuriam
988 5680 1236 5757 ,_l‘alsum
1270 5682 1646 5757 testimonium
1660 5689 1715 5737 et
1744 5680 1891 5757 fraus
1993 5703 2112 5745 suo.
2143 5689 2279 5747 Ρη.

308 5759 373 5813 ad
402 5750 720 5819 avaritiam;
747 5750 842 5808 sed
871 5750 1148 5807 rcstabunt
1172 5759 1456 5822 praetcrea,
1487 5751 1705 5820 invidia,
1735 5751 1883 5823 gula,
