4020 6286
347 325 453 382 377

1425 325 1554 380 LIB.
1595 324 1665 382 IV
1713 324 2073 383 ADVERSUS
2112 327 2536 389 MARCIONEM.

3537 341 3642 401 378

349 437 448 491 qua
471 420 702 490 patiens,
731 419 1310 490 sivequainconstans,
1341 419 1468 476 dum
1487 430 1560 486 te,
1581 419 1836 488 Marcion,
1869 421 1940 476 de
1970 421 2020 478 Α
2047 425 2339 493 primordio
2380 429 2488 498 egit
2534 429 2586 486 in
2639 428 2813 486 Patris
2859 431 3088 491 nomine.
3146 433 3292 506 Lego
3336 443 3390 491 et
3432 435 3642 494 Nathan

347 513 516 584 gradu
549 514 738 582 pellam
763 513 868 585 (α).
901 513 1040 570 Ecce
1067 513 1318 585 praecepit
1339 512 1508 584 legem
1533 512 1763 582 impleri.
1796 513 1943 580 Quo-

350 622 585 676 cumque
609 605 767 660 modo
792 608 1046 678 prmcepit
1075 605 1178 679 (l),
1211 607 1399 662 eodem
1429 607 1774 676 potuitetiam
1797 607 1942 662 illam

350 698 681 766 przemisisse
729 697 990 767 (Maltlt..
1025 699 1086 765 γ,
1124 697 1210 770 17)
1255 700 1616 754 sententiam:
1668 700 1786 756 Non
1833 687 1944 756 veni

350 789 510 860 legem
541 789 845 855 dissolvere,'
866 791 952 844 sed
983 791 1279 864 adimplere.
1312 791 1447 860 Quid
1476 807 1605 864 ergo
1634 793 1724 848 libi
1757 793 1853 850 fuit
1877 795 1944 850 de

354 883 646 953 Evangelia
693 884 923 939 crasisse
966 884 1106 954 quod
1153 884 1357 940 salvum
1399 885 1520 942 est?
1564 886 1843 942 confessus
1885 903 1944 944 es

347 975 492 1030 enim
525 991 634 1046 pra:
660 975 900 1030 bonitate
929 975 1123 1032 fecisse
1153 977 1326 1046 illttm,
1356 979 1497 1048 quod
1531 994 1693 1050 negas
1719 979 1940 1035 dixisse.

349 1069 566 1124 Constat
601 1085 727 1140 ergo
755 1069 954 1124 dixisse
986 1070 1158 1137 illum,
1187 1072 1306 1142 quia
1329 1080 1382 1128 et
1408 1072 1566 1137 fecit;
1605 1081 1660 1128 et
1685 1083 1738 1128 te
1771 1073 1943 1143 potius

347 1177 533 1215 vocem
579 1161 788 1215 Domini
833 1161 907 1232 (b)
941 1161 1006 1217 de
1039 1163 1327 1235 Evangelio
1365 1165 1600 1221 erasisse
1635 1165 1750 1238 (2),
1782 1182 1941 1238 quam

348 1264 562 1309 nostros
601 1255 867 1325 injecisse.

969 1348 1196 1406 CAPUT
1233 1348 1306 1404 X.

416 1437 645 1493 Curatur
699 1449 753 1494 ct
806 1441 1127 1514 paralyticus
1190 1442 1382 1514 (Luc.,
1437 1441 1560 1516 γ),
1613 1451 1668 1500 et
1726 1443 1942 1515 quidem

345 1531 398 1584 iu
459 1541 598 1586 ctetu
653 1541 930 1602 spectante
991 1535 1210 1605 populo.
1278 1533 1474 1590 Videbit
1533 1535 1704 1602 enim,
1774 1537 1946 1607 inquit

347 1622 536 1678 anias
579 1624 724 1697 (ls.,
753 1624 951 1682 XXXV
975 1662 988 1686 ς
1034 1627 1143 1697 2),
1194 1630 1413 1698 populus
1453 1629 1808 1685 sublimitatem
1839 1629 1944 1685 Do-

345 1716 510 1781 mini,
560 1726 606 1770 et
652 1717 867 1788 gloriam
911 1718 1026 1772 Dei.
1070 1719 1240 1789 Quam
1271 1721 1648 1776 sublimitatem
1682 1731 1736 1776 et
1781 1737 1939 1793 quam

2050 519 2360 589 prophetam
2387 525 2698 593 agnoscenti
2723 525 2889 581 David
2913 527 3168 583 delictum
3189 542 3347 584 suum
3375 530 3426 584 in
3457 529 3640 588 Uriam

2048 609 2248 666 dixisse
2286 613 2370 682 (ll
2398 613 2551 686 Reg.,
2586 615 2668 681 X,
2704 617 2835 686 l5):
2892 617 2959 672 Et
3001 618 3254 675 Dominus
3302 621 3645 677 circumduxit

2048 703 2285 758 delictum
2305 715 2468 770 tuum,
2487 716 2534 760 et
2555 725 2655 762 non
2674 709 2936 775 morieris;
2962 711 3187 780 proinde
3202 721 3254 767 et
3268 710 3638 784 (l~Reg.,XXI)

2048 797 2234 852 Achab
2265 814 2466 869 regem,
2492 801 2741 856 maritum
2766 801 3005 869 Iezabel,
3049 819 3199 859 reum
3230 805 3544 861 idololatriae
3586 813 3644 862 et

2048 891 2324 962 sanguinis
2351 891 2862 960 Nabuthm,veniam
2885 895 3166 960 meruisse,
3193 896 3518 966 pmnitentia:
3544 911 3644 952 no-

2049 982 2336 1055 minc;(d)
2385 983 2691 1053 Ionatham,
2737 987 2898 1042 lilium
2935 987 3144 1053 Saulis,
3173 988 3644 1059 resignatijejunii

2047 1077 2256 1146 culpam
2298 1076 2672 1145 deprecatione
2718 1078 2926 1135 delesse
2952 1079 3012 1148 (Ι
3042 1080 3169 1152 Reg.
3200 1081 3365 1147 XIV).
3399 1080 3534 1148 Quid
3567 1082 3636 1139 de

2048 1161 2164 1230 ipso
2197 1161 2392 1231 popqu
2420 1171 2658 1217 retexam
2681 1205 2696 1227 ,
2731 1164 2925 1219 totiens
2955 1163 3276 1220 delictorum
3311 1165 3640 1234 indulgentia

2048 1252 2342 1307 restituto?
2371 1253 2440 1308 ab
2463 1267 2528 1308 eo
2566 1255 2771 1310 scilicet
2814 1254 2923 1310 Deo
2947 1297 2962 1323 ,
2994 1257 3082 1328 qui
3121 1255 3339 1326 (Ezeclt.
3371 1257 3637 1325 XXXIII,

2049 1343 2140 1414 ll)
2181 1344 2380 1399 mavult
2409 1344 2830 1400 misericordiam
2858 1361 3016 1417 quam
3047 1347 3364 1403 sacrificium
3386 1391 3402 1413 ,
3431 1358 3484 1404 et
3510 1364 3640 1420 pec-

2047 1437 2245 1491 catoris
2277 1439 2641 1506 ptenitentiam
2688 1455 2844 1510 quam
2886 1450 3135 1496 mortem.
3168 1441 3322 1497 Prius
3348 1453 3429 1498 est
3457 1443 3638 1514 igitur,

2048 1546 2210 1600 neges
2233 1529 2540 1587 Creatorem
2593 1532 2882 1590 indulsisse
2929 1535 3218 1605 aliquando
3241 1535 3432 1591 delicta
3467 1554 3482 1599 ;
3511 1551 3642 1592 con-

2047 1637 2278 1693 sequens
2306 1622 2384 1696 (9)
2410 1665 2424 1688 ,
2459 1632 2521 1677 ut
2547 1625 2798 1680 ostendas
2832 1641 2930 1681 nec
2960 1626 3012 1681 in
3040 1626 3311 1682 Christum
3350 1642 3505 1683 suum
3533 1629 3641 1688 tale

2047 1716 2171 1786 quid
2200 1732 2321 1772 eum
2363 1717 2722 1786 praedicasse:
2751 1728 2805 1774 et
2851 1720 2919 1774 ita
2965 1719 3217 1790 probabis
3249 1737 3437 1776 novam
3483 1722 3638 1780 istam

343 1811 568 1878 gloriam
597 1812 622 1864 ?
690 1811 1030 1867 Convolescite
1090 1831 1269 1868 atauus
1328 1815 1596 1879 dimissw,
1665 1825 1712 1869 et
1777 1832 1941 1886 genua
1969 1818 2018 1876 B
2054 1809 2250 1864 Christi
2318 1810 2436 1863 novi
2497 1810 2702 1866 scilicet
2751 1811 3172 1883 benignitatem,
3206 1815 3252 1869 si
3289 1815 3636 1884 probaveris,

345 1902 614 1957 dissoluta.
657 1903 767 1958 Hoc
808 1903 910 1959 erit
962 1905 1244 1977 paralysis.
1297 1904 1679 1973 Convalescite,
1731 1922 1819 1960 nec
1872 1907 1938 1960 ti-

344 2004 492 2048 mete.
543 1993 656 2049 Non
706 1995 879 2051 otiose
933 1995 1175 2061 iterans,
1224 1996 1603 2065 Convalcscite;
1654 2014 1753 2054 nec
1807 2015 1941 2055 vane

341 2087 697 2157 subjungens,
750 2079 861 2144 Nec
906 2090 1112 2146 timete:
1155 2091 1404 2160 quoniam
1455 2106 1576 2146 cum
1611 2091 1940 2163 redintegra-

345 2179 492 2235 tioue
523 2180 908 2245 membrorum,
942 2183 1133 2237 virium
1165 2200 1376 2254 quoque
1405 2187 1937 2254 reprmsentationcm

345 2271 726 2340 pollicebatur:
753 2273 1004 2344 Exsurge,
1025 2284 1070 2328 et
1091 2275 1212 2330 tolle
1230 2278 1494 2346 grabatum
1519 2287 1682 2341 tuum;
1702 2287 1752 2332 et
1774 2280 1939 2336 animi

344 2363 608 2432 vigorem,
660 2364 724 2418 ad
768 2381 871 2419 non
913 2367 1180 2421 timendos
1221 2368 1309 2438 qui
1347 2368 1539 2424 dieturi
1570 2380 1760 2425 erant:
1813 2371 1939 2438 Quis

348 2454 566 2506 dimittet
599 2466 805 2519 peccata
828 2497 840 2520 ,
884 2457 982 2510 nisi
1012 2459 1150 2512 solus
1192 2455 1378 2512 Deus?
1419 2459 1594 2514 Habes
1625 2460 1803 2532 itaque
1826 2461 1936 2532 jam

347 2555 400 2598 et
446 2546 695 2616 specialis
743 2547 1021 2602 mcdicinm
1071 2549 1404 2619 dispunctam
1455 2549 1826 2622 prophetiam,
1884 2565 1937 2609 et

343 2651 528 2690 eorum
557 2654 678 2708 qua:
702 2640 1021 2705 medicinam
1049 2651 1172 2696 sunt
1196 2653 1402 2697 secuta.
1437 2643 1646 2700 Pariter
1663 2654 1718 2700 et
1744 2647 1937 2702 dimis-

346 2745 521 2784 sorem
546 2731 863 2787 delictorum
882 2733 1157 2789 Christum
1183 2751 1508 2806 recognosce
1528 2739 1665 2808 apud
1689 2740 1936 2796 eumdem

344 2827 656 2896 prophetam
681 2845 693 2883 :
731 2826 984 2893 Quoniam
1012 2829 1117 2901 (3),
1153 2831 1320 2901 inquit
1351 2829 1475 2901 (Is.,
1504 2831 1662 2905 LIII),
1687 2835 1739 2887 in
1768 2836 1935 2905 pluri-

344 2919 436 2973 mis
458 2919 672 2973 dimittet
699 2921 882 2974 delicta
905 2939 1096 2986 eorum,
1129 2933 1175 2976 et
1199 2922 1381 2978 delicta
1409 2934 1588 2978 nostra
1606 2925 1718 2995 ipse
1739 2926 1929 2996 aufert.

341 3009 469 3064 Nam
499 3021 553 3065 et
585 3012 635 3066 in
666 3012 842 3080 priore
892 3013 972 3085 (4)
1027 3012 1154 3086 (ls.,
1181 3014 1198 3068 Ι
1221 3055 1234 3080 ,
1268 3017 1392 3084 18),
1435 3031 1499 3071 cx
1532 3017 1696 3087 ipsius
1727 3017 1933 3073 Domini

343 3117 610 3174 persona:
659 3103 772 3159 Etsi
809 3106 998 3175 fuerint
1027 3105 1210 3160 delicta
1241 3118 1406 3163 vestra
1445 3119 1684 3180 tanquam
1710 3127 1932 3178 roseum,

2048 1917 2147 1958 nec
2171 1917 2350 1973 parem
2373 1901 2619 1958 Creatori
2642 1945 2656 1968 ,
2693 1919 2789 1959 nec
2812 1905 3148 1974 praidicatam
3177 1921 3206 1960 a
3237 1905 3509 1962 Creatore.
3532 1907 3639 1963 Sed

2046 2006 2100 2052 et
2129 2008 2347 2066 peccata
2371 1994 2643 2050 dimittere
2683 2011 2749 2050 an
2778 1995 2894 2066 ejus
2920 1997 3090 2066 possit
3119 2013 3260 2065 esse,
3294 1999 3383 2068 qui
3417 2007 3642 2069 negetur

2051 2100 2236 2146 tenere
2264 2107 2278 2156 ;
2313 2101 2367 2146 et
2394 2107 2460 2143 an
2493 2090 2610 2159 ejus
2636 2091 2704 2144 sit
2733 2090 3012 2146 absolvere
3032 2132 3047 2152 ,
3081 2091 3232 2161 Cujus
3253 2107 3357 2147 non
3386 2093 3456 2147 sit
3480 2092 3640 2148 etiam

2043 2185 2340 2250 damnare;
2373 2193 2426 2239 et
2448 2225 2462 2249 ,
2490 2198 2556 2238 an
2587 2192 2847 2254 congruat
2882 2199 3005 2239 eum
3054 2184 3330 2254 ignoscere
3355 2227 3370 2254 ,
3402 2189 3452 2240 in
3480 2199 3638 2255 quem

2044 2279 2175 2334 nihil
2225 2278 2295 2333 sit
2339 2277 2630 2332 admissum
2665 2295 2678 2332 :
2723 2276 2846 2332 alibi
2880 2277 2950 2350 (ε)
2975 2277 3084 2345 jam
3128 2279 3424 2346 congressi,
3463 2278 3639 2333 malu-

2043 2384 2163 2424 mus
2197 2367 2314 2440 (l0)
2347 2367 2663 2432 admonere,
2696 2382 2856 2439 quam
2877 2376 3188 2423 retractare.
3223 2368 3297 2422 De
3327 2368 3434 2423 lilio
3463 2369 3638 2422 homi-

2043 2462 2125 2516 nis
2177 2461 2371 2531 duplex
2432 2469 2512 2515 est
2562 2468 2739 2514 nostra
2787 2459 3162 2530 prmscriptio,
3203 2474 3381 2530 neque
3425 2459 3640 2515 mentiri

2043 2570 2201 2626 posse
2220 2553 2491 2610 Christum
2515 2594 2530 2618 ,
2568 2562 2623 2606 ut
2652 2567 2711 2606 se
2758 2552 2922 2608 lilium
2966 2551 3197 2606 hominis
3228 2551 3637 2620 pronuntiaret,

2042 2647 2085 2702 si
2119 2663 2224 2701 non
2271 2661 2395 2700 vere
2439 2654 2593 2710 erat;
2623 2658 2795 2715 neque
2846 2643 3011 2698 lilium
3063 2644 3295 2699 hominis
3344 2644 3638 2712 constitui,

2039 2739 2128 2809 qui
2172 2754 2278 2792 non
2315 2739 2385 2794 sit
2414 2748 2568 2792 natus
2597 2753 2662 2794 ex
2694 2735 2913 2792 homine
2935 2779 2949 2800 ,
2982 2736 3065 2791 vel
3106 2746 3255 2806 patre
3301 2736 3383 2792 vel
3428 2748 3636 2794 matre:

2014 2840 2197 2901 .atque
2243 2832 2310 2885 ita
2357 2829 2786 2896 discutiendum,
2824 2829 2976 2897 cuius
3023 2829 3252 2884 hominis
3299 2829 3442 2884 [ilius
3469 2829 3640 2898 accipi

2040 2923 2261 2991 debeat,
2293 2923 2458 2994 patris
2492 2938 2559 2976 an
2590 2923 2794 2976 matris.
2824 2921 2878 2977 Si
2911 2937 2974 2977 ex
3001 2922 3110 2976 Deo
3138 2931 3286 2991 patre
3316 2931 3425 2980 est.
3456 2921 3639 2992 utique

2040 3035 2145 3074 non
2181 3016 2296 3091 (ll)
2325 3033 2387 3072 ex
2427 3016 2682 3071 homine:
2712 3017 2754 3070 si
2787 3031 2891 3069 non
2923 3025 2977 3071 et
3017 3030 3080 3069 cx
3112 3013 3361 3076 homine,
3393 3021 3642 3082 superest

2039 3122 2095 3166 ut
2126 3125 2192 3165 ex
2226 3107 2440 3164 homine
2484 3107 2551 3162 sit
2592 3115 2760 3162 matre
2787 3124 2800 3160 :
2828 3106 2870 3159 si
2900 3121 2964 3161 ex
3007 3105 3256 3171 homine,
3281 3104 3390 3175 jam
3419 3113 3641 3174 apparet

339 3197 470 3251 relut
509 3199 674 3252 nivem
714 3201 999 3265 etutlbabo;
1039 3211 1086 3255 et
1123 3202 1164 3255 si
1205 3211 1444 3273 umquam
1481 3205 1773 3268 coccinum,
1800 3206 1930 3258 velut
1958 3207 2002 3269 C
2036 3203 2156 3274 quia
2183 3218 2248 3257 ex
2279 3200 2501 3271 virgine.
2526 3197 2620 3254 Cui
2649 3198 2791 3253 enim
2813 3196 2972 3251 homo
3000 3197 3116 3267 (12)
3147 3207 3295 3266 pater
3324 3213 3428 3251 non
3459 3196 3637 3265 datur,

339 3293 510 3346 lunam
549 3294 814 3347 exalbnbo.
860 3295 914 3348 In
953 3310 1112 3350 roseo
1141 3295 1456 3365 sanguinem
1489 3297 1783 3354 ostendens
1811 3313 1936 3368 pro-

344 3383 658 3452 phetarum;
700 3386 754 3440 in
786 3387 1008 3440 coccino
1054 3388 1294 3453 Domini,
1330 3397 1386 3443 ut
1425 3388 1725 3445 clariorem.
1759 3389 1930 3445 Etiam

340 3477 592 3532 Micba'as
624 3477 835 3546 (Hic/1.,
870 3477 980 3544 VII,
1007 3479 1072 3534 l8
1100 3491 1149 3536 et
1179 3482 1270 3550 l9)
1298 3481 1363 3536 de
1395 3483 1546 3536 venia
1578 3483 1933 3538 delictorum:

341 3569 468 3638 Quis
495 3569 632 3626 Deus
660 3573 912 3639 quomodo
941 3582 994 3627 tu
1015 3616 1030 3640 ,
1057 3577 1279 3629 etrimens
1328 3575 1616 3642 iniquitates
1640 3617 1654 3641 ,
1705 3585 1750 3629 et
1804 3593 1934 3646 prte-

338 3664 523 3717 teriens
566 3664 840 3736 injustitias
885 3665 1101 3719 residuis
1150 3665 1228 3738 (5)
1298 3666 1607 3722 Ιιωι·εάίιαιὶε
1658 3677 1758 3721 tute
1813 3668 1932 3737 (6)?

339 3754 461 3809 Non
508 3757 666 3809 tenuit
709 3758 760 3811 in
786 3757 1128 3812 testimonium
1161 3756 1232 3831 (c)
1265 3759 1395 3813 iram
1428 3777 1594 3823 suam,
1625 3761 1746 3831 quia
1773 3761 1932 3814 uo’uit

336 3847 735 3901 misericordiam
789 3847 887 3921 (7).
943 3849 1143 3904 Avertat
1197 3851 1297 3920 (8),
1334 3861 1379 3905 et
1409 3852 1724 3906 miserebitur
1751 3853 1930 3908 nostri.

339 3939 606 4009 Demerget
626 3941 810 3997 delicta
835 3954 1028 4008 nostra,
1062 3953 1109 3998 et
1133 3946 1386 4016 demerget
1406 3946 1460 3999 in
1491 3947 1750 4018 profunda
1779 3947 1935 4002 maris

336 4043 542 4104 peccata
574 4045 768 4089 nostra.
791 4035 898 4091 Sed
931 4037 1030 4090 etsi
1064 4037 1197 4091 nihil
1232 4037 1333 4092 tale
1361 4036 1413 4092 in
1445 4037 1717 4102 Christum
1745 4038 1932 4092 fuisset

336 4126 705 4196 praedicatum,
741 4128 993 4184 haberem
1024 4128 1182 4200 hujus
1215 4129 1559 4201 benignitatis
1599 4131 1841 4200 exempla
1875 4130 1929 4184 in

335 4218 626 4287 Creatore,
656 4221 1025 4290 promittentia
1068 4221 1196 4291 mihi
1239 4233 1295 4277 et
1341 4223 1393 4276 in
1427 4222 1562 4278 Filio
1603 4223 1774 4278 Patris
1804 4222 1934 4277 alle-

334 4322 476 4368 ctus.
513 4311 683 4366 Video
712 4311 976 4367 Ninivitas
1015 4313 1282 4369 scelerum
1320 4315 1527 4369 veniam
1559 4324 1875 4370 censecutos
1899 4331 1930 4370 a

334 4403 625 4470 Creatore,
657 4419 725 4459 ne
750 4403 976 4460 dixerim
1013 4415 1137 4464 tunc
1172 4420 1384 4479 quoque
1423 4421 1453 4462 ιι
1478 4404 1715 4474 Christo,
1747 4407 1870 4476 quia
1901 4422 1930 4461 a

2037 3309 2138 3351 nec
2166 3295 2247 3349 vir
2275 3293 2427 3347 matri
2451 3292 2567 3362 ejus
2591 3290 2963 3362 deputabitur;
2993 3302 3172 3360 porro,
3191 3290 3277 3344 cui
3307 3290 3386 3343 vir
3411 3303 3516 3342 non
3541 3288 3639 3344 de-

2038 3388 2330 3460 putabitur,
2359 3386 2506 3456 virgo
2535 3394 2636 3440 est.
2671 3383 2961 3450 Cancrum,
2992 3383 3099 3437 duo
3121 3383 3232 3452 jam
3258 3390 3434 3452 patres
3465 3381 3636 3437 hahe-

2037 3481 2254 3545 buntur,
2286 3479 2427 3534 Dens
2454 3487 2508 3533 et
2537 3477 2730 3544 homo,
2765 3477 2808 3530 si
2843 3491 2952 3530 non
3001 3475 3149 3545 virgo
3193 3476 3263 3528 sit
3307 3485 3496 3528 mater.
3529 3474 3636 3530 Ha-

2041 3573 2186 3628 bebit
2219 3572 2362 3628 enim
2407 3571 2578 3626 virum
2605 3612 2619 3634 ,
2655 3581 2709 3624 ut
2740 3571 2887 3642 virgo
2918 3585 3021 3623 non
3050 3569 3118 3623 sit
3144 3586 3158 3633 ;
3192 3578 3246 3623 et
3274 3567 3522 3623 habendo
3553 3567 3638 3623 vi-

2041 3682 2192 3730 rum.
2223 3666 2357 3721 duos
2406 3674 2584 3735 patres
2609 3649 2770 3718 Iaeict
2798 3706 2812 3730 ,
2852 3663 3013 3716 Deum
3043 3672 3097 3716 et
3137 3661 3441 3728 hominem,
3468 3662 3515 3717 ei
3547 3661 3639 3734 qui

2039 3768 2093 3814 et
2152 3758 2244 3812 Dei
2295 3767 2348 3812 et
2393 3756 2624 3810 hominis
2669 3764 2812 3809 esset
2864 3754 3020 3808 lilius.
3081 3754 3304 3821 Talem,
3355 3756 3396 3808 si
3446 3754 3583 3811 forte
3618 3797 3636 3824 ,

2037 3851 2242 3908 Castori
2266 3861 2351 3904 attt
2384 3841 2592 3905 Ilercu'li
2627 3846 2696 3920 (Ῑ)
2727 3847 3055 3902 nativitatem
3103 3849 3320 3900 tradunt
3345 3847 3553 3901 fabulae.
3581 3847 3639 3904 Si

2040 3947 2155 4000 ha-c
2200 3945 2268 3998 ita
2314 3943 2742 4013 distinguuntur,
2780 3939 2830 3994 id
2855 3950 2970 4005 est,
3000 3940 3046 3994 si
3091 3955 3156 3994 ex
3191 3949 3358 3994 matre
3389 3941 3528 3994 ﬁlius
3556 3949 3641 3996 est

2040 4037 2303 4103 hominis,
2322 4035 2440 4106 quia
2469 4050 2529 4088 ex
2565 4041 2713 4102 patre
2743 4048 2845 4086 non
2877 4041 2960 4086 est
2985 4048 2999 4097 ;
3030 4047 3098 4086 ex
3123 4042 3291 4085 matre
3319 4041 3496 4086 autem
3525 4031 3640 4086 vir-

2036 4130 2192 4199 gine,
2223 4127 2343 4198 quia
2398 4139 2502 4180 non
2552 4140 2618 4179 ex
2649 4117 2812 4193 ’patre
2857 4121 3074 4178 homine
3103 4139 3118 4185 ;
3150 4121 3235 4176 hic
3263 4122 3364 4176 erit
3393 4121 3639 4179 Christus

2036 4223 2219 4290 Isaite,
2281 4235 2438 4293 quem
2480 4226 2858 4286 concepturam
2902 4217 3162 4288 virginem
3212 4215 3482 4286 przedicat.
3527 4216 3642 4283 Qua

2035 4316 2194 4388 igitur
2219 4314 2426 4370 ratione
2458 4312 2708 4367 admittas
2739 4310 2902 4365 lilium
2930 4309 3161 4365 hominis
3182 4351 3196 4374 ,
3231 4308 3466 4363 Marcion
3491 4349 3506 4374 ,
3531 4309 3641 4364 cir-

2035 4407 2370 4478 cumspicere
2421 4420 2526 4461 non
2575 4418 2818 4476 possum.
2869 4402 2926 4459 Si
2979 4403 3144 4474 patris
3173 4401 3444 4468 hominis,
3474 4414 3639 4473 negas

1584 4496 1964 4557 LECTIONES
2005 4496 2419 4555 VARIANTES.

397 4589 472 4712 ill
491 4589 825 4705 terrase;

419 4652 472 4705 2)
497 4652 780 4705 Eradicasse
816 4652 964 4705 Seml.

420 4713 473 4776 3)
499 4717 750 4776 Quomodo
787 4713 937 4768 Sentl.

422 4779 474 4829 4)
497 4779 720 4828 Primore
757 4779 824 4828 at.

404 4833 478 4896 l5)
499 4841 738 4892 Residuas
778 4843 903 4891 Par.

398 4903 474 4964 (6)
496 4904 555 4954 Et
583 4903 737 4954 inser.
757 4903 908 4954 Seml.

397 4965 473 5031 (7)
494 4966 658 5017 Voluit
679 4979 691 5016 :
714 4972 768 5018 et
785 4965 1158 5019 misericordem
1192 4965 1344 5020 Seml.
1378 4967 1508 5032 quod
1531 4979 1619 5020 nec
1636 4980 1830 5021 sensum
1851 4966 1938 5016 ha-

1952 4593 2008 4655 D
2034 4591 2126 4651 bet,
2144 4605 2236 4642 nec
2257 4605 2368 4642 cum
2390 4590 2522 4655 LI}
2542 4585 2775 4644 convenit.

2122 4656 2174 4714 8)
2194 4655 2432 4704 Advertet
2451 4653 2572 4702 Jun.
2586 4654 2907 4714 revertetur,
2927 4649 3193 4701 secundum
3215 4647 3368 4700 LIX.

2122 4658 2152 4706 8
2194 4656 2432 4704 Advertet
2451 4656 2572 4702 Jun.
2601 4656 2840 4701 revertett

2120 4656 2184 4831 9})
2200 4717 2284 4766 Est
2304 4714 2425 4766 add.
2462 4712 2614 4766 Seml.
2642 4711 2840 4766 Obertlt.

2127 4783 2143 4830 l
2187 4777 2203 4831 )
2229 4777 2486 4828 Maluimus
2506 4780 2671 4827 Venet.
2697 4777 2840 4827 obert

2127 4774 2203 4830 l0)
2229 4777 2486 4828 Maluimus
2506 4780 2671 4827 Venet.
2697 4774 2893 4827 oberth.

2128 4837 2210 4893 ll)
2233 4841 2319 4891 Est
2340 4841 2489 4893 inser.
2511 4838 2664 4891 Seml.
2689 4837 2886 4890 Oberth.

2128 4843 2181 4892 ll
2233 4843 2319 4891 Est
2340 4843 2489 4893 inser.
2511 4843 2664 4891 Semt.
2689 4843 2886 4890 Oberth.

2099 4843 2210 4969 ἱιεξ
2226 4903 2383 4955 Homo
2401 4903 2555 4956 omitt.
2580 4898 2730 4954 Seml.
2754 4897 2950 4954 Oberth.

1692 5046 2258 5109 COMMENTARIUS.

410 5139 486 5211 (a)
527 5139 606 5195 De
633 5141 796 5213 gradu
827 5142 1035 5211 pellam.
1065 5139 1432 5213 Objectionem
1465 5151 1608 5198 tuam
1638 5143 1782 5198 illam
1807 5143 1923 5199 dis-

338 5213 564 5280 solvam,
603 5211 706 5284 qua
737 5211 932 5284 bonum
963 5214 1128 5284 Deum
1147 5211 1340 5284 legem
1371 5213 1655 5269 indulsisse
1684 5214 1839 5280 dicis,
1869 5225 1924 5270 et

340 5285 534 5338 malum
589 5283 908 5348 abstulisse;
958 5283 1196 5354 disputat
1226 5283 1380 5342 enim
1428 5284 1693 5341 acerrime
1736 5295 1920 5344 eontra

339 5354 434 5410 bas
472 5356 832 5410 immanitates
866 5354 954 5410 hic
983 5357 1235 5428 scriptor.
1263 5356 1340 5412 Ls
1371 5356 1466 5411 Pn.

336 5445 488 5520 '_(|_t)
529 5445 604 5502 De
642 5445 932 5520 Evangelia
994 5449 1247 5520 erasissc,
1313 5456 1418 5520 etc.
1477 5446 1558 5503 Ob
1612 5458 1923 5520 corruptum

340 5516 399 5572 Β.
419 5516 596 5573 Luca:
637 5519 688 5574 in
715 5516 970 5572 omnibus
1004 5518 1115 5574 fere
1143 5519 1487 5587 Evangelium
1509 5534 1525 5586 ;
1551 5528 1605 5575 et
1635 5516 1930 5589 inter—alia,

337 5603 451 5660 cap.
484 5589 551 5645 IV
574 5589 644 5646 de
665 5605 772 5662 quo
803 5589 893 5644 hic
922 5591 1166 5659 quaestio.
1189 5589 1267 5645 Ls
1296 5590 1392 5646 Pa.

403 5703 556 5760 CAP.
573 5702 723 5760 Χ.-
736 5702 813 5774 (c)
831 5700 952 5756 Non
980 5704 1136 5758 tenuit
1149 5704 1200 5758 in
1216 5705 1578 5760 testimonium.
1603 5705 1721 5770 llic,
1749 5714 1802 5758 ut
1818 5705 1934 5761 aliis

337 5773 387 5829 in
401 5774 797 5848 Iocis,sequitur
810 5774 1171 5848 Tertullianus
1184 5777 1486 5848 versionem
1509 5775 1649 5848 LXX
1663 5775 1934 5848 Interpre-

337 5855 467 5917 tum,
496 5835 607 5922 qui,
630 5835 761 5906 'cum
783 5845 1038 5916 legissent
1066 5861 1160 5918 per
1173 5845 1325 5902 tuned
1345 5861 1529 5905 vocem
1547 5835 1940 5907 hebraeam'wb

2027 5157 2147 5212 quae
2182 5155 2278 5210 per
2305 5140 2455 5215 (aliud
2493 5137 2620 5215 legi_
2649 5135 2960 5215 debuisset,
2995 5135 3331 5215 scripserunt
3360 5131 3462 5215 hoc
3493 5132 3633 5215 loco,

2029 5203 2094 5276 ei;
2121 5203 2379 5284 μὲρτΰριφν
2408 5211 2486 5278 (in
2508 5203 2907 5284 testimonium),
2956 5206 3045 5262 ubi
3071 5203 3140 5284 si;
3171 5209 3322 5262 aiam
3363 5203 3437 5274 (in
3478 5211 3638 5260 teter-

2031 5277 2460 5353 num)'scribere
2489 5280 2692 5353 rectius
2721 5281 3042 5353 potuissent.
3069 5277 3203 5353 Enn.

2102 5345 2181 5425 (d)
2223 5353 2484 5406 Jonatltan
2533 5349 2697 5427 ﬁlium
2722 5345 2976 5427 Saulis”
3006 5345 3492 5427 resignatijejunii,
3526 5353 3631 5427 etc.

2037 5418 2381 5492 Resi'gnatum
2409 5429 2562 5475 vocat
2585 5418 2846 5496 jejunium
2884 5418 3212 5496 infractum;
3243 5418 3464 5496 dederat
3487 5418 3632 5496 enim

2037 5486 2296 5551 Jona'thas
2323 5486 2661 5547 occasionem
2686 5489 2914 5544 violandi
2936 5487 3280 5557 jejunii,cum
3301 5486 3406 5542 mel
3425 5486 3503 5540 ori
3533 5499 3632 5543 suo

2039 5565 2291 5623 admovit.
2329 5565 2402 5618 Le
2426 5563 2522 5617 Pu.

2137 5637 2189 5706 e)
2231 5635 2365 5706 Alibi
2385 5634 2497 5704 jam
2528 5628 2801 5706 congressi.
2838 5626 2933 5706 Est
2977 5625 3261 5706 locus_Lib.
3295 5624 3359 5706 In,
3391 5641 3435 5678 c.
3464 5624 3557 5706 ἓξ.

2137 5694 2184 5778 f)
2207 5694 2402 5778 Castori
2425 5713 2530 5778 Lm!
2563 5694 2774 5778 ﬂet-culi
2798 5712 2817 5751 :
2841 5697 3079 5778 Uterque
3116 5695 3260 5778 Iovis
3290 5694 3464 5778 Illius:
3496 5696 3629 5749 Cas-

2043 5763 2234 5845 tor,'ex
2261 5776 2399 5831 Leda
2424 5772 2656 5845 Tyndari
2683 5781 2940 5838 conjuge;
2969 5765 3220 5821 Hercules
3241 5802 3258 5830 ,
3284 5779 3348 5816 ex
3369 5763 3631 5824 Alcmena

2043 5843 2658 5922 Ampltilryonis.RHEN.
2675 5851 2688 5861 °
