4020 6286
373 314 481 390 319

1783 298 2248 386 Ten'rULLtANt

3572 288 3676 390 s80

308 495 345 526 ,
377 424 473 536 hei
497 444 715 536 lilium}.
812 444 865 536 et
892 445 990 529 yDei
1012 488 1028 514 ,
1051 440 1332 535 Herculem
1355 441 1423 498 de
1448 432 1626 497 fabula
1659 441 1788 498 lacis
1813 444 1965 499 Cltri-
1998 447 2049 505 A
2077 444 2279 525 scilicet
2323 424 2535 500 Domini
2581 414 3040 536 inlerpretatione.
3071 418 3204 503 Nam
3231 422 3352 519 cum
3380 400 3551 535 .ludaei
3582 462 3675 503 so-

377 526 517 617 stum
545 557 559 605 ;
589 541 634 595 si
675 520 863 596 litabis
893 520 1110 631 taqtnm,
1146 520 1415 629 hominis,
1451 551 1630 592 meum
1679 538 1974 605 concedis;

451 622 624 704 neque
646 618 936 713 matrisll)
970 616 1387 723 hominisecrgo
1415 624 1612 684 nullius
1645 631 1876 690 hominis
1896 643 1979 690 est

379 712 520 813 lilius
542 769 558 794 ,
588 722 643 782 et
683 712 906 783 nedrSse
930 712 1029 813 ‘es‘t
1072 712 1406 785 mendacium
1454 725 1769 793 admiserit,
1803 727 1890 797 qtti
1920 742 1978 782 se

378 804 523 893 quod
576 836 681 898 non
740 812 856 899 erat
913 804 1066 875 dixit.
1118 806 1291 899 Unum
1322 829 1516 899 potest
1563 820 1821 889 angustiis
1875 820 1979 877 tuis

378 895 698 990 subvenire,
730 894 771 967 si
805 915 1005 968 audeas
1035 924 1127 969 aut
1168 894 1332 967 Deum
1368 923 1514 968 tuum
1534 922 1759 995 patrem
1782 912 1976 966 Christi

381 992 655 1089 hominem
697 1020 909 1090 quoque
942 1006 1334 1090 [cognominare
1360 1051 1374 1074 ,
1406 992 1546 1079 quod
1592 1010 1657 1064 de
1698 992 1872 1068 Eone
1902 1008 1979 1081 (ἓ)

381 1080 507 1179 l‘ecit
537 1080 843 1179 Valentinus
875 1080 951 1174 (a)
983 1116 996 1163 ;
1041 1080 1133 1154 aut
1164 1101 1417 1173 virginem
1447 1104 1718 1160 hominem
1745 1080 1979 1174 negare,

381 1176 523 1271 quOd
555 1176 721 1262 ne(3)
756 1189 1069 1271 Valentinus
1115 1192 1326 1262 quidem
1376 1194 1519 1252 fecit.
1551 1198 1687 1266 Quid
1733 1213 1893 1264 nunc,
1935 1197 1981 1251 si

382 1268 500 1358 ipso
543 1280 696 1357 titulo
741 1281 830 1336 lilii
880 1268 1109 1365 hominis
1159 1295 1408 1343 censetur
1437 1288 1686 1345 Christus
1713 1290 1851 1360 apud
1882 1290 1982 1344 Da-

382 1371 576 1441 nielem
604 1371 628 1425 ?
657 1388 836 1455 nonne
865 1373 1097 1451 sulliciet
1129 1376 1206 1447 (1t)
1232 1377 1298 1432 ad
1337 1379 1705 1455 probationem
1753 1379 1983 1449 prophe—

380 1454 472 1547 tici
497 1459 738 1547 Christi?
763 1452 899 1541 cum
928 1467 1071 1522 enim
1114 1468 1167 1547 id.
1204 1485 1263 1524 se
1293 1452 1525 1539 appellat
1557 1473 1696 1543 quod
1740 1473 1793 1528 in
1822 1471 1979 1527 Chri-

383 1545 525 1633 stum
583 1557 975 1642 prmdicahatur
1023 1545 1330 1627 Creatoris,
1360 1567 1477 1642 sine
1521 1564 1681 1620 dubio
1725 1567 1894 1635 ipsum
1923 1580 1983 1621 se
2026 1586 2029 1589 δ

385 1642 611 1739 praestat
653 1638 911 1725 intelligi,
945 1636 994 1705 in
1028 1667 1187 1722 quem
1240 1638 1646 1724 praedicabatur.
1690 1656 1978 1725 Nominum

383 1734 694 1795 communio
752 1742 977 1809 simplex
1011 1741 1091 1816 (5)
1121 1786 1135 1809 ,
1168 1745 1214 1799 si
1255 1734 1431 1811 forte,
1464 1747 1633 1803 videri
1686 1759 1897 1820 potest,
1929 1759 1984 1804 et

2081 522 2355 617 tummodo
2385 520 2653 597 hominem
2680 541 2798 611 ejus
2837 520 3137 606 intuentes,
3169 541 3396 597 necdum
3425 520 3479 597 el
3510 542 3674 597 Deum

2082 634 2248 696 certi,
2282 649 2384 704 qua
2437 634 2528 688 Dei
2574 650 2786 711 quoque
2836 634 3026 705 Filium
3050 678 3066 702 ,
3093 637 3289 691 merito
3328 618 3681 692 retractarent

2083 740 2189 781 non
2217 740 2375 795 posse
2404 726 2676 781 hominem
2702 726 2897 783 delicta
2923 727 3199 783 dimittere
3220 768 3236 795 ,
3270 727 3366 783 sed
3397 728 3562 783 Deum
3588 743 3677 783 so-

2084 817 2226 885 lum,
2258 833 2355 873 cur
2392 833 2496 872 non
2538 818 2834 895 secundum
2886 818 3237 889 intentionem
3264 834 3452 879 eorum
3481 818 3549 876 de
3579 820 3680 874 ho-

2083 909 2227 963 mine
2268 910 2348 966 eis
2393 910 2671 987 reSpondit
2718 909 2874 980 (Luc.
2908 910 2978 978 ν,
3028 909 3121 984 24)
3161 911 3283 983 (9),
3317 910 3533 981 Habere,
3561 928 3680 967 eum

2085 1014 2382 1074 potestatem
2421 1005 2705 1081 dimittendi
2729 1006 2918 1061 delicta
2941 1048 2955 1073 ,
2991 1008 3206 1076 quando
3236 1016 3289 1064 et
3319 1008 3495 1079 [illum
3516 1007 3681 1063 hauri-

2085 1098 2165 1153 m’s
2196 1100 2478 1153 nominans
2500 1141 2515 1164 ,
2548 1097 2841 1175 hominem.
2865 1099 3213 1156 nominaret?
3243 1100 3343 1156 nisi
3389 1099 3512 1171 quia
3561 1100 3681 1155 ideo

2085 1189 2197 1258 ipsa
2229 1189 2398 1244 voluit
2434 1205 2529 1245 eos
2577 1190 2939 1261 appellatione
2984 1192 3077 1247 lilii
3126 1191 3358 1249 hominis
3387 1207 3451 1255 ex
3480 1193 3679 1247 instru-

2085 1289 2268 1336 mento
2292 1281 2527 1337 Danielis
2548 1290 2890 1352 repercutere
2916 1324 2930 1349 ,
2960 1293 3018 1338 ιιι
3041 1282 3353 1339 ostenderet
3380 1283 3543 1338 Deum
3566 1281 3681 1355 (l0)

2086 1383 2141 1431 et
2170 1372 2441 1427 hominem
2471 1373 2559 1451 qui
2586 1372 2784 1428 delicta
2812 1373 3146 1441 dimitteret;
3181 1374 3329 1433 illum
3361 1374 3570 1430 scilicet
3588 1388 3680 1428 so-

2086 1463 2194 1541 lnm
2229 1464 2394 1520 lilium
2443 1448 2696 1533 hominis,
2727 1466 2869 1536 apud
2911 1465 3147 1522 Danielis
3182 1458 3518 1537 prophetiam
3548 1480 3682 1520 con-

2087 1565 2327 1611 secutum
2353 1557 2630 1627 judicandi
2664 1567 3022 1637 potestatem,
3054 1573 3119 1614 ac
3151 1573 3247 1629 per
3272 1572 3391 1613 eam
3424 1562 3610 1637 utique
3629 1564 3687 1612 et

2088 1649 2388 1706 dimittendi
2412 1652 2604 1725 delicta
2635 1669 2648 1706 :
2678 1653 2766 1722 qui
2794 1652 2940 1708 enim
2968 1634 3193 1722 iudicat,
3225 1658 3279 1708 et
3305 1634 3535 1707 absolvit
3563 1667 3577 1705 :
3601 1661 3681 1718 ut,

2088 1744 2344 1800 seandalo
2374 1744 2480 1801 isto
2522 1746 2764 1800 discusso
2796 1761 2892 1817 per
2914 1746 3205 1816 Scriptura:
3235 1745 3681 1811 recordationem,

383 1834 562 1889 tamen
618 1851 719 1891 nec
761 1835 1031 1893 Christum
1052 1878 1067 1901 ,
1100 1854 1197 1893 nec
1254 1824 1438 1894 Iesum
1483 1842 1660 1899 vocari
1721 1843 1974 1898 debuisse
2008 1838 2056 1898 B
2086 1834 2296 1896 facilius
2324 1854 2446 1894 eum
2477 1847 2829 1910 agnoscerent
2870 1838 3044 1908 ipsum
3067 1852 3196 1905 esse
3224 1836 3392 1891 lilium
3424 1832 3680 1907 hominis,

384 1918 747 1994 defendimus,
785 1929 1111 2007 diversitatis
1155 1932 1516 2009 conditionem
1564 1943 1828 1990 tenentes.
1876 1938 1983 2007 Ap-

387 2014 610 2094 pellatio
651 2033 828 2079 autem
874 2006 1016 2096 quod
1047 2035 1129 2081 est
1162 2006 1300 2080 lilius
1341 2027 1572 2082 hominis
1596 2070 1610 2095 ,
1644 2028 1697 2083 in
1725 2006 1980 2099 quantum

384 2108 450 2197 ex
490 2117 750 2174 accidenti
777 2102 1010 2185 obvenit,
1040 2119 1095 2174 in
1121 2129 1321 2175 tantum
1350 2120 1569 2197 dil‘ticile
1594 2131 1676 2178 est
1704 2133 1760 2177 ut
1789 2132 1841 2177 ct
1870 2123 1981 2193 ipsa

385 2194 673 2266 concurrat
692 2225 854 2281 super
877 2212 1107 2267 nominis
1129 2194 1585 2268 communionem.
1613 2213 1693 2268 Ex
1716 2214 1981 2270 accidenti

387 2302 530 2358 enim
560 2305 777 2374 proprio
805 2301 885 2376 (6)
899 2315 1000 2372 est,
1022 2306 1252 2383 niaxitne
1265 2321 1383 2361 cum
1398 2322 1584 2363 caussa
1612 2308 1863 2363 convenit
1890 2324 1982 2364 ea-

388 2394 548 2463 dem,
576 2410 673 2468 per
716 2411 875 2479 quam
924 2390 1173 2473 deveniat
1218 2397 1270 2455 in
1317 2401 1771 2473 conununioncm.
1814 2406 1988 2472 Atque

302 2510 311 2515 ι
388 2484 524 2542 adeo
552 2486 599 2543 si
625 2490 678 2542 et
703 2486 950 2543 Christus
980 2488 1266 2545 Marcionis
1311 2498 1467 2546 natus
1497 2507 1563 2547 ex
1592 2491 1816 2548 homine
1843 2492 1989 2550 dice-

388 2570 563 2648 retur,
596 2587 722 2635 tunc
747 2588 802 2637 et
828 2579 945 2651 ipse
972 2593 1189 2657 caperet
1228 2583 1610 2656 appellationis
1654 2591 1989 2651 communio-

391 2658 515 2759 pem
544 2712 560 2740 ,
592 2682 646 2728 et
669 2681 851 2730 essent
887 2674 998 2755 duo
1028 2676 1121 2732 lilii
1152 2677 1384 2734 hominis
1408 2721 1422 2745 ,
1454 2679 1593 2736 sicut
1614 2689 1669 2735 et
1695 2681 1803 2735 duo
1829 2680 1986 2736 Chrio

390 2765 500 2850 sti,
531 2773 586 2821 et
622 2766 730 2822 duo
773 2766 951 2847 Iesus.
1004 2769 1148 2840 Ergo
1185 2787 1305 2828 cum
1350 2773 1641 2843 appellatio
1666 2775 1884 2846 propria
1909 2786 1991 2832 est

393 2857 513 2927 ejus
537 2898 551 2923 ,
585 2857 637 2937 in
663 2874 766 2930 quo
799 2860 961 2917 habet
1004 2878 1247 2933 caussam
1276 2906 1292 2933 ,
1324 2866 1367 2921 si
1399 2865 1477 2939 (7)
1530 2868 1620 2922 alii
1668 2868 1985 2937 vindicetur,

394 2949 451 3031 in
477 2966 584 3019 quo
614 2961 697 3007 est
717 2956 1026 3011 communio
1053 2959 1321 3025 nominis,
1355 2976 1460 3015 non
1491 2963 1651 3016 etiam
1679 2964 1991 3034 appellatio-

394 3043 478 3099 nis
501 3084 519 3111 ,
548 3055 794 3115 suspecta
830 3048 938 3118 jam
974 3048 1032 3117 lit
1060 3052 1366 3106 communio
1413 3055 1646 3108 nominis
1698 3070 1910 3127 quoque
1941 3058 1993 3112 in

395 3147 485 3215 eo,
515 3138 600 3190 cui
651 3138 951 3195 vindicatur
979 3140 1095 3196 sine
1122 3157 1310 3215 caussa
1339 3144 1648 3200 communio
1674 3147 1992 3216 appellatio-

2086 1952 2150 1990 ex
2200 1935 2313 2004 ipsa
2367 1940 2712 2000 peccatorum
2761 1929 3082 2005 remissione
3108 1928 3206 2002 (ὁ).
3260 1928 3687 1999 Denique,nus-

2094 2041 2255 2098 quam
2299 2008 2476 2081 adhuc
2520 2023 2796 2095 professus
2822 2032 2903 2079 est
2943 2036 3002 2101 se
3030 2023 3195 2077 lilium
3224 2020 3457 2077 hominis
3479 2062 3495 2088 ,
3525 2036 3687 2093 quam

2088 2121 2143 2179 in
2171 2121 2273 2175 isto
2300 2119 2422 2175 loco
2454 2118 2681 2188 primum
2706 2160 2721 2180 ,
2753 2117 2804 2172 in
2835 2131 2940 2186 quo
2963 2115 3192 2186 primum
3220 2124 3437 2187 peccata
3462 2113 3687 2182 dimisit,

2090 2217 2140 2272 id
2171 2225 2284 2282 est,
2317 2215 2377 2285 io‘
2409 2230 2515 2286 quo
2543 2215 2770 2284 primum
2809 2213 3105 2284 judicavit,
3131 2212 3259 2266 dum
3302 2211 3548 2266 absolvit.
3603 2210 3687 2265 Ad

2091 2312 2206 2367 haec
2243 2308 2616 2381 quodcumque
2660 2306 2871 2363 diversa
2917 2320 3044 2375 pars
3089 2302 3254 2360 fuerit
3276 2309 3687 2374 argumeutata,

2090 2403 2247 2473 quale
2267 2402 2356 2466 sit,
2372 2400 2575 2471 dispice
2598 2398 2647 2472 (l
2664 2400 2735 2469 1.).
2759 2397 2890 2452 Nam
2914 2398 2964 2451 in
2996 2396 3142 2451 illam
3170 2409 3392 2451 necesse
3411 2404 3495 2450 est
3514 2407 3699 2448 amen-

2090 2495 2217 2551 tiam
2248 2493 2462 2558 tendat,
2490 2500 2618 2546 utet
2649 2488 2817 2545 lilium
2841 2487 3078 2544 hominis
3099 2486 3385 2552 defendat,
3417 2501 3514 2542 nec
3535 2499 3693 2540 men-

2091 2572 2280 2649 dacem
2330 2600 2451 2641 eum
2484 2583 2687 2649 faciat;
2719 2592 2774 2638 et
2813 2597 2880 2637 ex
2935 2580 3152 2636 homine
3181 2588 3339 2651 neget
3366 2587 3551 2634 natum
3576 2618 3591 2642 ,
3624 2592 3701 2631 ne

2094 2679 2260 2736 lilium
2283 2676 2504 2749 virginis
2528 2673 2808 2731 concedat.
2834 2671 2989 2740 Quod
3018 2672 3062 2727 si
3088 2682 3143 2727 et
3171 2660 3460 2726 auctoritas
3483 2668 3696 2734 divina,

2094 2783 2149 2830 et
2176 2788 2357 2829 rerum
2390 2778 2576 2825 natura
2600 2810 2614 2833 ,
2646 2776 2700 2822 et
2728 2765 3032 2844 communis
3060 2764 3320 2834 sapientia
3362 2777 3468 2818 non
3497 2760 3701 2817 admit-

2097 2875 2212 2922 tunt
2239 2864 2357 2938 (1‘2)
2394 2861 2658 2918 insaniam
2683 2859 3012 2923 hacreticam,
3042 2857 3254 2912 occasio
3292 2865 3457 2912 estet
3494 2853 3582 2910 hic
3611 2855 3702 2908 in-

2098 2954 2416 3028 terpellandi
2461 2968 2620 3025 quam
2672 2952 2988 3029 brevissime
3015 2949 3083 3004 de
3111 2946 3409 3005 substantia
3452 2946 3704 3017 corporis

2097 3050 2353 3106 adversus
2385 3047 2757 3119 phantasmata
2780 3041 3087 3098 Marcionis.
3129 3039 3188 3098 Si
3215 3049 3371 3094 natus
3391 3054 3456 3095 ex
3484 3037 3707 3109 homine

2099 3154 2178 3201 est
2200 3188 2214 3211 ,
2252 3152 2301 3199 ut
2336 3141 2478 3197 ﬁlius
2509 3139 2777 3204 hominis,
2810 3149 3007 3205 corpus
3035 3150 3104 3190 ex
3150 3146 3378 3203 corpore
3401 3138 3504 3190 est.
3532 3128 3706 3186 Plane

397 3225 483 3281 "is
509 3236 607 3307 i8!
651 3231 891 3301 sequitur
916 3241 991 3309 .ut
1037 3248 1173 3288 unus
1219 3230 1470 3307 idemque
1515 3236 1785 3305 credatur,
1814 3240 1907 3310 qui
1939 3249 1993 3296 et
2020 3232 2064 3296 C
2098 3239 2306 3297 facilius
2332 3236 2576 3292 invenias
2606 3234 2878 3288 hominem
2905 3239 3089 3285 natum
3117 3242 3213 3284 cor
3240 3240 3348 3282 non
3378 3224 3579 3280 habere
3610 3222 3703 3279 vel

316 3342 319 3345 '
398 3324 636 3395 nominis
672 3324 1055 3397 appellationis
1098 3327 1350 3399 capacior
1380 3328 1670 3400 invenitur,
1704 3331 1830 3387 dum
1859 3333 1996 3389 alter
2098 3332 2421 3399 cerebrum,
2463 3331 2602 3385 sicut
2650 3328 2824 3398 ipsum
2871 3324 3236 3390 Marcionem,
3264 3336 3422 3393 quam
3469 3332 3703 3388 corpus,

397 3417 719 3485 excluditur,
748 3418 839 3489 qui
884 3433 989 3474 non
1038 3417 1199 3475 habet
1240 3420 1616 3490 appellationis
1653 3425 1993 3481 communio-

398 3526 544 3577 nem,
575 3524 768 3567 carens
798 3525 988 3566 caussa
1014 3526 1029 3577 ;
1061 3525 1163 3567 nec
1214 3511 1350 3568 alius
1389 3514 1491 3567 erit
1516 3515 1765 3584 capacior
1794 3517 1995 3573 utrius-

398 3618 505 3675 que
524 3643 540 3668 ,
571 3615 733 3672 quam
761 3602 848 3670 qui
884 3601 1055 3670 prior,
1085 3610 1141 3656 et
1170 3618 1369 3659 nomen
1399 3604 1620 3661 sortitus
1646 3615 1730 3661 est
1756 3606 1952 3663 Christi
1978 3650 1993 3674 ,

398 3704 456 3777 _et
507 3693 922 3767 appellationem
967 3695 1060 3750 lilii
1110 3695 1383 3764 hominis;
1417 3697 1575 3755 Iesus
1604 3700 1811 3758 scilicet
1830 3703 1995 3759 Crea-

401 3780 560 3855 toris.
613 3786 709 3842 Hic
750 3794 866 3843 erat
912 3788 1057 3842 visus
1102 3786 1397 3861 Babylonio
1448 3792 1556 3861 regi
1602 3789 1768 3864 (Dan.
1822 3793 1911 3865 ill)
1942 3796 1995 3850 in

399 3880 622 3957 fornace
672 3895 794 3937 cum
844 3881 1171 3955 martyribus
1208 3883 1327 3951 suis
1363 3893 1621 3955 quartus,
1649 3895 1901 3961 tanquam
1932 3889 1993 3944 ης

399 3972 505 4029 lius
544 3973 816 4043 hominis;
851 3974 989 4031 idem
1037 3974 1136 4047 ipsi
1182 3976 1260 4047 (8)
1318 3976 1520 4033 Danieli
1571 3978 1730 4052 (Dan.
1766 3980 1879 4055 VII)
1908 3999 1996 4038 re-

400 4065 609 4133 velatus
649 4066 854 4123 directo
899 4068 1038 4136 ﬁlius
1076 4068 1330 4135 hominis,
1372 4070 1573 4125 veniens
1613 4088 1728 4126 cum
1758 4074 1872 4128 caeli
1898 4092 1996 4129 utt-

401 4157 545 4241 bibus
564 4159 761 4227 judex,
794 4160 934 4216 sicut
958 4170 1013 4232 et
1041 4161 1315 4232 Scriptura
1356 4163 1709 4220 demonstrat.
1744 4167 1858 4223 Hoc
1884 4168 1995 4225 disi

402 4249 652 4313 sufﬁcere
675 4254 911 4325 potuisse
942 4252 1009 4308 de
1037 4252 1404 4310 nominatione
1438 4257 1747 4327 prophetica
1776 4260 1916 4316 circa
1941 4263 1997 4316 li-

401 4339 531 4399 lium
558 4341 810 4400 hominis.
837 4344 945 4403 Sed
969 4344 1087 4417 plus
1113 4345 1242 4401 tnihi
1262 4345 1535 4421 Scriptura
1556 4349 1788 4419 confert,
1823 4352 1993 4422 ipsius

2101 3436 2161 3483 ut
2189 3411 2457 3482 Christum
2501 3419 2805 3477 Marcionis.
2839 3421 3014 3490 Atque
3051 3416 3188 3475 adeo
3214 3414 3421 3489 inspice
3441 3427 3535 3471 cor
3555 3412 3704 3470 Pon-

2101 3520 2193 3578 tici
2218 3528 2309 3574 aut
2336 3515 2635 3573 cerebrum.

2718 3604 2944 3666 CAPUT
2982 3603 3074 3660 XI.

2174 3702 2523 3759 Publicanum
2573 3700 2823 3756 allectum
2880 3714 2910 3753 a
2950 3696 3176 3753 Domino
3233 3694 3286 3750 in
3328 3699 3703 3766 argumentum

2101 3798 2355 3864 deducit,
2388 3797 2539 3865 quasi
2564 3795 2632 3851 ab
2657 3792 2966 3851 adversario
2994 3790 3130 3861 legis
3165 3788 3418 3845 allectum
3438 3830 3455 3855 ,
3486 3784 3560 3858 (c)
3604 3802 3704 3842 ex-

2103 3901 2343 3949 traneum
2374 3889 2565 3961 Legis,
2607 3896 2661 3944 et
2697 3885 2948 3959 judaismi
2995 3883 3349 3956 prOphanum.
3403 3879 3615 3937 Excidit
3651 3880 3702 3936 ei

2103 3984 2188 4040 vel
2219 3984 2287 4040 de
2314 3982 2510 4049 Petro,
2538 3981 2696 4050 Legis
2728 3980 2979 4045 homine,
3011 3985 3067 4034 et
3107 3985 3286 4032 tamen
3335 3990 3441 4031 non
3495 3980 3702 4029 tantum

2105 4077 2299 4132 allecto
2319 4116 2333 4141 ,
2379 4074 2473 4131 sed
2501 4075 2660 4129 etiam
2691 4071 3055 4129 testimonium
3084 4077 3376 4126 consecuta
3416 4067 3703 4139 agnitionis

2106 4169 2358 4241 prmstitac
2385 4182 2416 4222 a
2446 4167 2601 4222 Patre
2625 4165 2840 4238 (Matth.
2877 4162 3020 4231 XVI,
3055 4162 3166 4233 l7).
3200 4161 3473 4232 Nusquam
3504 4159 3706 4231 legerat

2105 4262 2284 4318 lumen
2305 4303 2318 4327 ,
2352 4269 2407 4317 et
2452 4276 2602 4331 spem
2627 4302 2641 4326 ,
2671 4268 2725 4315 et
2759 4258 3184 4329 expectationem
3238 4256 3510 4310 nationum
3563 4268 3701 4325 pra:-

2104 4354 2269 4412 dicari
2298 4353 2594 4415 Christum.
2624 4352 2821 4425 Atquin
2862 4349 3110 4425 probavit
3136 4348 3312 4422 potius
3338 4345 3586 4416 Judznos,
3615 4343 3702 4401 di-

1648 4460 2028 4530 LECTIONES
2066 4458 2477 4530 VARIANTES.

494 4570 538 4637 ι)
560 4573 722 4624 Patris
760 4578 921 4637 Venet,
943 4569 1097 4627 Seml.
1122 4572 1292 4626 obert.

488 4629 534 4687 2i
564 4637 642 4687 De
661 4649 724 4687 eo
743 4649 835 4686 nec
870 4629 938 4687 at.

488 4697 541 4750 5)
564 4698 669 4748 Nec
707 4697 855 4750 Seml.
879 4698 1022 4750 ober.

492 4758 544 4815 li
571 4758 756 4812 Suflteit
777 4759 931 4813 Seml.
955 4760 1097 4815 ober.

493 4822 545 4886 5)
566 4822 766 4886 Duplex
811 4831 927 4878 Jun.

492 4883 546 4953 6)
564 4883 772 4953 Proprie
806 4892 921 4941 Jun.

2196 4583 2248 4635 ’1)
2271 4583 2333 4635 Et
2370 4580 2518 4634 inser.
2541 4581 2691 4634 Seml.

2197 4641 2247 4709 8)
2274 4646 2399 4697 Item
2424 4648 2528 4709 ipse
2552 4641 2702 4696 Seml.
2731 4643 2893 4709 Oberl.

2196 4584 2222 4634 'l
2271 4583 2333 4635 Et
2370 4583 2518 4634 inser.
2541 4583 2691 4634 Seml.

2194 4648 2228 4709 ‘8
2274 4646 2399 4697 Item
2424 4648 2528 4709 ipse
2552 4641 2702 4696 Seml.
2731 4643 2899 4715 Oberl‘

2194 4583 2609 4822 ἳέβὲῧῇῗηὲῗὶήι
2656 4710 2817 4758 Venet.
2844 4714 2952 4771 mg.

2196 4584 2222 4634 'l
2271 4584 2333 4635 Et
2370 4584 2518 4634 inser.
2541 4584 2691 4634 Seml.

2197 4648 2228 4697 8
2274 4646 2399 4697 Item
2424 4648 2528 4709 ipse
2552 4641 2702 4696 Seml.
2731 4643 2859 4695 Ober.

2194 4711 2224 4759 9
2270 4709 2609 4771 Respondebit
2656 4710 2859 4758 νάπει.)

2198 4773 2218 4821 l
2261 4771 2429 4833 )Eum
2467 4768 2531 4820 al.

2200 4834 2282 4960 iii
2303 4826 2859 4951 ἷὲδέἐὲἓὲνδὲετέιοὲἵὲϊ

2200 4893 2279 4975 l2)
2303 4895 2361 4946 In
2379 4893 2534 4951 inscr.
2552 4894 2704 4950 Scott.
2729 4893 2891 4948 Obert.

1758 4995 2136 5057 COMMENTA
2145 4999 2337 5059 RIUS..

480 5108 557 5186 (θ)
590 5102 842 5186 Quodn
870 5107 1044 5186 Aleae
1090 5109 1209 5186 fecit
1263 5108 1583 5186 Valentinus.
1634 5109 1702 5186 In
1731 5114 2004 5186 angustias

405 5178 647 5238 summas
665 5179 943 5238 redactum
966 5178 1289 5238 Marcionem
1317 5180 1599 5238 sublevare
1621 5178 1849 5248 videtur,
1874 5185 2002 5239 sub-

409 5253 802 5327 terfugiumque
831 5252 919 5327 illi
941 5253 1283 5327 suppeditat,
1311 5253 1636 5327 quasl_i_dem
1666 5270 1729 5309 ac
1753 5254 1999 5327 Yalenti-

407 5328 510 5380 nus
538 5318 799 5396 s'entirét,
831 5325 921 5396 qui
954 5318 1138 5379 Jesum
1183 5318 1344 5394 quem
1375 5334 1430 5380 et
1455 5323 1725 5396 Christum
1774 5318 2000 5396 locabat

407 5404 476 5451 ex
504 5394 745 5450 monibus
771 5392 1128 5466 compositum
1158 5392 1353 5453 aiebat.
1383 5397 1451 5452 At
1486 5410 1553 5451 ex
1583 5395 1672 5451 illo
1697 5396 1815 5451 loco
1845 5392 1998 5454 illuni

406 5474 593 5539 postea
617 5466 816 5539 acriter
840 5462 1038 5538 dejicit.
1069 5462 1148 5525 LI:
1187 5468 1284 5524 Pa.
1458 5538 1461 5539 ν
1577 5530 1587 5539 ι

481 5536 562 5611 Lb)
605 5535 1314 5611 ῼεηξᾳιιε-ηξέεᾳααγηίᾳᾴΙηιο
1341 5535 1599 5611 professus
1628 5544 1721 5611 est,
1741 5545 1855 5611 ‘ctc.
1887 5537 1994 5593 Lo-

406 5598 588 5679 quitur
603 5598 890 5682 Auctorde
909 5598 1198 5682 Evangelia
1228 5598 1386 5682 Lucio
1414 5598 1773 5682 solummodo,
1790 5622 1968 5682 secuti

406 5675 531 5750 dum
562 5675 784 5750 quodin
815 5680 917 5734 isto
943 5675 1309 5750 loco'primmh
1342 5675 1613 5750 professus
1636 5687 1716 5729 cst
1743 5675 1799 5731 se
1828 5676 1990 5750 lilium

406 5744 663 5824 hominis.
684 5749 811 5824 Nam
831 5750 874 5805 si
893 5752 959 5805 de
973 5744 1268 5824 livaitgellls
1285 5744 1536 5824 militibus
1554 5744 1991 5824 ltfllllillllill‘ll';‘illllé

409 5818 513 5876 hoc
544 5821 857 5880 miraculum
887 5816 1146 5880 reccnscf
1171 5825 1231 5880 υ.
1280 5820 1559 5880 Matthtcus
1588 5816 1715 5872 illud
1747 5816 1940 5874 (lhristl
1971 5837 1985 5874 :

2028 5116 2084 5179 1)
2112 5116 2284 5183 Filius
2325 5124 2494 5172 autem
2522 5116 2758 5183 hominis
2812 5118 2914 5170 non
2965 5102 3113 5169 habet
3153 5111 3240 5167 ubi
3281 5095 3527 5183 repenti,
3559 5109 3705 5183 quod
3752 5120 3763 5129 -

2109 5180 2337 5259 primum
2388 5180 2644 5259 repelitur
2680 5186 2851 5259 Lucae
2890 5184 3003 5259 IX.
3045 5183 3295 5259 .Utrumf.‘
3320 5181 3499 5259 :ltttem
3540 5180 3702 5259 prius

2108 5242 2627 5333 contigerint'verba
2658 5257 2745 5333 illa
2772 5257 2972 5333 gltristi
3003 5244 3132 5333 abte
3158 5242 3297 5333 isttld
3326 5242 3650 5333 mit-aculam
3683 5294 3698 5320 ,

2101 5325 2621 5412 sicuti'contentlunt
2645 5329 2735 5412 qui
2772 5326 3127 5412 Concordiam
3154 5325 3503 5412 scripserth
3531 5338 3665 5412 evan
3682 5353 3699 5365 -

2099 5404 2322 5471 gelicam
2343 5429 2358 5469 δ
2377 5417 2446 5457 an
2477 5396 2745 5471 posterius
2765 5441 2781 5464 ,
2805 5400 2944 5469 quod
2960 5399 3209 5471 indicare
3226 5396 3436 5451 videtur
3460 5396 3690 5459 auster,

2105 5468 2227 5529 aliis
2252 5468 2929 5542 disputandum,relinquo.
2950 5470 3094 5542 Ρη.
3176 5508 3179 5542 τ

2171 5542 2325 5601 CAP.
2341 5534 2588 5616 Xl.—(c)
2612 5534 3087 5619 Extranéumjfegis
3102 5549 3145 5619 et
3166 5537 3432 5619 iudaismi,
3457 5544 3562 5619 etp.
3592 5534 3695 5619 Εεηυ

2102 5623 2343 5670 traneum
2374 5624 2430 5671 ut
2465 5610 2624 5683 supra
2663 5628 2781 5668 cum
2816 5610 3048 5687 genitivo
3073 5610 3190 5681 plus
3209 5610 3372 5683 semel
3400 5610 3695 5734 rgmjttnvit.

2102 5682 2195 5734 llic
2221 5683 2379 5734 etiaih
2408 5682 2560 5734 dixit.
2590 5678 2833 5734 intlaistt‘ii
2869 5678 3142 5734 hrol'ahttm
3166 5678 3414 5734 .imelliz
3453 5694 3512 5734 ns
3536 5690 3565 5732 a
3595 5650 3694 5731 .lu-

2100 5682 2195 5759 Ilic
2221 5683 2379 5763 etiaiit
2402 5678 2561 5763 adlisit,
2584 5678 2842 5761 judaismi
2868 5678 3142 5807 plurmum
3166 5678 3512 5761 ,Iititelligétts
3536 5678 3565 5732 ti
3595 5678 3694 5731 Ju-

2100 5754 2227 5807 dazis
2256 5753 2512 5807 relectum
2538 5756 2680 5807 velut
2725 5751 3021 5807 cicerabile
3044 5734 3097 5807 ll;
3142 5748 3312 5805 llum.

2097 5732 3097 5825 uleis'i-et‘ébiuiifiﬁtui"Eicbiab'ilélllt
3142 5732 3312 5805 item.
