4020 6286
277 372 383 432 585

277 585 401 639 dam
427 587 591 657 ,‘quia
635 604 793 645 nemo
828 591 1016 648 alienis
1051 607 1146 651 sua
1177 594 1455 668 adjungit’,
1502 606 1560 653 ut
1590 598 1657 652 ah
1686 601 1875 657 alienis

279 692 532 748 separare
561 682 748 750 possit.
794 685 1073 754 Separatio
1105 702 1198 757 per
1228 688 1659 759 conjunctionem
1690 695 1871 764 capit,

252 765 346 823 -de
368 783 468 839 qua
494 768 571 824 fit.
595 771 689 839 Ita,
713 789 832 844 qua:
856 775 935 846 (ί)
958 777 1259 847 scparabat,
1286 780 1410 836 etin
1433 797 1541 836 uno
1559 786 1873 843 ostendebat

278 856 469 926 fuisse,
505 863 643 919 sicut
682 874 739 921 et
781 867 1022 934 fuissent,
1051 870 1094 923 si
1137 886 1240 925 non
1271 886 1567 944 separaret.
1597 876 1665 931 Et
1693 885 1868 935 tamen

214 984 251 1000 υ
279 951 724 1012 siccoueedimus
761 961 1150 1029 separationem
1202 964 1356 1020 istam
1405 983 1499 1036 per
1529 968 1869 1029 reformatio-

278 1058 435 1126 nent,
452 1062 549 1117 per
570 1049 994 1119 amplitudinem,
1028 1068 1124 1124 per
1148 1050 1465 1126 profectum,
1500 1061 1637 1117 sicut
1666 1062 1870 1121 fructus

278 1124 561 1207 separatur
583 1156 613 1195 a
644 1143 883 1208 semine,
921 1161 1041 1201 cum
1083 1147 1151 1202 sit
1184 1136 1388 1207 fructus
1413 1167 1477 1207 ex
1509 1155 1747 1212 semine:
1792 1160 1869 1216 sic

273 1236 329 1283 et
356 1229 698 1301 Evangelium
743 1246 1021 1306 separatur
1047 1255 1076 1294 a
1105 1239 1267 1312 Lege,
1301 1242 1425 1298 dum
1470 1248 1777 1315 provehitur
1801 1267 1867 1308 ex

273 1320 415 1393 Lege
442 1342 457 1378 :
480 1325 620 1380 aliud
647 1328 716 1382 ab
747 1329 855 1394 illa,
889 1332 982 1387 sed
1012 1349 1116 1389 non
1139 1336 1371 1392 alienum
1399 1355 1413 1405 ;
1442 1339 1735 1409 diversum,
1769 1346 1865 1402 sed

272 1430 379 1472 non
395 1419 742 1476 contrarium.
766 1421 873 1478 Nec
898 1422 1067 1480 forma
1092 1430 1357 1485 sermonis
1374 1429 1425 1486 in
1446 1431 1663 1489 Christo
1686 1452 1820 1491 nova
1849 1456 1865 1493 :

274 1521 397 1562 cum
423 1509 797 1570 similitudines
824 1514 1028 1585 objit-it,
1047 1533 1166 1573 cum
1191 1522 1516 1589 qumstioncs
1555 1526 1770 1593 refutat,
1799 1529 1865 1585 de

270 1603 665 1672 septuagesimo
694 1607 923 1677 septimo
949 1613 1093 1665 venit
1122 1614 1355 1683 psalmo:
1389 1616 1463 1689 (η)
1493 1618 1754 1691 Aperiunt,
1780 1624 1864 1678 in-

269 1688 404 1760 quit,
430 1693 485 1747 in
508 1697 804 1766 parabolam
832 1715 887 1754 os
912 1718 1097 1768 meum,
1118 1703 1167 1759 id
1195 1688 1693 1767 estsimilitudinem
1721 1688 1865 1768 :ielo-

268 1796 397 1847 quar
424 1787 758 1856 problemata,
784 1791 833 1846 id
864 1804 965 1859 est,
996 1795 1286 1853 edisseram
1315 1802 1656 1869 quaestiones.
1683 1804 1740 1862 Si
1769 1809 1864 1864 ho-

271 1875 468 1933 minent
510 1879 732 1938 alterius
781 1887 956 1956 gentis
1005 1891 1231 1959 probare
1262 1894 1555 1966 voluisses,
1589 1901 1768 1971 utique
1797 1903 1863 1961 de
1890 1903 1940 1965 B

269 1967 598 2038 prOprietate
620 1971 845 2044 loquelae
877 1979 1156 2048 probares.

486 2070 493 2075 “
859 2070 941 2127 C.\
953 2073 1086 2130 PU'I‘
1143 2077 1257 2135 ΧΙΙ.

341 2151 418 2209 De
430 2155 653 2214 sabbato
666 2177 876 2234 quoque
895 2164 1022 2221 illud
1038 2172 1324 2239 praunitto,
1342 2190 1439 2229 nec
1455 2174 1528 2247 (2)
1546 2176 1680 2235 hanc
1697 2196 1863 2253 qua-s-

269 2244 469 2302 tionem
508 2253 809 2311 ettusistere
859 2261 1124 2328 potuisse,
1155 2262 1230 2334 (lt)
1259 2266 1301 2319 si
1333 2281 1437 2322 non
1475 2271 1750 2329 Dominum
1781 2275 1859 2350 (5)

268 2339 474 2397 sabbati
510 2344 880 2405 circumferret
922 2351 1187 2410 Christus.
1220 2356 1330 2414 Nec
1358 2362 1498 2416 enim
1529 2339 1858 2437 disceptare:-

268 2439 355 2485 tur
396 2449 492 2490 cur
543 2436 842 2497 destrueret
889 2443 1188 2510 sabbatum,
1238 2452 1280 2504 si
1314 2451 1591 2510 destruere
1618 2436 1856 2517 deberet.

267 2520 458 2589 Porro,
486 2526 767 2587 destruere
794 2533 1047 2599 deberet,
1093 2538 1139 2593 si
1168 2540 1389 2598 alterius
1423 2546 1510 2601 Dei
1540 2559 1683 2604 esset
1711 2594 1723 2617 ,
1758 2569 1859 2609 nec

268 2617 552 2688 quisquam
581 2618 869 2682 miraretur
912 2627 1194 2687 facientem
1226 2637 1366 2706 quod
1409 2638 1481 2693 illi
1511 2646 1855 2715 congruebat.

272 2707 601 2770 Mirabautur
625 2731 773 2788 ergo,
792 2721 915 2792 quia
937 2738 1040 2778 non
1064 2731 1390 2798 congruebat
1418 2731 1490 2788 illi
1523 2736 1684 2793 Deum
1707 2754 1859 2795 crea-

267 2807 435 2855 torem
477 2804 853 2877 circumferre,
898 2823 952 2868 et
975 2816 1251 2875 sabbatum
1283 2820 1398 2892 ejus
1429 2825 1759 2898 impugnare.
1794 2832 1861 2886 Et

265 2900 324 2947 ut
353 2895 519 2965 prima
556 2913 779 2971 qumque
832 2903 1163 2976 decidamus,
1210 2927 1278 2968 ne
1311 2915 1498 2972 eadem
1534 2920 1729 2990 ubique
1760 2941 1856 2979 no-

263 2997 450 3039 vemus
477 2988 542 3042 :td
575 3007 791 3047 onmem
852 3002 1371 3068 argumentationem
1400 3008 1690 3067 adversarii
1722 3056 1736 3080 ,
1788 3031 1854 3072 ex

264 3076 440 3148 aliqua
493 3097 626 3137 nova
657 3085 854 3143 Christi
903 3090 1233 3151 institutione
1265 3098 1520 3156 nitentem
1553 3120 1567 3168 ;
1600 3104 1717 3161 time
1743 3109 1855 3178 jam

264 3168 505 3225 definitio
532 3175 734 3245 stabit,
785 3179 906 3235 ideo
947 3183 1014 3238 de
1042 3178 1277 3244 ntivitate
1306 3190 1652 3251 institutionis
1680 3168 1855 3269 cujus-

264 3275 369 3331 que
416 3263 769 3336 disceptatum
800 3285 815 3338 ;
870 3274 991 3345 quia
1040 3276 1108 3332 de
1139 3280 1376 3335 novitate
1403 3282 1691 3342 divinitatis
1721 3263 1854 3348 nihil
1882 3295 1928 3359 C

262 3365 377 3410 erat
410 3372 576 3429 usque
610 3362 784 3419 adhuc
841 3367 1041 3422 editum
1073 3413 1088 3437 ,
1136 3372 1290 3427 sicuti
1325 3390 1423 3431 uec
1448 3376 1808 3448 disceptatum
1837 3405 1850 3441 :

264 3462 365 3503 nec
392 3465 547 3518 posse
576 3459 870 3527 retorqueri
900 3475 964 3515 ex
999 3461 1107 3531 ipsa
1132 3465 1367 3521 novitate
1398 3467 1744 3530 institutionis
1770 3491 1856 3531 cu-

259 3538 452 3611 jusque
490 3542 630 3601 satis
676 3549 835 3605 aliam
863 3566 891 3605 a
920 3552 1133 3611 Christo
1158 3557 1574 3619 demonstratam
1601 3566 1853 3626 divinita-

262 3640 393 3700 tem,
418 3637 631 3703 quando
650 3648 706 3694 et
732 3641 895 3710 ipsam
919 3646 1205 3704 novitatem
1230 3654 1621 3720 pronuntiatam
1643 3674 1670 3713 a
1689 3660 1855 3717 Crea-

265 3733 381 3780 torc
416 3729 748 3799 constiterit,
804 3735 855 3789 in
899 3736 1113 3795 Christo
1160 3757 1266 3797 non
1293 3759 1414 3801 esse
1442 3749 1758 3807 mirandam.
1791 3755 1855 3810 Et

263 3821 557 3885 Oportuerit
605 3823 786 3895 utique
828 3829 976 3898 prius
1024 3830 1184 3888 alium
1234 3835 1399 3892 Deum
1431 3844 1855 3916 exponi,postea

268 3909 604 3982 disciplinam
663 3918 778 3988 ejus
825 3921 1049 3992 induci;
1102 3928 1224 3999 quia
1286 3931 1427 3987 Dens
1481 3909 1853 4007 attctoritatem

263 4009 998 4090 prmstatw‘gliistjplinginon
1052 4020 1162 4076 Deo
1209 4023 1533 4101 disciplina:
1582 4009 1858 4094 nisi—siwet

263 4094 498 4154 Marcion
531 4102 685 4169 plane
717 4116 822 4162 tam
854 4094 1264 4179 pervorsus—non
1298 4132 1392 4187 per
1425 4123 1736 4192 magistrum
1769 4127 1854 4183 lit-

261 4197 404 4247 teras
424 4192 646 4263 didicit,
693 4199 788 4254 sed
817 4217 913 4272 per
940 4203 1145 4262 litteras
1176 4209 1509 4281 magistrum.
1542 4215 1748 4275 Caetera
1780 4222 1849 4279 de

1574 4002 1909 4015 Ἦ

920 4086 1227 4097 ᾑ--ἣ-

1685 391 2151 453 TEBTULLIANI

277 493 597 563 separabat,
635 497 930 555 alienorum
968 502 1306 570 separatione
1346 518 1450 559 non
1477 502 1640 562 fuisse
1680 516 1873 563 notan-
1901 508 1955 568 A
1981 512 2202 571 sabbato
2229 519 2302 574 ita
2329 520 2501 594 dirigo
2534 543 2547 580 :
2578 524 2631 582 Si
2670 529 2950 588 sabbatum
2974 533 3223 594 Christus

3467 426 3574 486 584

3250 520 3573 615 inim-erm,

1979 610 2272 666 secundum
2311 617 2614 686 exemplum
2655 620 2782 679 fecit
2832 623 3124 685 Creatoris.
3185 632 3460 704 Siquidem
3655 687 3669 696 .

1963 698 2258 759 'ohs’idioue
2285 705 2514 764 civitatis
2537 711 2917 785 Hieriehuntis,
2933 720 3244 779 circumlata
3270 743 3365 795 per
3393 746 3577 788 muros

1975 806 2097 848 area
2120 794 2446 856 Testamenti
2477 803 2682 875 septem
2712 808 2796 880 (4)
2817 810 3029 879 diebus,
3056 816 3215 871 etiam
3240 794 3483 889 sabbato,
3508 837 3575 880 ex

1974 898 2244 960 prmccplo
2280 892 2551 952 Creatoris
2591 900 2870 958 sabbatum
2926 909 3237 976 operatione
3275 912 3569 985 destruxit,

1976 990 2031 1036 ut
2060 994 2242 1053 putant
2265 988 2352 1057 qui
2383 989 2483 1047 hoc
2505 1001 2560 1048 et
2587 994 2654 1050 de
2681 994 2897 1053 Christo
2948 1001 3277 1073 existimant,
3316 1007 3571 1079 ignoran-

1974 1078 2055 1128 tes
2104 1092 2276 1148 ueque
2319 1079 2592 1140 Christum
2637 1088 2916 1146 sabbatum
2949 1093 3281 1154 destruxisse
3312 1078 3351 1164 ,ν
3391 1116 3566 1173 neque

1972 1166 2302 1241 Creatorem,
2355 1186 2412 1231 ut
2442 1193 2566 1235 mox
2595 1179 2926 1241 docebimus.
2960 1187 3027 1243 Et
3057 1198 3234 1246 tamen
3264 1208 3359 1263 per
3381 1192 3567 1252 Jesum

1972 1270 2096 1320 tune
2144 1282 2357 1339 quoque
2407 1286 2728 1331 concussum
2761 1289 2845 1334 est
2869 1281 3186 1350 sabbatum,
3216 1294 3274 1341 ut
3303 1297 3357 1343 et
3385 1289 3484 1345 hoc
3511 1290 3565 1347 in

1968 1353 2702 1436 Christumrenuntiaretur,
2745 1372 2955 1429 etiamsi
3000 1377 3126 1431 odio
3160 1378 3435 1439 insecutus
3483 1393 3569 1440 est

1969 1451 2421 1512 solemnissimum
2453 1459 2759 1519 Iudaeorum
2782 1466 2946 1534 diem,
2975 1481 3029 1524 ιιι
3056 1470 3305 1529 Christus
3333 1492 3437 1557 non
3467 1477 3565 1534 ,Ιιι-

1968 1543 2227 1602 daeorum.
2276 1550 2353 1605 De
2379 1553 2505 1609 odio
2535 1571 2744 1629 quoque
2769 1560 2977 1617 sabbati
3012 1563 3305 1635 professus,
3335 1548 3558 1627 Creato-

1969 1652 2107 1704 rem,
2135 1649 2190 1694 ut
2210 1639 2454 1701 Christus
2482 1646 2667 1716 ipsius.
2697 1652 3023 1722 sequebatur
3049 1657 3435 1717 exelamautem
3467 1677 3564 1721 ore

1968 1730 2140 1787 Esaia:
2181 1734 2281 1805 (Is.
2313 1737 2366 1805 l,
2399 1739 2525 1810 l4):
2562 1739 2870 1801 Neomem’as
2919 1755 2964 1801 et
3010 1749 3217 1804 sabbata
3252 1763 3415 1809 vestra
3452 1754 3561 1811 odit

1966 1825 2139 1881 anima
2184 1846 2316 1885 mea.
2351 1831 2455 1887 Sed
2483 1844 2539 1890 et
2565 1835 2678 1892 luce
2707 1853 2923 1912 quoquo
2951 1843 3112 1897 modo
3136 1843 3274 1899 dicta
3301 1847 3427 1914 sint,
3451 1847 3562 1904 sei-

1970 1933 2086 1974 mus
2133 1920 2489 1981 adhibendam
2555 1938 2729 1985 tamen
2766 1931 2815 1985 in
2849 1932 2948 1990 hac
2973 1937 3152 2007 specie
3180 1938 3339 1994 etiam
3362 1939 3560 2012 abrup-

1969 2018 2075 2064 tam
2108 2017 2560 2081 provocationem.
2595 2020 2744 2078 Nunc
2769 2032 2823 2080 et
2842 2024 2909 2081 ad
2944 2026 3111 2096 ipsam
3142 2032 3414 2086 materiam
3445 2032 3559 2089 dis-

1965 2103 2222 2171 ceptabo,
2254 2106 2304 2161 in
2333 2124 2434 2178 qua
2465 2112 2576 2165 visa
2624 2122 2708 2169 est
2738 2113 3021 2174 destruere
3050 2120 3327 2177 sabbatum
3358 2123 3559 2181 Christi

1964 2194 2258 2265 disciplina.
2299 2199 2610 2287 Esuricrant
2634 2204 2880 2280 discipuli
2908 2226 2922 2273 ;
2950 2225 3012 2266 ea
3042 2210 3128 2267 die
3151 2214 3325 2282 spicas
3341 2214 3560 2287 decerp-

1964 2295 2043 2342 tas
2071 2290 2314 2345 manibus
2343 2276 2645 2351 ell‘rixeraul
2684 2276 2794 2370 (5)7:
2825 2301 3000 2356 cibum
3027 2276 3252 2374 operati,
3285 2305 3443 2362 ferias
3467 2276 3558 2363 rit-

1962 2389 2170 2449 perant.
2221 2382 2450 2440 Excusat
2510 2387 2628 2442 illos
2666 2390 2914 2447 Christus
2940 2434 2955 2461 ,
2991 2404 3044 2448 ct
3072 2409 3196 2450 rcus
3237 2406 3319 2452 est
3348 2399 3554 2456 sabbati

1963 2471 2074 2526 laesi
2101 2489 2113 2526 :
2145 2487 2397 2530 accusant
2420 2476 2677 2537 Pharismi
2707 2523 2721 2545 ,
2757 2481 2996 2540 Marcion
3025 2495 3206 2556 captat
3231 2497 3401 2544 status
3429 2505 3560 2546 con-

1963 2565 2237 2620 troversia:
2281 2566 2359 2636 (ut
2405 2568 2604 2641 aliquid
2659 2573 2870 2629 eludam
2900 2591 3019 2631 cum
3053 2579 3155 2633 mei
3190 2579 3395 2636 Domini
3422 2583 3561 2638 veri-

1964 2656 2092 2728 tate)
2108 2650 2288 2728 scripti
2303 2668 2356 2715 et
2369 2662 2654 2720 voluntatis
2676 2664 2747 2739 (ε)
2759 2708 2771 2721 .
2794 2667 2868 2724 De
2880 2669 3150 2741 Scriptura
3174 2674 3314 2728 enim
3328 2674 3558 2731 sumitur

1961 2746 2234 2805 Creatoris
2263 2791 2277 2815 ,
2341 2764 2395 2808 et
2446 2754 2511 2810 de
2553 2756 2752 2813 Christi
2795 2761 3069 2817 voluntate
3108 2764 3279 2830 color,
3307 2767 3461 2837 quasi
3489 2766 3559 2823 de

1960 2844 2213 2912 exemplo
2246 2845 2407 2900 David
2444 2848 2755 2923 introgressi
2786 2852 3022 2911 sabbatis
3046 2858 3322 2928 templum,
3351 2870 3406 2914 et
3427 2876 3559 2931 ope.

1961 2934 2060 2987 rati
2096 2935 2272 2991 cibum
2305 2978 2317 3003 ,
2361 2940 2624 2997 audenter
2653 2942 2837 3001 fractis
2898 2949 3123 3016 panibus
3152 2952 3552 3022 propositionis.

1961 3024 2277 3085 Meminerat
2301 3033 2444 3087 enim
2475 3043 2530 3089 et
2560 3035 2647 3091 ille
2676 3036 2779 3093 hoc
2798 3038 3137 3110 privilegium
3162 3042 3416 3099 donatum
3441 3042 3557 3100 sab-

1961 3116 2083 3172 bato
2112 3135 2140 3172 a
2185 3121 2476 3189 primordio
2501 3167 2516 3193 ,
2557 3141 2664 3197 quo
2694 3127 2809 3185 dies
2837 3128 2952 3200 ipse
2976 3141 3284 3203 compertus
3310 3141 3426 3200 est;
3459 3149 3556 3191 ve-

1960 3212 2103 3267 niam
2157 3212 2345 3282 jejunii
2396 3217 2538 3273 dico.
2592 3219 2722 3275 Cum
2753 3221 2897 3278 enim
2945 3224 3305 3293 prohibuisset
3334 3220 3588 3285 Creatori

2210 3324 2258 3361 nl
2283 3309 2380 3380 legi
2408 3326 2618 3376 manna,
2654 3313 2991 3371 solummodo
3021 3318 3264 3389 permisit
3303 3320 3354 3375 in
3401 3336 3554 3391 para-

1959 3412 2139 3465 sceve,
2167 3409 2225 3454 ut
2254 3400 2457 3456 sabbati
2486 3406 2759 3474 sequentis
2787 3406 2947 3463 ferias
2979 3410 3220 3479 pridiana
3247 3413 3423 3483 pabuli
3456 3428 3554 3485 pa-

1959 3500 2137 3545 ratura
2155 3492 2358 3562 jejunio
2390 3496 2657 3553 liberaret.
2694 3500 2837 3555 Bene
2866 3502 3043 3573 igitur,
3067 3504 3207 3574 quod
3229 3516 3283 3561 et
3302 3521 3549 3590 caussam

1958 3583 2202 3640 eamdem
2230 3580 2446 3643 secutus
2470 3600 2553 3644 est
2570 3589 2826 3647 Dominus
2856 3593 2906 3648 in
2937 3594 3164 3659 sabbati,
3187 3596 3234 3652 si
3264 3599 3334 3653 ita
3359 3582 3546 3656 volunt

1959 3673 2064 3729 dici
2094 3674 2195 3745 (6),
2219 3676 2623 3737 destructione:
2666 3681 2825 3750 bene,
2858 3685 2998 3756 quod
3028 3697 3084 3743 et
3111 3688 3360 3744 affectum
3387 3689 3553 3747 Crea-

1964 3767 2096 3822 toris
2137 3771 2408 3840 expressit
2456 3773 2509 3829 iu
2564 3775 2787 3832 sabbato
2844 3795 2947 3834 non
2991 3782 3267 3851 jejunandi
3317 3782 3548 3841 honore.

1962 3857 2233 3931 Denique,
2277 3872 2401 3919 tunc
2427 3864 2641 3923 demum
2670 3869 2949 3927 sabbatum
2977 3871 3359 3944 destruxisset,
3389 3877 3551 3933 etiam

1961 3950 2133 4022 ipsmn
2163 3953 2495 4025 Creatorem,
2519 3960 2563 4014 si
2588 3961 2880 4034 discipulos
2900 3966 3125 4021 sabbato
3138 3968 3381 4039 jejuuare
3397 3985 3553 4027 man-

1959 4046 2163 4115 dasset,
2196 4049 2454 4107 adversus
2481 4062 2678 4110 statum
2718 4059 2905 4128 scripti
2934 4069 2986 4116 et
3012 4061 3301 4119 voluntatis
3328 4062 3553 4120 Creato-

1959 4137 2055 4192 ris.
2101 4137 2208 4195 Sed
2236 4143 2486 4210 quoniam
2516 4144 2595 4219 (ά)
2626 4146 2920 4220 discipulos
2948 4164 3052 4205 non
3086 4162 3401 4209 constanter
3433 4163 3552 4209 tue-

1954 4227 2125 4295 batur,
2155 4231 2252 4287 sed
2297 4246 2553 4307 excusat,
2597 4239 2849 4309 quoniam
2881 4242 2954 4313 (e)
3007 4241 3293 4301 humanam
3332 4247 3551 4317 apponit
3624 4324 3629 4331 Α

1484 4328 1865 4396 LECTIONES
1908 4340 2323 4403 VARIANTES.

352 4426 395 4492 l)
412 4426 585 4492 itaque
607 4438 660 4482 et
698 4440 810 4483 Jun.

345 4488 393 4557 ξ)
414 4489 488 4557 Ife
504 4488 627 4557 ‘m‘g.
657 4497 823 4547 Venet.

341 4551 393 4610 ὅ)
414 4551 598 4603 Deum'
614 4556 766 4608 Seml.
793 4558 988 4610 obertlt.

321 4614 393 4678 (l)
414 4613 536 4666 Octo
574 4617 725 4670 Seml.
750 4619 945 4674 obertlt.

323 4423 340 4609 l

1866 4456 1923 4516 D
1957 4457 2083 4537 ἢ
2121 4458 2404 4515 timuerant
2438 4462 2543 4531 Rig.
2581 4466 2733 4520 Seml.
2779 4471 2955 4521 Venet.
3015 4470 3214 4526 oberth.
3253 4472 3547 4537 cinxerant,

1949 4521 2116 4573 Paris.

2014 4584 2086 4648 (6)
2113 4585 2223 4636 Diei
2262 4586 2331 4638 al.

1611 4737 2172 4812 COMMENTARIUS.

329 4856 406 4942 (τι)
446 4859 766 4942 Aperiamiu
814 4867 1111 4942 parabolam
1152 4884 1208 4923 os
1248 4885 1412 4942 meum
1441 4910 1454 4924 .
1498 4871 1611 4926 Hoc
1641 4882 1744 4942 est,
1774 4877 1842 4932 ad

255 4940 470 4995 ciptum
502 4932 879 4991 imbecillitatis
922 4937 1165 4995 humanm
1194 4941 1352 4996 verba
1385 4941 1594 4998 faciam.
1649 4932 1843 5072 De'tlta-

256 5000 454 5056 rabolis
492 5013 731 5061 veterum
774 5008 1093 5072 scriptorum
1120 5055 1135 5072 ,
1167 5011 1388 5072 Seneca.
1416 5016 1573 5072 epist.
1608 5016 1675 5072 59
1708 5035 1720 5070 :
1788 5019 1843 5072 lli

256 5000 454 5083 rabolis
492 5013 731 5083 veterum
769 5008 1135 5083 scriptorum,
1167 5011 1388 5079 Seneca,
1416 5016 1573 5083 epist.
1608 5000 1720 5072 59:
1754 5000 1846 5073 illi

253 5073 340 5139 qui
360 5074 655 5157 simpliciter
678 5086 726 5157 et
745 5073 1151 5137 demonstranda:
1169 5085 1242 5157 rei
1263 5073 1442 5142 Caussa
1454 5073 1843 5157 eloquebantur,

256 5143 518 5221 parabolis
555 5148 726 5218 referti
754 5162 870 5203 sunt
894 5192 908 5215 ,
938 5169 1063 5221 quas
1090 5156 1318 5209 existimo
1345 5143 1654 5212 necessarias
1677 5201 1690 5220 ,
1743 5143 1846 5216 neti

255 5229 320 5268 ea:
357 5216 532 5292 eadem
557 5216 749 5292 caussa
787 5238 886 5292 qua
929 5216 1108 5292 poetis,
1158 5226 1247 5281 sed
1272 5237 1323 5279 ut
1345 5216 1701 5283 imbecillitatis
1722 5248 1845 5285 nos-

257 5293 350 5339 tra:
374 5287 683 5344 adminicula
707 5287 830 5358 sint,
855 5304 900 5348 et
925 5287 978 5349 itt
999 5287 1271 5351 discentem
1292 5308 1340 5351 et
1361 5300 1647 5353 audientem
1665 5306 1715 5353 in
1737 5318 1846 5356 rem

254 5368 552 5426 prwsentem
591 5361 870 5419 adducant.
920 5366 1231 5423 Parabolaut
1277 5368 1462 5424 Cicero
1504 5372 1843 5427 collationem

255 5427 821 5511 Vocat.Quintilianus,
846 5435 940 5511 lib.
971 5436 1081 5494 VIII
1110 5457 1121 5493 :
1154 5438 1218 5493 In
1245 5443 1379 5494 omni
1404 5451 1571 5495 autem
1600 5443 1846 5511 parabola

255 5509 344 5551 aut
382 5500 621 5582 prmeedit
651 5505 949 5582 similitudo,
1000 5519 1060 5582 et,
1079 5527 1159 5565 res
1188 5514 1412 5581 sequitur
1436 5529 1455 5578 ,'
1486 5523 1573 5566 aut
1599 5500 1841 5582 praecedit

255 5585 365 5646 res;
382 5564 752 5646 "etsintilitudo‘
772 5564 1015 5646 sequitur.
1039 5581 1158 5638 RIG.

327 5640 482 5724 CAP.
514 5642 625 5699 ΧΠ.
638 5646 801 5724 ἶ-(Ιι)
905 5666 1004 5724 non
1018 5655 1276 5724 dominum
1292 5653 1485 5707 sabbati
1503 5653 1847 5724 circumferret

256 5708 511 5785 Christus,
529 5725 629 5769 etc.
666 5708 762 5772 llic
782 5708 1067 5775 'adluditad
1094 5723 1219 5776 illud
1247 5724 1467 5785 Christi,
1506 5708 1751 5781 Dominits
1779 5736 1851 5780 est

257 5782 395 5863 ﬁlms
409 5787 625 5865 hominis
636 5790 786 5865 etiam
797 5790 1011 5865 sabbati;
1026 5792 1208 5865 dequo
1222 5795 1299 5847 sic
1327 5782 1654 5865 Epiphanius
1672 5814 1714 5849 τι
1739 5797 1853 5852 Duo

256 5852 459 5920 statim,
476 5853 666 5926 inquit,
681 5859 921 5927 simul,et
936 5852 1097 5918 tilium
1113 5852 1440 5936 hominisfei
1454 5865 1728 5923 dominum
1741 5868 1857 5925 sab-

1946 4884 2077 4963 bati,
2120 4890 2353 4959 seipsum
2389 4890 2636 4949 Salvator
2663 4894 2991 4963 confitetur;
3021 4898 3219 4957 docens
3252 4911 3400 4960 utne
3429 4901 3552 4958 sab-

1948 4956 2401 5039 battnnjil'ienum
2430 4979 2458 5017 a
2480 4979 2573 5039 sua
2596 4967 2871 5023 creatione
2905 4956 3142 5039 putetur.
3177 4956 3209 5025 »ί
3231 4956 3368 5029 pot.

2024 5029 2098 5102 (c)
2131 5030 2322 5104 Scripti
2375 5044 2419 5087 et
2467 5037 2759 5094 voluntatis.
2813 5029 3260 5169 ΓροίμμᾶιτωνΒκαὶ
3310 5049 3539 5106 aiuntsic.

3171 5131 3241 5172 to.

2026 5186 2121 5263 (tl)'
2139 5190 2547 5272 Discipulosltou
2573 5211 2863 5272 constanter
2884 5204 3139 5262 tuebatur.
3171 5206 3286 5262 Non
3319 5206 3545 5272 fortiter,

1949 5265 2396 5342 quemadmodum
2420 5267 2615 5323 Fabius
2636 5270 2879 5339 Quintil.,
2906 5274 3077 5330 lustit.
3106 5278 3139 5331 l.
3166 5276 3376 5342 V,dixit
3399 5265 3550 5331 21(ιηὶ

1948 5332 2208 5419 nebalare
2226 5338 2449 5419 quidem,
2479 5350 2567 5419 aut
2614 5332 2815 5419 lti'tmire
2866 5332 3063 5419 '[ortiter
3091 5332 3369 5405 diceremus
3396 5392 3411 5416 ,
3453 5348 3552 5403 uisi

1939 5404 2141 5475 judicio
2163 5404 2424 5464 vetustatis
2454 5412 2743 5468 niteremur.
2769 5404 2891 5472 Rto‘.

2021 5515 2095 5588 (c)
2134 5519 2426 5603 [litationem
2467 5528 2680 5596 apponit
2717 5532 3082 5603 necessitatem,
3127 5537 3272 5603 quasi
3308 5534 3550 5603 depreca-

1951 5587 2144 5670 tricem.
2165 5589 2452 5670 Excusatio
2479 5587 2638 5668 quam
2667 5601 2875 5670 populis
2900 5587 3552 5660 ostendit'Chﬁristu'ssab-

1954 5658 2134 5713 batum
2164 5658 2600 5742 noted-estruebat
2616 5686 2631 5733 ;
2649 5658 2963 5739 przésentior
2982 5658 3096 5729 erat
3112 5658 3544 5742 cibinecessitas,

1954 5741 2191 5811 quamn}
2209 5733 2490 5812 colligendi
2514 5733 2721 5810 tempus
2740 5742 2790 5795 in
2816 5744 2957 5798 aliud
2978 5754 3194 5826 tempus
3212 5733 3544 5826 dill'erreturi

1961 5798 2204 5869 permisit
2255 5798 2472 5873 itaque,
2525 5798 2637 5866 nec.
2678 5819 2854 5869 tamen
2912 5798 3539 5942 sabbaltinmpabrogavit.’

3114 5901 3146 5941 ε
3237 5901 3289 5941 n.

3114 5901 3146 5941 Ε
3193 5901 3289 5941 I’R.
