4020 6286
424 160 527 217 385

1541 158 1668 216 LlB.
1703 156 1766 212 IV
1814 157 2174 218 ADVERSUS
2212 158 2656 218 ΜΑῐῖΟΙΟΝΕΜ..

3601 108 3708 220 ἑεδ

418 274 793 332 necessitatem
842 274 996 347 quasi
1040 274 1506 346 deprecatricem;
1556 279 1805 347 quoniam
1834 277 2001 348 potio-
2029 279 2082 339 Α
2108 290 2240 346 gens
2278 293 2383 331 non
2425 277 2632 343 corde;
2673 274 2786 331 suis
2824 273 3082 343 sabbatis,
3126 273 3177 331 id
3219 282 3323 342 est,
3349 291 3699 349 qmecumque

416 384 531 427 rem
563 369 824 426 honorem
856 366 1059 424 sabbati
1088 377 1263 423 servat
1295 382 1399 423 non
1431 369 1801 434 contristandi,
1846 383 2004 439 quam

417 461 671 528 vacaudi;
715 460 970 532 quoniam
1005 459 1191 525 David,
1223 444 1557 550 comitesque
1581 461 1717 532 ejus,
1749 477 1868 517 cum
1895 461 2005 516 dis-

415 554 605 625 cipulis
627 554 743 610 suis
764 562 939 624 aequat
965 553 1015 606 in
1042 552 1197 620 culpa
1221 560 1272 606 et
1298 551 1352 606 iu
1382 553 1536 608 venia
1567 569 1582 618 ;
1616 554 1866 624 quoniam
1890 552 2004 621 pla-

418 658 501 704 cet
529 648 626 714 illi,
656 646 780 718 quia
833 645 1058 701 Creator
1083 643 1348 711 indulsit;
1390 646 1639 716 quoniam
1669 647 1735 702 de
1760 644 2007 715 exctuplo

414 740 547 811 ejus,
574 740 624 811 (l
638 740 669 809 )7
684 741 798 809 ipse
826 749 931 795 tam
959 737 1131 795 bonus
1150 746 1235 794 est
1260 755 1274 801 ;
1300 738 1423 794 ideo
1442 740 1652 796 alienus
1677 750 1763 795 est
1790 755 1819 794 a
1836 739 2005 794 Crea-

414 842 547 889 tore.
582 831 828 902 Exinde(
861 829 989 885 Luc.
1024 829 1113 898 VI,
1146 830 1200 899 7)
1230 831 1494 887 observant
1519 832 1779 904 pharisazi,
1807 834 1850 887 si
1896 828 2005 886 me-

412 925 607 980 dicinas
629 923 853 980 sabbatis
874 933 1062 995 ageret,
1110 933 1164 977 ut
1193 933 1487 978 accusarent
1509 937 1669 979 eum:
1717 935 1862 982 certe
1901 940 2005 995 qua

411 1018 613 1076 sabbati
637 1017 1046 1081 destructorem,
1071 1033 1177 1071 non
1205 1033 1307 1086 qua
1333 1016 1455 1072 novi
1487 1016 1580 1071 Dei
1604 1017 1959 1088 professorem
1988 1033 2005 1084 ;

412 1108 641 1167 fortasse
667 1111 810 1165 enim
842 1107 983 1162 hunc
1009 1106 1183 1163 solum
1214 1107 1497 1162 articulum
1519 1107 1716 1179 ubique
1742 1108 2003 1179 ingeram,

410 1201 571 1256 alium
613 1199 885 1257 Christum
928 1214 1192 1270 nusquam
1225 1198 1589 1269 praedicatum.
1622 1199 1678 1255 In
1720 1210 1886 1256 totum
1913 1218 2009 1256 au-

411 1303 514 1361 tetu
545 1292 799 1349 errabant
824 1288 905 1362 (2)
930 1290 1176 1360 pharismi
1223 1291 1366 1347 circa
1395 1290 1602 1346 sabbati
1626 1291 1798 1363 legem
1829 1333 1845 1360 ,
1898 1309 2005 1348 non

409 1383 894 1440 animadvertentes
936 1382 1369 1438 conditionaliter
1410 1398 1529 1439 eam
1570 1383 1894 1441 indicentem
1926 1385 2006 1441 fe-

410 1476 518 1532 rias
561 1490 785 1547 operum
828 1476 929 1530 sub
956 1484 1105 1531 certa
1150 1476 1335 1544 Specie
1358 1491 1567 1532 eorum.
1599 1476 1731 1531 Nam
1777 1493 1899 1533 cum
1939 1479 2008 1535 de

408 1570 498 1626 die
517 1569 723 1626 sabbati
747 1567 880 1624 dicit
901 1566 1080 1638 (Exod
1123 1566 1245 1632 XX.
1276 1567 1396 1638 l0):
1424 1570 1501 1639 (a)
1527 1568 1689 1625 Omne
1718 1588 1847 1641 opus
1863 1580 2007 1626 tuum

2110 368 2391 441 disciplina
2431 370 2550 441 ejus
2589 378 2911 440 agerentur,
2955 368 3117 423 alium
3159 379 3358 425 statum
3400 372 3541 439 fecit,
3584 390 3706 444 qua:

2111 475 2205 530 per
2244 462 2475 517 eundem
2520 472 2701 532 postea
2743 462 3037 531 pmpheten
3089 459 3190 532 (Is.
3219 461 3399 528 LVlll,
3435 464 3527 534 15)
3555 479 3703 531 \‘cru,

2109 554 2445 629 et_delicata,
2487 565 2673 611 etnon
2707 555 3036 624 profananda
3085 558 3414 626 pronuntiat.
3468 557 3546 613 Ita
3598 574 3699 615 nec

2109 645 2353 702 Christus
2383 648 2603 702 ontnino
2632 648 2912 703 sabbatum
2942 648 3216 716 rescindit,
3250 650 3402 720 cujus
3434 651 3604 722 legem
3637 664 3705 706 te.

2110 740 2222 793 nuit
2252 748 2305 795 et
2342 755 2500 810 supra
2530 740 2581 795 in
2614 756 2806 795 caussa
2833 738 3214 810 discipulorum
3244 757 3339 811 pro
3367 742 3543 797 anima
3571 758 3704 813 ope-

2109 843 2258 889 ratus
2292 852 2306 901 ;
2354 835 2710 890 esurientibus
2747 835 2890 891 enim
2931 834 3180 889 solatium
3220 836 3324 891 cibi
3366 835 3616 903 indulsit;
3651 846 3707 893 et

2110 942 2253 983 nttnc
2303 943 2517 982 manum
2568 928 2771 982 aridam
2806 942 3023 995 curans,
3054 928 3210 983 factis
3233 928 3429 999 ubique
3456 929 3704 1001 ingerens

2110 1014 2284 1091 (Matt.
2323 1018 2385 1087 ν,
2428 1021 2561 1091 l7):
2599 1018 2717 1074 Non
2756 1020 2867 1073 veni
2894 1018 3165 1074 dissolvere
3204 1020 3386 1090 legem,
3427 1021 3517 1074 sed
3542 1020 3708 1074 adim-

2108 1111 2249 1182 plere
2273 1127 2291 1176 ;
2323 1125 2420 1166 nec
2452 1112 2532 1181 (6)
2560 1106 2811 1166 Marcion'
2834 1109 2934 1165 hac
2962 1126 3095 1165 voce
3116 1118 3184 1165 'os
3208 1111 3258 1166 ei
3275 1111 3560 1166 obstruxit.
3593 1112 3703 1167 Ad-

2110 1202 2351 1273 implevit
2390 1205 2532 1258 enim
2559 1214 2613 1259 et
2641 1204 2728 1259 hic
2749 1204 2917 1275 legem
2947 1245 2963 1272 ,
2993 1203 3119 1259 dum
3150 1204 3508 1260 conditionem
3540 1205 3706 1261 inter-

2108 1302 2348 1362 pretatur
2377 1295 2494 1364 ejus
2519 1336 2533 1360 ,
2586 1294 2713 1349 dum
2754 1310 2977 1364 operum
3001 1294 3353 1352 differentiam
3385 1296 3698 1367 illmuinaf,

2109 1393 2234 1444 dum
2262 1389 2388 1444 facit
2413 1405 2530 1461 qua:
2560 1390 2643 1445 lex
2671 1389 2738 1445 de
2763 1390 2973 1445 sabbati
3001 1390 3146 1445 feriis
3182 1390 3397 1462 excipit,
3450 1390 3578 1446 dum
3621 1393 3701 1462 ip-

2109 1500 2226 1539 sum
2269 1484 2474 1539 sabbati
2514 1484 2654 1539 diem
2697 1482 3071 1540 benedictione
3136 1483 3310 1539 Patris
3338 1500 3369 1538 a
3401 1485 3698 1554 primordio

2110 1586 2377 1644 sanctum,
2412 1576 2783 1632 benefactioue
2808 1592 2905 1631 sua
2932 1575 3096 1630 efficit
3121 1578 3477 1643 sanetiorent;
3508 1577 3564 1633 in
3598 1592 3705 1647 quo

411 1680 512 1719 non
540 1665 695 1735 facies
721 1664 774 1718 in
794 1679 895 1728 ea;
929 1661 1179 1729 dicendo,
1204 1672 1368 1729 luunt,
1397 1662 1466 1718 de
1486 1662 1718 1718 humano
1739 1680 1903 1733 opere
1923 1664 2007 1720 de-
2036 1672 2084 1731 B
2114 1670 2321 1724 scilicet
2366 1669 2543 1723 divina
2586 1668 2832 1739 praesidia
2875 1667 3232 1733 ministrabat,
3273 1647 3417 1740 quod
3453 1670 3708 1726 advena-a-

358 1787 387 1821 η
411 1758 548 1814 finiit
569 1799 585 1825 ,
613 1756 754 1828 quod
785 1756 1012 1827 quisque
1037 1771 1103 1812 ex
1130 1754 1377 1822 artificio,
1410 1755 1495 1811 vel
1523 1757 1735 1826 negotio
1758 1772 1857 1812 suo
1881 1773 2005 1813 exe-

410 1851 588 1922 quitur
608 1889 623 1917 ,
652 1864 759 1904 non
790 1848 857 1904 de
889 1847 1088 1903 divino.
1129 1846 1283 1922 Opus.
1306 1856 1483 1903 autem
1509 1848 1695 1902 salutis
1717 1858 1773 1904 et
1800 1848 2007 1905 incolu-

409 1942 630 2009 mitatis,
663 1958 771 1997 non
799 1948 884 1997 est
903 1939 1158 2006 hominis,
1191 1939 1287 1995 sed
1322 1940 1412 1995 Dei
1445 1940 1745 2011 proprium.
1775 1940 1926 1997 Sicut
1954 1951 2011 1998 et

410 2050 596 2092 rursus
636 2035 688 2090 in
741 2034 895 2104 lege:
948 2031 1070 2087 Non
1096 2032 1288 2103 facies,
1331 2032 1503 2103 inquit
1529 2032 1728 2101 (Exod.
1753 2032 2006 2105 ΧΙῌϐ),

411 2145 561 2185 onme
588 2145 715 2200 Opus
750 2129 805 2182 in
832 2143 891 2182 ea
912 2168 929 2195 ,
970 2127 1070 2182 nisi
1089 2128 1224 2198 quod
1249 2127 1336 2197 ﬁet
1364 2127 1502 2182 omni
1530 2127 1716 2182 anima:
1740 2131 1817 2199 (b)
1847 2128 1896 2183 id
1927 2139 2011 2185 est

411 2222 465 2277 in
489 2235 678 2277 caussa
702 2220 893 2276 animm
924 2218 1218 2275 liberanda:
1241 2236 1256 2284 ;
1279 2219 1402 2289 quia
1431 2234 1566 2289 Opus
1599 2220 1691 2275 Dei
1721 2221 1881 2276 etiam
1913 2236 2010 2292 per

413 2314 688 2372 hominem
716 2313 832 2368 fieri
856 2321 1030 2383 potest
1055 2314 1106 2367 iu
1132 2312 1360 2367 salutem
1385 2310 1462 2384 (5)
1494 2310 1709 2380 animm,
1742 2328 1769 2366 a
1802 2306 1911 2369 Deo
1939 2324 2012 2368 ta—

412 2426 560 2478 men,
588 2407 730 2481 quod
757 2407 994 2463 facturus
1038 2407 1210 2462 fuerat
1234 2414 1285 2461 et
1313 2404 1561 2461 Christus
1586 2404 1771 2470 homo,
1802 2406 1925 2475 quia
1955 2417 2011 2462 et

413 2502 578 2559 Deus.
604 2501 663 2558 In
690 2500 832 2558 hunc
850 2517 978 2572 ergo
1006 2515 1223 2555 sensum
1248 2499 1380 2569 legis
1410 2498 1665 2555 inducere
1691 2500 2010 2558 volensillos

414 2612 509 2668 per
524 2610 715 2652 manus
727 2592 979 2651 arefacta:
1004 2593 1420 2658 restitutionem,
1452 2593 1744 2665 interrogat
1765 2611 1778 2649 :
1806 2593 2013 2650 Licetne

412 2688 633 2744 sabbatis
647 2686 958 2759 benefacere,
982 2702 1153 2740 annon
1174 2686 1200 2740 .9
1222 2687 1444 2741 animam
1467 2686 1699 2751 liberare,
1719 2703 1786 2741 an
1824 2687 2004 2757 perde-

415 2782 507 2837 re?
520 2782 652 2839 Utid
668 2780 848 2852 operis
863 2780 1198 2850 promittens,
1220 2778 1298 2850 (4)
1314 2780 1456 2849 quod
1475 2795 1572 2849 pro
1582 2780 1756 2833 anima
1775 2778 2012 2836 facturus

414 2884 598 2943 esset,
632 2873 951 2929 admoneret
970 2887 1067 2927 eos
1089 2912 1106 2938 ,
1135 2886 1254 2942 qua:
1278 2886 1443 2941 Opera
1474 2870 1680 2926 sabbati
1714 2873 1795 2926 lex
1828 2874 2010 2941 probi-

413 2968 586 3035 heret,
638 2967 871 3023 humana
920 2966 1159 3030 scilicet;
1191 2976 1388 3036 etqua:
1435 2968 1789 3055 prmciperet,
1831 2969 2010 3024 divina

2114 1763 2226 1817 rius
2254 1762 2336 1832 (7)
2374 1762 2493 1816 aliis
2519 1760 2709 1816 diebus
2758 1760 3114 1832 prmstitisset,
3146 1778 3212 1815 ne
3240 1762 3517 1816 sabbatum
3544 1762 3709 1818 Crea-

2115 1853 2245 1907 toris
2269 1862 2506 1917 ornaret,
2550 1868 2618 1907 ne
2661 1867 2824 1923 opera
2859 1852 3036 1907 debita
3080 1853 3305 1907 sabbato
3332 1852 3597 1909 redderet.
3651 1854 3708 1909 lu

2113 1961 2220 2017 quo
2240 1946 2347 2013 die,
2388 1946 2433 2000 si
2465 1955 2521 2001 et
2550 1945 2825 2001 llmlisaeus
2853 1945 3141 2016 prOpbetes
3167 1946 3515 2002 Suuamitidis
3542 1946 3707 2002 filium

2114 2047 2385 2092 mortuum
2416 2037 2650 2092 restituit
2677 2038 2728 2091 iu
2757 2037 2918 2091 vitam
2966 2035 3056 2108 (IV
3088 2035 3217 2108 Reg.
3248 2036 3339 2104 IV,
3376 2036 3495 2109 25),
3535 2038 3707 2107 vides,

2113 2128 2395 2198 pharisrce,
2427 2138 2590 2200 tuque
2618 2128 2872 2195 Marcion,
2901 2128 3029 2183 olim
3062 2128 3331 2184 Creatoris
3361 2144 3482 2185 esse
3513 2130 3705 2187 sabba-

2117 2221 2183 2275 tis
2212 2218 2548 2287 benefacere,
2577 2221 2810 2274 animam
2841 2219 3092 2288 liberare,
3135 2235 3240 2275 non
3284 2219 3545 2290 perdere;
3579 2220 3711 2278 nihil

2112 2311 2384 2368 Christum
2418 2314 2539 2369 novi
2571 2312 2988 2383 intulisse,quod
3018 2329 3121 2367 non
3143 2313 3212 2367 sit
3236 2329 3301 2367 ex
3330 2313 3523 2383 forma,
3551 2330 3617 2371 ex
3641 2315 3711 2372 lc-

2118 2407 2305 2472 nitate,
2337 2421 2403 2461 ex
2458 2404 2845 2471 misericordia,
2900 2420 2964 2459 ex
3024 2402 3105 2477 (8)
3159 2403 3540 2475 prazdicatione
3567 2422 3702 2477 quo-

2114 2515 2219 2569 que
2256 2499 2548 2554 Creatoris.
2591 2497 2724 2553 Nam
2763 2503 2817 2553 et
2856 2497 2941 2552 hic
2979 2496 3227 2568 specialis
3269 2498 3550 2555 medicina:
3589 2516 3712 2571 pro-

2115 2590 2350 2662 phetiam
2379 2600 2747 2660 reprtesentat.
2790 2589 3129 2644 lnvalescunt
3179 2606 3368 2647 manus
3393 2590 3708 2664 dissolutae,

2115 2688 2252 2742 sicut
2278 2696 2325 2742 et
2350 2701 2524 2758 genua
2553 2685 2813 2741 dissoluta
2832 2686 2883 2739 in
2918 2684 3238 2756 paralytico.

2684 2775 2910 2833 CAPUT
2959 2776 3096 2833 Xlll.

2184 2872 2343 2929 Certe
2370 2871 2730 2943 .Evangelizat
2779 2870 2908 2926 Sion
2959 2880 3014 2926 et
3053 2871 3385 2927 Hierusalem
3430 2887 3615 2943 pacem
3656 2885 3713 2932 et

2114 2965 2252 3021 bona
2280 2964 2460 3019 omnia
2495 2980 2508 3017 :
2538 2973 2683 3019 certe
2720 2962 2965 3018 ascendit
2986 2962 3044 3017 in
3075 2972 3335 3029 montem,
3364 2976 3419 3021 et
3449 2966 3557 3022 illic
3585 2985 3707 3037 per-

412 3061 622 3118 scilicet
650 3102 666 3129 ,
705 3077 826 3133 qua:
856 3060 1048 3116 fierent
1078 3059 1271 3114 anima:
1296 3060 1443 3114 omni
1470 3076 1484 3123 ;
1516 3059 1769 3114 dominus
1795 3060 2003 3116 sabbati
2034 3066 2078 3129 ρ
2113 3066 2294 3114 noctat
2332 3059 2384 3112 in
2413 3057 2693 3127 oratione;
2740 3065 2794 3112 et
2830 3056 3012 3127 utique
3036 3056 3299 3112 auditura
3333 3058 3508 3116 Patre.
3544 3059 3711 3117 Evol-

412 3156 588 3212 dictus
611 3197 627 3221 ,
649 3155 772 3226 quia
795 3154 1099 3220 sabbatum,
1131 3161 1187 3207 ut
1217 3167 1332 3219 rem
1362 3167 1534 3216 suam.
1562 3153 1828 3208 tuebatur.
1853 3154 2005 3222 Quod

412 3249 577 3305 etiam
605 3249 649 3303 si
678 3248 1054 3312 destruxisset,
1079 3248 1293 3312 merito,
1317 3263 1421 3318 qua
1449 3247 1701 3302 dominus
1728 3248 2006 3319 magisille

388 3342 505 3412 qui
536 3341 787 3396 instituit.
832 3338 937 3396 Sed
984 3353 1092 3394 non
1134 3338 1358 3394 omnino
1383 3338 1672 3406 destruxit,
1704 3355 1805 3411 qua
1832 3340 2007 3395 domi-

413 3448 516 3488 nus
544 3450 562 3498 ;
593 3440 651 3487 ut
674 3432 800 3487 hinc
824 3431 937 3502 jam
962 3446 1221 3501 apparere
1250 3431 1441 3501 possit,
1474 3446 1540 3487 ne
1570 3439 1683 3487 tum
1711 3432 1924 3503 quidem
1951 3434 2007 3488 iu

412 3540 553 3581 arca:
572 3524 982 3582 circumlatione
1006 3522 1146 3594 apud
1180 3521 1581 3579 llierichuutem
1601 3564 1617 3589 ,
1664 3524 1944 3580 sabbatum
1975 3538 2007 3580 a

411 3618 670 3676 Creatoro
716 3616 1071 3673 destructum.
1119 3615 1250 3671 Nam
1301 3624 1356 3671 et
1399 3615 1529 3671 illud
1566 3630 1700 3685 opus
1729 3616 1818 3671 Dei
1847 3624 2007 3682 erat,

413 3709 559 3783 quod
590 3712 705 3781 ipse
735 3718 1103 3780 praeceperat,
1146 3717 1203 3763 et
1245 3708 1387 3778 quod
1415 3716 1637 3779 propter
1660 3707 1871 3764 animas
1900 3709 2011 3766 dis-

413 3810 673 3876 posuerat
699 3801 975 3858 hominum
1017 3816 1237 3856 suorum
1269 3840 1285 3865 ,
1314 3800 1365 3854 in
1395 3800 1705 3856 discrimine
1733 3801 1859 3857 belli
1881 3817 2010 3859 con-

414 3894 651 3952 stitutas.
701 3893 808 3951 Sed
835 3904 890 3951 et
917 3894 962 3948 si
984 3892 1166 3948 odium
1196 3891 1391 3949 alicubi
1420 3892 1766 3949 sabbatorum
1807 3895 2012 3965 profes-

413 4005 511 4046 sus
547 3998 652 4056 est,
691 3997 859 4044 vestra
908 3985 1119 4041 sabbata
1181 3984 1411 4042 dicendo
1449 3985 1550 4058 (Is.
1580 3985 1620 4049 l,
1663 3984 1788 4057 15),
1833 3988 2010 4043 homi-

412 4097 546 4139 num
579 4080 658 4154 (5)
688 4097 750 4137 ea
772 4080 1072 4150 deputans,
1100 4094 1206 4135 non
1231 4094 1327 4134 sua
1354 4119 1369 4145 ,
1400 4094 1520 4149 qua:
1553 4079 1670 4134 sine
1698 4078 1791 4135 Dei
1821 4080 2013 4138 timore

413 4172 656 4231 celebrat
700 4172 929 4244 populus
982 4171 1172 4243 plenus
1210 4170 1422 4227 delictis
1449 4213 1464 4238 ,
1508 4170 1871 4228 labiislleunt
1898 4172 2013 4228 dili-

2113 3167 2181 3209 ve
2210 3152 2369 3223 igitur
2392 3150 2701 3222 prophetas,
2725 3159 2780 3206 et
2800 3149 3045 3207 ordinem
3075 3159 3243 3206 totum
3269 3167 3609 3223 recognosce.
3642 3154 3710 3209 In

2110 3256 2330 3301 montem
2348 3244 2600 3299 excelsum
2622 3243 2715 3315 (τ),
2732 3243 2902 3314 inquit
2920 3242 3105 3298 Esaias
3122 3241 3223 3313 (Is.
3246 3243 3360 3311 XL,
3376 3244 3453 3315 9),
3473 3249 3709 3312 ascende,

2109 3338 2197 3408 qui
2221 3336 2538 3408 euangelizas
2567 3334 2697 3391 Sion
2724 3353 2744 3401 ;
2794 3336 2979 3390 extolle
3002 3352 3117 3390 cum
3154 3338 3325 3407 vigore
3353 3354 3520 3392 vocem
3544 3349 3707 3409 tuam,

2109 3433 2197 3503 qui
2235 3432 2547 3503 euangelizas
2589 3428 2935 3485 Hierusalem.
2982 3429 3171 3486 Adhuc
3208 3432 3262 3485 in
3293 3432 3483 3501 vigore.
3528 3432 3715 3487 Obstu-

2114 3523 2379 3595 pescebant
2405 3525 2457 3577 in
2477 3523 2709 3577 doctrina
2736 3524 2881 3593 ejus;
2913 3532 3020 3577 erat
3045 3524 3187 3577 enim‘
3210 3522 3394 3579 docens
3414 3566 3431 3591 ,
3468 3534 3714 3597 tanquam

2109 3616 2340 3670 virtutem
2367 3613 2554 3669 habens
2592 3612 2742 3685 (Luc.
2772 3610 2864 3679 ιν,
2898 3612 3014 3684 52).
3042 3612 3108 3667 Et
3133 3628 3317 3669 rursus
3343 3613 3444 3687 (Is.
3473 3615 3585 3685 Lll,
3610 3614 3667 3688 6)
3694 3636 3708 3672 :

2115 3710 2395 3783 Propterea
2425 3717 2691 3781 cognoscet
2736 3706 2955 3777 papulas
2994 3724 3177 3762 nomen
3221 3725 3388 3764 meum
3411 3710 3464 3765 in
3495 3710 3585 3765 illa
3607 3712 3710 3766 die.

2113 3803 2266 3870 Quod
2293 3818 2486 3857 nomen
2508 3842 2523 3867 ,
2559 3801 2657 3856 nisi
2684 3799 2880 3855 Christi
2906 3801 2928 3854 ?
2954 3800 3106 3868 Quod
3138 3818 3228 3873 ego
3256 3819 3368 3857 sum
3398 3805 3508 3875 ipse
3526 3806 3609 3871 qui
3635 3807 3717 3860 Io-

2115 3895 2303 3968 quebar
2336 3894 2439 3967 (9).
2480 3895 2630 3949 Tunc
2657 3894 2799 3948 enim
2830 3894 2943 3963 ipse
2981 3903 3097 3948 erat
3133 3895 3221 3965 qui
3251 3895 3303 3950 in
3330 3896 3612 3967 Prophelis
3638 3898 3715 3955 lo-

2117 3988 2415 4059 quebatur,
2461 3986 2685 4050 Sermo,
2718 3983 2881 4038 Filius
2905 3983 3211 4040 Creatoris:
3270 3987 3539 4052 «Adsum.
3583 3989 3710 4046 dum

2110 4079 2248 4134 hora
2279 4085 2397 4143 est,
2441 4077 2492 4132 in
2520 4076 2820 4143 montibus,
2866 4086 2922 4131 ut
2961 4078 3335 4148 evangelizms
3386 4077 3711 4141 auditionem

2117 4172 2287 4245 pacis,
2305 4170 2681 4241 evangelizans
2701 4169 2862 4226 bona.
2885 4187 2903 4222 ›
2927 4169 3007 4243 (d)
3034 4170 3161 4226 Item
3180 4171 3349 4228 Naum
3370 4172 3538 4247 (Noli.
3562 4175 3712 4251 1,15)

1661 4286 2042 4347 LECTIONES
2082 4284 2492 4345 VARIANTES.

576 4384 1012 4492 “itm;
2038 4386 2092 4446 Β
2180 4376 2585 4492 ίξξῗάίρέἑίίς
2622 4441 2663 4490 F

478 4386 632 4450 (nat
668 4385 817 4439 inser.
837 4384 987 4436 Semt.

504 4453 537 4500 2
578 4450 826 4501 Errabuut
860 4445 1012 4500 Seml.

503 4515 535 4564 5
575 4512 739 4563 Salute
759 4514 883 4561 Par.
906 4511 1061 4560 Fran.

504 4577 535 4625 4
578 4574 881 4638 ξενωίιιθοε
914 4570 1024 4623 cod.
1054 4573 1244 4624 Wouw.

2180 4380 2233 4441 (6
2314 4380 2326 4427 i
2366 4380 2515 4429 Seml.

2205 4443 2232 4492 7
2281 4441 2585 4491 Adversariis
2622 4441 2775 4492 Fran.

2202 4506 2233 4553 8
2280 4503 2341 4554 Et
2382 4504 2535 4552 Fran.

2204 4569 2255 4630 9)
2282 4565 2479 4630 Loquor
2497 4565 2695 4616 oberth.

502 4565 558 4638 ll)
578 4574 881 4625 Permitteus
914 4570 1024 4623 cod.
1054 4573 1244 4624 Wouw.

502 4639 557 4689 5t
575 4636 838 4688 Hominem
880 4641 1042 4687 Venet.

2183 4565 2255 4635 (9')
2282 4565 2479 4630 Loquor
2497 4565 2695 4616 oberth.

409 4688 418 4703 ,
481 4642 557 4702 (5)
575 4642 838 4688 Hominem
880 4642 1042 4687 Venet.

1798 4710 2353 4771 COMMENTARIUS.

491 4837 570 4918 (a)
603 4836 768 4918 Omne
791 4853 919 4908 opus
939 4845 1082 4918 tuum
1106 4850 1205 4889 non
1226 4834 1384 4918 facies
1407 4833 1562 4918 in__ea.
1590 4831 1725 4916 Cum
1747 4848 2011 4918 nusquam

416 4904 564 4969 istud
597 4904 836 4981 reperire
862 4907 1194 4981 potuerimus
1224 4904 1278 4960 in
1311 4905 1426 4981 lege
1446 4904 1687 4981 Μρῐδίιπη2
1712 4907 1900 4981 quam
1926 4905 2015 4981 hic

418 4974 1029 5052 allegat,s'uspicorolim
1045 4978 1094 5033 id
1110 4978 1305 5052 lectum
1336 4974 1503 5052 fuisse
1520 4974 1688 5030 Exodi
1712 4974 1903 5052 XXXI,
1924 4976 2012 5052 ubi

420 5047 585 5109 hodie
610 5047 803 5117 legitur
827 5065 843 5106 :
876 5050 1056 5104 Omnis
1081 5051 1167 5117 qui
1191 5048 1340 5116 faciet
1367 5049 1420 5101 in
1440 5063 1498 5101 eo
1520 5064 1665 5115 opus,
1690 5047 1879 5117 peribit
1896 5047 2011 5099 ani-

420 5141 508 5179 ma
532 5123 624 5179 illa
650 5116 714 5179 de
741 5123 908 5177 medio
925 5116 1193 5191 populisui
1210 5129 1339 5191 ;A_aut
1359 5119 1540 5191 potius,
1562 5118 1689 5172 Lev.
1720 5116 1906 5191 XXIII,
1927 5118 2015 5172 ubi

418 5195 859 5267 frequentissime
882 5189 1147 5267 reperitur
1177 5209 1190 5245 :
1219 5189 1364 5260 Opus
1391 5189 1934 5267 servitemonfacietis
1960 5193 2013 5267 in

419 5282 506 5331 eo:
521 5258 595 5331 ὲι,
618 5263 801 5321 Omnis
824 5265 908 5334 qui
928 5258 1079 5335 faciet
1106 5265 1160 5335 in
1181 5278 1238 5316 eo
1259 5258 1408 5334 opus,
1438 5260 1616 5335 peribit
1647 5261 1820 5335 anima
1839 5258 1935 5335 illa
1957 5260 2020 5313 de

417 5329 590 5394 mdia
616 5336 797 5409 populi
821 5329 945 5401 sui;
982 5333 1210 5409 utaxiutc
1234 5329 1354 5409 c_ttm_
1381 5329 1626 5387 eumdem
1658 5329 1800 5409 bime
1839 5329 2016 5409 locum

417 5410 550 5467 citet
573 5399 736 5465 etiam
765 5399 952 5477 supra,
984 5405 1074 5460 lib.
1108 5405 1223 5458 adv.
1243 5403 1478 5468 Judteos,
1502 5418 1619 5472 cap.
1648 5400 1835 5477 49PM
1885 5399 2019 5477 Eor-

417 5496 516 5537 san
537 5493 680 5535 tuum
708 5492 809 5550 pro
837 5471 932 5550 tu,
964 5486 1018 5531 et
1041 5478 1291 5550 i_u_gr;_ero
1314 5481 1403 5550 acii
1428 5490 1520 5550 pro
1545 5471 1636 5537 as,
1669 5471 2018 5550 leget-atter-

417 5553 672 5609 tullianus
686 5541 757 5605 ad
780 5563 839 5602 γ.
865 5545 934 5602 10
976 5562 1022 5619 c.
1044 5541 1146 5603 XX
1167 5545 1345 5619 Exod.
1372 5541 1589 5599 in‘hunc
1613 5544 1829 5619 modum
1856 5561 1867 5596 :
1892 5541 2016 5595 Non

414 5625 571 5698 facies
607 5637 763 5681 omne
800 5634 933 5693 opus
968 5618 1021 5673 in
1059 5635 1116 5676 eo
1153 5618 1339 5684 ructs;
1382 5622 1436 5673 οὗ
1464 5627 1681 5678 ποίησεις
1710 5622 1755 5671 tv
1781 5618 1901 5686 αὐτῇ
1920 5621 2017 5668 πᾶν

2117 4838 2259 4903 mea
2277 4836 2394 4903 Σρϊ
2412 4830 2540 4903 (pro
2568 4838 2637 4903 ira
2657 4838 2712 4884 ut
2739 4829 2790 4885 in
2820 4828 3010 4902 LXX).
3044 4828 3177 4903 Enn.

2193 4901 2271 5027 (li)
2303 4900 2423 4955 Nisi
2441 4900 2578 4973 quod
2603 4902 2690 4970 ﬁet
2711 4903 2848 4956 omni
2867 4900 3073 4957 animm.
3099 4901 3319 4973 Legitur
3337 4904 3551 4976 quidem
3573 4911 3712 4981 apud

2193 4972 2209 5027 ἱ
2291 4991 2303 5027 ;
2346 4983 2468 5027 aliis
2503 4980 2591 5027 ὃσει
2625 4981 2938 5027 «uindicet-att
2972 4980 3101 5027 πίση
3146 4983 3314 5027 ibo-vit:
3357 4977 3449 5027 sed
3491 4993 3712 5027 nrmtnr-

2120 4972 2260 5027 LXX
2291 4991 2303 5027 :
2346 4983 2468 5049 aliis
2503 4980 2591 5028 ὃσει
2625 4981 2938 5049 (ποιηθτζσετιιι
2972 4980 3107 5049 ττεὶςνῃΔ
3300 4992 3314 5041 ;
3354 4972 3449 5032 Sed
3491 4972 3715 5048 practer-

2117 5059 2277 5119 quaut
2296 5045 2637 5119 oplinteverti
2666 5055 2842 5119 posset
2873 5063 2887 5119 ξ
2915 5046 3145 5119 exceptis
3158 5047 3221 5099 iis
3233 5045 3558 5119 quacumque
3586 5053 3714 5119 ﬁant

2117 5117 2181 5168 ab
2211 5116 2349 5169 omni
2375 5116 2589 5177 anima;
2623 5114 2780 5189 lectio
2803 5115 3051 5189 hebraiea
3094 5114 3294 5189 diserte
3337 5114 3623 5189 significat,
3654 5140 3714 5176 ca

2118 5196 2312 5239 tantunt
2343 5200 2469 5256 qua:
2518 5186 2895 5256 manducantnr
2920 5186 2981 5237 ab
3031 5188 3168 5240 omni
3200 5186 3408 5256 vivente,
3457 5186 3626 5248 fertile
3655 5205 3714 5247 ut

2122 5259 2287 5312 Vertit
2315 5255 2570 5320 \ittlgatus
2600 5266 2802 5308 noster.
2861 5254 2995 5308 Eon.

2195 5326 2349 5399 CAP.
2378 5321 2672 5399 Xlll.-f(c)_
2695 5323 2760 5377 In
2784 5327 3290 5399 montemexcelsum,
3316 5328 3476 5398 inquit
3504 5330 3713 5399 Esaias,

2122 5410 2226 5453 etc.
2254 5397 2399 5451 llanc
2432 5394 2763 5464 prophetiam
2788 5394 2933 5448 Isaize
2947 5394 3039 5448 XL
3062 5399 3249 5452 eodem
3280 5394 3440 5453 modo
3461 5403 3526 5455 de
3555 5394 3714 5457 (ηατίὲ

2123 5479 2176 5523 to
2203 5469 2657 5525 inmonteorantc
2685 5465 3063 5534 interpretatur
3090 5466 3149 5520 Β.
3183 5469 3617 5534 Ambrosius.l.V
3655 5478 3711 5528 in

2120 5538 2340 5606 Lucam,
2365 5551 2480 5606 cap.
2509 5534 2594 5606 VI.
2625 5535 2760 5589 PAIl.

2197 5609 2275 5683 (d)
2314 5604 2445 5662 Item
2475 5605 2645 5660 Naum
2686 5621 2749 5660 ea:
2777 5604 3065 5673 duodecim,
3096 5615 3201 5663 etc.
3229 5605 3432 5677 Nempe
3475 5611 3711 5681 proptre-
