4020 6286
314 180 419 240 587

1744 172 2201 237 TERTULLIANI

3504 180 3614 240 533

236 368 249 371 _
321 312 386 352 ex
431 293 712 351 duodecim
742 310 754 350 :
812 294 1066 364 Quoniam
1116 313 1227 353 ecce
1265 294 1455 353 veloces
1485 293 1633 361 pedes
1661 293 1711 346 in
1745 302 1911 346 monte
1940 293 1986 350 Α
2019 292 2146 345 dicet
2177 291 2364 358 horno;
2394 300 2440 346 et
2464 290 2612 347 homo
2635 294 2802 365 [actus
2831 300 2904 348 est
2931 292 2979 347 in
3023 293 3114 350 illa
3160 294 3441 367 (quoniam
3474 297 3613 355 Deus

320 386 712 460 cvangelizantis
735 405 928 460 pacem.
958 390 1031 444 De
1060 405 1188 447 voce
1209 401 1387 444 autem
1418 398 1690 441 nocturnu'
1712 385 1882 438 oratio

321 482 404 537 nis
456 481 521 535 ad
576 480 785 535 Patrem
816 522 830 545 ,
883 466 1166 536 manifeste
1198 481 1441 536 Psalmns
1483 476 1602 546 (Ps.
1636 474 1775 539 XXI,
1808 473 1866 547 Ξ)
1899 492 1911 529 :

328 571 462 628 Deus
518 588 693 638 meus,
750 570 977 625 clamabo
1023 589 1109 641 per
1130 574 1298 638 diem,
1328 581 1373 626 et
1412 571 1686 631 cxaudies;
1730 575 1917 621 ctnoc—

321 675 401 732 te,
426 675 471 718 et
498 680 596 717 non
615 664 666 717 in
689 664 957 718 renitatem
990 666 1151 730 mihi;
1189 675 1243 721 ct
1264 665 1386 719 alibi
1431 704 1445 728 ,
1471 664 1539 719 de
1566 664 1681 716 loco
1703 671 1756 716 ct
1786 676 1916 715 voce

320 753 539 819 eadem,
576 754 815 810 Psalmus
865 754 997 827 (Ps.
1025 756 1089 810 III
1123 797 1137 818 ,
1167 756 1201 810 4
1227 757 1249 826 )
1296 775 1307 809 :
1348 754 1481 810 Voce
1506 771 1615 808 mea
1643 755 1710 806 ad
1738 748 1915 806 Domi-

322 864 440 901 num
477 846 755 901 exclamavi
780 888 794 912 ,
826 859 873 901 et
900 849 1156 901 exaudivit
1211 865 1289 901 me
1318 849 1381 903 de
1408 858 1575 901 monte
1602 854 1775 900 sancto
1802 859 1913 897 sua.

330 938 508 994 Ilahes
550 940 780 994 nominis
824 941 1386 1009 reprzrscnlatioucm,
1435 940 1600 995 habes
1643 950 1816 993 aetum
1839 936 1917 1009 (I)

328 1030 746 1102 evmgclizantis
773 1071 785 1091 ,
815 1030 979 1086 habes
1001 1031 1175 1087 locum
1205 1033 1399 1087 montis
1428 1074 1442 1099 ,
1472 1040 1527 1085 et
1552 1040 1760 1101 tempus
1786 1043 1915 1082 noc-

318 1124 409 1190 tis,
438 1132 491 1179 et
510 1138 698 1179 sonum
722 1124 886 1190 vocis,
906 1134 961 1180 et
985 1125 1222 1181 auditum
1242 1126 1415 1181 Patris
1433 1123 1531 1195 (‘2);
1560 1123 1723 1179 habes
1744 1122 1921 1176 Chris-

322 1224 432 1271 tum
487 1215 898 1286 Prophetarum.
933 1216 1042 1272 Cur
1085 1208 1261 1273 autem
1308 1214 1587 1272 duodecim
1632 1215 1919 1286 Apostolos

318 1307 482 1378 elegit
509 1347 525 1374 ,
558 1294 611 1362 et
636 1322 741 1361 non
770 1307 932 1362 alium
963 1309 1254 1379 quemlibet
1283 1307 1604 1364 numerum?
1629 1304 1722 1361 Na:
1750 1315 1805 1361 et
1852 1321 1917 1360 ex

320 1398 424 1455 hoc
455 1414 631 1455 meum
661 1401 937 1456 Christum
986 1403 1325 1473 interpretari
1353 1417 1600 1473 possem,
1656 1416 1761 1455 non
1796 1408 1915 1453 tan-

318 1501 431 1548 tum
463 1493 680 1548 vocibus
702 1493 1096 1565 PrOphetarum
1125 1536 1141 1561 ,
1174 1495 1266 1551 sed
1297 1505 1350 1551 et
1380 1494 1710 1565 argumentis
1737 1481 1916 1547 rerum

316 1584 708 1673 praedicatum?
736 1585 904 1655 Ilujus
925 1588 1066 1642 enim
1104 1589 1311 1644 muneri
1347 1589 1540 1658 figuras
1568 1586 1708 1657 apud
1750 1588 1916 1641 Crea-

316 1686 487 1732 torem
531 1678 876 1749 depreltendo
913 1698 926 1734 :
959 1678 1243 1736 Duodecim
1287 1683 1452 1753 fontes
1504 1679 1638 1733 Etim
1680 1678 1868 1749 (Num.
1897 1720 1911 1745 ,
1943 1679 1993 1744 B

315 1767 557 1841 XXXIII)
591 1785 605 1836 ;
655 1780 741 1835 et,
790 1769 1070 1826 Duodecim
1116 1789 1340 1843 gemmas
1370 1774 1423 1827 in
1450 1772 1623 1825 ttmica
1663 1764 1905 1826 sacerdo-

319 1863 410 1917 tali
444 1864 661 1918 Aarouis
699 1863 896 1932 (Εατοά.
925 1906 940 1931 ,
990 1864 1266 1936 XXVIII);
1297 1874 1369 1932 el,
1400 1864 1674 1919 Duodecim
1718 1864 1915 1935 lapides

317 1957 381 2008 ab
410 1953 537 2010 Iesu
582 1958 645 2011 de
670 1955 901 2011 Iordane
945 1959 1126 2012 electos
1180 1957 1347 2029 (Jos.,
1381 1956 1490 2029 IV)
1544 1966 1598 2012 et
1647 1956 1701 2011 in
1732 1972 1909 2011 arcam

273 2064 283 2075 ο
320 2049 622 2104 testamenti
662 2050 926 2106 conditos.
971 2051 1216 2105 Totidem
1253 2050 1395 2106 enim
1424 2050 1664 2121 Apostoli
1696 2059 1913 2120 porten-

317 2138 583 2194 debantur
610 2155 626 2206 ;
656 2140 880 2211 proinde
902 2150 959 2197 ut
989 2140 1162 2197 fontes
1190 2151 1245 2198 et
1273 2157 1460 2198 anmes
1484 2183 1499 2208 ,
1530 2141 1748 2212 rigaturi
1801 2141 1906 2196 ari-

314 2229 440 2286 dmn
473 2241 615 2287 retro
640 2241 692 2289 et
713 2232 983 2289 desertum
1005 2250 1033 2288 a
1054 2233 1132 2308 (5)
1161 2234 1353 2294 notitia
1379 2233 1564 2290 orbem
1592 2233 1906 2302 Nationum;

314 2327 452 2378 sicut
482 2334 535 2380 ct
559 2339 653 2395 per
680 2324 891 2379 Esaiam
918 2324 1051 2397 (ls.,
1084 2325 1244 2381 XI.II|
1268 2369 1282 2393 ,
1316 2326 1388 2382 9.0
1415 2324 1434 2399 )
1464 2344 1477 2382 :
1502 2325 1703 2380 Ponant
1734 2328 1787 2381 in
1818 2337 1912 2380 ter-

313 2433 375 2470 ra
404 2418 647 2486 inaquosa
698 2418 913 2489 ﬂumina
937 2437 957 2485 ;
980 2402 1212 2491 proinde
1240 2429 1296 2474 ιιι
1342 2436 1567 2491 gemma:
1594 2461 1608 2486 ,
1641 2419 1907 2474 illumina-

316 2514 419 2565 turi
447 2526 649 2566 sacram
682 2512 937 2567 Ecclesia:
966 2523 1207 2581 vestem,
1261 2529 1417 2583 quam
1444 2512 1615 2567 induit
1663 2511 1909 2567 Christus

316 2602 551 2673 pontifex
584 2604 794 2670 Patris;
850 2604 1069 2674 proinde
1112 2619 1165 2659 ιιι
1199 2616 1251 2661 et
1283 2604 1519 2674 lapides,
1567 2603 1722 2660 Solidi
1754 2602 1859 2659 Iide
1890 2645 1907 2672 ,

314 2710 446 2764 quos
468 2694 534 2749 de
564 2695 775 2750 lavacro
796 2694 1045 2750 Iordanis
1070 2695 1116 2751 .I.
1134 2713 1226 2751 sus
1257 2711 1415 2751 verus
1438 2696 1618 2766 elegit,
1641 2704 1697 2751 et
1724 2695 1776 2749 in
1821 2711 1909 2749 sa-

319 2787 553 2841 crarium
585 2787 886 2842 testamenti
932 2787 1010 2841 sui
1037 2789 1255 2858 recepit.
1289 2787 1426 2854 Quid
1481 2788 1586 2842 tale
1609 2786 1676 2841 de
1699 2785 1908 2841 numeri

313 2876 625 2935 defensione
670 2880 927 2946 competit
980 2879 1197 2936 Chrism
1218 2879 1535 2935 Marcionis?
1560 2879 1677 2935 Non
1730 2888 1909 2950 potest

313 2970 628 3040 simpliciter
650 2968 846 3026 factum
875 2971 941 3027 ab
968 2971 1059 3027 illo
1080 2972 1206 3043 quid
1230 2971 1432 3036 videri,
1460 2971 1601 3043 quod
1634 2981 1809 3042 potes’t
1836 2973 1931 3045 vi-p

2021 382 2180 440 homo
2207 372 2360 439 natus
2383 385 2509 456 est),
2527 395 2572 440 et
2599 386 2866 453 wdi/icavit
2892 405 3001 441 ram
3029 388 3283 467 voluntate
3309 389 3484 449 Patris
3512 411 3526 448 :
3556 404 3613 450 ιιι

2018 475 2155 529 scias
2205 476 2269 529 ad
2314 491 2436 531 cum
2474 487 2599 533 tunc
2626 478 2851 549 gentiles
2900 481 3218 537 conveniSse
3273 524 3285 545 ,
3315 486 3435 555 quia
3471 476 3609 541 Deus

2021 564 2180 619 homo
2206 575 2324 623 erat
2366 578 2552 633 natus,
2597 566 2958 649 aedificaturus
3009 572 3299 649 Ecclesium
3326 568 3389 631 ex
3419 578 3611 633 volun-

2018 666 2127 712 tate
2142 658 2314 715 Patris
2334 699 2350 725 ,
2382 675 2445 714 ex
2496 660 2775 733 allophylis
2805 654 3037 734 quoque.
3084 664 3171 721 Sic
3197 676 3252 722 et
3278 664 3503 741 Esaias(
3531 668 3608 725 Is.

2020 750 2185 806 XLIX
2211 794 2225 819 ,
2257 751 2355 827 I2)
2387 771 2399 805 :
2434 750 2569 807 Ecce
2594 755 2677 808 isti
2698 756 2899 809 veniunt
2930 756 2995 811 de
3037 756 3353 830 longinquo;
3407 762 3489 814 isti
3521 778 3610 815 nu-

2020 854 2118 900 tem
2147 846 2350 900 venirmt
2374 846 2437 900 ab
2466 832 2722 916 {aquilone
2760 860 2806 901 et
2853 849 3023 914 mari;
3050 851 3141 903 alii
3162 830 3166 843 ’
3189 861 3355 905 autem
3382 830 3445 906 ἀὲ
3481 862 3616 908 terra

2021 935 2318 993 Persarum.
2348 939 2423 994 De
2445 940 2637 1010 quibus
2665 951 2718 995 et
2748 958 2933 997 rursus
2954 941 3101 1014 (ibid.
3129 942 3195 1000 I8
3220 943 3239 1012 )
3266 964 3277 997 :
3311 944 3501 999 Attolle
3526 926 3616 1017 per

2019 1030 2283 1083 circuitum
2311 1030 2487 1085 oculos
2516 1042 2648 1098 tuos,
2683 1045 2729 1085 et
2750 1033 2893 1099 vide,
2925 1051 3097 1089 omnes
3146 1039 3435 1107 congregati
3472 1047 3612 1095 sunt.

2022 1119 2099 1175 De
2125 1121 2322 1191 quibus
2350 1128 2405 1177 (ι
2434 1120 2568 1176 infra
2603 1121 2622 1195 (
2650 1124 2774 1177 ibid.
2806 1124 2885 1179 (Μ’
2911 1125 2928 1196 )
2955 1144 2968 1180 :
3013 1126 3161 1181 Vides
3191 1126 3271 1200 (6)
3316 1130 3515 1206 ignotos
3571 1140 3617 1185 rt

2022 1221 2286 1268 extraneos
2308 1229 2326 1268 :
2345 1224 2392 1268 et
2419 1212 2558 1293 dices
2603 1217 2745 1269 cordi
2773 1226 2860 1270 tuo
2890 1234 2908 1271 :
2936 1215 3062 1292 Quis
3087 1219 3207 1274 istos
3228 1206 3419 1291 {ienuit
3445 1222 3568 1276 mihi
3593 1222 3617 1277 Σ)

2027 1301 2192 1358 Porro
2219 1346 2233 1371 ,
2264 1304 2357 1358 ltos
2379 1310 2490 1375 quis
2540 1306 2665 1360 mihi
2701 1307 2929 1362 educat-it
2949 1308 2978 1363 ἶ)
3004 1312 3067 1365 At
3098 1311 3149 1364 lti
3198 1310 3322 1366 milii
3368 1313 3452 1367 ubi
3506 1310 3618 1384 fue-

2021 1408 2138 1451 runt
2171 1396 2313 1453 ?lIic
2340 1399 2584 1455 Christus
2635 1417 2740 1456 non
2788 1392 3220 1473 Prophetarum?
3276 1394 3339 1461 Iit
3364 1407 3482 1478 quis
3507 1409 3610 1465 erit

2021 1482 2268 1544 Christus
2290 1488 2721 1546 Marcionitarum
2766 1496 2803 1559 ,’
2832 1493 2873 1569 si
2910 1495 3228 1567 perversitas
3252 1494 3425 1573 placet
3448 1542 3463 1565 ,
3522 1498 3612 1570 qui

2023 1595 2127 1635 non
2161 1579 2320 1637 fuerit
2352 1581 2739 1652 PrOpbetarum
2770 1585 2793 1639 ?
3047 1583 3055 1589 ’
3264 1600 3269 1609 ‘
3544 1590 3551 1599 '

2600 1674 2827 1732 CAPUT
2879 1676 3021 1733 XIV.

2091 1763 2259 1819 Venio
2318 1780 2457 1821 nunc
2507 1766 2574 1821 ad
2626 1768 2925 1823 ordinarias
2946 1771 3242 1826 sententias
3291 1772 3450 1842 ejus,
3514 1789 3610 1845 per
3641 1794 3685 1813 -ο

2016 1870 2149 1926 quas
2177 1857 2554 1926 proprietatem
2583 1858 2840 1914 doctrina:
2889 1875 3001 1916 sua:
3033 1862 3237 1919 inducit
3282 1863 3347 1920 ad
3376 1865 3611 1922 edictum

2019 1947 2043 2022 (
2069 1957 2125 2003 ut
2148 1949 2214 2002 ita
2244 1949 2469 2004 dixerim
2495 1950 2515 2022 )
2546 1950 2743 2007 Christi
2779 1971 2791 2005 :
2819 1952 2894 2026 (b)
2922 1952 3066 2009 Beati
3092 1954 3308 2012 mendici
3328 1957 3439 2028 (sic
3466 1958 3611 2015 enim

2015 2039 2179 2110 exigit
2225 2039 2599 2111 interpretatio
2633 2043 2869 2101 vocabuli
2928 2042 3070 2116 quod
3112 2048 3162 2102 in
3212 2063 3389 2119 graeco
3425 2059 3506 2105 est
3539 2049 3556 2120 )
3588 2091 3607 2119 ,

2014 2133 2253 2202 quoniam
2283 2133 2489 2193 illorum
2519 2145 2593 2191 est
2617 2152 2827 2207 regnum
2848 2138 3085 2193 (telorum
3117 2138 3217 2213 (7).
3247 2139 3364 2196 Jam
3394 2140 3496 2199 hoc
3526 2144 3612 2214 ip-

2015 2239 2135 2280 sum
2187 2225 2330 2295 quod
2375 2241 2404 2280 a
2437 2227 2906 2286 benedictionibus
2937 2233 3137 2303 ccepit,
3184 2233 3457 2290 Creatoris
3482 2244 3609 2306 est,

2013 2317 2104 2385 qui
2136 2318 2380 2373 universa
2410 2331 2566 2389 prout
2595 2321 2801 2391 edidit,
2832 2323 2971 2380 nulla
3013 2328 3112 2381 alia
3145 2343 3275 2384 voce
3322 2346 3477 2401 quam
3508 2330 3608 2387 hcé

2013 2408 2330 2465 nedictiunis
2361 2408 2441 2483 (8)
2468 2410 2753 2469 dedicavit.
2789 2413 3050 2471 Eructuuit
3068 2419 3219 2482 enim,
3244 2419 3416 2491 inquit
3444 2420 3560 2493 (Ps.
3588 2464 3606 2490 ,

2012 2498 2211 2568 XLIV,
2255 2501 2323 2573 1⁵)
2352 2544 2364 2566 ,
2398 2519 2487 2557 cor
2529 2520 2696 2558 meum
2719 2523 3003 2563 sermonem
3052 2511 3317 2581 optimum.
3373 2513 3467 2568 llic
3504 2518 3611 2571 erit

2011 2608 2189 2648 sermo
2237 2596 2471 2663 Oplillllls
2496 2638 2510 2663 ,
2545 2597 2936 2657 benedictionis
2984 2602 3184 2659 scilicet
3214 2647 3227 2668 ,
3283 2607 3373 2675 qui
3404 2617 3457 2661 et
3481 2609 3608 2664 novi

2010 2700 2223 2755 quoque
2254 2686 2583 2743 'I'estamenti
2614 2689 2853 2746 initiator
2882 2695 3189 2761 agnoscitur
3209 2695 3278 2753 de
3331 2700 3497 2753 veteri
3524 2699 3607 2769 (9)

2010 2777 2279 2847 exemplo.
2311 2778 2445 2845 Quid
2476 2782 2604 2851 ergo
2625 2780 2820 2838 mirum
2867 2795 2950 2839 est
2982 2785 3122 2857 (I0),
3153 2788 3199 2844 si
3228 2780 3283 2845 et
3304 2790 3371 2845 ah
3399 2791 3610 2848 allecti-

2009 2868 2109 2925 bus
2135 2870 2404 2928 Creatoris
2422 2874 2695 2943 ingressus
2719 2885 2803 2932 est
2826 2893 2921 2947 per
2946 2878 3249 2951 hujusmodi
3280 2884 3596 2950 dictionem,

2010 2977 2229 3034 semper
2249 2966 2545 3033 mendicos,
2577 2978 2631 3026 et
2653 2985 2910 3042 pauperes
2935 3013 2950 3038 ,
2991 2981 3047 3028 et
3068 2973 3295 3033 humiles
3314 2994 3376 3033 ac
3396 2979 3607 3045 viduas,

319 3062 433 3118 deri
466 3058 570 3118 non
602 3064 918 3134 simpliciter
971 3065 1165 3119 factum
1195 3081 1222 3117 a
1250 3079 1392 3120 meo.
1449 3062 1580 3133 Ejus
1604 3063 1705 3119 erit
1760 3078 1848 3118 res
1886 3104 1900 3130 ,
1930 3073 1977 3139 ρ
2010 3065 2066 3112 et
2092 3057 2317 3127 pupillos
2348 3074 2516 3130 usque
2540 3058 2845 3133 diligentis,
2876 3065 3205 3124 consolantis
3229 3110 3243 3133 ,
3274 3073 3565 3128 asserentis
3586 3113 3605 3139 ,

311 3156 453 3227 apud
482 3172 642 3229 quem
676 3159 940 3213 invenitur
973 3158 1048 3213 rei
1080 3167 1467 3229 praeparatum.
1517 3157 1684 3213 Mutat
1712 3164 1769 3212 ct
1796 3156 1899 3212 Pe-

313 3259 398 3307 tro
427 3267 624 3307 nomen
677 3250 745 3308 de
771 3250 1023 3316 Simone;
1074 3250 1196 3323 quia
1223 3263 1277 3307 et
1304 3251 1530 3307 Creator
1554 3249 1782 3306 Abrabte
1805 3291 1817 3312 ,
1852 3259 1907 3305 et

310 3344 458 3400 Sara:
479 3385 493 3409 ,
523 3351 579 3400 et
602 3344 791 3400 Auseze
823 3346 1037 3400 nomina
1070 3344 1413 3409 reformavit,
1468 3343 1609 3398 hunc
1634 3343 1904 3419 (vocando

312 3436 495 3492 Iesum
514 3433 611 3510 (τι),
638 3436 740 3492 illis
761 3437 995 3508 syllabas
1010 3434 1331 3506 adjicienda.
1346 3434 1449 3491 sed
1463 3446 1516 3490 et
1540 3449 1637 3490 cur
1661 3433 1906 3491 Petrum?

310 3526 368 3584 Si
391 3527 460 3583 oh
488 3528 724 3599 vigorem
782 3527 940 3593 lidei,
970 3529 1150 3582 multa:
1199 3529 1436 3581 materia:
1482 3526 1775 3598 solidteque
1802 3541 1903 3581 no-

262 3685 284 3701 ⁴
312 3636 437 3676 meo
469 3620 536 3675 de
565 3634 664 3675 suo
691 3619 1185 3675 accommodarent.
1220 3620 1301 3674 An
1333 3619 1454 3690 quia
1487 3628 1542 3674 et
1572 3628 1723 3689 petra
1750 3628 1806 3675 et
1828 3621 1904 3674 Ia-

311 3715 392 3784 pis
422 3710 997 3784 ChristUSYSiquidem
1033 3721 1087 3767 et
1116 3712 1340 3782 legimus
1376 3708 1478 3783 (Is.
1512 3752 1527 3777 ,
1576 3710 1690 3766 VIII
1716 3752 1730 3776 ,
1786 3713 1855 3767 Η
1883 3726 1899 3772 :

308 3805 328 3860 I
374 3804 519 3861 Petr.
542 3846 558 3873 ,
587 3804 630 3862 II
658 3846 673 3871 ,
701 3804 761 3875 8)
811 3804 1039 3875 positum
1073 3819 1196 3859 eum
1218 3805 1271 3858 in
1304 3804 1529 3874 lapidem
1554 3801 1850 3871 o/fendiculi
1884 3845 1900 3872 ,

306 3914 353 3953 cr
375 3900 426 3954 in
454 3910 646 3971 petram
675 3897 927 3954 scandali.
957 3898 1157 3954 Omitto
1185 3906 1400 3954 czetera.
1445 3897 1626 3969 Itaque
1678 3898 1900 3955 allecta-

306 3993 385 4048 vit
408 3991 687 4048 carissimo
727 3991 1110 4063 discipulorum
1136 3991 1203 4046 de
1232 3990 1413 4060 ﬁguris
1452 3992 1563 4045 suis
1610 3992 1898 4062 peculiari-

307 4093 389 4141 ter
414 4099 607 4141 nomen
638 4087 1037 4142 communieare
1056 4127 1071 4151 ,
1104 4096 1229 4155 puto
1253 4085 1502 4155 preprius
1529 4083 1608 4156 (4)
1638 4100 1795 4155 quam
1825 4084 1897 4141 de

304 4194 412 4233 non
444 4178 575 4232 suis.
632 4175 944 4232 Conveniunt
972 4195 1004 4231 α
1060 4176 1105 4231 Τ
1104 4194 1231 4248 yro,
1255 4187 1302 4230 et
1324 4193 1386 4231 ex
1447 4175 1564 4231 aliis
1607 4175 1896 4246 regionibus

304 4269 579 4326 multitudo
604 4270 756 4323 etiam
782 4271 1143 4324 transmarina.
1171 4268 1283 4324 Hoc
1311 4268 1394 4340 (5)
1423 4267 1695 4337 Spectabat
1747 4268 1898 4325 PSaI-

303 4382 421 4421 mus
479 4362 598 4436 (Ps.
644 4361 945 4429 LXXXVI,
979 4364 1012 4418 4
1038 4364 1089 4433 ):
1118 4361 1184 4416 Et
1214 4378 1323 4416 ecce
1354 4361 1618 4432 Allopbyli
1641 4372 1687 4416 et
1709 4360 1895 4431 Tyrus,

2013 3148 2330 3204 viudicantis
2356 3150 2380 3203 ‘l
2404 3161 2460 3204 ut
2486 3156 2623 3208 hanc
2653 3153 2849 3215 Christi
2880 3158 3032 3225 quasi
3060 3159 3318 3228 privatam
3362 3162 3611 3232 benigni-

2011 3249 2205 3311 tatem,
2238 3241 2470 3298 rivulum
2501 3245 2693 3301 eredas
2720 3246 2789 3302 de
2818 3247 3052 3306 fontibus
3087 3250 3399 3309 Salvatoris.
3430 3254 3609 3312 Itevc-

2008 3350 2067 3388 ra
2088 3351 2195 3406 quo
2210 3336 2432 3405 dirigam
2464 3339 2681 3405 nescio,
2715 3340 2766 3393 in
2797 3350 2943 3396 tanta
2999 3342 3299 3415 frequentia
3336 3347 3608 3416 ejusmodi

2008 3444 2198 3486 vocum
2218 3468 2235 3498 ,
2268 3441 2517 3502 tanquam
2546 3433 2598 3488 iu
2626 3434 2801 3506 sylva,
2833 3436 2916 3492 vel
2947 3437 3001 3492 in
3028 3447 3217 3508 prato,
3251 3441 3336 3497 vel
3395 3442 3446 3497 in
3504 3458 3599 3498 ne-

2008 3540 2159 3579 more
2186 3539 2467 3595 pomorum
2494 3567 2508 3590 ,
2534 3526 2733 3597 passim
2759 3540 2917 3599 prout
2944 3532 3158 3599 incidit,
3226 3549 3313 3590 res
3374 3535 3606 3607 petenda

2007 3627 2109 3674 est.
2140 3616 2212 3689 (c)
2235 3617 2493 3678 Iuclamat
2541 3619 2785 3677 Psalmus
2816 3625 2836 3692 (
2871 3622 2965 3680 Ps.
3017 3623 3265 3693 LXXXI,
3308 3625 3384 3694 5)
3412 3646 3425 3681 :
3450 3625 3608 3684 ludi-

2005 3720 2115 3763 cate
2137 3708 2335 3780 pupillo
2358 3720 2404 3765 et
2430 3712 2660 3767 mendico
2690 3754 2705 3779 ,
2738 3723 2787 3769 et
2816 3714 3059 3769 humilem
3083 3728 3129 3772 et
3158 3734 3431 3788 pauperem
3464 3719 3607 3790 juste

2006 3810 2235 3856 tractate.
2281 3799 2514 3857 Liberale
2563 3820 2838 3875 pauperem
2870 3791 2908 3874 ,⁸
2938 3817 2986 3861 et
3027 3808 3311 3863 mendicum
3334 3812 3402 3865 de
3446 3825 3605 3865 manu

2008 3895 2284 3965 peccatoris
2302 3895 2478 3949 eruite.
2498 3893 2627 3950 Item
2653 3892 2895 3955 Psalmus
2915 3894 3345 3971 septuagesimus
3364 3902 3565 3970 rrimus
3587 3919 3602 3956 :

2004 3987 2219 4042 Iustitia
2238 3987 2486 4056 iudicabit
2514 3990 2768 4045 mendicos
2790 3992 2970 4063 populi
3002 4033 3016 4060 ,
3072 4002 3123 4048 et
3163 3995 3314 4065 faciet
3339 3996 3505 4050 salsos
3534 3996 3604 4061 [i-

2007 4083 2103 4137 lias
2130 4098 2433 4153 pauperum.
2460 4081 2526 4136 Et
2560 4083 2609 4136 in
2637 4086 2986 4155 sequentibus
3013 4086 3079 4140 de
3103 4086 3318 4143 Christo
3346 4103 3360 4142 :
3414 4082 3605 4143 Omnes

2006 4175 2236 4229 nationes
2283 4173 2497 4230 servient
2522 4174 2588 4232 ei.
2618 4174 2801 4233 David
2845 4187 3025 4234 autem
3070 4180 3159 4234 uni
3189 4179 3336 4250 genti
3375 4179 3604 4250 judaicat

2006 4266 2215 4339 pra‘l'ttit
2236 4308 2250 4333 ,
2285 4283 2353 4335 ne
2383 4270 2502 4337 quis
2524 4270 2575 4322 in
2604 4269 2771 4324 David
2802 4283 2948 4340 putet
2974 4271 3173 4326 dietqu
3202 4313 3216 4336 ,
3238 4264 3374 4342 'quia
3417 4284 3469 4327 ct
3510 4271 3602 4327 ille

2003 4369 2315 4430 susceperat
2342 4358 2569 4414 lnnniles
2592 4369 2647 4416 et
2667 4361 3076 4417 necessitatibus
3099 4363 3423 4428 laborantes.
3452 4362 3605 4431 Quod

301 4472 348 4514 et
378 4456 598 4530 populus
627 4446 952 4528 .zEtltiopum
973 4498 989 4524 ,
1041 4456 1127 4510 isti
1142 4455 1348 4525 [uerunt
1395 4452 1521 4508 illic.
1556 4451 1725 4508 Mater
1770 4454 1898 4531 Sion
1922 4448 1976 4508 D
2003 4454 2286 4508 liberaret-it
2315 4453 2468 4523 (II),
2503 4454 2672 4524 inquit
2703 4494 2719 4519 ,
2749 4472 2782 4509 α
2810 4455 3028 4526 dynasta
3060 4454 3345 4547 mendicpm
3366 4495 3381 4519 ,
3433 4461 3605 4541 parcet

1541 4566 1922 4627 LECTIONES
1958 4564 2393 4623 VARIANTES..

392 4662 436 4716 II
461 4662 660 4713 Factum
700 4662 923 4713 (τίσει-οη.

388 4723 438 4794 ξ)
461 4725 603 4794 Pacis
634 4723 741 4794 βίῃ.
773 4731 932 4794 ιξειιει.
1059 4781 1092 4794 η

384 4782 435 4850 5)
458 4797 525 4852 _V.
552 4786 646 4852 Dei
680 4782 924 4852 prazterm.
961 4782 1291 4852 conjic..Edd.

385 4841 435 4911 ι)
457 4850 663 4913 Proteus
680 4841 812 4913 'Rig.
840 4854 1001 4900 Venet.
1026 4841 1178 4899 Seml.

386 4909 437 4963 δ’)
456 4909 566 4963 Hos
598 4909 821 4962 Ciuccoit.
924 4916 929 4922 ‘
1122 4918 1127 4927 λ

362 4916 416 4975 (5
456 4916 560 4963 Hos
598 4916 821 4962 Ctuccon.
924 4916 929 4922 ‘

361 4916 437 5041 (6i
458 4973 643 5026 Videas
679 4975 781 5024 Lat.
824 4980 935 5024 Jun.

2073 4656 2145 4718 (7)
2165 4654 2259 4718 Dei
2280 4650 2432 4706 Seml.
2451 4653 2645 4706 oberllt.

2071 4716 2144 4786 (it)
2162 4716 2599 4786 ﬁenedictionibus
2622 4717 2726 4786 ltig.
2756 4726 2920 4772 Venet.

2069 4780 2141 4841 (ιη
2168 4780 2365 4830 Veteris
2400 4788 2513 4841 Jun.

2068 4836 2086 4904 (
2102 4836 2175 4905 th)
2198 4841 2284 4892 Est
2315 4836 2465 4894 omitl.
2491 4841 2639 4893 Scrnl.

2069 4905 2114 4971 (I
2133 4907 2177 4970 I)
2204 4904 2457 4956 Liberavit.
2474 4906 2541 4955 al.

1640 5042 1643 5045 λ
1673 5048 2225 5109 COMMENTARIUS.

302 5153 390 5211 tis.
421 5152 708 5228 Reperitur
732 5152 877 5228 enim
907 5149 1076 5207 Naum
1106 5148 1128 5204 I
1169 5145 1311 5228 quod
1339 5145 1490 5228 citat,
1526 5143 1781 5214 Quoniam
1807 5146 1891 5201 ec;

301 5242 357 5281 ce
377 5218 566 5281 veloces
593 5226 743 5297 pedes
774 5224 825 5277 in
848 5218 1493 5297 monteepaugclizantinnt
1516 5235 1713 5297 pacem,
1739 5235 1897 5297 pra:-

301 5305 542 5369 terquam
588 5289 912 5369 quod‘apud
1136 5289 1344 5361 legatur
1390 5294 1469 5369 ξπὶ
1510 5295 1579 5369 τέ
1596 5294 1704 5369 ὅρηῒ
1739 5289 1788 5342 id
1817 5297 1902 5343 est

299 5359 453 5439 super
479 5359 693 5422 montes.
725 5359 830 5422 Sed
856 5381 959 5445 non
993 5359 1520 5445 mirunracuu‘i’ipse.
1546 5359 1602 5414 Β.
1622 5359 1628 5361 “
1646 5359 1900 5445 Hierapy-

301 5430 421 5510 nius
455 5451 732 5510 propterea
766 5437 966 5491 scribat
1006 5452 1035 5490 a
1073 5450 1141 5510 se
1179 5430 1771 5510 hic_LXX_interpretcs
1794 5430 1897 5510 dil-

301 5500 469 5575 ferre;
496 5500 636 5580 quod
666 5518 728 5580 ct_
751 5511 861 5578 ipsa
889 5507 1117 5580 capitula
1145 5506 1283 5575 apud
1319 5519 1413 5558 eos
1441 5500 1899 5577 interpretatiOnis

304 5578 560 5636 varietate
603 5578 823 5637 confusa
853 5581 979 5634 sint.
1010 5579 1144 5633 I’An.

375 5651 450 5722 (ιι)
485 5648 891 5722 ηιιιιεᾼυυοαιιᾱο
918 5648 1115 5722 {esum
1148 5646 1494 5722 Idem_est_ae
1520 5643 1719 5722 JoStte._
1757 5641 1893 5722 [iam

377 5712 691 5791 ()Al‘.XIV.
721 5751 787 5763 -—
805 5720 886 5799 (h)
921 5719 1066 5778 Beati
1094 5716 1310 5775 mendici
1330 5736 1351 5787 ,ν
1380 5716 1453 5773 sic
1480 5715 1611 5772 enim
1640 5712 1792 5787 exigit
1820 5712 1897 5769 iu-

1999 5146 2308 5218 terpretatio,
2328 5153 2432 5218 etc.
2452 5144 2637 5218 (ᾖε-πρε
2659 5154 2739 5201 est
2761 5145 2917 5202 Luca:
2933 5144 2998 5218 VI
3012 5150 3212 5217 πτωχςὶ.
3229 5144 3370 5218 quod
3390 5144 3621 5218 proprie.

2002 5208 2278 5293 mendicos
2323 5208 2955 5293 ξίξιιιὶθρειιξξιιιςιιι-ἱιιιιιιι
2973 5208 3344 5293 Ανὶειῖἲιιιιᾰιιῖἐ
3369 5208 3419 5283 in
3446 5208 3604 5293 Pluto

2005 5313 2196 5357 πτωχου
2220 5288 2542 5351 νὶῑιιί¹ὶιί·ι⁴θ,
2572 5286 2659 5343 CSI'
2683 5289 2812 5344 IIIIIII
2845 5286 3373 5353 Ιιιιὺριιιριιι.’πξνητος
3399 5286 3598 5353 amem,

2005 5360 2054 5412 id
2076 5370 2177 5422 Cal,
2210 5359 2486 5431 pauperis,
2514 5361 2771 5431 parcenti
2796 5360 3068 5414 laboribus
3096 5361 3375 5431 intendem
3398 5376 3413 5426 ;
3440 5372 3603 5431 supra

2007 5426 2276 5500 tantenﬂ.
2300 5426 2368 5485 de
2392 5426 2531 5500 ldo]:
2551 5426 2708 5496 c.12,
2728 5429 2925 5484 Felices
2938 5446 3117 5500 egenos
3139 5429 3425 5486 transtulit.
3452 5428 3601 5500 I’Ast.

2081 5496 2445 5585 (c)‘!'itclaiiiat'
2468 5498 2726 5585 Psalmus,
2753 5496 3011 5585 λιέειιςαιξ.
3050 5501 3332 5585 etc..__lstml
3366 5512 3431 5585 es
3460 5498 3598 5585 psal.

2267 5571 2319 5647 in
2370 5572 2470 5627 huc
2510 5568 2680 5647 variat
2713 5566 3030 5647 aLVttIgtita
3081 5570 3209 5627 edit.
3265 5566 3417 5647 quod
3459 5566 3605 5647 legat

1996 5640 2133 5712 jus‘Ie
2160 5640 2404 5715 tractata;
2438 5656 2533 5715 pro
2558 5640 2676 5713 "quo
2711 5640 2801 5700 alii
2824 5640 3030 5700 omnes
3077 5654 3147 5699 ex
3180 5640 3356 5715 grach
3392 5644 3602 5700 διιὼεό-

1999 5734 2139 5783 ητα,
2162 5712 2457 5787 justi/ictuc.
2491 5712 2628 5777 riu.
