4020 6286
360 238 464 321 sso

1460 238 1590 296 ue.
1634 234 1698 293 tv
1740 230 2108 321 semesos
2148 234 2574 295 MARCIONEM.

3556 239 3669 331 59a

357 348 593 404 mendico
619 358 665 403 et
694 349 909 420 pauperi
933 390 946 414 ,
983 357 1029 404 et
1059 349 1255 404 animus
1285 366 1567 423 pauperum
1593 350 1757 403 salvas
1786 348 1953 416 [arieL
2069 346 2166 400 bus
2192 350 2427 429 primum
2460 352 2614 425 legis.
2652 350 2770 407 Non
2801 353 3020 409 esurient
3057 396 3072 422 ,
3098 371 3258 427 neque.
3285 355 3453 435 sitient
3481 373 3499 411 :
3533 370 3664 437 ergo

368 430 640 497 Iixusura
663 453 709 498 et
737 444 990 510 injustitia
1018 442 1224 497 redimet
1248 459 1418 496 eorum
1445 442 1671 506 animos,
1703 450 1749 494 et
1798 440 1961 493 Itono-

365 550 536 589 ratum
572 526 753 590 nomen
794 512 973 589 eorum
1013 518 1065 589 in
1120 522 1389 601 conspectu
1444 533 1601 603 ipsius
1657 518 1778 607 (Ι).
1830 529 1959 584 Item

365 620 501 695 (Ps.
562 616 627 682 ΙΧ
659 669 674 694 ,
733 627 800 682 18
828 620 895 697 )z
951 614 1255 680 Avertantur
1302 634 1584 692 peccatores
1626 625 1679 678 in
1728 623 1959 692 inferos,

366 735 538 776 omnes
576 698 806 773 nationes
841 734 956 788 qua:
979 704 991 719 ’
1012 718 1104 771 Dei
1125 704 1523 784 obliviscuntur,
1565 719 1801 788 quoniam
1862 733 1961 785 rion

369 814 419 868 in
451 811 607 881 ﬁnem
634 810 873 867 oblivioni
884 801 1158 866 Itabebitur
1197 798 1495 867 niendiens:
1528 794 1794 865 tolerantia
1836 827 1963 879 pau-

362 921 536 976 perum
571 920 672 958 non
703 898 884 975 peribit
914 903 965 957 in
988 906 1161 972 ﬁnem.
1221 902 1392 983 ltcm(
1422 901 1516 957 Ps.
1588 898 1730 957 CXII
1761 944 1776 968 ,
1833 901 1911 972 5)
1945 920 1958 956 :

367 998 494 1077 Quis
518 984 649 1054 sicut
681 984 1014 1053 Deas'uoster
1039 1038 1054 1064 ,
1088 998 1173 1077 qui
1198 998 1389 1052 habitat
1418 999 1469 1051 in
1502 998 1711 1077 excelsis
1737 1038 1753 1064 ,
1801 1005 1845 1049 et
1867 996 1962 1050 liu-

363 1076 506 1147 niilia
535 1100 819 1171 prospectat
850 1091 904 1145 in
931 1076 1057 1146 cmlo
1089 1102 1136 1146 et
1164 1074 1218 1145 in
1249 1100 1383 1145 terra
1402 1091 1428 1144 ?
1457 1074 1791 1155 Qui'suscitat
1816 1107 1959 1144 men-

363 1174 613 1239 dicum‘de
636 1174 769 1238 terra
798 1225 813 1248 ,
854 1195 903 1238 et
932 1184 994 1238 de
1036 1193 1260 1238 stercore
1284 1183 1480 1237 exalto!
1519 1198 1797 1253 pauperem
1825 1223 1840 1249 ,
1885 1181 1959 1235 uti

360 1267 534 1333 sedere
554 1264 669 1332 eum
711 1276 866 1349 faciat
899 1293 1012 1330 cum
1042 1275 1356 1347 principibus
1412 1272 1587 1345 pepuli
1608 1276 1638 1339 ;“
1678 1274 1857 1344 utique
1904 1273 1957 1326 in

362 1387 529 1444 regno
545 1386 664 1427 suo.
716 1357 807 1425 Sic
860 1378 913 1423 et
960 1380 1101 1424 retro
1132 1356 1188 1422 in
1220 1364 1428 1422 Basiliis
1451 1366 1529 1438 (ιι)
1561 1406 1576 1432 ,
1609 1366 1761 1421 Anna
1791 1374 1960 1420 mater

362 1464 631 1520 Samuelis
656 1506 671 1531 ,
700 1452 890 1535 spiritu
915 1444 1142 1534 gloriam
1168 1460 1276 1516 Deo
1309 1454 1539 1514 reddens
1567 1475 1579 1513 :
1618 1458 1753 1525 Qui,
1791 1456 1960 1527 inquit.

447 1535 571 1628 Reg.
604 1596 621 1623 ,
652 1552 695 1609 ll
723 1554 742 1622 ,
769 1554 802 1625 8
878 1595 892 1620 ,
921 1555 1108 1608 excitat
1141 1540 1412 1622 pauperem
1442 1550 1503 1604 de
1526 1559 1658 1604 terra
1686 1591 1701 1617 ,
1729 1558 1775 1603 et
1813 1566 1958 1602 men-

364 1640 569 1714 dicum,
627 1647 701 1702 uti
721 1648 894 1702 sedere
942 1663 1058 1701 eum
1105 1645 1260 1718 faciat
1319 1660 1432 1698 cum
1462 1643 1690 1716 dynastis
1735 1643 1958 1713 populi;

2066 431 2445 523 saturabuntur
2472 462 2486 510 ;
2514 446 2654 519 quod
2686 449 2867 523 utique
2896 447 2997 523 nisi
3019 431 3377 511 esurientibus
3403 431 3663 523 etsitiett-

2069 531 2212 629 tibus
2233 520 2338 611 non
2374 536 2715 623 promittitur.
2750 520 3077 629 Et‘rursus(
3106 526 3184 619 Is;
3219 581 3237 609 ,
3646 557 3661 599 :

2065 620 2199 678 Ecce
2222 667 2236 691 ,
2292 627 2463 698 inquit
2545 630 2631 702 qui
2660 610 2880 703 serviu‘nt
2909 608 3035 709 milii
3061 608 3077 699 ξ
3122 612 3486 719 saturabuntur
3506 649 3527 699 ;
3577 646 3664 705 vos

2063 716 2235 770 autem
2259 719 2492 795 esurietis
2521 737 2541 786 ;
2568 736 2684 775 ecce
2735 712 2819 786 qui
2840 723 3063 809 serviunt
3114 712 3284 805 mihi,
3312 712 3480 783 bibent
3511 716 3531 789 ,-
3574 737 3663 805 vos

2065 820 2233 887 autem
2261 812 2464 868 sitietis.
2494 813 2802 891 Videbimus
2824 826 2878 873 et
2898 819 3163 907 coqtraria
3192 815 3289 875 ista
3314 858 3328 883 ,
3349 834 3413 887 an
3443 815 3661 904 Christo

2066 901 2554 991 praeministrentur
2583 923 2596 959 :
2624 908 2836 983 interim
2854 900 3380 985 quod'csurientibus
3403 900 3659 989 Saturita-

2068 1000 2175 1073 tem
2205 998 2532 1064 repromittit
2560 1039 2575 1064 ,
2609 998 2701 1054 Dei
2732 1001 2994 1056 creatoris
3014 1008 3115 1055 est.
3156 998 3303 1054 Beati
3354 998 3653 1083 plorantes,

2062 1086 2183 1171 quia
2208 1084 2285 1156 (8)
2333 1085 2590 1142 ridebunt.
2629 1091 2863 1148 Decurre
2905 1095 3226 1173 sententiam
3264 1092 3436 1148 Esaiae
3479 1086 3606 1167 (Is.
3642 1088 3657 1162 ζ

2061 1176 2202 1234 LXV
2228 1221 2243 1245 ,
2276 1181 2365 1250 l3)
2399 1200 2410 1235 :
2444 1181 2576 1237 Ecce
2596 1185 2682 1257 qui
2710 1189 2933 1263 serviunt
2972 1187 3097 1240 mihi
3120 1229 3135 1254 ,
3165 1185 3459 1241 exultabant
3492 1186 3546 1241 in
3571 1174 3663 1259 iu-

2063 1274 2325 1328 cunditate
2348 1273 2427 1346 (9)
2461 1294 2474 1341 ;
2508 1292 2593 1332 vos
2618 1289 2786 1333 autem
2836 1281 3235 1360 confundentiui.
3282 1279 3417 1336 Ecce
3442 1283 3528 1353 qui
3547 1262 3660 1349 ser-

2061 1370 2201 1423 uiunt
2242 1370 2364 1423 milii
2417 1358 2987 1445 oblectabantur(l0);
3047 1390 3133 1429 vos
3159 1384 3325 1428 autem
3377 1358 3661 1455 domabilis

2065 1479 2174 1533 pra:
2201 1463 2378 1518 dolore
2404 1465 2590 1519 cordis.
2650 1466 2717 1520 Et
2764 1469 2875 1549 lucc
2905 1469 3169 1524 contraria
3195 1468 3335 1541 apud
3387 1450 3660 1539 Christum

2062 1572 2415 1627 recognosce.
2443 1559 2603 1623 Certe
2635 1560 2924 1616 oblectatio
2969 1548 3373 1631 eleitultatioin
3412 1548 3663 1635 iucundi-4
3706 1554 3723 1570 ’

2064 1660 2174 1707 tate
2202 1651 2308 1705 illis
2350 1653 2714 1722 promittitur,
2745 1638 2907 1724 quiin
2938 1648 3148 1725 tIiVerSa
3177 1634 3484 1729 conditione
3510 1634 3657 1729 sunt,

367 1736 549 1814 utique
575 1741 624 1795 in
669 1754 835 1811 regno
874 1753 971 1794 suo
1001 1735 1081 1812 (ἓ)
1111 1752 1124 1791 :
1151 1737 1268 1791 etin
1296 1735 1490 1790 thronis
1528 1735 1704 1807 gloria:
1730 1752 1747 1800 ;
1780 1736 1961 1806 utique
1992 1744 2039 1804 B
2069 1743 2276 1798 mmstis
2308 1784 2321 1807 ,
2354 1753 2407 1798 ct
2437 1743 2676 1799 tristibus
2703 1786 2716 1809 ,
2747 1732 2801 1799 et
2836 1745 3008 1801 anxiis
3032 1787 3046 1811 ,
3076 1745 3284 1817 scilicet
3329 1746 3490 1831 etiam
3513 1746 3655 1831 Ρδεῃἴ

364 1835 646 1907 regalibus.
667 1833 992 1891 PerEsaiam
1011 1848 1138 1887 vero
1157 1824 1292 1904 (Is.,
1322 1829 1411 1898 ΙΙΙ,
1443 1829 1556 1904 l5),
1577 1830 1845 1900 quomodo
1877 1831 1956 1884 in-

367 1931 574 1985 vehitur
603 1929 656 1984 in
687 1916 969 1984 vexatures
1018 1940 1307 1996 egenorum
1338 1925 1361 1977 ‘t
1401 1921 1501 1978 Vos
1521 1934 1688 1977 autem
1740 1923 1809 1976 ad
1836 1922 1960 1988 quid

364 1996 629 2076 incenditis
676 2020 876 2075 vineam
925 2035 1126 2086 meam,
1155 2026 1201 2072 et
1228 2021 1412 2088 rapina
1460 2014 1675 2070 mendici
1712 2017 1765 2070 in
1796 2008 1959 2071 domi-

366 2114 457 2170 bus
483 2115 656 2169 uestris
680 2114 706 2169 ?
730 2112 834 2185 cur
860 2128 946 2168 uos
976 2112 1160 2167 (ceditis
1187 2109 1432 2182 pOpqum
1461 2127 1627 2164 meum
1654 2151 1669 2173 ,
1699 2120 1743 2164 et
1768 2092 1958 2180 [aciem

366 2207 707 2261 mendicorum
740 2198 1094 2277 confunditis?
1118 2191 1171 2259 et
1203 2218 1385 2256 rursus
1433 2199 1547 2271 (Is.
1580 2243 1596 2269 ,
1620 2200 1667 2255 Χ
1692 2242 1707 2268 ,
1740 2202 1829 2272 -l):
1870 2200 1959 2257 γω

365 2301 452 2373 qui
478 2301 699 2355 scribunt
754 2298 1071 2369 nequitiam;
1109 2294 1380 2349 scribentes
1429 2293 1561 2348 enim
1595 2293 1816 2348 scribunt
1868 2310 1955 2346 ne-

366 2384 515 2465 quam
542 2434 556 2457 ,
585 2392 800 2446 vitantes
818 2390 1017 2459 judicia
1047 2386 1396 2441 mendicorum
1425 2426 1440 2452 ,
1473 2395 1519 2438 et
1555 2384 1956 2456 diripieutesju-

368 2487 530 2541 dicata
561 2499 844 2559 pauperum
867 2480 1046 2554 papuli
1071 2480 1185 2536 mei.
1217 2480 1346 2548 Qua:
1369 2479 1569 2550 judicia
1600 2480 1814 2550 pupillis
1831 2495 1958 2550 quo-

366 2595 468 2651 que
493 2589 546 2659 et
573 2576 748 2633 viduis
787 2564 982 2647 exigit,
1034 2584 1094 2630 ut
1121 2575 1328 2645 etipsis
1372 2575 1554 2645 egenis
1594 2575 1779 2629 solatia
1831 2574 1908 2645 (5)
1939 2612 1953 2628 .

364 2669 599 2725 Judicate
624 2669 842 2741 pupillo.
868 2679 912 2720 et
927 2662 1069 2738 juste
1098 2676 1312 2720 tractate
1341 2665 1545 2720 viduam
1579 2663 1680 2739 (Is.
1715 2707 1731 2733 ,
1755 2662 1805 2731 Ι,
1839 2664 1953 2737 17),

367 2763 439 2837 (b)
477 2773 521 2835 et
572 2762 737 2818 venite
766 2751 1126 2826 conciliemur,
1158 2760 1280 2813 dicit
1315 2757 1583 2813 Dominus.
1635 2757 1732 2813 Cui
1780 2767 1956 2813 tantus

366 2850 659 2915 affectusiu
690 2844 904 2912 omnem
946 2853 1308 2909 conditionem
1363 2852 1679 2907 humilitatis
1730 2852 1956 2908 Creato-

366 2954 439 3009 ris
462 2938 583 3020 est',
615 2946 731 3022 ejus
755 2949 859 3005 erit
888 2958 940 3004 et
962 2942 1183 3019 regnum
1212 2945 1354 3018 quod
1377 2938 1640 3001 aChristo
1673 2945 1958 3015 repromitv

365 3032 541 3111 [ituri
584 3042 650 3098 ad
704 3038 859 3113 cujus
896 3026 1145 3095 allectum
1196 3038 1302 3108 jam
1334 3037 1532 3092 dudum
1585 3037 1905 3105 pertinentii
1938 3077 1953 3105 ,

2062 1833 2252 1892 CXXV
2282 1853 2294 1886 :
2328 1835 2425 1901 Qui
2451 1835 2718 1902 seminam,
2743 1837 2931 1908 inquit,
2964 1837 3017 1892 in
3044 1838 3302 1910 Iacrymis,
3338 1822 3403 1892 in
3451 1822 3658 1901 exulta;

2065 1928 2197 1982 tione
2218 1925 2334 1999 (Η)
2361 1936 2562 1982 metent.
2581 1926 2748 2007 Porro
2771 1938 2874 1984 tam
2894 1916 3253 2011 exultantibus
3279 1935 3333 1986 et
3358 1929 3662 2017 jucundith

2065 2032 2171 2077 tem
2196 2020 2529 2091 capientibus
2556 2022 2695 2076 risus
2717 2006 2957 2088 accedit,
3004 2010 3162 2093 quam
3224 2006 3576 2080 intercutibus
3606 2006 3661 2081 et

2063 2113 2370 2171 dolentibus
2396 2112 2574 2169 fletus.
2611 2114 2681 2168 ita
2715 2114 2938 2170 Creator
2970 2156 2985 2182 ,
3015 2116 3265 2194 materias
3320 2117 3460 2191 risus
3487 2125 3542 2172 et
3562 2115 3661 2175 lle-

2065 2217 2147 2278 tus
2177 2208 2475 2278 prtedicans
2500 2249 2514 2271 ,
2568 2208 2771 2263 risuros
2810 2208 3083 2278 plorantes
3127 2208 3272 2279 prior
3298 2194 3450 2285 dixit.
3494 2209 3662 2281 Igitur

2061 2297 2148 2368 qui
2181 2315 2209 2352 a
2243 2297 2358 2370 (Ιῖ)
2387 2299 2750 2354 conSolationc
2800 2314 3120 2373 pauperum,
3153 2310 3206 2356 et
3245 2292 3527 2357 humilium
3555 2342 3571 2367 ,
3603 2286 3659 2371 et

2061 2390 2408 2445 esurientium
2434 2432 2450 2455 ,
2491 2401 2543 2446 et
2568 2392 2807 2446 ﬂentium
2849 2390 3075 2467 exorsus
3120 2380 3240 2459 est,
3286 2386 3464 2463 statim
3496 2376 3657 2467 scil-1

2062 2482 2170 2537 lum
2203 2494 2590 2563 repraesentare
2608 2478 2844 2555 gestivit,
2878 2464 3035 2555 quem
3066 2480 3535 2555 demonstraverat
3563 2464 3659 2559 per

2062 2577 2273 2635 Esaiam
2307 2579 2416 2653 (Is.
2450 2621 2464 2646 ,
2500 2566 2622 2659 LXI
2647 2621 2662 2647 ,
2691 2583 2712 2636 Ι
2740 2570 2797 2649 ’)ῖ
2849 2581 3074 2647 Spiritus
3101 2564 3310 2636 Domini
3351 2598 3502 2655 super
3541 2600 3658 2652 me,

2062 2662 2267 2741 prapter
2294 2670 2428 2742 quod
2451 2673 2594 2726 unxit
2625 2689 2703 2725 me
2726 2673 2794 2725 ad
2823 2672 3275 2745 euangelizandum
3327 2675 3657 2745 pauperibus.

2058 2759 2205 2816 Beati
2238 2756 2400 2847 (an.
2435 2801 2450 2829 ,
2487 2761 2585 2833 Vl)
2631 2761 2847 2816 mendici
2876 2804 2892 2832 ,
2926 2764 3165 2831 quoniam
3210 2763 3418 2838 illorum
3442 2764 3527 2819 est
3543 2781 3661 2837 reg:

2060 2855 2459 2909 numcaalorum.
2516 2853 2658 2909 Misit
2704 2854 2724 2928 (
2750 2855 2827 2912 Is.
2855 2897 2870 2921 ,
2901 2855 3018 2911 LXI
3051 2855 3071 2928 )
3104 2873 3182 2910 me
3229 2872 3412 2933 curare
3453 2858 3662 2912 obtritos

2060 2950 2231 3003 corde.
2252 2947 2400 3003 Beati
2427 2948 2445 3021 (
2474 2947 2602 3002 Luc.
2634 2948 2761 3025 )qui
2805 2950 3033 3003 esuriant
3059 2990 3073 3014 ,
3127 2947 3374 3019 quoniam
3415 2949 3514 3019 ipsi
3543 2947 3661 3025 (15)

2060 3043 2445 3121 saturabumur.
2503 3044 2574 3123 (ο)
2640 3042 2901 3097 Advocare
2954 3041 3105 3114 (18.)
3145 3043 3462 3123 languentes.
3516 3042 3664 3121 Beati

361 3130 556 3208 quibus
586 3122 1154 3208 repromiltiturfNam
1199 3131 1297 3187 etsi
1334 3142 1488 3201 putas
1526 3128 1792 3185 Creatoris
1836 3131 1952 3200 qui-
1983 3136 2027 3200 C
2063 3135 2082 3208 (
2110 3135 2228 3189 Luc.
2310 3136 2397 3207 qui
2456 3120 2696 3209 plorant,
2729 3135 2967 3213 quoniam
3022 3135 3273 3190 ridebunt.
3331 3120 3469 3191 Dare
3500 3120 3661 3213 ('Is.)

362 3230 481 3285 dem
512 3216 752 3284 terrenas
772 3224 1162 3299 promissiones
1190 3222 1353 3278 fuisse
1382 3264 1396 3289 ,
1434 3221 1634 3276 Christi
1691 3237 1817 3277 vero
1847 3236 1957 3277 coe-

363 3310 565 3385 lestes;
625 3308 761 3375 bene
813 3312 975 3390 quod
1012 3317 1208 3372 coelum
1267 3313 1467 3370 nullius
1521 3314 1741 3369 alterius
1788 3330 1955 3386 usque

361 3412 537 3470 adhuc
564 3412 659 3487 Dei
690 3400 951 3484 apparet,
982 3409 1084 3464 nisi
1112 3408 1264 3478 cuius
1289 3416 1343 3463 et
1395 3418 1535 3461 terra
1563 3424 1575 3461 :
1632 3406 1769 3461 bene
1813 3406 1955 3478 quod

358 3502 585 3577 Creator
608 3506 690 3559 vel
720 3498 924 3559 minora
953 3500 1214 3573 promisit,
1250 3509 1308 3554 ut
1336 3498 1544 3554 facilius
1575 3498 1648 3553 illi
1676 3509 1728 3554 et
1756 3498 1823 3554 de
1846 3515 1957 3552 ma-

357 3596 567 3668 joribus
596 3580 813 3652 credam
844 3638 860 3664 ,
897 3588 1056 3666 quam
1086 3594 1177 3665 qui
1220 3588 1491 3661 nunquam
1540 3593 1609 3648 de
1656 3592 1956 3648 minoribus

359 3688 507 3760 prius
535 3684 696 3744 ﬁdem
722 3684 1059 3743 liberalitatis
1102 3699 1215 3740 sua:
1241 3684 1457 3740 struxit.
1485 3683 1633 3739 Beati
1656 3686 1955 3750 esurientes,

356 3780 599 3851 quoniam
618 3774 714 3844 ipsi
743 3777 820 3851 (4)
840 3772 1223 3832 saturabuntur.
1247 3774 1470 3831 Possem
1495 3773 1635 3831 hunc
1664 3776 1872 3831 titulum
1901 3776 1954 3831 in

357 3868 692 3946 superiorem
722 3872 1103 3951 transmisisse,
1136 3868 1276 3940 quod
1302 3885 1405 3924 non
1433 3869 1521 3923 alii
1560 3880 1682 3925 sunt
1709 3871 1954 3925 esurien-

357 3966 443 4023 tes
473 4008 488 4032 ,
518 3980 677 4038 quam
708 3979 968 4035 pauperes
995 3959 1046 4018 et
1076 3961 1330 4029 mendici,
1357 3962 1400 4015 si
1431 3976 1537 4016 non
1563 3971 1618 4016 et
1669 3962 1803 4016 hanc
1835 3978 1955 4031 pro-

359 4058 672 4137 missionem
692 4054 913 4139 Creator
928 4055 1231 4127 specialiter
1262 4053 1616 4126 iu‘Evangelii
1645 4054 1851 4110 scilicet
1874 4056 1955 4110 sui

359 4148 827 4227 praestructionem
869 4152 1212 4207 destinasset.
1244 4149 1517 4220 Siquidem
1554 4140 1649 4219 per
1694 4148 1905 4205 Esaiam
1937 4146 1955 4216 ,

300 4262 307 4269 '
356 4226 698 4321 de‘eis‘quos
729 4257 1018 4303 vacaturus
1054 4254 1198 4300 esset
1216 4260 1242 4297 a
1276 4237 1486 4298 summo
1522 4251 1680 4298 terra:
1705 4285 1719 4309 ,
1775 4244 1958 4312 utique

357 4344 609 4401 nationes
633 4359 649 4399 :
676 4339 810 4395 Ecce
837 4382 850 4405 ,
887 4334 1057 4410 inquit
1090 4334 1206 4408 (Is.
1251 4378 1266 4400 ,
1298 4333 1340 4390 V
1367 4379 1381 4401 ,
1408 4332 1478 4391 26
1507 4338 1525 4406 )
1555 4378 1571 4403 ,
1611 4337 1876 4402 velociter,
1911 4346 1959 4392 et

358 4438 442 4511 (5)
471 4436 648 4491 leviter
669 4434 968 4499 advenient,
1001 4430 1268 4486 Vclociter
1297 4469 1313 4496 ,
1355 4443 1458 4499 qua
1488 4427 1569 4500 (6)
1610 4438 1959 4498 properantes

2061 3229 2344 3302 lugentibus
2392 3229 2566 3285 Sionis
2610 3230 2861 3309 gloriam,
2894 3240 2940 3284 et
3113 3247 3205 3311 pro
3229 3231 3394 3287 cinere
3417 3230 3658 3302 unguenti

2049 3324 2446 3395 jucunditatem,
2479 3334 2527 3379 et
2582 3308 2762 3394 gloriie
2788 3324 3012 3378 habitum
3036 3308 3128 3394 pro
3149 3308 3332 3401 spiritu
3355 3325 3511 3378 tu'tlii.
3539 3323 3663 3401 "me

2060 3418 2105 3471 si
2144 3418 2322 3473 statim
2354 3417 2617 3472 admissus
2639 3417 2883 3471 Christus
2933 3400 3324 3471 administrarit
3354 3457 3369 3483 ,
3423 3426 3515 3470 aut
3539 3400 3652 3486 ipse

2062 3517 2143 3581 est
2170 3550 2185 3576 ,
2212 3509 2298 3579 qui
2328 3523 2387 3585 se
2410 3509 2474 3563 ad
2509 3507 2621 3562 Ita-.c
2650 3517 2930 3562 venturum
2956 3492 3263 3585 praedicavit
3292 3525 3305 3572 ;
3341 3519 3429 3562 aut
3455 3510 3496 3563 si
3528 3498 3664 3585 nonr-

2061 3600 2187 3655 dum
2216 3582 2481 3671 venitqui
2505 3599 2815 3671 praedicavit
2840 3586 2875 3664 ,5
2900 3582 3129 3675 ridicule
3157 3641 3171 3664 ,
3217 3597 3311 3654 sed
3358 3584 3663 3669 necessarie

2062 3691 2288 3746 dixerim
2322 3733 2335 3756 ,
2397 3688 2627 3771 lortasse
2678 3691 3012 3771 mandaverit
3066 3678 3282 3747 Christo
3330 3684 3659 3763 Marcionis:

2066 3782 2211 3838 Beati
2238 3785 2376 3838 eritis
2406 3826 2421 3848 ,
2448 3766 2563 3838 cum
2591 3801 2678 3838 vos
2723 3786 2838 3838 odio
2885 3785 3134 3861 habebunt
3160 3774 3406 3860 nomines
3430 3823 3447 3850 ,
3476 3792 3523 3837 et
3573 3799 3661 3861 ea}-

2064 3877 2375 3948 probrabunt
2408 3920 2422 3943 ,
2450 3887 2495 3931 et
2521 3877 2721 3948 ejicient
2750 3894 2930 3931 nomen
2966 3886 3182 3931 vestrum
3205 3917 3218 3941 ,
3269 3879 3399 3931 velut
3440 3892 3663 3947 nequam

2062 3967 2177 4040 (15)
2207 4009 2220 4034 ,
2264 3978 2474 4039 prapter
2498 3960 2663 4037 ﬁlium
2689 3956 3045 4023 Itominisillac
3069 3954 3506 4043 pronuntiatione
3543 3969 3663 4024 sine

2063 4060 2225 4115 dubio
2253 4060 2316 4114 ad
2335 4059 2670 4115 tolerantiam
2703 4058 3034 4115 exhortatur.
3064 4058 3199 4128 Quid
3230 4062 3410 4113 minus
3438 4044 3662 4116 Creator

2065 4168 2159 4223 per
2186 4153 2392 4206 Esaiam
2420 4151 2540 4223 (Is.,
2570 4149 2633 4205 Ll
2658 4194 2673 4217 ,
2701 4144 2764 4222 '7)‘
2787 4169 2799 4204 :
2836 4134 3207 4231 Q’mtzetiteritis
3243 4127 3575 4219 ignominiam
3600 4134 3664 4205 ab

2063 4242 2351 4299 hominibus
2380 4287 2393 4309 ,
2428 4253 2472 4298 et
2494 4221 3057 4312 ηιιίιὶίὶεινιιιοηεέονιιω
3087 4259 3150 4297 ne
3176 4234 3506 4296 lminuamini.
3531 4241 3662 4317 Qua:

2065 4337 2395 4409 ignominia?
2419 4353 2536 4408 qum
2559 4336 2914 4407 uulliliratio?
2943 4334 3073 4404 Qute
3104 4333 3279 4391 futura
3315 4341 3665 4417 cratproptet'

2065 4431 2233 4486 ﬁlium
2288 4430 2538 4484 hominis.
2614 4432 2783 4497 Quem
2834 4427 3042 4483 istum?
3086 4426 3186 4493 Qui
3221 4437 3303 4480 est
3366 4425 3663 4482 secundum

360 4508 462 4586 sub
490 4528 686 4584 ﬁnibus
725 4536 1058 4598 temporum;
1093 4523 1284 4579 leviter
1316 4563 1331 4589 ,
1365 4537 1464 4592 qua
1493 4520 1573 4591 (7)
1627 4520 1744 4575 sine
1773 4522 1953 4576 oneri-
1982 4533 2034 4591 ι)
2060 4508 2393 4579 Creatorem.
2418 4520 2572 4578 Unde
2603 4521 2983 4592 probabimus?
3014 4518 3237 4574 Excidio
3264 4518 3314 4572 in
3338 4520 3507 4590 ipsum
3526 4532 3661 4588 quo-

1622 4632 1917 4727 LEC'l‘IQN
1924 4633 2006 4692 ES
2042 4634 2457 4695 VARIANTES.

453 4779 825 4853 εὶςρῖειιιιίρεο
864 4776 1068 4853 Ρναητη

524 4831 709 4917 ﬁlique
730 4831 1074 4917 inregnosqo
1090 4832 1262 4917 "aqua.
1284 4831 1434 4886 Seml.

449 4896 699 5037 3g3015lii
740 4901 843 4975 ζῇς.
863 4896 1059 4954 ruma.
1090 4902 1258 4952 Venet.

449 4972 484 5037 ει
522 4970 629 5037 ᾸΡ³ί
667 4963 990 5037 ωψαιεεηιι·

567 5027 949 5084 tomitt.SemL

606 5082 656 5145 ta
688 5086 840 5151 Seml.

586 5152 838 5273 i‘ia‘t’e'i:

2152 4771 2203 4837 9)
2214 4836 2217 4837 ν
2230 4770 2620 4837 Oblectahuntur
2646 4767 2859 4837 _0bertlt.

2151 4829 2224 4900 10)
2254 4834 2552 4900 Exultabunt
2572 4834 2618 4883 in
2638 4832 2942 4896 jucundilate
2964 4829 3162 4886 Oberllt.

2152 4892 2229 4953 ll)
2258 4897 2443 4949 Gaudio
2465 4892 2533 4946 al.

2154 4956 2233 5020 η)
2259 4960 2384 5020 Quia
2409 4960 2557 5010 Rhen.

2154 5024 2234 5074 15)
2260 5024 2354 5074 lusi
2374 5021 2519 5073 omitt.
2548 5021 2698 5074 Seml.

2161 5083 2235 5137 lii
2256 5083 2317 5136 Et
2337 5083 2486 5137 omitt.
2507 5085 2664 5135 Fran.

2156 5144 2235 5211 lii)
2258 5146 2435 5199 Malunt
2455 5144 2645 5196 Pmttel.

1736 5309 2292 5402 COMMENTARIUS.

441 5464 519 5540 (θ)
538 5460 766 5540 Basiliis.
802 5456 857 5514 Id
880 5462 981 5540 ,εει
1000 5495 1013 5518 .
1054 5448 1211 5540 libris
1231 5449 1443 5540 (legum
1467 5488 1515 5540 ,Ω
1774 5442 1949 5540 a‘dn‘u:

804 5507 1013 5601 {nisi
1036 5525 1170 5601 duos
1182 5507 1443 5601 piitthts,’
1472 5507 1748 5601 :S'a'nttnilis
1775 5513 1954 5571 d.ctos

366 5587 736 5669 Ξέἑῖὶὶἑιιιὶὲξὲ,
782 5610 946 5672 atque
963 5595 1097 5672 inde
1125 5611 1152 5649 a
1182 5587 1631 5672 Pro-testantibus.
1659 5587 1793 5672 Ευετ

412 5656 803 5756 ῗάἧὲῖνῖηἶιε
828 5656 1162 5727 conciliemur
1184 5705 1200 5731 ,
1253 5663 1376 5756 dicit
1404 5659 1678 5756 Dominus.
1711 5656 1958 5756 JYid‘et'ur

630 5730 1038 5817 diutith/m;
1083 5730 1205 5797 nam
1251 5732 1340 5795 alii
1393 5738 1645 5803 vertunt,
1707 5730 1958 5801 discepte.

2072 5467 2183 5503 ntus
2214 5490 2228 5515 ,
2263 5449 2498 5517 legentes
2527 5448 2865 5514 διαλεχθῶμεν.
2892 5442 2973 5517 Le
2996 5443 3098 5498 Pa.

2138 5510 2225 5591 (ω)
2248 5510 2513 5572 Atlrocare
2536 5510 2852 5591 languentes.
2885 5515 3163 5591 Advocato
3204 5522 3303 5578 pro
3340 5510 3606 5591 0911801³ῐῖ
3636 5552 3653 5576 9

2060 5602 2114 5647 et
2143 5582 2464 5645 advocatum
2499 5582 2657 5655 agerc
2704 5586 3062 5653 languentium
3093 5624 3107 5649 ,
3160 5595 3316 5650 quem
3365 5582 3482 5652 ipse
3505 5592 3658 5643 vocat

2063 5663 2197 5718 intra
2219 5704 2230 5730 ,
2261 5659 2660 5717 advocatoran
2698 5656 2869 5713 llum.
3246 5662 3251 5671 '
3648 5658 3655 5667 ‘
