4020 6286
337 212 439 275 391

1755 209 2223 272 TERTULLIANI

3530 215 3636 276 592

336 351 445 405 que
473 335 761 407 praedicato
792 349 808 401 ;
838 333 977 391 sicut
1016 347 1110 404 per
1149 331 1362 389 Esaiam
1392 330 1411 403 (
1438 329 1514 386 Is.
1550 370 1566 398 ,
1598 328 1691 401 ιιι
1715 371 1731 395 ,
1758 329 1789 383 7
1822 328 1839 394 )
1865 324 1932 383 ad
1959 331 2012 390 Α
2037 327 2139 393 nis,
2172 327 2405 384 maxime
2434 342 2533 399 per
2581 326 2671 385 Vae
2717 327 2951 385 amarior
2995 327 3175 385 facta?
3228 329 3296 386 Et
3341 330 3636 387 admonitio

342 437 592 485 auctores
632 427 739 484 odii
787 424 870 501 (Ι)
895 424 1112 481 Iudaeos
1141 444 1154 479 :
1186 423 1411 496 Propter
1433 440 1520 479 vos
1552 422 1934 495 blasphematur

339 534 523 575 nomen
564 535 729 574 meum
749 520 804 572 in
846 516 1158 573 nationibus.
1186 508 1255 573 Et
1279 515 1407 573 alibi
1437 533 1450 572 :
1481 515 1690 572 Sancite
1718 513 1798 587 (2)
1820 530 1933 568 eum

339 612 429 683 qui
448 610 811 667 circumscribit
835 610 1061 666 animam
1097 627 1243 666 suam
1277 651 1292 677 ,
1319 611 1405 681 qui
1433 618 1823 681 aspernamento
1840 607 1933 662 Ita-

340 703 485 760 betur
525 721 558 758 a
612 702 905 759 nationibus
935 745 950 769 ,
1005 702 1215 775 famulis
1247 743 1262 769 ,
1318 711 1366 757 et
1416 694 1818 774 tttagistratibits.
1873 697 1934 757 Si

339 797 486 854 enim
507 797 691 853 odium
719 798 770 853 in
802 793 951 852 illum
973 795 1143 852 ﬁlium
1170 796 1402 852 hominis
1426 794 1819 867 pratdicabatur
1845 794 1935 864 qui

339 890 640 948 secundum
667 888 978 949 Creatorem
1008 900 1088 947 est
1110 931 1127 957 ,
1160 889 1506 961 Evangelium
1527 897 1708 946 autem
1739 902 1934 944 nomen

341 984 768 1040 Christianorum
796 1024 811 1049 ,
842 984 1023 1053 utique
1049 1000 1078 1038 a
1098 982 1316 1039 Christo
1331 981 1620 1039 deductum
1654 1023 1671 1049 ,
1704 974 1829 1036 odio
1855 977 1940 1034 fu-

339 1084 519 1131 turum
570 1084 900 1131 contestatur
928 1080 1142 1145 propter
1173 1054 1336 1129 liliu‘m
1389 1073 1642 1139 hominis,
1674 1069 1815 1142 quod
1857 1078 1940 1125 cst

343 1167 587 1224 Christus
608 1207 623 1232 ,
651 1183 772 1221 eum
803 1167 969 1221 liliuin
1011 1165 1244 1222 hominis
1290 1165 1342 1220 in
1386 1178 1576 1221 caussa
1606 1163 1714 1219 odii
1738 1162 1940 1218 consti-

343 1262 444 1317 tuit
473 1301 488 1325 ,
524 1261 613 1331 qui
645 1269 757 1315 erat
785 1259 1082 1316 secundum
1108 1258 1421 1315 Creatorem
1448 1299 1464 1324 ,
1494 1257 1546 1314 in
1565 1272 1726 1329 quem
1753 1255 1935 1312 odium

342 1353 751 1425 praedicabatur.
784 1353 851 1408 Et
876 1353 1079 1422 utique,
1108 1353 1153 1408 si
1199 1353 1435 1408 nondum
1480 1350 1784 1415 venissent,
1832 1364 1937 1403 non

342 1447 605 1519 potuisset
633 1447 867 1502 nominis
901 1446 1081 1501 odium
1114 1488 1131 1513 ,
1188 1445 1330 1517 quod
1358 1445 1532 1515 agitur
1575 1442 1733 1498 hodie
1764 1483 1780 1509 ,
1814 1457 1938 1512 per-

342 1555 534 1597 sonam
573 1540 803 1595 nominis
861 1540 1237 1595 antecessisse.
1282 1537 1416 1593 Nam
1467 1546 1523 1593 et
1569 1536 1806 1591 sancitur
1856 1536 1941 1606 (5)

342 1645 510 1702 penes
531 1646 630 1687 nos
659 1673 674 1699 ,
715 1639 771 1687 ct
797 1632 1029 1686 animam
1075 1645 1225 1686 suam
1260 1627 1653 1687 circumscribit
1678 1669 1692 1692 ,
1719 1634 1942 1698 propter

344 1739 447 1781 nos
470 1740 588 1780 eam
619 1739 864 1795 ponens;
911 1734 964 1780 et
995 1732 1407 1795 aSpernamento
1430 1722 1656 1778 habetur
1681 1736 1711 1775 a
1750 1718 1934 1775 Natio-
1966 1725 2015 1785 B
2042 1738 2201 1794 quam
2238 1723 2305 1778 ad
2337 1722 2767 1779 maledictionem
2814 1724 3241 1795 pratcavendam.
3291 1725 3421 1780 Nam
3474 1735 3530 1781 et
3576 1727 3643 1780 ita
3736 1698 3777 1757 ὀ

343 1817 523 1873 nibus.
583 1818 645 1871 Et
691 1818 781 1888 qui
823 1828 979 1871 natus
1014 1827 1139 1884 est,
1185 1817 1300 1886 ipse
1343 1815 1448 1870 crit
1484 1813 1625 1869 [ilius
1656 1811 1891 1867 hominis
1920 1852 1937 1878 ,

344 1919 568 1981 prepter
586 1923 744 1979 quem
774 1917 828 1964 et
844 1924 1040 1964 nomen
1065 1915 1307 1963 nostrum
1329 1914 1631 1963 recusatur.

950 1997 1178 2056 CAPUT
1218 1998 1335 2055 XV.

356 2076 362 2083 ’
421 2094 715 2151 Secundum
743 2093 875 2160 lucc,
934 2093 1103 2164 inquit
1133 2091 1264 2163 (an
1290 2135 1305 2159 ,
1340 2091 1405 2147 Vl
1435 2090 1482 2162 ),
1532 2093 1783 2165 faciebant
1808 2091 1942 2148 Pro-

347 2188 513 2261 phetis
539 2198 709 2259 patres
747 2202 942 2241 eorttm.
965 2183 1010 2241 Ο
1049 2185 1324 2241 Christum
1380 2185 1759 2256 versipellem,
1801 2199 1943 2241 nunc

349 2279 740 2338 destructorem
773 2318 790 2345 ,
819 2292 961 2334 nunc
987 2276 1316 2333 assertorem
1367 2276 1798 2347 Prophetarum!
1837 2277 1941 2332 De-

346 2374 587 2431 struehat
621 2383 677 2428 ut
701 2372 963 2440 aemulus,
1016 2379 1339 2427 convertens
1387 2369 1683 2440 discipulos
1703 2385 1891 2426 eorum
1924 2386 1940 2437 ;

348 2466 451 2522 sibi
476 2465 751 2522 asserebat
776 2473 834 2519 ut
857 2463 1065 2519 amicus
1094 2504 1109 2528 ,
1135 2462 1392 2534 sugillans
1449 2464 1800 2518 insectatores
1846 2477 1942 2519 eo-

348 2578 489 2619 rum.
515 2561 681 2616 Porro
711 2602 727 2627 ,
758 2560 810 2615 in
837 2569 1093 2630 quantum
1146 2573 1251 2613 non
1301 2556 1380 2631 (4)
1409 2559 1744 2629 congruisset
1763 2555 1945 2612 Chris-

352 2663 410 2711 to
452 2653 736 2711 ltlarcionis
782 2652 1008 2708 assertio
1040 2650 1424 2721 Prophetarum
1445 2692 1461 2717 ,
1494 2648 1561 2705 ad
1607 2664 1833 2721 quorum
1856 2665 1947 2706 vc-

348 2758 504 2805 nerat
576 2745 1043 2811 destructionem;
1102 2744 1156 2799 in
1176 2753 1378 2798 tantum
1437 2743 1685 2814 congruit
1731 2741 1947 2799 Christo

351 2839 626 2898 Creatoris
673 2838 1029 2911 sugillatioin
1084 2836 1438 2893 insectatores
1507 2835 1943 2907 Prophetarum,

350 2951 486 3007 quos
513 2935 564 2989 in
595 2934 845 2989 omnibus
861 2931 1235 3009 adimplebat‘;
1265 2930 1349 2986 vel
1374 2931 1498 3002 quia
1527 2930 1698 3001 magis
1723 2929 1947 2986 Creato-

349 3030 429 3086 ris
454 3037 536 3084 est
591 3025 785 3083 delicta
809 3035 1019 3097 patrum
1054 3024 1176 3079 liliis
1229 3022 1566 3095 exprobare,
1621 3038 1777 3094 quam
1827 3022 1947 3093 ejus

2037 428 2215 475 autem
2265 429 2321 476 et
2367 420 2744 490 comminatio,
2772 424 2889 492 ejus
2918 430 3081 478 erunt
3122 424 3210 493 qui
3264 424 3403 477 norit
3454 424 3631 479 irasci.

2034 508 2205 566 Nemo
2247 510 2391 566 enim
2436 512 2765 581 admonebit,
2803 521 2858 569 et
2911 528 3068 568 nemo
3109 514 3523 570 comminabitur
3570 532 3637 572 ne

2036 602 2165 674 quid
2194 602 2372 673 faciat,
2400 605 2500 661 nisi
2549 605 2678 676 quid
2709 607 2907 663 factum
2948 607 3281 663 vindicabit:
3325 623 3481 665 nemo
3519 610 3634 665 vin-

2036 695 2246 765 dicarit,
2276 697 2375 753 nisi
2405 699 2494 770 qui
2526 699 2668 754 norit
2712 699 2889 756 irasci.
2929 699 3031 756 Alii
3077 710 3376 772 agnoscunt
3419 684 3637 772 quidem

2038 789 2262 845 verbum
2307 789 2719 856 maledictionis,
2751 792 2845 847 sed
2893 793 3080 847 volunt
3114 789 3387 848 Christum
3418 796 3498 849 sic
3551 792 3641 849 Va:

2038 881 2436 952 pronuntiasse,
2466 898 2572 938 non
2592 883 2744 954 quasi
2772 898 2839 939 ex
2860 884 3123 941 sententia
3154 900 3250 941 sua
3278 886 3512 956 proprie,
3543 886 3639 942 sed

2039 973 2181 1046 quod
2224 974 2311 1030 Va:
2334 991 2364 1030 a
2391 975 2647 1033 Creatore
2675 977 2778 1046 sit,
2808 986 2863 1033 et
2889 977 3118 1036 voluerit
3149 979 3253 1034 illis
3291 980 3638 1051 asperitatem

2039 1066 2309 1125 Creatoris
2333 1085 2626 1141 opponere.
2665 1086 2773 1142 quo
2817 1078 2967 1127 sitam
2995 1086 3156 1142 supra
3207 1073 3262 1127 in
3310 1071 3640 1128 benedictio-

2041 1162 2200 1218 nibus
2257 1163 2328 1234 (c)
2375 1161 2748 1220 sufferentiam
2806 1164 3210 1220 commendaret
3262 1182 3276 1219 :
3328 1167 3479 1237 quasi
3534 1182 3640 1221 non

2042 1253 2284 1311 Creatori
2307 1266 2599 1327 competat,
2629 1272 2732 1329 qua
2774 1268 3060 1328 utrumque
3095 1261 3393 1328 prtcstanti,
3437 1269 3492 1315 ct
3541 1260 3640 1315 ho-

2041 1363 2169 1403 num
2195 1348 2360 1404 Deum
2405 1360 2458 1405 et
2494 1348 2771 1420 judicem;
2803 1358 2860 1405 ut
2880 1351 3001 1420 qttia
3035 1349 3368 1420 praemiserat
3394 1353 3445 1407 in
3483 1352 3644 1409 bene-

2042 1438 2365 1497 dictionibus
2392 1440 2795 1512 benignitatem,
2825 1441 3116 1513 subjiceret
3150 1443 3312 1498 etiam
3339 1443 3389 1498 in
3422 1443 3644 1500 maledi-

2044 1534 2314 1590 ctionibus
2353 1536 2723 1602 severitatem,
2759 1532 3167 1607 amplitudinem
3193 1536 3490 1608 disciplina}
3516 1539 3646 1594 utri-

2047 1641 2214 1696 usque
2244 1626 2591 1695 instruendte,
2614 1636 2720 1682 tam
2760 1628 2826 1683 ad
2856 1628 3284 1686 benedictionem
3310 1631 3643 1700 sectandam,

2044 1814 2382 1886 praemiserat
2402 1814 2636 1888 (Denter.
2666 1814 2839 1883 XXX,
2867 1814 2960 1889 19)
2995 1833 3008 1871 :
3041 1814 3178 1873 Ecce
3222 1818 3369 1886 posui
3407 1827 3523 1872 ante
3561 1835 3647 1874 nos

2045 1913 2442 1968 benedictionem
2471 1922 2516 1968 et
2557 1913 2980 1968 maledictionem.
3018 1912 3172 1982 Quod
3201 1914 3361 1970 etiam
3415 1915 3468 1969 in
3509 1914 3649 1971 hanc

2043 2005 2322 2077 Evangelii
2362 2006 2767 2076 dispositionem
2801 2006 3171 2077 portendebat.
3202 2006 3452 2078 Alioquin
3474 2049 3489 2075 ,
3513 2024 3646 2079 qua-

2044 2096 2110 2153 lis
2133 2108 2216 2154 est
2246 2097 2357 2166 ille,
2388 2097 2500 2168 qni,
2531 2106 2588 2152 ut
2615 2113 2767 2154 suam
2810 2099 3103 2154 insinuaret
3129 2098 3420 2156 bonitatem
3441 2142 3455 2162 .
3484 2098 3647 2156 Crea-

2047 2190 2176 2245 toris
2218 2188 2470 2261 opposuit
2511 2188 2857 2260 aSperitatem
2905 2189 3023 2262 (5)?
3057 2189 3270 2246 lniirma
3299 2192 3648 2248 commenda-

2047 2281 2120 2338 tio
2150 2280 2231 2353 (d)
2253 2289 2354 2346 est,
2386 2297 2505 2352 qua:
2533 2281 2602 2336 de
2644 2280 2866 2337 alterius
2893 2280 2972 2352 (6)
3013 2280 3379 2338 destructione
3408 2282 3644 2340 fulcitur.

2045 2374 2205 2446 Atqui
2233 2374 2315 2447 (7)
2343 2389 2622 2445 opponens
2652 2375 2996 2445 asperitatem
3027 2374 3318 2443 Creatoris,
3354 2376 3644 2433 timendum

2049 2482 2174 2523 eum
2195 2466 2531 2522 conﬁrmavit
2549 2484 2562 2520 :
2581 2467 2627 2522 si
2652 2466 2968 2535 timendum,
2986 2468 3152 2538 magis
3168 2467 3347 2537 utique
3369 2468 3650 2524 obaudien-

2049 2560 2177 2616 dum
2206 2577 2366 2633 quam
2394 2558 2803 2632 uegligcndtun;
2834 2572 2884 2617 et
2914 2560 3099 2632 incipit
3121 2560 3228 2631 jam
3250 2559 3494 2616 Christus
3515 2561 3653 2617 Mar-

2046 2652 2217 2709 cionis
2259 2652 2500 2708 Creatori
2542 2651 2757 2708 docere.
2808 2651 2981 2721 Tunc,
3011 2653 3055 2708 si
3113 2651 3200 2708 νω
3241 2653 3513 2710 Creatoris
3545 2664 3650 2722 est,

2047 2743 2192 2816 quod
2222 2744 2275 2800 in
2302 2744 2493 2801 divites
2514 2753 2738 2817 spectat,
2769 2739 2899 2818 ergo
2927 2744 3175 2802 Christus
3216 2761 3321 2802 non
3352 2758 3435 2803 est
3470 2747 3653 2803 diviti-

2049 2836 2149 2893 bus
2180 2835 2438 2905 oil'ensus,
2494 2837 2589 2893 sed
2628 2836 2883 2904 Creator;
2923 2847 2980 2893 et
3026 2849 3171 2893 ratas
3222 2839 3381 2895 habet
3409 2839 3653 2896 Christus

2048 2928 2271 2985 divitum
2301 2944 2512 2998 causas,
2545 2931 2851 3003 superbiam
2878 2931 3020 2999 dico,
3044 2940 3098 2988 ct
3119 2932 3366 3003 gloriam,
3390 2942 3445 2989 et
3471 2934 3653 2990 seculi
3726 2952 3729 2955 ‘
3770 2992 3775 2995 μ
3822 2926 3829 2931 ’

2050 3022 2249 3091 studia,
2275 3033 2331 3079 et
2380 3023 2477 3079 Dei
2525 3023 2809 3089 incuriam,
2868 3039 2963 3094 per
3007 3040 3128 3094 qua:
3194 3024 3280 3081 Vae
3318 3036 3589 3082 merentur
3622 3042 3653 3081 a

352 3120 490 3189 Dei,
521 3120 611 3192 qui
642 3134 742 3175 nec
769 3118 980 3189 propria
1009 3117 1266 3187 cujusque
1295 3117 1539 3187 castigat.
1564 3114 1671 3172 Sed
1704 3131 1809 3170 non
1842 3123 1949 3170 sta-
1975 3142 2021 3208 ρ
2053 3117 2330 3174 Creatore.
2359 3116 2465 3174 Sed
2510 3116 2780 3188 quomodo
2820 3133 2925 3172 non
2965 3117 3208 3188 ejusdem
3254 3118 3325 3173 sit
3350 3118 3541 3174 divites
3571 3135 3629 3174 re

351 3213 673 3283 tim,inquis,
694 3211 990 3283 Prophetas
1021 3209 1267 3266 tuebatur
1284 3208 1329 3263 si
1365 3209 1697 3280 iniquitatem
1736 3207 1947 3265 Judzeo-

351 3324 469 3365 rum
495 3308 809 3362 aitirmatam
833 3304 1065 3370 volebat,
1106 3302 1247 3373 quod
1278 3318 1378 3360 nec
1398 3318 1518 3358 cum
1538 3303 1821 3375 Prophetis
1837 3303 1948 3360 suis

352 3399 442 3471 pie
465 3399 721 3470 egissent.
782 3397 977 3468 Atquin
1011 3396 1155 3451 nulla
1187 3394 1275 3452 hic
1318 3394 1571 3466 iniquitas
1598 3395 1944 3467 exprobanda

354 3502 468 3548 erat
485 3489 704 3557 Judmis,
724 3488 1003 3544 laudandis
1021 3490 1196 3559 potius
1222 3495 1277 3543 et
1296 3487 1603 3558 probandis,
1624 3488 1668 3545 si
1696 3504 1790 3545 eos
1818 3490 1950 3560 ligu-

353 3593 609 3641 raverunt
640 3623 656 3648 ,
707 3581 775 3637 ad
823 3596 1048 3652 quorum
1100 3580 1520 3639 destructionem
1582 3590 1701 3651 post
1745 3592 1947 3637 tantum

355 3678 456 3733 :evi
474 3676 621 3733 Deus
648 3675 882 3744 optimus
921 3682 1097 3728 motus
1121 3681 1222 3728 est.
1269 3671 1376 3728 Sed
1414 3682 1545 3744 puto
1590 3671 1700 3743 jam
1747 3682 1803 3728 ct
1844 3688 1950 3729 non

304 3770 309 3777 ⁴
357 3769 591 3842 optimus
616 3766 692 3840 (α)
709 3767 819 3838 jam
840 3764 1039 3837 aliquid
1067 3775 1260 3820 etcum
1286 3762 1540 3821 Creatore
1566 3774 1829 3833 moratus,
1854 3782 1953 3823 nec

357 3864 413 3920 in
440 3873 609 3920 totum
642 3859 854 3934 Epicuri
876 3858 1010 3915 deus
1040 3858 1140 3929 (b).
1174 3857 1313 3914 Ecce
1336 3856 1479 3913 cnim
1502 3855 1745 3913 demutat
1770 3858 1822 3913 in
1843 3874 1954 3914 ma-

356 3955 719 4019 ledictionem,
741 3963 794 4010 et
817 3951 1052 4009 ostendit
1076 3966 1198 4006 eum
1228 3964 1288 4007 se
1315 3964 1436 4006 esse
1459 3950 1547 4021 qui
1579 3951 1728 4006 novit
1753 3948 1954 4008 offendi

358 4054 414 4102 et
438 4046 639 4102 irasci:
683 4043 771 4100 Vw
815 4046 958 4100 enim
986 4043 1133 4099 dicit.
1177 4041 1283 4099 Sed
1314 4042 1375 4097 fit
1414 4043 1568 4099 nobis
1616 4046 1844 4114 quaestio
1886 4044 1955 4102 de

359 4141 511 4198 verbi
555 4140 709 4195 istius
746 4138 1036 4209 qualitate,
1069 4136 1222 4207 quasi
1271 4151 1377 4192 non
1407 4144 1513 4191 tam
1565 4135 1957 4196 maledictionis

358 4233 453 4302 sit,
480 4246 639 4302 quam
687 4228 1089 4285 admonitionis.
1143 4227 1211 4283 Et
1262 4226 1392 4298 quid
1444 4243 1651 4284 caussm
1707 4230 1953 4301 interest,

359 4321 573 4396 quando
601 4329 654 4380 et
680 4319 975 4378 admonitio
999 4333 1106 4378 non
1137 4319 1207 4376 sit
1231 4317 1349 4376 sine
1372 4319 1561 4377 aculeo
1584 4323 1958 4381 comminatio-

2054 3210 2308 3281 probare,
2354 3210 2443 3281 qui
2491 3225 2652 3281 supra
2705 3210 2983 3266 mendicos
3030 3211 3308 3282 probarit?
3337 3210 3506 3268 Nemo
3550 3228 3654 3268 non

2054 3301 2380 3357 contrarium
2412 3301 2527 3372 ejus
2552 3301 2695 3373 quod
2738 3302 3045 3372 jrobaverit
3090 3303 3362 3374 reprobat.
3397 3304 3582 3374 Itaque
3607 3305 3655 3359 si

2053 3391 2293 3448 Creatori
2333 3392 2678 3464 deputabitur
2731 3393 3035 3450 maledictio
3078 3396 3132 3451 in
3178 3395 3393 3463 divites,
3416 3396 3654 3467 ejusdem

2053 3484 2372 3541 defendetur
2424 3485 2733 3543 benedictio
2782 3486 2836 3542 in
2888 3488 3193 3556 mendicos;
3241 3499 3296 3546 et
3342 3498 3510 3545 totum
3545 3489 3656 3560 jam

2053 3594 2188 3652 Opus
2208 3578 2426 3645 Christi,
2456 3580 2727 3637 Creatoris
2752 3591 2854 3637 est.
2880 3581 2935 3637 Si
2979 3582 3089 3638 Deo
3110 3582 3425 3649 ,Marcionis
3449 3581 3656 3639 adscri-

2054 3673 2210 3729 betur
2236 3672 2540 3730 benedictio
2569 3675 2621 3729 in
2653 3673 2949 3741 mendicos,
2996 3675 3241 3746 ejusdem
3272 3677 3575 3747 imponetur
3602 3686 3659 3733 ct

2056 3766 2358 3824 maledictio
2380 3766 2434 3823 in
2464 3766 2690 3837 divites;
2713 3777 2769 3825 et
2811 3769 2914 3824 erit
2956 3784 3051 3840 par
3083 3769 3196 3841 jam
3222 3769 3515 3837 Creatoris,
3548 3781 3656 3826 tam

2056 3863 2231 3919 bonus
2258 3868 2415 3932 quam
2446 3871 2501 3918 et
2519 3862 2683 3933 judcx
2705 3879 2720 3928 ;
2744 3879 2843 3919 nec
2873 3864 2978 3919 erit
3013 3863 3117 3934 iam
3156 3864 3453 3920 discrimini
3482 3864 3656 3931 locus,

2054 3972 2164 4028 quo
2190 3955 2297 4012 duo
2327 3954 2420 4011 Dei
2453 3954 2621 4021 ﬁunt;
2652 3954 2972 4027 sublatoque
3018 3957 3350 4023 discrimine,
3393 3955 3659 4023 supererit

2058 4063 2223 4129 unum
2253 4046 2417 4101 Deum
2462 4046 2757 4103 renuntiari
2798 4046 3132 4104 Creatorem.
3182 4046 3347 4119 Igitur
3402 4046 3509 4113 Vae,
3533 4047 3577 4101 si
3604 4055 3661 4103 et

2059 4120 2586 4200 vox'maledictionis
2606 4153 2713 4211 est,
2746 4143 2830 4200 vel
2874 4143 3099 4216 alicujus
3133 4144 3445 4200 austerioris
3487 4142 3651 4198 incla-

2060 4236 2333 4305 mationis,
2359 4245 2414 4292 et
2437 4252 2469 4292 a
2493 4220 2710 4293 Christo
2725 4236 2970 4310 dirigitur
2995 4239 3050 4293 in
3066 4238 3284 4303 divites,
3309 4238 3480 4294 debeo
3496 4236 3661 4292 Crea-

2066 4340 2236 4386 torem
2262 4326 2487 4384 divitum
2532 4318 2745 4401 quoque
2774 4339 3176 4402 aspernatorem
3228 4329 3476 4402 probare,
3521 4329 3664 4386 sicut

1590 4432 1973 4503 LECTIONES
2010 4439 2419 4500 VARIANTES.

454 4557 500 4606 tt
522 4553 631 4606 Odit
664 4549 816 4606 omitt.
837 4551 989 4605 Semt.

449 4614 499 4670 2i
523 4618 830 4670 Sanctiﬁcate
868 4614 979 4667 cod.
1005 4616 1107 4666 Lat.

449 4678 502 4808 3}
527 4680 864 4749 Sanctiﬁcatur
905 4678 1014 4730 cod.
1038 4679 1143 4730 Lat.

450 4743 480 4795 t
520 4743 627 4795 Non
661 4740 796 4793 deest
814 4753 867 4792 tn
888 4737 958 4792 at.

1980 4561 2035 4623 D
2145 4560 2205 4688 ὃς
2232 4559 2329 4611 Dei
2348 4556 2576 4631 precaria.
2609 4556 2761 4631 send.
2789 4558 2883 4631 Dei
2905 4556 3113 4613 alterius
3135 4558 3294 4611 Rhen.

2125 4560 2207 4750 it,
2239 4621 2714 4750 tentasse“
2739 4620 2846 4673 σια-

2152 4619 2205 4674 ϐ)
2239 4621 2319 4674 De
2340 4619 2545 4674 alterius
2565 4619 2714 4674 omitt.
2739 4619 2846 4673 alii.

2153 4680 2207 4749 7)
2242 4685 2423 4750 Atquin
2446 4680 2599 4737 Seml.

1749 4846 2303 4913 COMMENTARIUS.

436 4960 712 5022 CAP.XV.
727 4958 1011 5033 —(a)Jam
1027 4958 1222 5033 aliquid
1242 4966 1290 5013 et
1309 4973 1424 5033 cum
1448 4954 1688 5033 Creatore
1706 4972 1952 5021 moratus.

365 5037 579 5109 Aliquid
604 5028 869 5109 moratum
887 5033 1016 5088 dicit
1036 5028 1273 5109 moribus
1289 5028 1624 5109 quibusdam
1650 5033 1953 5109 prtedittun,

365 5100 609 5178 qualibus
632 5106 875 5178 Creator,
899 5117 1093 5178 nempe
1113 5102 1258 5178 odio,
1286 5100 1667 5178 benevolentia
1682 5145 1700 5172 ,
1725 5105 1800 5160 ira
1818 5145 1835 5174 ,
1859 5100 1959 5162 mi-

367 5173 681 5244 sericordia,
700 5176 925 5244 justitia,
953 5173 1255 5229 clementia.
1286 5173 1409 5244 lito.

442 5252 520 5323 (ιι)
550 5242 674 5304 Nec
700 5242 753 5303 in
779 5257 959 5323 “totum
997 5244 1223 5323 ﬁpicnri
1273 5242 1455 5323 Deus._
1479 5244 1743 5323 Stupeus;_
1790 5248 1960 5323 iners,

367 5316 748 5393 aetatm...
779 5318 975 5374 [iter
997 5316 1161 5393 Deum
1194 5329 1382 5371 secure
1410 5316 1608 5379 vivere,
1626 5325 1683 5393 et
1702 5317 1818 5393 sitm
1848 5319 1958 5393 ull'o

368 5387 584 5460 negotii.
597 5387 843 5461 'curaque
856 5404 1036 5461 rerum
1052 5388 1424 5461 humanarum,
1448 5387 1745 5461 statuebant
1771 5390 1964 5458 Epicu-

369 5457 468 5527 rei,
489 5473 538 5516 et
557 5457 775 5515 somnia
791 5461 911 5515 ideo
937 5458 1268 5528 rejiciebant,
1289 5473 1356 5512 ne
1369 5457 1478 5514 Deo
1501 5459 1772 5528 negotium
1802 5457 1967 5515 faces-

370 5545 569 5587 set'ent.
606 5531 748 5586 Vana
780 5532 833 5584 in
863 5540 1018 5584 totum
1045 5531 1261 5587 somnia.
1287 5529 1457 5598 inquit
1480 5529 1704 5585 Tertull.
1723 5571 1737 5595 ,
1771 5530 1860 5583 lib.
1896 5530 1966 5585 de

371 5603 717 5671 Anima,rap.
748 5603 840 5666 46,
869 5601 1147 5670 Epicureus
1157 5598 1429 5671 judicavit,
1456 5599 1677 5671 liberans
1694 5618 1726 5671 (ι
1752 5600 1965 5671 negotiis

373 5669 705 5731 divinitatem.
733 5669 1015 5743 Tantisper
1057 5669 1446 5727 moderatiores
1488 5670 1562 5724 ait
1604 5669 1965 5727 Stoicos’Plu-

2059 4967 2284 5025 tarchus
2303 4968 2370 5025 de
2396 4967 2558 5025 animi
2586 4965 3182 5040 tranquill.&wp&wevag
3207 4974 3328 5024 εἶναι
3350 4975 3455 5030 τοὺς
3481 4973 3667 5036 σορθῢς,

2060 5047 2299 5097 ἐκκλίνειν
2338 5044 2432 5111 γὰρ
2463 5050 2519 5098 τὸ
2562 5047 2802 5111 ambigam
2832 5039 3100 5111 Sapientes
3141 5057 3175 5093 a
3213 5040 3428 5111 negotiis
3467 5053 3667 5111 uacare,

2059 5127 2184 5166 nam
2221 5108 2632 5182 oﬂiciuntﬂetiant
2670 5108 2947 5182 declinant.
2994 5109 3073 5165 De
3120 5108 3381 5168 ambobus
3424 5108 3672 5164 meminit

2058 5180 2291 5251 Seneca,
2322 5183 2388 5239 de
2420 5181 2536 5237 Vita
2564 5182 2738 5238 beata.
2769 5180 2848 5236 Le
2881 5180 2975 5236 Pa.

2136 5272 2213 5346 (c)
2246 5272 2608 5340 Sulferentiam
2635 5272 3029 5346 commendaret.
3056 5271 3402 5346 Suﬂ‘erentia_
3421 5271 3672 5346 substan-

2065 5342 2230 5400 tivum
2258 5360 2454 5400 nomen
2475 5383 2492 5412 ,
2524 5358 2621 5414 pro
2665 5343 2917 5415 patientia
2938 5384 2953 5411 ,
2981 5358 3138 5414 quam
3186 5354 3240 5399 et
3283 5342 3669 5413 benignitatem

2069 5430 2195 5471 mox
2219 5416 2619 5486 interpretatur.
2649 5416 2821 5469 Itur-1n.

2142 5527 2226 5598 (d)
2259 5526 2478 5598 Inﬁma
2511 5528 2878 5584 commendatio
2898 5537 2988 5584 est.
3012 5528 3145 5584 Huic
3172 5528 3290 5584 loco
3317 5526 3386 5583 ob
3418 5536 3670 5598 transpo-

2070 5595 2337 5653 sitioncnt
2365 5600 2656 5654 dictionum
2688 5599 2979 5669 depravata
3026 5600 3225 5653 mederi
3255 5600 3405 5669 licuit
3437 5612 3502 5652 ex
3531 5595 3673 5651 Gor-

2068 5670 2234 5726 zieuzi
2256 5670 2562 5737 Collatione,
2594 5668 2801 5742 inﬁrma
2822 5669 3209 5736 commendatio,
3241 5680 3344 5724 etc.
3379 5668 3551 5724 Busa.

3662 2198 3687 2338 ξ
3736 2194 3745 2201 .
