4020 6286
371 341 475 403 395

1499 341 1631 400 LIB.
1671 340 1737 397 IV
1778 289 2143 398 ADVERSUS
2177 338 2599 400 MARCIONEM.

3568 340 3665 398 593

366 461 583 531 probavi
633 461 1000 518 mendicorum
1044 456 1455 522 advocatorem.
1482 466 1540 513 ut
1580 455 1855 513 Christum
1905 455 1962 511 in
1988 457 2041 516 A
2055 456 2286 527 jeceritis
2309 455 2389 529 (8)
2413 474 2522 513 cor.
2553 456 2788 528 Idipsum
2836 466 3109 529 postremo
3136 457 3356 513 verbum
3381 473 3495 524 me,
3541 457 3663 512 olin‘

366 548 463 605 hac
478 565 694 622 quoque
717 551 984 607 sententia
1004 547 1274 606 Creatoris
1307 546 1612 612 ostendam,
1635 545 1966 616 locupletan-

363 645 430 700 tis
453 644 668 712 quidem
694 646 776 717 (I)
800 644 1138 701 Salomonem
1162 640 1252 715 (III
1281 639 1411 714 Reg.
1444 640 1561 712 III),
1589 640 1684 697 sed
1713 640 1838 712 quia
1858 638 1960 713 (2),

361 736 620 809 permissa
642 736 744 792 sibi
777 736 1017 807 optione,
1047 734 1233 789 maluit
1261 748 1322 789 ea
1356 732 1630 803 postulare
1656 747 1776 802 qua:
1826 730 1964 786 scie-

361 829 449 883 bat
474 828 585 884 Deo
612 836 784 900 grata,
815 828 1150 898 sapientiam,
1177 834 1234 881 et
1264 834 1533 881 meruerat
1558 824 1720 880 etiam
1751 822 1964 878 divitias

358 919 632 990 consequi,
654 935 789 991 quas
820 936 929 974 non
957 917 1126 990 magis
1154 916 1326 972 voluit
1354 934 1368 971 :
1401 930 1723 987 quamquam
1748 922 1805 971 et
1829 912 1964 970 divi-

358 1008 462 1065 tias
492 1019 768 1080 praesmre,
794 1025 905 1065 non
945 1009 1305 1080 incongruens
1350 1006 1459 1062 Deo
1497 1006 1590 1074 sit,
1622 1021 1717 1077 per
1746 1018 1880 1076 quas
1908 1013 1963 1060 et

356 1102 548 1159 divites
578 1103 768 1159 solatio
800 1102 1055 1172 iuvantur
1074 1143 1088 1169 ,
1119 1110 1174 1156 et
1201 1100 1369 1156 multa
1402 1098 1527 1155 inde
1551 1112 1713 1169 opera
1740 1095 1963 1166 iustitiae

358 1205 411 1251 et
429 1193 733 1265 dilectionis
756 1195 1222 1251 administrantur.
1252 1191 1359 1249 Sed
1381 1190 1678 1248 accidentia
1703 1189 1830 1245 vitia
1874 1189 1927 1245 di
1946 1217 1961 1229 -

357 1288 517 1370 vitiis,
549 1286 641 1342 illa
672 1287 725 1342 in
760 1286 1050 1358 Evangelia
1079 1300 1314 1358 quoque,
1351 1283 1442 1349 Vce
1471 1284 1725 1349 divitibus,
1753 1282 1961 1339 adscri-

356 1381 531 1437 buut‘:
563 1380 636 1451 (α)
671 1381 947 1447 Quoniam.
1001 1380 1215 1452 inquit,
1259 1378 1526 1450 recepistis
1578 1377 1962 1432 advocationem

354 1483 599 1536 vestram;
631 1472 812 1543 utique
840 1488 906 1527 ex
927 1471 1147 1539 divitiis,
1179 1470 1247 1528 de
1269 1471 1437 1542 gloria
1461 1484 1669 1531 earum.
1699 1478 1753 1525 et
1781 1452 1964 1524 saecu;

356 1564 557 1620 laribus
589 1562 867 1619 fructibus.
892 1563 1075 1637 Itaque
1098 1563 1150 1618 in
1175 1557 1593 1618 Deuteiouomio
1623 1558 1804 1629 (Deut.
1829 1556 1960 1627 VIII,

357 1656 447 1729 I2)
474 1656 685 1730 Moyses
718 1673 732 1712 :
766 1655 869 1722 Ne,
920 1657 1110 1728 inquit,
1138 1673 1252 1711 cum
1276 1655 1684 1722 manducaveris,
1717 1663 1763 1709 et
1793 1654 1961 1727 reple-

357 1759 439 1806 tus
458 1750 640 1819 fueris,
669 1759 716 1804 ct
750 1749 825 1820 (b)
852 1749 1032 1804 domos
1061 1765 1273 1821 magnas
1300 1748 1637 1819 antiﬁcaveris
1657 1789 1674 1816 ,
1698 1746 1965 1819 pecoribus

2072 561 2169 618 per
2199 548 2364 605 Amos
2411 548 2462 603 in
2506 547 2699 605 divites
2747 548 3033 605 afﬂuentes
3080 548 3286 604 deliciis
3325 548 3666 605 destinatur:

2080 636 2168 693 Va:
2197 639 2308 711 (9),
2338 638 2505 711 inquit
2556 639 2753 709 (Amos.
2787 639 2880 708 Vl,
2908 639 2986 712 4),
3012 640 3099 710 qui
3142 639 3400 697 dormiunt
3435 641 3489 694 in
3531 641 3669 694 lectis

2067 728 2317 795 eburneis,
2346 740 2394 786 et
2442 731 2639 786 deliciis
2682 733 2849 799 fluunt
2893 732 2947 786 in
2994 730 3154 785 tlroris
3206 733 3352 795 suis;
3381 732 3468 802 qui
3515 730 3668 785 edunt

2066 820 2242 879 laedas
2290 823 2354 878 de
2394 825 2635 896 gregibus
2669 839 2964 897 caprarum,
3009 832 3055 878 et
3106 823 3291 878 vitulos
3339 823 3403 877 de
3438 824 3668 893 gregibus

2067 914 2221 970 boum
2271 916 2537 982 lactantes,
2571 914 2948 987 complodentes
2994 915 3063 970 ad
3110 932 3293 970 sonum
3338 903 3664 986 organorum.

2065 1004 2354 1078 Tamquam
2381 1008 2752 1079 perseverantia
2798 1008 3188 1079 deputaverunt,
3211 1017 3257 1063 et
3284 1024 3386 1063 non
3412 1018 3665 1079 tamquam

2067 1100 2317 1172 fugientia
2359 1116 2378 1155 :
2416 1101 2502 1172 qui
2550 1099 2724 1155 bibunt
2768 1101 2938 1155 vinum
2986 1100 3257 1172 liquatum,
3307 1109 3355 1155 et
3404 1101 3669 1169 unguentis

2067 1192 2327 1262 primariis
2354 1201 2636 1265 unguntur.
2655 1192 2840 1263 Igitur,
2855 1193 2956 1249 etsi
2985 1193 3357 1249 tantummodo
3382 1193 3667 1249 dehortan-

2064 1292 2176 1341 tem
2202 1300 2232 1339 a
2254 1284 2454 1341 divitiis
2481 1285 2822 1341 ostenderem
2850 1284 3187 1351 Creatorem,
3216 1299 3324 1351 non
3345 1284 3504 1339 etiam
3538 1301 3668 1356 prte-

2064 1376 2410 1435 damnantem
2442 1378 2634 1434 divites
2660 1377 2821 1432 etiam
2850 1377 3015 1434 verbo
3042 1376 3158 1447 ipso
3184 1391 3291 1447 quo
3324 1386 3378 1431 et
3406 1374 3684 1439 Cltristtts,‘

2066 1486 2228 1527 nemo
2251 1471 2520 1528 dubitaret
2554 1470 2623 1527 ab
2668 1470 2861 1528 eodem
2904 1470 3166 1540 adjectum
3195 1470 3247 1525 in
3292 1469 3488 1527 divites
3517 1486 3667 1527 com-

2066 1563 2414 1620 minationem
2446 1564 2567 1635 (IO)
2597 1580 2690 1635 per
2717 1580 2792 1620 va:
2839 1563 3057 1631 Christi,
3081 1580 3114 1620 a
3142 1579 3248 1635 quo
3278 1565 3510 1634 ipsarum
3553 1580 3669 1619 ma-

2068 1658 2353 1722 teriarum,
2385 1655 2435 1711 id
2463 1665 2566 1723 est,
2610 1655 2917 1712 divitiarum
2953 1655 3258 1712 dehortatio
3286 1658 3672 1726 praacucurris-
3716 1676 3731 1689 ο

2066 1755 2153 1803 set
2186 1763 2198 1801 :
2229 1748 2576 1804 comminatio
2600 1748 2745 1804 enim
2770 1747 3170 1804 dehortationis
3195 1748 3432 1804 accessio
3461 1756 3561 1803 est.
3583 1747 3674 1802 Iu-

357 1854 402 1900 et
428 1842 588 1899 bubus
617 1844 714 1898 tuis
739 1843 1057 1913 multiﬁcatis
1088 1842 1195 1913 (5),
1226 1852 1274 1897 et
1300 1843 1515 1916 pecunia
1545 1851 1593 1897 et
1641 1856 1788 1907 auro,
1814 1840 1955 1895 exal-
1990 1854 2039 1914 Β
2065 1838 2204 1910 gerit
2235 1854 2250 1893 :
2295 1837 2382 1893 Vae
2402 1839 2557 1893 etiam
2600 1839 2866 1904 saturatis,
2893 1838 3014 1909 quia
3043 1839 3303 1904 esurient;
3330 1839 3481 1893 etiam
3503 1838 3676 1894 riden-

356 1947 487 1993 tetur
514 1955 603 1993 cor
628 1948 792 2004 tuum,
821 1946 868 1992 et
920 1936 1231 1993 obliviscaris
1261 1934 1471 1991 Domini
1501 1933 1594 1989 Dei
1640 1934 1732 1989 tui.
1765 1932 1963 2002 Quem-

355 2028 642 2084 admodum
674 2038 728 2084 et
755 2027 1040 2084 Ezechiam
1070 2042 1253 2100 regem
1298 2025 1567 2083 thesauris
1614 2024 1880 2091 inﬂatum,
1910 2033 1966 2080 et

355 2119 422 2176 de
450 2121 533 2177 eis
558 2121 735 2191 potius
772 2135 933 2191 quam
961 2119 1028 2176 de
1071 2119 1182 2176 Deo
1209 2119 1493 2191 gloriatum
1539 2116 1679 2187 apud
1725 2116 1847 2172 illos
1872 2115 1964 2187 qui

354 2227 418 2268 ex
447 2212 670 2269 Perside
691 2212 1040 2280 advenerant,
1065 2211 1230 2268 insilit
1247 2226 1341 2282 per
1356 2210 1568 2266 Esaiam
1595 2208 1694 2283 (Is.
1713 2207 1961 2273 XXXIX,

356 2304 412 2380 6)
443 2326 457 2363 :
488 2306 626 2363 Ecce
651 2307 760 2363 dies
814 2309 1053 2374 veniunt,
1107 2317 1154 2361 et
1198 2310 1501 2378 auferentur
1529 2303 1704 2359 omnia
1749 2319 1864 2375 quia
1910 2302 1965 2358 in

355 2399 507 2454 domo
534 2408 624 2454 tua
653 2408 806 2463 sunt;
838 2407 886 2452 et
928 2414 1042 2469 qua:
1070 2407 1240 2471 patres
1270 2397 1342 2452 tui
1371 2404 1747 2467 congesserunt,
1769 2396 1823 2450 in
1861 2393 1963 2450 Ba»

355 2492 591 2564 bytonem
634 2495 1028 2563 transferentur.
1061 2492 1151 2547 Sic
1191 2499 1248 2546 et
1275 2506 1370 2560 per
1397 2488 1718 2547 Hieremiam
1748 2488 1963 2563 (Jerem.

354 2584 444 2654 IX,
473 2585 572 2657 22)
599 2601 814 2657 quoque
842 2584 1004 2642 edicit
1031 2582 1111 2659 (I)
1135 2601 1154 2639 :
1189 2583 1269 2639 Ne
1301 2585 1546 2655 glorietur
1590 2584 1729 2640 dives
1755 2584 1811 2639 in
1837 2584 1970 2640 divi-

358 2678 440 2733 tiis
469 2680 620 2746 suis;
649 2687 697 2734 et
721 2678 810 2748 qui
834 2678 1103 2750 gloriatur,
1137 2677 1328 2732 scilicet
1355 2678 1409 2731 in
1439 2674 1549 2732 Deo
1575 2663 1862 2747 glorietur.~
1875 2677 1970 2734 Sic

355 2779 411 2827 et
448 2771 500 2826 in
548 2770 685 2826 ﬁlias
714 2770 895 2827 Sionis
923 2770 1190 2826 invehitur
1219 2785 1316 2841 per
1358 2769 1572 2825 Esaiam
1600 2770 1702 2841 (Is.
1732 2769 1823 2837 III,
1851 2771 1965 2843 15),

353 2864 497 2919 Cultu
563 2873 616 2917 et
664 2860 968 2918 divitiarum
1018 2860 1343 2917 abundantia
1391 2860 1631 2928 inﬂatas;
1675 2861 1970 2916 commina-

353 2956 572 3013 hundus
627 2967 682 3012 et
726 2956 851 3012 alibi
881 2954 985 3026 (Is.
1017 2955 1083 3019 ν,
1116 2954 1206 3026 14)
1258 2954 1528 3010 nubilibus
1575 2962 1630 3010 et
1675 2953 1965 3025 superbis:

352 3049 607 3106 Dilatavit
650 3067 797 3105 orcus
838 3050 1063 3104 animam
1105 3065 1272 3114 suam,
1304 3057 1351 3103 et
1389 3048 1586 3120 aperuit
1615 3064 1672 3102 os
1718 3063 1888 3116 suum,
1921 3057 1970 3102 et

354 3144 665 3199 descendent
704 3142 884 3214 inclyti
911 3151 961 3198 et
1005 3142 1178 3213 magni
1204 3149 1252 3195 et
1283 3139 1462 3194 divites
1492 3138 1619 3210 (hoc
1639 3139 1743 3194 erit
1770 3138 1968 3195 Christi

359 3252 434 3291 va:
484 3252 654 3307 super
703 3234 920 3307 divites)
976 3253 989 3289 :

358 3331 634 3385 excitatus
669 3327 868 3384 divitiis
894 3345 909 3383 :
938 3338 986 3383 et
1017 3326 1405 3383 inhonorabitur
1428 3324 1510 3398 (5)
1538 3326 1653 3392 vir;
1682 3330 1865 3396 utique
1901 3326 1971 3382 ob

354 3421 718 3479 substantiam
747 3420 1097 3476 honorabilis.
1129 3420 1205 3475 De
1244 3418 1440 3491 quibus
1465 3427 1521 3475 et
1549 3433 1735 3474 rursus
1762 3415 1864 3491 (Is.
1896 3418 1966 3487 X,

350 3513 445 3585 25)
476 3533 489 3568 :
525 3513 665 3569 Ecce
691 3511 940 3568 Dominus
966 3516 1207 3567 virtutum
1237 3511 1553 3565 conturbabit
1581 3510 1830 3582 gloriosos
1854 3526 1972 3564 cum

350 3607 601 3673 valentia,
631 3616 679 3661 et
722 3607 841 3661 elati
883 3606 1309 3670 connuinuentur,
1337 3613 1386 3659 et
1409 3613 1559 3658 ruent
1597 3603 1770 3673 gladio
1806 3602 1968 3658 subli-

354 3716 459 3755 mes
477 3716 497 3754 :
522 3698 621 3769 qui
648 3697 818 3770 magis
845 3712 1002 3768 quam
1031 3684 1417 3765 divitesiQuia
1441 3694 1514 3767 (c)
1541 3703 1860 3765 receperunt
1886 3693 1965 3765 (6)

348 3791 568 3846 scilicet
591 3789 999 3846 advocationem
1030 3804 1206 3853 suam,
1233 3788 1456 3860 gloriam
1483 3796 1537 3843 et
1566 3786 1848 3853 honorem,
1872 3801 1968 3842 su-

351 3882 683 3938 blimitatem
731 3897 796 3938 ex
844 3881 1045 3937 divitiis
1073 3879 1177 3955 ('l).
1209 3882 1250 3936 A
1282 3880 1476 3949 quibus
1500 3889 1748 3935 avertens
1791 3893 1889 3934 nos
1913 3887 1972 3933 et

355 3977 409 4033 in
432 3976 661 4033 Psalmo
693 3975 1111 4047 quadragesimo
1129 3987 1321 4032 octavo
1348 3992 1364 4028 :
1388 3970 1474 4028 Ne
1495 3974 1745 4037 timueris,
1775 3971 1966 4044 inquit,

349 4087 472 4126 cum
492 4070 639 4126 dives
669 4073 837 4141 factus
865 4068 1018 4139 fuerit
1040 4069 1213 4135 homo,
1248 4078 1293 4124 et
1337 4084 1453 4123 cum
1479 4066 1758 4122 abundabit
1800 4066 1969 4138 gloria

348 4164 774 4236 ejus;quoniam
824 4179 939 4217 cum
992 4162 1258 4228 morietur,
1311 4177 1414 4216 non
1462 4160 1605 4215 tollet
1653 4158 1848 4225 omnia,
1877 4174 1970 4213 nec

349 4256 628 4312 descendet
657 4271 772 4309 cum
797 4253 887 4309 illo
916 4253 1082 4326 gloria
1107 4269 1220 4308 sua.
1250 4251 1383 4308 Item
1413 4251 1466 4307 in
1498 4250 1833 4322 sexagesimo
1857 4249 1970 4321 pri-

349 4364 442 4406 mo
472 4368 488 4405 :
516 4345 608 4403 Ne
638 4346 1043 4403 desideraveritis
1068 4345 1304 4411 divitias;
1342 4354 1389 4399 et
1431 4343 1476 4399 si
1503 4341 1750 4407 relucent,
1784 4357 1846 4396 ne
1868 4340 1969 4395 ad-

2067 1931 2200 1987 tibus
2229 1946 2384 1999 nunc,
2413 1931 2535 2002 quia
2561 1931 2823 2004 lugebant.
2856 1932 2951 1987 liis
2982 1932 3387 2001 respondebunt
3415 1933 3525 2001 illa,
3556 1946 3677 2004 quze

2066 2040 2228 2097 supra
2256 2024 2719 2083 benedictionibus
2739 2026 2984 2097 Opposita
3011 2016 3137 2084 sunt
3161 2026 3301 2096 apud
3321 2026 3630 2082 Creatorem
3653 2046 3669 2085 :

2068 2116 2203 2172 Ecce
2240 2118 2324 2189 qui
2354 2118 2480 2173 mihi
2528 2118 2769 2182 serviunt,
2817 2118 3218 2185 saturabunlur;
3247 2134 3332 2174 vos
3361 2130 3532 2173 autem
3561 2136 3677 2173 esu-

2069 2209 2211 2264 rietis
2239 2208 2344 2280 (Is.
2373 2208 2536 2275 LXV,
2569 2209 2699 2282 l2);
2732 2210 2914 2281 utique
2963 2211 3087 2282 quia
3132 2212 3352 2267 saturati
3397 2211 3534 2266 estis.
3567 2210 3676 2266 Et:

2076 2300 2211 2359 Ecce
2235 2304 2320 2375 qui
2340 2304 2468 2359 milii
2508 2305 2748 2371 serviunt,
2781 2304 3203 2370 oblectabantur;
3228 2322 3316 2363 vos
3340 2314 3507 2359 autem
3551 2321 3677 2360 con-

2077 2398 2402 2468 fundemini;
2450 2403 2634 2473 utique
2661 2403 2914 2473 ploraturi
2962 2404 3050 2473 qui
3095 2415 3232 2459 nunc
3284 2403 3480 2458 ridetis.
3524 2402 3679 2459 Sicut

2069 2494 2214 2548 enim
2256 2493 2309 2548 in
2362 2494 2577 2550 Psalmo
2606 2494 2723 2561 (Ps.
2757 2494 2970 2563 CXXV,
3001 2495 3080 2565 6),
3109 2497 3196 2565 qui
3217 2495 3472 2551 seminant
3514 2496 3569 2551 in
3596 2495 3679 2548 la-

2071 2583 2279 2655 crgmis,
2307 2584 2360 2638 in
2386 2585 2563 2640 latitia
2590 2596 2775 2643 metant
2801 2606 2811 2639 :
2842 2588 2913 2642 ita
2945 2588 2997 2643 in
3023 2587 3333 2660 Evangelio,
3369 2588 3459 2661 qui
3489 2587 3542 2643 iu
3571 2589 3685 2644 risu

2071 2676 2362 2743 seminaut,
2392 2677 2599 2734 scilicet
2647 2678 2830 2735 la-titia
2875 2678 3016 2752 (It),
3045 2680 3097 2735 in
3151 2680 3405 2753 Iacrymis
3453 2689 3682 2737 metent.

2075 2768 2201 2826 Ηωο
2226 2770 2355 2827 olim
2383 2769 2607 2828 Creator
2635 2773 2797 2830 simul
2843 2775 3039 2843 posuit,
3063 2771 3311 2830 Christus
3335 2775 3682 2831 solummodo

2071 2858 2470 2933 distinguendo,
2517 2879 2625 2921 non
2679 2863 2970 2931 mutando,
3019 2867 3343 2921 renovavit:
3383 2864 3493 2934 γω,
3525 2882 3683 2937 quum

2072 2954 2210 3008 vobis
2253 2955 2603 3011 benedixerint
2652 2956 2881 3012 homines
2910 2973 2930 3011 :
2957 2957 3238 3013 secundum
3290 2957 3399 3011 [nec
3428 2958 3683 3027 faciebant

2073 3052 2120 3096 et
2147 3044 2604 3119 pseud0prophetis
2659 3055 2830 3117 patres
2856 3045 3087 3100 illorum.
3129 3045 3307 3118 Eque
3331 3045 3556 3102 Creator
3581 3047 3683 3102 be-

2074 3134 2397 3192 nedictionis
2421 3145 2474 3193 et
2501 3136 2673 3193 laudis
2714 3137 2960 3194 humanae
3004 3145 3298 3193 sectatores
3344 3136 3558 3193 incusat
3587 3151 3682 3208 per

1039 3245 1085 3289 et
1141 3232 1493 3288 Immiliabitur
1544 3232 1732 3300 homo;
1778 3216 1971 3303 utique
1995 3241 2042 3305 ρ
2078 3227 2287 3284 Esaiam
2317 3228 2423 3299 (Is.
2453 3228 2549 3296 III,
2573 3228 2661 3303 l2)
2698 3248 2713 3287 :
2744 3229 2977 3301 Populus
2995 3248 3153 3298 meus,
3178 3232 3267 3302 qui
3295 3248 3381 3288 vos
3400 3232 3570 3288 beatos
3597 3232 3686 3288 di-

2077 3331 2226 3389 cunt,
2258 3320 2505 3376 seducunt
2553 3337 2659 3388 vos,
2692 3332 2740 3376 et
2793 3322 2902 3377 vias
2931 3323 3118 3393 pedum
3164 3333 3447 3401 vestrorum
3485 3325 3691 3380 distur-

2077 3415 2216 3470 bant.
2250 3412 2506 3469 Prohibet
2547 3422 2603 3469 et
2649 3416 2781 3470 alias
2824 3415 2993 3472 Iidere
3034 3415 3255 3471 omnino
3285 3416 3339 3471 in
3379 3415 3684 3484 hominem,

2076 3506 2156 3561 sic
2181 3514 2237 3560 et
2262 3504 2314 3559 in
2345 3505 2558 3560 laudem
2587 3505 2852 3572 hominis,
2886 3515 2942 3561 ut
2970 3523 3066 3579 per
3092 3506 3414 3564 Hieremiam
3463 3506 3685 3581 (Jerem.
3734 3493 3741 3499 ’

2077 3594 2242 3663 XVII,
2276 3594 2333 3669 5)
2362 3614 2377 3654 :
2408 3596 2718 3652 Maledictus
2746 3598 2918 3665 homo,
2939 3600 3028 3664 qui
3052 3615 3192 3668 spem
3213 3598 3360 3655 habet
3380 3600 3433 3655 in
3457 3601 3686 3654 herniae.

2077 3688 2209 3745 Nam
2240 3691 2369 3745 etin
2400 3690 2611 3746 Psalmo
2630 3691 2927 3748 centesimo
2955 3692 3167 3749 decimo
3189 3693 3419 3764 septimo
3461 3694 3536 3768 (8,
3574 3693 3630 3768 9)
3661 3713 3677 3752 :

2072 3780 2275 3837 Bonum
2295 3792 2367 3838 est
2392 3784 2550 3853 ﬁdere
2577 3784 2630 3840 in
2657 3774 3117 3859 Dominum,quam
3135 3787 3294 3857 ﬁdere
3322 3789 3374 3843 in
3403 3789 3680 3846 hominem.

2074 3875 2143 3932 Et
2172 3894 2185 3931 :
2219 3875 2414 3933 Bonum
2454 3887 2526 3934 est
2564 3895 2772 3948 sperare
2798 3880 2853 3934 in
2878 3879 3178 3947 Dominum,
3220 3900 3372 3955 quam
3398 3902 3605 3955 sperare
3628 3886 3680 3938 in

2074 3969 2350 4041 principes.
2380 3968 2479 4039 Ita,
2508 3978 2676 4026 tutum
2707 3970 2849 4043 quod
2887 3972 2956 4028 ab
2987 3974 3203 4031 hemine
3228 3986 3494 4047 captatur,
3522 3978 3678 4033 abdi-

2076 4061 2422 4129 xitCreator,
2470 4064 2666 4121 nedum
2694 4066 3144 4125 benedictiouem.
3177 4071 3680 4144 Pseudoprophetas

2073 4165 2255 4212 autem
2282 4156 2526 4213 laudatos
2542 4158 2656 4215 sive
2677 4160 2990 4218 benedictus
3015 4180 3045 4219 a
3068 4163 3311 4235 patrihus
3335 4181 3544 4235 eorum,
3570 4175 3677 4223 tam

2073 4249 2192 4321 ejus
2219 4260 2303 4307 est
2330 4252 2682 4322 exprobrare,
2713 4271 2873 4326 quam
2920 4257 3210 4327 prophetas
3254 4268 3476 4315 vexatos
3512 4270 3566 4316 et
3593 4275 3681 4316 re-

2072 4352 2287 4400 cusatos
2319 4362 2333 4400 :
2361 4344 2501 4402 sicut
2541 4345 2751 4415 iniuria:
2796 4348 3182 4420 prophetarum
3235 4366 3342 4409 non
3389 4350 3683 4423 pertinuis-

1647 4474 2026 4537 LEC'I'IONES
2064 4477 2154 4535 VA
2163 4478 2476 4539 RIANTES.

439 4599 485 4659 Il
529 4597 745 4659 Quidem
759 4597 910 4651 omitt.
928 4592 1118 4650 Pamel.

436 4661 491 4719 2)
529 4661 628 4719 Qui
650 4669 764 4711 Jun.

432 4719 490 4786 ὅ)
528 4721 865 4786 Multiplicatis
885 4719 1076 4775 Pamel.

435 4781 489 4836 4)
526 4781 693 4836 Εαίόίἰ
714 4781 865 4836 Seml.

436 4845 492 4900 5)
529 4846 868 4898 Honorabitur
887 4845 1103 4900 quidam.

436 4852 470 4900 5
529 4851 868 4898 Honorabitur
952 4851 1062 4899 idat:

411 4851 492 4976 ξεί)
527 4910 837 4973 Receperiut

410 4598 432 4848 ἓ

467 4735 492 4976 Ξ

2248 4591 2311 4644 Ει
2329 4593 2521 4645 divitias
2541 4600 2657 4645 Jun.

2248 4591 2311 4644 Et
2329 4593 2521 4645 divitias
2541 4600 2657 4645 Jun.

2160 4657 2192 4705 8
2245 4654 2681 4707 Desideraveris...
2728 4656 2972 4723 adjeceris
2992 4658 3143 4713 Seml.

2155 4720 2209 4780 9)
2242 4716 2385 4768 Enim
2398 4718 2520 4770 add.
2539 4716 2736 4772 Oberth.

2160 4781 2217 4832 10
2271 4779 2525 4833 Adlectam
2548 4782 2599 4831 in
2620 4783 2718 4835 div.
2735 4787 3143 4838 communication

2163 4844 2212 4895 It
2274 4841 2350 4895 Ex
2372 4842 2540 4897 laetitia
2562 4844 2665 4909 Rig.
2697 4852 2858 4900 Venet.
2892 4856 2946 4900 et
2969 4847 3137 4902 laetitia

2160 4782 2179 4832 I

2186 4780 2241 4909 οὗ
2271 4779 2525 4854 Adiectam
2548 4782 2599 4831 in
2620 4783 2718 4835 div.
2735 4787 3219 4838 communicationem
3243 4794 3403 4842 Venet.
3428 4790 3672 4847 mendose.

2194 4844 2212 4895 ι
2274 4841 2350 4895 Ex
2372 4842 2540 4897 laetata
2562 4844 2665 4909 Rig.
2697 4852 2858 4900 Venet.
2892 4856 2946 4900 et
2969 4847 3137 4902 laetitia
3159 4848 3307 4904 alien.

2163 4841 2241 4909 It)
2274 4841 2350 4895 Ex
2372 4842 2540 4897 laetitia
2562 4844 2665 4911 Rig.
2697 4852 2858 4900 Venet.
2892 4856 2946 4900 et
2969 4847 3137 4902 laetitia
3159 4848 3307 4904 alien.

1718 5017 2278 5084 COMMENTARIUS.

422 5139 509 5214 (δ)
559 5136 837 5214 Quoniam,
884 5137 1073 5214 inquit,
1121 5134 1381 5214 recepistis
1434 5134 1818 5214 advocationem
1879 5154 1965 5214 oe-

348 5206 535 5266 strum.
562 5208 622 5265 Id
651 5218 736 5265 est
771 5207 1216 5279 consolationem.
1238 5206 1606 5279 Prosequitur
1634 5220 1764 5263 vero
1800 5211 1962 5267 verba

348 5282 521 5339 Luca:
567 5279 656 5345 VI.
713 5281 769 5337 in
812 5280 916 5335 hoc
954 5277 1263 5351 differens,
1293 5277 1455 5351 quod
1492 5292 1677 5351 vocem
1735 5295 1963 5351 graecam

348 5351 1061 5424 extxsn_vertitrecepistis,
1096 5361 1209 5424 tum
1250 5349 1338 5424 hic
1368 5359 1479 5405 tum
1508 5349 1669 5424 paulo
1698 5349 1837 5424 pust.
1868 5369 1966 5421 pro

350 5440 423 5480 eo
445 5420 600 5494 quod
624 5422 734 5494 alii,
759 5423 1025 5488 habuistis,
1053 5422 1208 5494 quasi
1247 5420 1434 5494 volens
1451 5420 1731 5494 (explicare
1768 5420 1968 5493 signiti-

348 5491 635 5552 cationem
660 5493 827 5565 illam,
856 5509 960 5563 qua
990 5491 1258 5565 signitlcat
1284 5491 1499 5565 aliunde
1516 5491 1753 5565 accipere
1773 5533 1790 5559 ,
1819 5491 1965 5551 velut

348 5579 589 5623 censum
618 5570 674 5621 et
687 5562 922 5636 reditum
950 5580 1020 5636 ex
1044 5562 1214 5633 arvis,
1246 5563 1618 5636 quod_optime
1646 5562 1735 5636 hic
1768 5579 1965 5622 conve-

348 5636 459 5704 nit.
492 5644 557 5693 et
599 5634 788 5705 eodem
837 5635 1000 5692 modo
1045 5633 1278 5693 vertitur
1308 5651 1338 5690 a
1388 5633 1617 5705 Vulgato
1646 5634 1958 5705 interprete,

354 5706 588 5781 (Matth:
631 5704 746 5781 VI),
794 5707 1075 5781 mercedem
1104 5722 1251 5781 suam
1280 5704 1615 5781 receperunt.
1661 5704 1753 5761 Sic
1789 5704 1960 5781 etiam

348 5776 526 5836 vertit
548 5776 804 5849 Syriacus
830 5779 1112 5849 interpres.
1144 5776 1293 5834 Haud
1325 5779 1491 5849 multo
1528 5776 1703 5839 aliter,
1734 5776 1828 5849 sed
1857 5792 1962 5849 tua-

348 5851 437 5926 εἰς
461 5847 855 5910 convenienter
882 5847 995 5903 voci
1024 5865 1213 5920 grzectn
1232 5892 1248 5919 ,
1272 5849 1429 5907 vertit
1472 5848 1737 5919 interpres
1770 5847 1959 5907 Irenaei

654 5942 1090 6008 Temenum
1134 5942 1213 6007 II.

2067 5142 2160 5199 lib.
2191 5139 2280 5201 III.
2312 5154 2431 5211 cap.
2457 5140 2543 5199 I4.
2574 5140 2848 5211 percipitis.
2886 5139 3023 5199 Pan.

2140 5214 2220 5288 (b)
2245 5211 2456 5288 Demos
2473 5226 2685 5288 magn_us
2726 5211 3079 5288 a’diﬁcaveris,
3119 5224 3217 5272 etc.
3244 5218 3461 5275 Grmcus
3490 5225 3662 5282 codex

2069 5278 2295 5365 τθσζυξίτίῑ
2316 5280 2575 5365 ﬂuidum.
2591 5278 2992 5365 fecoribushic
3015 5278 3126 5365 pro
3145 5288 3319 5365 ovibus
3362 5278 3660 5365 usurpavit,

2068 5352 2169 5410 etsi
2196 5355 2250 5410 in
2289 5363 2464 5424 graeco
2493 5357 2738 5421 «pacem
2777 5352 3057 5424 scribatur,
3112 5356 3165 5411 id
3210 5367 3292 5414 est
3338 5374 3465 5414 oves
3493 5352 3668 5420 Imus:-

2068 5424 2211 5480 ferre
2258 5419 2551 5504 debuisset.
2575 5424 2825 5504 _ut.bov‘es
2845 5423 3191 5481 multiﬂcatos
3217 5444 3311 5483 seu
3338 5419 3667 5499 tissilipedes

2067 5503 2250 5566 postea
2267 5492 2609 5566 adiungeret.
2632 5490 2712 5566 In;
2739 5491 2833 5546 Pu.

2137 5564 2216 5637 (c)
2242 5565 2563 5637 Receperunt
2586 5562 2776 5617 scilicet
2795 5561 3169 5637 advocationem
3193 5581 3357 5620 suam.
3374 5564 3491 5637 Non
3508 5570 3665 5628 alim}

2066 5632 2205 5708 puto'
2240 5634 2346 5708 hic_
2372 5641 2623 5708 spectare
2666 5646 2821 5708 quam
2862 5632 3025 5708 verba
3055 5635 3348 5708 Evangelii,
3378 5635 3574 5694 divites
3606 5656 3670 5698 es

2063 5702 2306 5779 potentes
2335 5702 2655 5779 inerepautis
2674 5717 2691 5755 :
2712 5702 2865 5756 Amen
2891 5702 3004 5758 dico
3030 5704 3185 5770 vobis,
3212 5702 3507 5775 receperunt
3524 5723 3674 5767 mer-

2062 5773 2227 5835 cedem
2260 5791 2423 5834 suum.
2453 5773 2531 5830 Ls
2557 5773 2655 5832 Pu.

2926 5930 3216 6011 (Troiae)
