4020 6286
298 221 404 281 595

1716 204 2175 315 Tamquam

3495 207 3600 266 596

299 347 422 394 sent
462 336 529 392 ad
576 334 743 393 Deum
776 333 1047 407 ipsorum;
1081 334 1152 391 ita
1184 346 1283 388 nec
1335 327 1518 401 gratiae
1564 308 1894 409 pseudo‘pro-
1920 306 1971 383 λ
2002 306 2145 392 leges
2174 320 2386 409 talionis
2426 321 2657 380 timeret.
2690 319 2838 381 Hanc
2869 322 3002 396 legis
3030 324 3362 380 voluntatem
3412 324 3481 380 de
3525 326 3600 381 in-

302 432 582 501 phetarum
613 425 1043 500 displicuissent,
1073 428 1173 483 nisi
1205 426 1315 479 Deo
1346 417 1752 494 prophetarum.

912 519 1139 578 CAPUT
1184 515 1324 573 XVI.

375 614 482 671 Sed
502 613 638 668 vobis
668 611 803 678 dico,
832 612 1005 683 inquit
1028 610 1184 683 (Luc.
1211 607 1327 677 Vl),
1360 605 1447 676 qui
1468 603 1696 679 auditis;
1723 607 1911 657 esten--

302 709 434 761 dens
456 706 559 759 hoc
584 704 711 760 olim
740 703 1049 761 mandatum
1072 701 1166 773 (IV
1196 699 1352 756 Esdr.
1381 697 1501 765 XV,
1534 696 1592 768 1)
1613 710 1641 750 a
1680 694 1902 750 Creato-

306 814 363 853 rc
393 815 407 852 :
438 795 669 868 Loquere
696 796 751 850 in
776 812 929 852 aures
951 793 1285 849 audientium.
1313 789 1527 861 Diligite
1554 786 1784 841 inimicos
1812 800 1901 839 ve-

305 899 460 957 stros,
486 890 560 962 (α)
586 899 632 943 et
662 888 938 943 benedicite
965 903 1047 942 eos
1073 887 1160 958 qui
1187 899 1274 939 vos
1301 882 1534 946 oderunt,
1558 890 1608 937 et
1649 886 1789 934 orate
1808 893 1902 949 pro

303 982 377 1036 cis
402 982 486 1053 qui
512 997 596 1036 vos
619 981 1015 1035 calumniantur.
1050 978 1176 1034 Ilaec
1203 976 1431 1033 Creator
1462 989 1564 1030 una
1595 971 1904 1045 pronuntia-

305 1074 448 1128 tione
471 1072 630 1127 clusit
652 1087 749 1141 per
776 1071 988 1127 Esaiam
1013 1069 1115 1143 (Is.
1145 1067 1329 1132 LXVI,
1355 1068 1447 1138 5):
1474 1065 1663 1133 Dicite,
1692 1062 1904 1118 Fratres

305 1164 467 1219 nostri
484 1164 622 1232 estis,
658 1164 729 1218 eis
776 1163 861 1233 qui
902 1178 988 1217 vos
1035 1162 1270 1217 oderunt.
1300 1160 1357 1218 Si
1387 1159 1530 1216 enim
1581 1160 1672 1230 qui
1702 1154 1906 1212 inimici

305 1264 429 1311 sunt
454 1263 507 1309 et
532 1252 782 1322 oderunt,
815 1263 868 1310 et
894 1253 1240 1319 maledicunt,
1270 1262 1325 1308 et
1351 1250 1767 1315 calumniantur,
1793 1244 1905 1303 ira;

312 1348 422 1403 tres
450 1346 755 1419 appellandi
783 1356 941 1413 sunt;
990 1347 1173 1418 utique
1207 1355 1260 1401 et
1319 1343 1563 1400 benedici
1618 1342 1862 1398 odientes
1890 1381 1905 1407 ,

306 1443 447 1497 οωγί
494 1457 591 1513 pro
650 1441 1128 1497 calumniatoribus
1150 1438 1328 1510 jussit,
1359 1438 1446 1509 qui
1478 1451 1574 1492 eos
1603 1435 1796 1490 fratres
1826 1432 1908 1506 (1)

311 1536 556 1604 deputari
589 1535 858 1605 prazcepit.
884 1532 959 1607 (b)
988 1530 1192 1588 Novam
1225 1530 1380 1603 plane
1412 1528 1725 1601 patientiam
1751 1525 1910 1582 docet

305 1627 569 1693 Christus,
602 1627 763 1681 etiam
793 1624 966 1680 vicem
1017 1623 1225 1693 injuriae
1279 1620 1559 1688 cohibens,
1591 1618 1909 1690 permissam

2002 414 2216 473 telleetu
2243 402 2594 484 laborantem,
2612 416 2872 474 Dominus
2897 427 2951 475 et
2971 418 3178 475 sabbati
3192 427 3246 474 et
3265 419 3397 492 legis
3410 429 3464 476 et
3483 437 3600 475 om-

2002 507 2148 563 nium
2192 518 2533 579 paternarum
2566 511 2975 582 dispositionum
3015 511 3260 568 Christus
3302 522 3356 568 et
3408 514 3604 569 revela-

2002 599 2098 667 vit,
2128 609 2182 656 et
2208 611 2510 672 compotem
2542 603 2690 671 fecit,
2724 603 2985 659 mandans
3015 603 3233 660 alterius
3257 621 3470 676 quoque
3501 621 3606 660 ma-

2002 691 2146 751 xilla:
2167 693 2526 763 oblationem;
2552 707 2607 751 ut
2631 705 2778 752 tanto
2808 697 2976 767 magis
3004 697 3173 752 vicem
3206 697 3412 768 injuria:
3437 700 3607 753 extin-

2002 794 2209 858 gueret,
2236 802 2394 858 quam
2416 796 2470 843 et
2497 787 2583 843 lex
2623 804 2717 859 per
2739 789 2990 844 talionem
3012 789 3252 844 voluerat
3287 789 3602 860 impedisse,

2004 890 2152 935 certe
2180 894 2338 950 quam
2381 879 2661 951 prophetia
2706 879 2993 936 manifeste
3035 890 3371 945 coercuerat,
3405 888 3460 937 et
3489 896 3606 937 me-

2005 973 2229 1030 moriam
2261 971 2470 1044 injuriae
2515 972 2827 1042 prohibens,
2856 982 2908 1028 et
2948 973 3205 1028 ultionem
3236 972 3304 1028 ad
3328 972 3496 1027 Deum
3525 988 3610 1029 ie-

2007 1065 2215 1138 digens.
2247 1066 2323 1122 Ita
2362 1065 2407 1121 si
2434 1064 2560 1138 quid
2605 1065 2851 1122 Christus
2881 1067 3083 1130 intulit,
3123 1082 3230 1122 non
3275 1066 3606 1135 adversario,

2008 1157 2104 1213 sed
2152 1156 2397 1229 adjutore
2457 1169 2761 1230 praecepto,
2815 1172 2919 1212 non
2972 1159 3238 1214 destruxit
3300 1158 3610 1228 disciplinas

2009 1251 2295 1308 Creatoris.
2348 1252 2617 1322 Denique,
2662 1252 2706 1308 si
2737 1250 2791 1308 in
2821 1253 2990 1324 ipsam
3023 1251 3285 1308 rationem
3326 1233 3594 1324 patientia:

2014 1343 2397 1415 prtecipiendae‘
2416 1387 2430 1409 ,
2460 1352 2514 1399 et
2542 1343 2759 1414 quidem
2790 1353 2896 1399 tam
2927 1345 3098 1415 plenae
3126 1353 3289 1415 atque
3322 1342 3572 1415 perfectae
3593 1384 3610 1408 ,

2012 1435 2416 1492 consideremus
2440 1432 2522 1508 (7)
2548 1478 2561 1501 ,
2595 1452 2699 1491 non
2728 1437 3024 1502 consistet,
3064 1436 3109 1491 si
3140 1453 3245 1491 non
3278 1447 3362 1492 est
3392 1436 3615 1492 Creatoo

2012 1529 2119 1597 ris,
2150 1530 2239 1601 qui
2272 1527 2555 1585 vindictam
2588 1520 2940 1600 re‘promittit,
2972 1529 3062 1600 qui
3092 1529 3328 1599 judicem
3370 1538 3613 1599 praestat.

2014 1620 2285 1693 Alioquin,
2316 1621 2361 1677 si
2394 1632 2596 1677 tantum
2632 1622 2902 1692 patientia:
2923 1621 3155 1692 pondus,
3187 1637 3293 1677 non
3325 1620 3484 1677 modo
3507 1637 3615 1676 non

312 1735 340 1772 a
367 1716 625 1774 Creatore
652 1716 846 1789 (Exod.
877 1715 1019 1784 XXI,
1045 1713 1138 1785 ‘24)
1175 1713 1245 1787 (ε)
1280 1713 1490 1769 oculum
1518 1710 1763 1783 exigente
1812 1724 1910 1781 pro
1939 1723 1988 1784 Β
2017 1715 2409 1786 repercutiendi
2431 1759 2445 1783 ,
2479 1714 2574 1771 sed
2614 1725 2664 1771 et
2701 1716 2862 1772 aliam
2896 1715 3168 1771 maxillam
3203 1713 3507 1786 praebendi;
3554 1721 3609 1768 et

303 1811 481 1874 oculo,
514 1820 569 1865 et
622 1808 838 1865 dentem
885 1822 981 1879 pro
1020 1807 1187 1862 dente
1229 1816 1477 1868 :contra,
1520 1803 1635 1874 ipse
1686 1802 1911 1857 alterum

303 1902 531 1972 amplius
569 1900 844 1956 maxillam
888 1898 1071 1955 offerri
1116 1897 1333 1967 jubens,
1364 1903 1420 1951 et
1459 1909 1624 1966 super
1677 1892 1910 1949 tunicam

303 1995 465 2065 pallio
494 2008 706 2064 quoque
724 1991 866 2049 cedi.
898 1992 1066 2047 Plane
1094 1988 1209 2046 btec
1253 1989 1498 2044 Christus
1545 1986 1823 2057 adjecerit,
1853 1993 1913 2041 ut

304 2088 675 2158 supplementa
699 2093 1062 2141 consentanea
1090 2081 1387 2153 disciplinae
1413 2078 1709 2136 Creatoris.
1739 2079 1912 2149 Atque

302 2180 440 2235 adeo
469 2178 572 2234 hoc
597 2178 776 2233 statim
803 2173 1215 2233 renuntiandum
1253 2180 1357 2239 est,
1387 2187 1456 2227 an
1496 2166 1780 2240 disciplina
1808 2184 1907 2239 pa-

308 2271 509 2326 tientiae
558 2269 875 2340 przedieatur
922 2267 1001 2339 (2)
1033 2281 1197 2337 penes
1224 2264 1560 2321 Creatorem.
1593 2262 1651 2318 Si
1698 2276 1793 2333 per
1814 2261 1914 2317 Za-

308 2362 549 2417 chariam
599 2360 856 2431 praecepit
894 2357 1086 2430 (Zaclt.
1132 2355 1249 2425 VII,
1278 2355 1395 2427 10),
1432 2370 1501 2412 ne
1548 2354 1915 2425 unusquisque

309 2455 529 2510 malitiae
560 2454 739 2509 fratris
765 2452 847 2508 sui
870 2451 1208 2518 meminerit;
1241 2450 1334 2506 sed
1368 2463 1467 2504 nec
1493 2448 1723 2519 proximi
1750 2465 1762 2501 :
1788 2459 1913 2503 nam

309 2558 366 2603 et
397 2561 579 2602 rursus
613 2563 625 2598 :
660 2543 940 2611 Malitiam,
971 2542 1143 2614 inquit
1191 2540 1353 2615 (Ibid.
1379 2539 1517 2607 VIII,
1552 2540 1664 2607 17),
1693 2538 1916 2610 proximi

307 2641 388 2693 sui
417 2638 754 2709 unusquisque
790 2636 873 2707 (5)
897 2651 959 2689 ne
987 2634 1251 2706 recogitet.
1294 2632 1460 2687 Multo
1499 2632 1672 2702 magis
1703 2631 1914 2702 patien-

307 2731 435 2784 tiam
476 2728 666 2784 indixit
711 2726 941 2797 injurite,
972 2724 1065 2794 qui
1107 2722 1299 2781 indixit
1326 2723 1676 2778 oblivionem.
1716 2720 1823 2778 Sed
1852 2729 1909 2776 et

308 2839 433 2878 enin
464 2822 594 2876 dicit
617 2819 799 2891 (Deut.
819 2816 1040 2887 XXXII,
1067 2815 1159 2888 55)
1193 2833 1208 2872 :
1241 2814 1690 2882 Miltivindictam,
1747 2823 1794 2869 et
1824 2829 1917 2884 ego

310 2916 613 2983 vindicabo;
640 2913 866 2986 proinde
914 2912 1223 2984 patientiam
1271 2911 1428 2968 docet
1453 2909 1704 2966 vindicta:
1724 2917 1920 2980 κεκερδ-

310 3013 608 3068 etatricem.
646 3010 698 3066 ln
749 3016 1006 3081 quantum
1037 3022 1164 3079 ergo
1198 3004 1280 3079 (4)
1326 3021 1437 3061 non
1467 3004 1629 3075 capit,
1664 3013 1722 3058 ut
1772 3002 1916 3058 idem

2016 1826 2123 1865 non
2164 1809 2328 1866 modo
2375 1825 2481 1866 non
2532 1810 2988 1876 remaledicendi,
3038 1809 3133 1866 sed
3179 1810 3342 1864 etiam
3389 1807 3618 1863 benedi-

2017 1901 2200 1969 cendi,
2232 1912 2288 1958 et
2314 1917 2422 1957 non
2454 1902 2619 1957 modo
2647 1917 2753 1957 non
2784 1901 3049 1959 retinendi
3080 1899 3349 1964 tunicam,
3383 1899 3477 1956 sed
3503 1915 3620 1954 am-

2017 1995 2160 2066 plius
2200 2003 2253 2050 et
2277 1994 2493 2065 pallium
2521 1994 2935 2062 concedendi,is
2961 1993 3089 2049 mihi
3114 1993 3362 2064 imponit,
3391 1993 3480 2063 qui
3506 2008 3614 2047 non

2015 2085 2086 2141 sit
2114 2101 2202 2142 me
2231 2085 2587 2154 defensurus;
2634 2088 2686 2142 in
2716 2101 2948 2142 vacuum
2980 2086 3290 2157 patientiam
3318 2076 3616 2157 praecepit,

2017 2193 2123 2231 non
2165 2178 2429 2234 exhibens
2471 2178 2601 2234 mihi
2644 2180 2950 2235 mercedem
2992 2164 3281 2249 prmcepti:
3338 2177 3611 2248 patientia:

2016 2268 2138 2325 dico
2171 2271 2403 2327 fructum
2424 2314 2438 2338 ,
2466 2270 2608 2342 quod
2634 2281 2718 2329 est
2749 2272 2919 2338 ultio;
2952 2288 3113 2343 quam
3143 2271 3272 2326 mihi
3304 2270 3617 2340 permisiSse
3658 2295 3669 2300 -

2016 2361 2309 2430 debuerat,
2353 2364 2398 2418 si
2423 2363 2539 2435 ipse
2567 2381 2672 2419 non
2704 2376 2963 2436 praestat;
3005 2374 3097 2418 aut
3126 2364 3171 2418 si
3204 2363 3332 2417 mihi
3359 2378 3464 2416 non
3498 2377 3620 2433 per-

2017 2456 2297 2525 mittebat,
2347 2456 2460 2528 ipse
2494 2467 2751 2528 prmstare
2782 2457 2897 2530 (8);
2942 2457 3193 2530 quoniam
3232 2466 3288 2512 et
3324 2455 3622 2527 disciplinae

2019 2550 2277 2617 interest,
2324 2551 2577 2622 injuriant
2625 2551 2888 2607 vindicari
2919 2569 2932 2607 :
2964 2561 3111 2608 metu
3162 2552 3306 2607 enim
3360 2550 3577 2607 ultionis
3601 2590 3620 2616 ,
3653 2575 3683 2600 ο

2020 2644 2197 2698 omnis
2227 2643 2484 2714 iniquitas
2515 2643 2837 2700 refrenatur.
2873 2644 3168 2712 Caeterum,
3204 2643 3401 2715 passim
3425 2642 3622 2697 emissa

2020 2734 2274 2791 libertate
2310 2734 2709 2802 dominabitur;
2753 2748 3042 2807 utrumque
3072 2735 3284 2791 oculum
3324 2734 3621 2801 eﬂ’ossura,

2020 2833 2076 2882 et
2105 2825 2191 2897 (d)
2222 2842 2438 2883 omnem
2467 2827 2682 2904 dentem
2712 2828 3005 2885 excitatura
3035 2826 3115 2900 (9)
3146 2843 3257 2898 prae
3288 2827 3622 2897 impunitatis

2021 2920 2338 2976 securitate.
2370 2919 2478 2975 Sed
2509 2920 2611 2976 hoc
2640 2931 2723 2976 εει
2754 2921 2847 2976 Dei
2875 2922 3099 2990 optimi,
3138 2928 3194 2975 et
3222 2928 3427 2975 tantum
3457 2917 3583 2974 boni
3603 2960 3621 2987 ,

2023 3012 2299 3083 patientiae
2327 3011 2577 3083 injuriam
2601 3011 2800 3081 facere,
2829 3012 3099 3068 violentia:
3121 3014 3339 3083 januam
3365 3009 3621 3082 pandere,

310 3104 558 3160 videatur
583 3111 639 3159 et
675 3102 892 3158 dentem
939 3113 1037 3170 pro
1066 3098 1247 3166 dente,
1276 3098 1489 3153 oculum
1519 3111 1616 3166 pro
1654 3096 1832 3162 oculo,
1863 3094 1914 3148 in

2026 3105 2224 3175 probos
2251 3120 2358 3161 non
2386 3103 2700 3170 defendere,
2729 3105 3005 3176 improbos
3029 3094 3135 3162 rion
3163 3119 3438 3173 coercere,
3464 3102 3621 3159 Omni

311 3196 484 3252 vicem
517 3196 726 3265 injuriae
770 3193 1009 3264 exigere,
1065 3192 1158 3262 qui
1203 3206 1309 3246 non
1358 3189 1520 3245 modo
1574 3188 1769 3255 vicem,
1824 3185 1921 3244 sed

313 3288 475 3344 etiam
490 3288 768 3354 ultionem,
784 3285 947 3340 etiam
969 3282 1399 3339 recordationem
1414 3289 1471 3336 et
1482 3279 1919 3351 recogitationem

315 3382 525 3453 injuriae
536 3381 819 3454 prohibet:
844 3380 897 3434 in
945 3386 1150 3434 tantum
1179 3376 1418 3447 aperitur
1442 3373 1620 3440 nobis,
1651 3371 1921 3445 quomodo

259 3456 275 3466 ’
315 3478 533 3532 oculum
559 3491 656 3548 pro
675 3474 855 3539 oculo,
882 3482 937 3527 et
958 3471 1174 3528 dentem
1196 3484 1294 3541 pro
1311 3468 1472 3524 dente
1495 3465 1784 3530 censuerit,
1812 3478 1921 3521 non

316 3572 383 3628 ad
414 3570 704 3627 secundam
745 3566 996 3638 injuriam
1036 3564 1251 3620 talionis
1296 3560 1729 3632 permittendum,
1761 3573 1920 3630 quam

315 3662 665 3735 prohibuerat
704 3657 984 3714 interdicta
1036 3655 1262 3719 ultione,
1292 3654 1388 3708 sed
1422 3651 1489 3708 ad
1516 3652 1740 3722 primam
1767 3666 1923 3707 coer-

255 3743 278 3790 τ
318 3753 568 3816 cendam,
599 3764 758 3821 quam
813 3746 1162 3819 prohibuerat
1207 3744 1454 3816 opposito
1504 3743 1702 3798 talione
1727 3741 1829 3814 (5),
1865 3751 1922 3798 ut

319 3843 687 3918 unusquisque
717 3840 1012 3913 reSpieiens
1039 3837 1310 3894 licentiam
1340 3834 1594 3892 secunda:
1626 3834 1856 3906 injuriae,
1888 3851 1920 3891 a

317 3939 489 4009 prima
544 3935 890 4006 semetipsum
957 3932 1283 3989 contineret.
1334 3929 1565 3986 Facilius
1613 3929 1755 3984 enim
1808 3930 1915 3984 vim

322 4029 603 4101 eoinprimi
634 4027 734 4083 scit
754 4028 1231 4098 repraesentatione
1260 4023 1493 4090 talionis,
1525 4037 1684 4094 quam
1727 4037 1918 4093 repro-

323 4124 585 4180 missione
629 4121 868 4176 ultionis.
922 4118 1219 4188 Utrumque
1261 4126 1442 4172 autem
1483 4116 1919 4172 constituendum

323 4220 421 4274 fuit
464 4232 563 4290 pro
604 4225 793 4270 natura
820 4223 875 4269 et
905 4212 1011 4269 ﬁde
1040 4203 1350 4277 hominitm;
1383 4218 1441 4265 ut
1474 4211 1565 4281 qui
1597 4210 1707 4266 Deo
1731 4211 1923 4267 crede-

323 4323 407 4371 ret
433 4312 688 4369 ultionem
716 4324 747 4364 a
777 4309 887 4365 Deo
912 4315 1276 4378 exspectaret,
1299 4304 1389 4376 qui
1408 4305 1588 4361 minus
1608 4303 1800 4361 ﬁderet
1819 4305 1922 4381 (6),

2026 3197 2214 3277 petenti
2261 3207 2342 3263 te,
2387 3196 2549 3264 dato;
2575 3198 2759 3267 utique
2799 3196 3056 3269 indigenti
3088 3214 3103 3252 :
3133 3197 3217 3253 vel
3264 3205 3410 3251 tanto
3452 3199 3626 3266 magis

2026 3288 2322 3361 indigenti,
2362 3287 2413 3343 si
2441 3290 2605 3344 etiam
2640 3298 2694 3345 et
2722 3288 3037 3344 abundanti.
3072 3288 3150 3343 Ne
3179 3289 3296 3359 quis
3325 3303 3453 3359 ergo
3478 3286 3622 3343 indi-

2024 3390 2177 3452 geat,
2201 3380 2375 3436 datori
2407 3387 2646 3451 paratam
2698 3376 2812 3454 (Ill)
2855 3379 3022 3435 habes
3067 3379 3479 3435 Deuteronontio
3517 3380 3628 3433 for-

2028 3488 2169 3527 mam
2204 3472 2515 3528 Creatoris:
2552 3471 2674 3527 Non
2700 3473 2831 3538 erit,
2870 3472 3041 3543 inquit
3081 3471 3278 3542 (Deut.
3312 3470 3431 3539 XV,
3463 3471 3497 3527 4
3522 3470 3542 3543 )
3569 3472 3627 3525 in

2031 3575 2078 3618 te
2104 3563 2339 3636 indigens
2362 3581 2382 3629 ;
2411 3565 2487 3619 uti
2516 3565 2811 3620 benedicens
2840 3565 3099 3619 benedicat
3130 3574 3177 3618 te
3208 3563 3458 3618 Dominus
3486 3562 3625 3619 Deus

2028 3668 2182 3724 tuus;
2211 3658 2454 3715 datorem
2480 3659 2723 3726 scilicet,
2758 3658 2848 3730 qui
2880 3657 3069 3714 fecerit
3098 3673 3202 3712 non
3232 3668 3354 3712 esse
3385 3655 3628 3726 indigea-

2027 3759 2158 3807 tem.
2187 3751 2253 3806 Et
2274 3751 2393 3822 plus
2426 3751 2512 3807 hic
2532 3791 2547 3817 ,
2589 3766 2695 3806 non
2722 3752 2869 3806 enim
2908 3749 3108 3821 petenti
3143 3747 3296 3819 jubet
3325 3747 3463 3803 dari.
3495 3747 3624 3813 Sed,

2029 3840 2151 3898 Non
2180 3843 2264 3910 sit,
2287 3840 2472 3913 inquit,
2488 3838 2728 3913 indigens
2758 3841 2811 3895 in
2847 3850 2937 3906 te;
2968 3840 3020 3896 id
3045 3851 3147 3907 est,
3180 3855 3306 3895 cura
3334 3839 3473 3895 ultro
3505 3838 3627 3910 (11)

2027 3950 2095 3992 ne
2119 3937 2225 3991 sit:
2249 3950 2355 4007 quo
2385 3935 2554 4007 magis
2580 3935 2781 4005 petenti
2814 3928 3127 4006 priejndicat
3152 3933 3387 3989 dandum
3410 3975 3426 4000 ,
3462 3933 3627 3988 etiam

2027 4030 2080 4086 in
2130 4028 2516 4100 sequentibus:
2545 4029 2605 4083 Si
2635 4037 2800 4082 autem
2847 4028 3001 4100 fuerit
3042 4026 3278 4098 indigens
3325 4043 3351 4079 e
3382 4025 3628 4096 fratribus

2026 4121 2145 4188 tuis,
2174 4136 2275 4174 non
2296 4128 2487 4174 avertes
2512 4135 2600 4174 cor
2619 4130 2783 4188 tuum,
2807 4134 2897 4173 nec
2917 4118 3231 4189 constringes
3255 4134 3461 4172 manum
3483 4126 3626 4171 tuam

2029 4231 2060 4268 a
2078 4219 2239 4287 fratre
2266 4223 2354 4267 tuo
2374 4212 2489 4287 (12)
2507 4212 2786 4283 indigente.
2807 4211 3052 4284 Aperiens
3074 4211 3270 4281 aperies
3293 4211 3369 4265 illi
3397 4225 3624 4275 manum,

2031 4307 2196 4378 [mnus
2227 4304 2496 4378 fwnembis
2537 4305 2615 4361 illi
2643 4314 2887 4377 quantum
2928 4305 3225 4360 desiderarit
3249 4302 3384 4378 (I3).
3425 4302 3627 4360 Fumus

1509 4419 1893 4480 LECTIONES
1932 4419 2344 4480 VARIANTES.

387 4544 460 4603 (l)
493 4543 621 4595 Tres
648 4546 807 4592 Venet.
835 4538 1078 4591 mendose.

386 4606 459 4668 (2)
494 4606 732 4655 Praedicat
754 4613 868 4668 .lurtt

408 4665 459 4729 δ)
494 4665 887 4729 QuisqueSeml.

411 4723 461 4789 4)
496 4723 672 4780 F‘idet'n
703 4725 853 4779 inser.
892 4723 1101 4789 oberth._
1133 4728 1241 4789 post
1271 4724 1424 4775 Seml.

411 4783 461 4855 ὅ)
496 4792 702 4855 Talione
724 4789 945 4855 Opposito
966 4783 1370 4852 Seml.'0pposita
1388 4785 1579 4839 Parnel.

388 4848 461 4918 (6)
497 4848 778 4918 Contitlerei
791 4848 865 4903 ἀι.

389 4909 463 4983 (7)
498 4915 817 4970 Considerem
852 4909 1042 4965 Pamel.

441 4676 463 4984 ἔ

2112 4598 2163 4649 9)
2198 4598 2474 4649 Excussura
2506 4599 2610 4647 Lat.

1946 4538 2000 4600 Ι)
2111 4536 2163 4662 8)
2198 4536 2466 4587 Praestat-et
2484 4530 2675 4586 Pamel.

2112 4600 2143 4648 9
2198 4598 2474 4649 Excussura
2506 4599 2610 4647 Lat.

2090 4536 2405 4727 310)_Datori
2440 4661 2675 4727 imperata

2118 4658 2195 4725 10)
2213 4724 2218 4725 ί
2236 4661 2405 4711 Datori
2442 4661 2732 4725 imperatam
2768 4658 2885 4725 ttig._
2904 4662 3071 4711 Venet.
3096 4660 3149 4709 in
3169 4658 3389 4710 datorem
3410 4663 3629 4723 paratam

2025 4719 2166 4775 Pa'm.
2179 4719 2414 4773 datorem
2439 4719 2729 4785 imperatum
2750 4719 2904 4774 Serui.

2116 4786 2194 4849 Il)
2231 4784 2368 4849 Ultra
2392 4784 2549 4849 Latin.

2118 4844 2197 4898 12⁷)
2230 4848 2338 4898 Tuo
2359 4844 2511 4898 omitt.
2539 4848 2692 4898 Seml.

2114 4855 2197 4975 iii
2226 4855 2707 4962 bigiigfii'omt

1695 5012 2253 5074 COMMENTARIUS.

397 5159 554 5219 CAP.
583 5157 809 5235 XVln—
832 5153 909 5235 (a)
939 5153 1008 5208 Et
1031 5150 1322 5235 Benedjeite
1344 5167 1433 5209 eos
1459 5150 1548 5235 qui
1569 5166 1657 5206 vos
1685 5152 1922 5235 oderunt,

327 5244 433 5290 etc.
468 5229 737 5300 Evangelii
761 5222 941 5300 verba
962 5240 1125 5285 sensu
1146 5222 1384 5300 -γξὼέιιιιζ
1429 5223 1758 5300 caluariam-ts
1781 5222 1924 5300 (ha.

327 5307 524 5362 bentur
552 5290 731 5358 autem
760 5296 1121 5372 apudLucam
1146 5294 1218 5348 Vl
1244 5290 1427 5372 eam):
1459 5290 1561 5360 Qui
1599 5290 1925 5372 inimicith

328 5386 376 5431 et
401 5376 640 5441 oderunt,
672 5382 725 5427 at
746 5364 1081 5435 m'tdedicuut,
1108 5376 1157 5420 et
1182 5364 1582 5421 calumniantur.
1613 5365 1691 5421 Le
1720 5365 1819 5420 Pa.

400 5467 481 5537 (b)
525 5465 728 5520 Novam
782 5463 934 5534 plane
984 5457 1303 5537 patientiam,
1352 5466 1457 5512 etc.
1484 5456 1627 5537 _H:i:e
1669 5457 1735 5512 ad
1779 5472 1932 5537 men.

330 5526 437 5593 tein
464 5526 994 5603 Marcionis,'neque‘
1018 5533 1161 5586 enim
1192 5529 1359 5599 ipsius
1386 5526 1548 5582 verba
1579 5540 1703 5583 esse
1746 5528 1931 5583 existi-

329 5608 733 5772 mteﬁlcftll‘um
783 5711 875 5769 pro
901 5692 1071 5761 oculo,
1105 5697 1212 5745 ctc.
1240 5687 1443 5747 Eadem
1488 5688 1751 5747 habentur
1789 5688 1826 5744 l.
1858 5688 1922 5745 de

2034 5129 2183 5197 Pal"
2213 5145 2262 5185 c.
2293 5129 2348 5185 6.
2377 5129 2455 5191 LE
2484 5129 2579 5189 Ριι.

2102 5196 2183 5274 (d)
2212 5200 2279 5255 Et
2306 5217 2504 5274 onlnem
2524 5199 3048 5274 dentanexcilatura.
3066 5197 3167 5266 Qui
3196 5196 3479 5274 excitatur,
3509 5198 3633 5274 loco

2029 5270 2143 5331 fere
2163 5270 2436 5329 movetur.
2478 5272 2659 5342 Itaque
2693 5272 2964 5341 eleganter
2992 5270 3098 5334 ait,
3129 5283 3306 5342 pugno
3335 5270 3387 5342 in
3431 5271 3632 5327 maxil-

2029 5343 2134 5401 lam
2168 5344 2379 5402 incusso
2420 5338 2641 5399 dentem
2673 5338 2890 5401 omnem
2924 5338 3167 5398 excitari.
3197 5338 3308 5394 Nec
3350 5340 3508 5395 inane
3545 5351 3633 5397 est

2036 5424 2220 5469 votum
2261 5414 2441 5471 miseri
2473 5415 2614 5469 illius
2644 5415 2697 5470 in
2721 5415 2837 5471 rixa
2865 5414 3081 5484 pugnati
3101 5454 3117 5478 ,
3166 5422 3223 5484 ut
3260 5412 3410 5465 liceat
3444 5415 3629 5483 paucis

2035 5500 2153 5538 cum
2172 5484 2404 5545 dentibus
2430 5484 2548 5541 inde
2566 5488 2769 5542 reverti.
2797 5481 3033 5541 Lucilius
3056 5483 3167 5539 Sat.
3193 5481 3260 5536 9:

2127 5578 2326 5644 arripio
2363 5585 2575 5644 rostrum
2620 5578 2876 5644 labiasque
2912 5577 3058 5640 hujus
3096 5574 3291 5644 ζει)ὴὶνί
3334 5581 3483 5636 atque
3533 5576 3629 5625 im-

2130 5638 2381 5702 Percutio,
2402 5640 2679 5706 dentesque
2704 5638 2939 5694 adversas
2962 5638 3161 5691 excutio
3178 5648 3413 5747 emacitas
