4020 6286
431 194 545 258 397

1542 203 1668 265 LIB.
1710 201 1777 266 IV
1822 205 2186 282 ADVERSUS
2220 209 2649 275 MARCIONEM.

3639 224 3750 285 598

432 316 584 371 enim
615 316 713 372 nisi
743 316 942 389 petenti
974 315 1087 375 dari
1110 333 1214 398 non
1235 319 1388 377 solet.
1417 321 1522 380 Sed
1552 323 1621 381 de
1653 324 1856 382 foenore
1886 335 2033 397 post-
2062 328 2116 388 Α
2142 310 2313 402 legem
2352 332 2644 409 voluntatis
2686 348 2867 403 parem
2907 330 3142 401 factum,
3185 346 3241 394 et
3281 337 3362 413 (9)
3402 340 3601 413 possim
3655 344 3747 403 alii

434 409 684 465 modum.
720 410 871 466 Nunc
902 412 944 466 si
979 413 1102 483 quid
1136 413 1368 468 voluerit
1393 417 1790 486 argumentari,
1821 416 2043 473 Creato-

430 516 553 557 rem
588 502 803 574 quidem
852 503 1108 561 fratribus
1149 504 1264 561 dari
1297 506 1525 576 jussisse
1549 550 1564 575 ,
1613 509 1883 564 Christum
1915 525 2045 566 vero

432 592 689 648 omnibus
731 595 1074 664 petentibus;
1104 604 1159 650 ut
1188 595 1289 653 hoc
1326 597 1395 653 sit
1433 614 1628 654 novum
1667 610 1827 672 atque
1867 600 2044 658 diver-

433 699 558 741 sum
593 706 605 741 :
636 688 744 742 imo
768 702 931 742 unum
971 689 1074 744 erit
1103 706 1167 745 ex
1211 689 1290 744 his
1313 732 1327 759 ,
1369 706 1466 762 per
1499 708 1619 763 qure
1657 693 1742 749 lex
1774 694 2046 751 Creatoris

432 780 541 833 erit
585 779 636 832 in
682 776 917 835 Christo.
960 779 1074 836 Non
1122 782 1267 838 enim
1309 783 1450 838 aliud
1480 782 1725 840 Christus
1767 786 1820 840 in
1856 801 2044 842 omnes

432 872 693 942 prmcepit
735 873 857 944 (1),
902 889 1059 943 quam
1102 874 1242 947 quod
1283 872 1508 932 Creator
1545 878 1597 933 in
1639 877 1854 935 fratres.
1909 879 2043 936 Nam

431 963 539 1017 etsi
568 964 739 1033 major
760 975 844 1019 est
870 963 1080 1019 bonitas
1109 981 1231 1037 qua)
1258 980 1509 1038 operatur
1531 969 1582 1025 in
1615 983 1923 1037 extraneos,
1944 972 2041 1029 sed

435 1070 549 1110 non
580 1057 728 1128 prior
756 1072 816 1112 ea
848 1072 965 1129 quae
993 1068 1118 1114 ante
1142 1058 1369 1116 debetur
1396 1062 1478 1134 (‘2)
1510 1063 1562 1118 in
1592 1065 1886 1133 proximos.
1916 1067 2046 1135 Quis

433 1150 584 1205 enim
619 1167 723 1205 non
764 1150 990 1222 diligens
1020 1152 1297 1223 proximos
1326 1145 1446 1228 (5),.
1472 1159 1669 1226 poterit
1695 1158 1918 1232 diligere
1946 1177 2044 1217 ex-

429 1244 696 1299 traneos?
735 1242 888 1312 Quod
939 1245 982 1300 si
1027 1248 1296 1302 secundus
1334 1248 1533 1319 gradus
1573 1252 1830 1309 bonitatis
1869 1266 1950 1310 est
1988 1255 2042 1310 in

429 1345 749 1403 extraneos,
781 1336 867 1407 qui
902 1339 953 1392 in
986 1340 1261 1408 proximos
1288 1342 1491 1411 primus
1517 1353 1599 1400 est
1625 1362 1639 1411 ;
1671 1346 1908 1417 ejusdem
1940 1348 2045 1403 erit

426 1430 711 1485 secundus
740 1430 939 1502 gradus
961 1474 975 1497 ,
1015 1431 1168 1503 cujus
1194 1444 1248 1489 et
1281 1436 1514 1504 primus;
1563 1438 1771 1493 facilius
1800 1456 1958 1511 quam
1989 1451 2047 1496 ut

431 1523 555 1594 ejus
609 1524 679 1577 sit
706 1525 1006 1588 secundus,
1038 1525 1191 1596 cujus
1220 1543 1326 1583 non
1356 1532 1532 1595 extitit
1561 1530 1637 1603 (4)
1672 1532 1894 1602 primus.
1930 1533 2003 1589 Ita
2025 1576 2040 1601 ,

430 1616 661 1670 Creator
690 1625 747 1671 et
776 1615 1073 1672 secundum
1116 1629 1319 1674 natura:
1348 1620 1592 1676 ordinem
1621 1608 1849 1693 primum
1882 1622 1962 1697 (5)
1991 1625 2041 1679 in

2148 435 2256 475 non
2288 432 2545 493 prmstare
2569 465 2583 490 ,
2631 425 2774 495 quod
2798 426 2864 482 ab
2896 415 3004 482 alio
3044 427 3177 483 mihi
3206 430 3364 486 velim
3409 433 3704 502 prarsutum
3727 477 3742 503 ,

2146 525 2408 579 amorem,
2439 514 2756 588 obsequium
2783 558 2798 584 ,
2827 518 3076 575 solatium
3100 559 3113 587 ,
3143 508 3451 591 prtesidinm
3476 565 3491 592 ,
3519 534 3574 580 et
3598 524 3744 596 ejus-

2148 603 2290 658 modi
2341 604 2522 661 bona:
2558 607 2782 679 proinde
2825 625 2925 665 nec
2948 608 3062 685 (10)
3111 612 3200 667 alii
3244 614 3461 685 facere,
3505 617 3647 687 quod
3680 619 3747 675 ab

2148 694 2253 750 alio
2280 695 2409 751 mihi
2439 694 2554 754 fieri
2585 692 2751 755 nolim
2778 742 2793 773 ,
2818 701 2924 757 vim
2951 744 2965 767 ,
2996 702 3245 773 injuriam
3273 747 3286 777 ,
3320 710 3701 767 contumeliam
3725 753 3741 778 ,

2149 783 2390 842 fraudem
2418 831 2432 855 ,
2482 800 2536 846 et
2564 780 2826 860 ejusmodi
2857 778 3016 848 mala.
3048 795 3286 865 Denique
3311 840 3326 867 ,
3369 797 3469 855 hac
3495 801 3747 858 inconve~

2148 876 2349 963 nientia
2384 879 2674 937 voluntatis
2704 890 2757 938 et
2788 882 2914 938 facti
2941 926 2954 951 ,
2998 893 3162 957 agunt
3190 874 3394 947 ethnici
3434 892 3670 949 nondum
3712 909 3742 948 a
3774 960 3787 969 _

2149 967 2258 1025 Deo
2286 969 2400 1045 (11)
2433 972 2698 1030 instructi.
2731 973 2866 1055 Nam
2888 975 2987 1031 etsi
3014 970 3201 1033 natura
3234 979 3432 1038 bonum
3460 993 3513 1039 ct
3539 967 3798 1057 malum;

2149 1070 2334 1116 notum
2362 1059 2447 1119 est
2471 1106 2485 1130 ,
2530 1080 2635 1120 non
2665 1074 2842 1122 tamen
2872 1067 2965 1123 Dei
3006 1062 3290 1141 disciplina
3316 1090 3328 1127 :
3361 1089 3463 1145 qua
3488 1076 3701 1148 cognita
3727 1121 3743 1146 ,

2149 1161 2276 1209 tunc
2301 1155 2521 1212 demum
2552 1159 2929 1216 convenientia
2957 1162 3249 1220 voluntatis
3276 1176 3328 1221 et
3357 1166 3479 1224 facti
3513 1185 3577 1224 ex
3604 1170 3709 1226 Iide
3728 1214 3742 1236 ,

2150 1255 2208 1300 ut
2237 1247 2336 1302 sub
2368 1259 2513 1305 metu
2548 1250 2638 1306 Dei
2678 1252 2871 1322 agitur.
2914 1250 3098 1325 Itaque
3137 1255 3272 1312 deus
3309 1257 3594 1316 Marcionis
3628 1262 3744 1335 (I2)

2147 1351 2268 1394 cum
2300 1340 2537 1397 maxime
2565 1343 2835 1399 revelatus
2856 1345 2966 1411 sit,
3013 1355 3190 1403 tamen
3221 1349 3492 1406 revelatus
3517 1368 3624 1407 non
3648 1370 3745 1427 po-

2150 1429 2425 1501 tuithujus
2454 1435 2709 1505 prrecepti
2746 1435 2813 1491 de
2858 1452 2965 1507 quo
2991 1439 3201 1509 agitur,
3233 1450 3337 1496 tam
3369 1444 3613 1500 strictum
3637 1487 3650 1511 ,
3682 1457 3740 1502 et

2148 1520 2471 1593 obscurum,
2507 1534 2561 1582 ct
2581 1541 2783 1583 crocum
2807 1528 2981 1584 adlmc
3007 1570 3021 1596 ,
3067 1541 3121 1585 et
3142 1531 3352 1588 facilius
3380 1551 3476 1603 pro
3500 1554 3624 1605 tneo
3649 1554 3746 1607 po-

2150 1606 2254 1669 tius
2280 1616 2500 1673 arbitrio
2533 1612 3018 1693 interpretandum,
3060 1626 3437 1697 compendium
3471 1606 3739 1697 emittere,

386 1762 410 1801 τ
430 1704 718 1775 proximos
746 1706 931 1763 docuit
957 1709 1364 1782 benignitatem,
1393 1714 1688 1770 emissurus
1714 1731 1830 1772 eam
1860 1726 2042 1791 postea

2153 1707 2304 1777 cujus
2347 1708 2547 1764 nullam
2603 1721 2987 1781 praestruxerat
3029 1714 3150 1787 (15)
3200 1717 3624 1777 distinctionem.
3680 1725 3751 1778 At

431 1807 491 1853 et
521 1799 604 1867 (li)
638 1799 688 1853 in
731 1810 1057 1870 extraneos;
1088 1813 1142 1859 et
1169 1806 1465 1862 secundant
1517 1809 1782 1865 rationem
1810 1811 2041 1881 disposi-

434 1888 602 1944 tionis
628 1906 771 1955 suae,
808 1892 983 1962 primo
1010 1893 1062 1949 in
1094 1892 1343 1961 Iudaeos.
1375 1908 1561 1967 postea
1589 1900 1720 1955 etin
1753 1915 1913 1957 omne
1940 1902 2041 1958 ho-

430 1983 640 2037 minum
666 1979 856 2053 genus.
885 1983 1152 2056 Ideoque,
1196 1987 1450 2058 quamdiu
1484 1990 1621 2045 intra
1646 1990 1899 2048 Israelem
1928 2005 2043 2050 erat

429 2081 870 2142 sacramentum,
904 2078 1099 2133 merito
1126 2079 1177 2133 in
1218 2080 1363 2135 solos
1391 2080 1580 2137 fratres
1620 2082 2041 2144 miscricordiam

432 2163 745 2220 mandabat.
799 2166 866 2222 At
922 2167 1007 2223 ubi
1056 2168 1275 2227 Christo
1314 2170 1461 2227 dedit
1501 2172 1640 2246 (Ps.
1682 2174 1749 2242 Il,
1788 2174 1861 2246 8)
1913 2195 2039 2249 gen-

436 2264 513 2310 tes
554 2256 635 2328 (7)
689 2257 1067 2329 Itwredilntem,
1109 2274 1155 2315 et
1193 2264 1559 2335 possessionem
1591 2266 1828 2321 terminos
1858 2276 2038 2335 terrae,

434 2362 491 2406 ct
533 2352 695 2421 erepit
736 2355 965 2425 expungi
1006 2355 1149 2426 quod
1191 2357 1390 2412 dictum
1430 2369 1511 2414 cst
1541 2375 1635 2430 per
1672 2359 1808 2416 Osee
1852 2362 1870 2433 (
1903 2362 2043 2419 0.5.1

434 2454 487 2499 et
520 2444 562 2498 II
588 2448 637 2515 ):
675 2443 795 2500 Non
824 2448 1045 2519 populus
1085 2466 1248 2515 meus,
1280 2451 1498 2521 populus
1532 2438 1669 2508 meus
1688 2471 1708 2519 ;
1739 2465 1783 2508 et
1813 2470 1911 2509 non
1941 2454 2039 2508 mi-

403 2537 415 2546 “
435 2538 768 2592 sericordiam
802 2550 1070 2595 consecuta
1090 2583 1104 2607 ,
1138 2542 1541 2599 misericordiam
1568 2558 1863 2612 consecuta,
1898 2548 2043 2605 natio

436 2632 676 2696 scilicet;
725 2634 924 2689 exinde
962 2633 1206 2691 Christus
1253 2637 1304 2690 in
1347 2652 1534 2694 omnes
1588 2639 1758 2712 legem
1801 2652 2042 2714 paterna:

441 2722 793 2794 benignitatis
834 2727 1079 2783 extendit
1117 2729 1390 2786 neminem
1428 2732 1701 2803 excipiens
1734 2735 1785 2789 in
1817 2735 2043 2792 misera-

445 2815 596 2872 tione
635 2818 769 2875 sicut
804 2818 858 2872 in
896 2822 1202 2877 vocatione.
1249 2822 1325 2878 Ita
1351 2831 1407 2878 et
1440 2824 1483 2877 si
1514 2824 1642 2895 quid
1673 2826 1901 2896 amplius
1945 2828 2043 2882 do-

439 2911 553 2963 enit
578 2950 592 2976 ,
636 2913 739 2967 hoc
777 2926 997 2984 quoque
1037 2914 1088 2968 in
1132 2913 1500 2972 [nereditatem
1537 2917 1776 2990 gentium
1817 2920 2043 2990 accepit.

438 2999 510 3056 Et
540 3002 670 3055 sicut
695 3003 833 3058 vobis
858 3004 971 3074 ﬁeri
1000 3003 1149 3061 vultis
1178 3006 1240 3060 ab
1277 3006 1564 3063 hominibus
1584 3050 1598 3076 ,
1631 3009 1700 3063 ita
1724 3019 1769 3064 et
1796 3026 1880 3064 vos
1900 3012 2051 3083 facile

2149 1799 2290 1853 enim
2316 1808 2526 1855 creator
2555 1816 2708 1857 meus
2738 1811 2792 1859 et
2834 1801 2951 1875 (14)
2996 1805 3123 1861 olim
3165 1816 3220 1863 et
3263 1810 3458 1881 ubique
3496 1814 3753 1885 praecepit

2149 1888 2473 1962 indigentes,
2498 1906 2760 1965 pauperes
2795 1906 2849 1951 et
2876 1897 3107 1967 pupillos
3134 1908 3187 1955 ct
3209 1901 3394 1957 viduas
3418 1906 3644 1977 protegi,
3665 1907 3751 1977 ju-

2146 1984 2280 2050 vari,
2310 1983 2613 2055 refrigerari
2646 1986 2816 2042 :sicut
2849 1997 2903 2044 et
2925 2004 3020 2058 per
3046 1989 3236 2046 Isaiam
3278 1993 3377 2066 (Is.
3408 1995 3588 2066 LVIII,
3632 1999 3701 2072 7)
3734 2020 3747 2056 :

2147 2073 2432 2149 Infringito
2467 2078 2708 2133 esurienti
2739 2077 2852 2151 (15)
2885 2098 3068 2151 partem
3096 2094 3236 2139 tuum
3272 2086 3385 2161 (I6)
3414 2107 3433 2156 ;
3474 2103 3520 2145 et
3552 2093 3748 2149 mendi—

2147 2184 2232 2222 cos
2274 2167 2388 2241 (I7)
2434 2170 2519 2239 qui
2550 2169 2657 2224 siue
2687 2180 2813 2224 tecto
2840 2182 2954 2226 sunt
2984 2173 3039 2228 in
3074 2175 3280 2232 domum
3317 2189 3457 2235 tuam
3485 2184 3750 2254 inducite;

2146 2269 2193 2314 et
2236 2260 2431 2314 nudum
2483 2261 2526 2314 si
2572 2260 2799 2330 videris,
2853 2265 3025 2335 tegito.
3075 2266 3207 2323 Item
3251 2286 3349 2345 per
3397 2274 3737 2333 Ezecltielem

2149 2350 2414 2418 (Ezech.,
2467 2351 2661 2423 XVIII,
2691 2352 2795 2427 7),
2847 2355 2913 2411 de
2961 2354 3076 2414 viro
3120 2361 3310 2430 justo:
3364 2363 3558 2421 Panem
3597 2385 3747 2425 suum

2148 2443 2287 2498 dabit
2330 2446 2600 2513 esurienti,
2655 2456 2703 2501 et
2746 2448 2940 2502 nudum
2984 2460 3233 2523 conteget.
3279 2457 3422 2514 Satis
3467 2473 3596 2532 ergo
3633 2462 3747 2531 jam

2150 2546 2277 2592 tunc
2311 2535 2423 2611 (18)
2473 2540 2560 2594 me
2580 2537 2764 2595 docuit
2803 2555 2865 2595 ea
2906 2539 3082 2598 facere
3102 2544 3220 2599 aliis
3243 2583 3262 2615 ,
3294 2564 3411 2619 quae
3433 2551 3560 2605 mihi
3586 2553 3740 2611 velim

2151 2627 2284 2684 fieri.
2319 2629 2551 2685 Proinde
2577 2630 2900 2687 denuntians
2927 2651 2940 2688 :
2976 2631 3098 2688 Non
3137 2638 3334 2693 occides
3357 2682 3373 2708 ,
3416 2659 3518 2696 non
3544 2645 3745 2705 adulte-

2150 2721 2307 2788 rabis,
2360 2738 2463 2776 non
2503 2722 2790 2793 furaberis,
2831 2740 2931 2778 non
2988 2727 3179 2797 falsum
3209 2733 3546 2790 testimonium
3581 2737 3753 2805 dices;

2151 2810 2334 2869 docuit
2361 2829 2431 2869 ne
2461 2814 2653 2870 faciam
2684 2815 2804 2870 aliis
2827 2832 2947 2886 quae
2973 2816 3090 2874 fieri
3121 2821 3252 2877 mihi
3286 2825 3450 2880 nolim
3488 2844 3500 2879 :
3534 2839 3586 2884 et
3628 2830 3749 2887 idco

2152 2908 2320 2978 ipsius
2356 2909 2459 2963 erit
2501 2918 2829 2980 praeceptum
2858 2909 2910 2964 in
2947 2910 3234 2986 Evangelio
3258 2957 3273 2983 ,
3315 2918 3402 2987 qui
3434 2920 3565 2975 illud
3607 2932 3753 2979 retro

2153 3010 2206 3056 et
2236 3002 2542 3072 praestruxit
2572 3013 2625 3058 et
2650 3000 2921 3071 distinxit,
2956 3013 3010 3061 et
3036 3004 3103 3061 ad
3131 3006 3412 3065 arbitrium
3455 3008 3754 3086 disciplina:

435 3094 547 3148 illis
595 3093 768 3167 (Luc.
810 3095 880 3151 VI
904 3096 946 3168 ).
988 3097 1047 3153 In
1106 3096 1208 3153 isto
1252 3109 1521 3171 prwcepto
1558 3100 1740 3172 utique
1777 3101 1878 3156 alia
1925 3117 2047 3173 pars
2075 3116 2120 3181 ρ
2155 3110 2265 3150 sure
2291 3095 2556 3166 disposuit
2580 3111 2596 3151 :
2621 3105 2676 3151 et
2704 3095 2901 3151 merito
2918 3097 3032 3167 jam
3059 3101 3381 3170 compendio
3408 3104 3752 3175 substrinxit,

438 3187 564 3256 ejus
595 3187 949 3244 subauditur:
980 3188 1049 3243 Et
1078 3190 1208 3245 sicut
1236 3192 1372 3246 vobis
1403 3209 1504 3246 non
1533 3193 1684 3247 vultis
1714 3194 1826 3264 fieri
1859 3193 1921 3248 ab
1948 3194 2046 3249 lto-

438 3279 665 3333 minibus
687 3322 704 3349 ,
738 3276 807 3334 ita
838 3292 881 3336 et
907 3299 995 3337 vos
1019 3300 1080 3338 ne
1105 3282 1307 3356 faciatis
1331 3285 1455 3340 illis.
1486 3285 1599 3341 Hoc
1628 3287 1671 3342 si
1700 3302 1873 3342 novus
1904 3287 2045 3344 Deus

438 3383 494 3430 et
529 3374 742 3443 ignotus
773 3386 951 3442 retro,
995 3388 1050 3432 et
1082 3378 1318 3434 nondum
1362 3381 1517 3450 plane
1551 3380 1725 3436 editus
1754 3382 2043 3453 praecepit,

436 3467 532 3538 qni
579 3482 664 3523 me
708 3467 853 3523 nulla
899 3469 1129 3527 antehac
1164 3472 1502 3529 institutione
1549 3472 1895 3543 formaverit,
1942 3490 2044 3547 qua

438 3560 595 3631 prius
622 3560 819 3618 scirem
851 3563 977 3634 quid
1007 3564 1259 3621 deberem
1292 3566 1421 3621 mihi
1456 3567 1594 3623 velle
1637 3567 1719 3623 vel
1748 3569 1894 3624 nolle
1915 3610 1930 3636 ,
1958 3578 2040 3624 at-

441 3666 553 3721 que
581 3650 651 3705 ita
691 3662 744 3707 et
780 3655 903 3709 aliis
958 3654 1135 3713 facere
1160 3698 1174 3724 ,
1219 3674 1340 3729 quae
1375 3658 1453 3731 (8)
1488 3659 1617 3714 mihi
1652 3661 1846 3717 vellem
1876 3679 1890 3729 ;
1933 3677 2040 3717 non

440 3745 625 3801 facere
647 3788 662 3814 ,
707 3764 826 3816 qua:
856 3756 910 3804 et
939 3750 1071 3809 mihi
1100 3751 1300 3808 nollem
1321 3795 1337 3821 ,
1371 3753 1734 3824 passivitatem
1762 3758 2041 3814 sententia:

436 3854 586 3894 mea:
619 3840 891 3909 permisit,
933 3858 1035 3898 nec
1074 3843 1360 3901 adstrinxit
1392 3863 1476 3902 me
1514 3847 1578 3903 ad
1610 3850 2040 3906 convenientiam

436 3934 738 3988 voluntatis
765 3944 820 3990 et
849 3936 992 4002 facti,
1018 3949 1077 3992 ut
1102 3939 1152 3993 id
1180 3939 1302 3997 aliis
1328 3940 1517 3997 faciam
1539 3941 1680 4013 quod
1702 3943 1831 3998 mihi
1857 3944 2036 4011 velim,

436 4036 496 4084 et
526 4025 577 4082 id
607 4042 709 4082 nec
735 4028 857 4086 aliis
879 4030 1065 4086 faciam
1088 4032 1230 4103 quod
1258 4033 1388 4096 mihi
1414 4035 1601 4093 nolim.
1631 4034 1749 4091 Non
1776 4036 1917 4093 enim
1941 4035 2045 4093 dif-

2153 3187 2404 3260 quoniam
2434 3194 2490 3243 et
2519 3188 2654 3243 alias
2683 3188 2916 3244 recisum
2947 3206 3255 3248 sermonem
3282 3184 3524 3252 facturus
3564 3199 3614 3254 in
3645 3211 3754 3257 ter-

2153 3282 2227 3338 ris
2252 3281 2381 3354 (Is.,
2409 3281 2476 3352 Χ,
2500 3278 2612 3355 25)
2638 3283 2918 3353 Dominus,
2948 3282 3001 3365 id
3022 3295 3106 3343 est
3134 3285 3402 3361 Christus,
3428 3293 3755 3375 praedicaba-

2153 3382 2259 3432 tur.

2725 3466 2957 3525 CAPUT
3006 3469 3165 3527 XVII.

2228 3562 2323 3619 llic
2362 3576 2507 3617 nunc
2544 3559 2611 3617 de
2651 3548 2858 3618 faenore
2899 3577 3022 3620 cum
3060 3565 3540 3645 interponit(Luc.
3579 3571 3644 3626 VI
3675 3573 3693 3645 )
3727 3592 3740 3630 :

2149 3652 2219 3709 Et
2258 3656 2301 3710 si
2349 3654 2713 3727 fwneraveritis
2761 3672 2792 3709 a
2829 3654 3009 3726 quibus
3056 3659 3271 3727 speratis
3317 3644 3749 3733 vos‘recepturos,

2147 3762 2259 3819 qua:
2284 3748 2450 3819 gratia
2485 3755 2558 3801 est
2589 3742 2774 3801 vobis?
2810 3763 3071 3817 percurre
3102 3742 3383 3822 sequentia
3420 3753 3777 3826 Ezechielis,.

2148 3841 2215 3897 de
2264 3840 2453 3896 eodem
2504 3839 2620 3896 viro
2664 3840 2852 3910 justo:
2913 3839 3235 3909 Pecuniam,
3307 3845 3478 3917 inquit
3533 3836 3750 3921 (Ezcc/r.

2145 3931 2346 3998 XVIII,
2372 3928 2462 4004 8)‘,
2485 3947 2630 3986 suam
2671 3931 2855 4002 frenari
2883 3929 3004 4004 (I9)
3035 3949 3137 3987 non
3162 3933 3320 3998 dedit,
3357 3946 3403 4016 et
3432 3940 3570 4008 quod
3597 3942 3757 3997 abun-

2151 4025 2361 4092 daverit,
2409 4040 2512 4079 non
2556 4031 2755 4089 sumet;
2790 4019 2865 4096 (η)
2910 4022 3132 4081 faenoris
3179 4025 3389 4107 scilicet
3438 4028 3749 4088 redundan-

430 4120 584 4179 ﬁniit
612 4113 903 4193 quid'mihi
929 4132 1091 4197 atque
1119 4125 1238 4183 aliis
1262 4126 1488 4195 debeam
1515 4128 1656 4195 velle
1687 4130 1850 4196 nolle,
1882 4138 1939 4186 ut
1969 4129 2037 4185 ad
2144 4120 2305 4187 tiam,
2345 4113 2491 4190 quod
2516 4122 2599 4172 est
2627 4129 2811 4172 usura.
2856 4113 3011 4186 Prius
3044 4110 3210 4195 igitur
3248 4117 3345 4175 fuit
3365 4161 3381 4187 ,
3424 4129 3482 4177 ut
3507 4112 3742 4183 fructum

1691 4265 2073 4325 LECTIONES
2108 4252 2531 4323 VARIANTES.

533 4395 587 4523 il
622 4398 855 4513 $333.3:
868 4401 1022 4515 €533:
1410 4458 1439 4483 ο

2247 4395 2327 4458 tt)
2365 4394 2443 4445 Ab
2466 4403 2529 4443 eo
2551 4386 2891 4458 oberthfpost
2911 4388 3066 4441 Seml.

2221 4400 2243 4523 ξ
2251 4460 2323 4523 12)
2358 4457 2467 4523 Etsi
2489 4453 2636 4523 inser.
2667 4452 2819 4523 Latin.
2886 4511 2897 4523 _
2963 4512 3014 4523 Δ.

533 4463 587 4523 2)
626 4463 855 4513 Deberet
868 4463 1018 4515 Seml.
1410 4463 1439 4483 ’

531 4525 584 4585 5)
623 4522 732 4598 Non
762 4525 977 4598 diligens
983 4528 1252 4632 proximos
1293 4524 1444 4581 omitt.
1490 4527 1643 4583 Serui.
1674 4536 1720 4583 et
1758 4528 1955 4597 Oberth.

534 4587 583 4632 41
624 4584 806 4632 Ensm.
846 4590 1030 4632 Prima-

2221 4463 2323 4526 (l2)
2367 4463 2467 4507 Etsi
2489 4463 2636 4527 inser.
2667 4463 2819 4501 Latin.

2221 4526 2323 4632 (15)
2358 4519 2739 4587 Praestriuxerat
2761 4511 2916 4564 Seml.
2954 4512 3151 4567 Oberth.

2246 4587 2325 4632 Ml
2365 4581 2427 4632 Et
2450 4582 2600 4629 orum.
2627 4574 2819 4626 oberth.

534 4584 571 4633 4⁷
624 4584 806 4637 Existit
843 4584 1030 4639 Pamel.
1792 4594 1795 4597 λ
2365 4584 2427 4656 Et
2450 4584 2604 4652 arma.
2627 4584 2954 4689 (ﬁgat/1.8m“

531 4590 585 4750 iii
2218 4584 2326 4750 ita
2358 4644 2972 4750 exarata...

532 4700 585 4835 (ἐξ
2221 4700 2326 4840 liii
2360 4700 2945 4840 intererrat.

435 4838 444 4898 ί
512 4830 588 4897 (8)
626 4832 857 4904 litutser.
910 4836 1062 4891 Seml.
1099 4839 1292 4893 Oberth.

511 4896 897 5024 ἱῗὼυὲίέθέῑηι.
1220 5012 1221 5015 γ

2223 4830 2327 4899 (18)
2364 4831 2506 4881 Nune
2528 4830 2693 4878 Paris.

2221 4894 2327 4966 (l9)
2362 4893 2577 4946 anore
2596 4887 2664 4941 at.

543 4959 620 5023 ιο)
660 4960 723 5011 Et
744 4959 897 5013 Seml.

1781 5092 2267 5155 COMMENTARIl
2287 5093 2349 5153 S.

524 5203 682 5261 CAP.
698 5204 1017 5285 XVIl.-—(a)
1039 5206 1273 5266 anoris
1287 5210 1477 5285 scilicet
1492 5212 1905 5276 redundantiam,
1919 5214 2053 5284 quod

445 5286 526 5333 es!
561 5293 746 5355 usura.
780 5277 924 5355 Cave
948 5277 1161 5355 necum
1202 5282 1518 5355 quibusdam
1549 5285 1855 5339 damnatam
1904 5277 2054 5353 p'utes

450 5358 672 5405 tantum
687 5352 822 5406 τὸκον
836 5354 976 5405 τὸκιυ
990 5352 1100 5409 siv‘e
1116 5352 1331 5408 usuram
1346 5369 1521 5410 usurre
1538 5371 1552 5420 ;
1571 5369 1692 5408 nam
1707 5356 1881 5410 omnis
1895 5352 2054 5411 usura

449 5421 551 5475 hic
580 5424 915 5490 prohibetur,
943 5434 1049 5497 t_nm
1091 5425 1141 5478 in
1172 5425 1304 5497 locis
1332 5427 1527 5497 $cript.
1558 5442 1675 5497 qua:
1698 5427 2053 5491 adducuntur,

455 5503 576 5548 tttm
621 5508 684 5547 ex
727 5502 904 5548 mente
946 5494 1280 5550 Tertulliani.
1317 5494 1484 5551 Tanta
1517 5494 1643 5553 vero
1687 5497 1844 5551 hodie
1884 5512 2060 5552 usurae

455 5562 736 5639 cupiditas
758 5563 1003 5639 incessit,
1034 5579 1084 5621 ut
1121 5566 1297 5624 foenus
1330 5568 1533 5639 legibus
1560 5568 1825 5639 quondam
1860 5569 2058 5623 Roma-

459 5634 554 5689 nis
602 5635 926 5705 permissum
977 5642 1134 5692 etiam
1187 5634 1467 5695 excedant.
1524 5634 1638 5695 Etsi
1687 5639 1827 5695 enim
1884 5655 2059 5694 usura:

464 5706 782 5765 centesima:
830 5712 1007 5765 essent
1049 5709 1341 5783 legitimae,
1393 5718 1448 5770 et
1496 5712 1780 5788 unicoique
1836 5711 2059 5771 liberum

2158 5220 2305 5269 esset
2354 5206 2703 5265 centesimam
2742 5202 2984 5275 stipulari
3016 5200 3095 5275 (I.
3132 5203 3177 5258 si
3218 5218 3314 5275 pro
3354 5216 3556 5265 mutua.
3604 5211 3666 5267 C.
3708 5213 3754 5268 si

2159 5291 2296 5340 cert.
2339 5292 2448 5353 pet.
2482 5287 2536 5334 ct
2564 5280 2599 5331 l.
2627 5276 2765 5353 lecta
2796 5274 2855 5327 D.
2898 5274 3111 5353 de_reh.
3139 5274 3335 5350 cred);
3372 5280 3422 5353 _s_i
3451 5290 3625 5353 tamen
3654 5284 3754 5339 ali-

2161 5354 2289 5424 quid
2330 5344 2490 5424 sttpra
2529 5344 3135 5424 centesimamsolutum
3176 5344 3331 5412 erat,
3369 5350 3421 5403 id
3460 5350 3511 5406 in
3550 5363 3752 5410 sortem

2164 5412 2568 5494 iinputabatur,
2603 5415 2839 5494 Canone
2886 5412 2961 5468 17
3001 5412 3492 5494 Νἱρερηρηήμηλςα.)
3545 5423 3758 5480 amcis

2167 5484 2523 5566 prohibentur
2546 5484 2820 5566 ,“hocnest
2863 5484 3286 5566 usur.e_ditnidip
3327 5491 3559 5560 majores
3596 5511 3755 5565 quam

2167 5554 2287 5621 sors
2319 5554 2647 5631 principalis.
2701 5555 3008 5631 N_unc_vcro
3049 5554 3132 5607 his
3164 5556 3353 5613 Iinibus
3392 5554 3498 5615 non
3540 5554 3761 5621 coerce.

2167 5648 2253 5693 tur
2291 5624 2535 5689 avaritia.
2587 5625 2816 5683 Carolus
2854 5624 3115 5679 Molineus
3155 5632 3362 5692 tantum
3403 5632 3606 5688 crimen
3645 5638 3756 5691 suis
3818 5659 3832 5686 ι

2162 5706 2435 5795 ﬁgmentis
2466 5702 2786 5763 adumbrare
2829 5712 2932 5793 non
2961 5702 3049 5758 est
3075 5693 3300 5757 veritus.
3340 5698 3398 5761 S.
3437 5700 3757 5779 Ambrosius
