4020 6286
276 167 382 227 599

277 281 501 339 tumoris
537 282 864 350 eradicaret,
908 298 1014 353 quo
1055 282 1258 340 facilius
1297 281 1657 339 assuefaceret
1696 284 1874 338 homi-

278 379 400 431 nem
437 374 537 447 ipsi
575 391 789 448 quoque
827 375 1053 443 fmnori,
1092 381 1137 433 si
1175 375 1346 441 forte,
1378 376 1682 446 perdendo,
1725 380 1881 448 cujus

275 468 508 525 fructum
539 468 813 526 didicisset
834 470 1104 526 amittere.
1140 469 1288 525 Hanc
1316 469 1462 525 enim
1490 469 1720 528 dicimus
1745 487 1879 543 0pc-

279 575 393 616 ram
425 560 582 631 Legis
611 559 776 617 fuisse
799 562 1139 632 procurantis
1168 560 1483 634 Evangelia.
1512 562 1876 632 Quorumdam

281 663 408 711 tunc
437 654 599 710 Iidem
638 655 896 726 paulatim
948 655 1016 711 ad
1050 654 1343 726 perfectura
1383 655 1682 728 disciplina:
1720 656 1879 713 Chri-

281 747 470 804 stiana:
490 746 742 813 nitorem,
759 748 943 820 primis
962 747 1262 819 quibusque
1283 750 1563 820 praeceptis
1585 750 1879 807 balbutien-

205 872 261 890 ..
285 840 353 895 tis
382 839 558 897 adhuc
582 840 925 912 benignitatis
954 839 1293 896 informabat.
1324 840 1455 897 Nam
1483 851 1538 897 et
1573 858 1733 912 supra
1765 861 1779 898 :
1810 842 1879 898 Et

286 930 498 1002 pignus,
527 929 699 1001 inquit
731 929 970 1003 (teme,
994 929 1183 997 XVIII,
1218 931 1315 1003 7),
1350 931 1525 986 reddet
1553 933 1666 1005 (I);
1699 932 1880 1004 utique

275 1022 321 1079 si
351 1037 458 1079 non
505 1023 576 1079 sit
624 1023 923 1078 solvendo:
954 1023 1079 1093 quia
1106 1024 1348 1079 soluturo
1376 1023 1453 1096 (2)
1482 1024 1664 1095 utique
1692 1026 1881 1097 pignus

276 1113 664 1170 restituendum
692 1128 834 1180 esse,
869 1122 1048 1170 utrum
1078 1114 1239 1171 homo
1263 1115 1556 1171 scriberet?
1586 1116 1749 1173 Multo
1769 1132 1882 1172 ma-

278 1205 526 1262 ttifeSIius
557 1208 609 1262 iu
644 1208 1060 1263 Deuterouomio
1086 1208 1305 1279 (Deut.,
1341 1200 1510 1264 XXIV
1532 1251 1547 1278 ,
1583 1209 1648 1264 I2
1673 1208 1725 1282 ):
1758 1208 1881 1265 Non

282 1296 504 1351 dormies
537 1313 694 1369 super
727 1299 910 1370 pignus
947 1300 1057 1367 ejus
1088 1316 1100 1351 :
1130 1299 1414 1354 redditione
1452 1300 1632 1354 reddes
1659 1299 1739 1354 illi
1767 1301 1881 1372 pal-

276 1389 404 1445 lium
430 1389 568 1444 circa
591 1390 715 1445 solis
741 1398 975 1445 occasum
996 1433 1011 1458 ,
1042 1399 1090 1445 et
1119 1391 1335 1446 dormiet
1360 1390 1412 1445 in
1445 1391 1602 1461 pallio
1629 1408 1741 1446 suo.
1771 1390 1881 1446 Ad-

275 1482 381 1537 huc
421 1482 619 1538 clarius
663 1497 824 1551 supra
885 1481 1085 1555 (Deut.
1130 1481 1262 1549 XV,
1304 1482 1422 1554 2):
1458 1483 1692 1538 Dimittes
1733 1499 1883 1539 omne

269 1576 495 1631 debitum
523 1575 663 1647 quod
687 1576 775 1630 tibi
804 1577 1068 1647 proximus
1094 1575 1259 1645 debet,
1293 1586 1338 1631 et
1372 1580 1587 1648 fratrem
1613 1584 1882 1631 tuumnon

274 1685 507 1741 reposces
540 1670 824 1741 :quoniam
865 1671 1094 1725 remissio
1137 1668 1348 1726 Domini
1394 1671 1492 1727 Dei
1534 1673 1608 1726 tui
1644 1673 1878 1728 invocata

277 1770 370 1816 est.
405 1760 605 1828 Porro,
648 1776 770 1817 cum
810 1761 1049 1818 debitum
1087 1761 1282 1818 dimitti
1315 1762 1467 1834 jubet
1483 1804 1515 1834 ,.
1542 1764 1728 1835 utique
1766 1781 1874 1823 non

275 1854 611 1921 exsoluturo,
641 1854 760 1926 plus
790 1855 953 1911 etiam
974 1856 1052 1928 (5)
1084 1866 1166 1912 est
1185 1874 1200 1923 ;
1219 1866 1307 1924 et,
1320 1856 1366 1912 si
1393 1857 1722 1925 exsoluturo,
1752 1874 1874 1915 cum

283 1944 497 2017 reposci
523 1953 701 2013 vetat,
732 1945 858 2017 quid
883 1946 1028 2003 aliud
1058 1948 1217 2005 docet
1239 1963 1400 2021 quam
1429 1965 1535 2007 non
1565 1952 1878 2010 exsoluturo

230 2038 638 2105 -l’teneremus,
686 2039 777 2110 qui
817 2038 927 2110 jam
981 2039 1061 2112 (4)
1108 2039 1488 2097 detrimentum
1535 2042 1726 2107 [minori
1791 2045 1874 2100 in-

276 2129 456 2185 dixit?
484 2128 561 2203 (α)
588 2127 654 2184 Et
675 2131 818 2186 eritis
843 2130 942 2202 [itii
967 2130 1085 2188 Dei.
1118 2131 1260 2188 Nihil
1291 2135 1650 2206 impudentius
1671 2179 1686 2203 ,
1719 2138 1763 2192 si
1788 2138 1877 2196 ille

278 2237 385 2277 non
423 2221 526 2277 sibi
554 2222 690 2277 Iilios
722 2222 910 2287 faciet,
947 2222 1022 2295 (b)
1064 2224 1152 2294 qui
1181 2225 1336 2281 nobis
1376 2227 1514 2281 Illius
1551 2228 1731 2285 facere
1768 2247 1875 2286 non

273 2313 550 2384 permisit,
590 2313 884 2371 auferendo
912 2317 1261 2372 connubium.
1303 2316 1586 2385 Quomodo
1615 2320 1669 2375 in
1702 2320 1753 2376 id
1781 2337 1877 2378 no-

271 2422 393 2464 men
414 2407 707 2463 allecturus
733 2416 817 2464 est
845 2422 993 2475 suos,
1022 2408 1164 2479 quod
1188 2408 1299 2479 jam
1325 2411 1533 2466 erasit?
1558 2411 1727 2468 Filius
1753 2430 1877 2485 spa-

272 2499 429 2555 donis
442 2506 579 2556 “esse
604 2514 711 2555 non
742 2515 984 2572 possum,
1011 2500 1245 2557 maxime
1269 2517 1391 2558 cum
1421 2512 1625 2573 patrem
1650 2505 1873 2562 habeam

271 2592 521 2649 eumdem
548 2608 708 2665 quem
738 2602 794 2649 et
823 2594 1026 2649 omnia.
1056 2592 1184 2649 Nam
1214 2604 1319 2651 tam
1345 2604 1496 2667 pater
1520 2599 1763 2654 omnium
1783 2601 1875 2671 qui

270 2684 521 2741 conditor
551 2684 942 2753 universitatis,
986 2701 1147 2756 quam
1174 2685 1342 2757 spado
1386 2688 1475 2759 qui
1519 2688 1716 2746 nullius
1748 2691 1875 2747 sub-

276 2780 488 2835 sumtiaa
512 2778 781 2835 conditor.
810 2778 881 2835 Et
906 2779 952 2835 si
983 2795 1186 2836 marem
1217 2796 1279 2837 ac
1305 2782 1579 2838 [asininum
1612 2798 1716 2838 non
1739 2785 1871 2841 mis-

271 2873 471 2931 cuisset
506 2872 765 2941 Creator,
806 2884 862 2931 et
887 2874 931 2930 si
964 2889 1071 2931 non
1100 2876 1363 2932 universis
1391 2893 1603 2949 quoque
1631 2877 1874 2935 animali-

272 2965 371 3021 bus
394 2965 532 3022 lilios
552 2966 930 3033 concessisset,
957 2964 1057 3022 hoc
1083 2982 1231 3023 eram
1259 2968 1378 3039 ejus
1399 2979 1523 3024 ante
1543 2972 1869 3042 paradisum,

270 3066 395 3114 ante
421 3057 705 3124 delictum,
736 3068 863 3114 ante
896 3057 1151 3127 exilium,
1202 3057 1277 3132 (e)
1316 3069 1440 3115 ante
1466 3059 1599 3116 duos
1620 3104 1635 3129 ,
1666 3078 1870 3131 unum;

269 3150 447 3206 denuo
473 3150 642 3205 lactus
664 3149 804 3206 Illius
824 3148 895 3206 lui
920 3150 1124 3218 statim,
1150 3165 1272 3206 cum
1302 3167 1387 3208 me
1407 3152 1650 3209 manibus
1677 3155 1869 3211 enixus

268 3250 379 3309 est,
415 3257 539 3300 cum
578 3240 645 3298 de
671 3255 769 3298 suo
810 3230 977 3298 haliTu
1014 3241 1201 3298 movit.
1244 3240 1338 3298 Ille
1379 3259 1465 3323 me
1504 3260 1645 3301 nunc
1686 3262 1871 3304 rursus

268 3338 434 3394 illium
459 3345 753 3407 nuncupat,
772 3336 882 3407 jam
908 3350 1016 3392 non
1044 3336 1097 3391 in
1126 3336 1384 3402 animam,
1409 3338 1504 3394 sed
1538 3337 1593 3394 in
1624 3340 1868 3411 spiritum

266 3430 502 3502 pariens.
531 3428 668 3496 Quia
688 3428 819 3500 ipse,
845 3428 1036 3500 inquit,
1069 3428 1240 3485 suavis
1265 3439 1337 3484 est
1367 3429 1614 3487 adversus
1642 3433 1871 3505 ingratos

266 3532 314 3577 et
353 3522 538 3577 malos.
580 3521 763 3591 Euge,
809 3518 1078 3588 Marcion,
1110 3521 1243 3576 satis
1279 3522 1554 3593 ingeniose
1590 3523 1868 3582 detraxisti

265 3613 344 3670 illi
386 3613 592 3685 pluvias
618 3610 671 3667 et
701 3611 846 3668 soles
866 3653 883 3681 ,
913 3628 981 3668 ne
1018 3612 1244 3668 Creator
1274 3613 1564 3670 videretur.
1602 3616 1708 3672 Sed
1748 3618 1871 3688 quis

268 3711 375 3763 iste
403 3706 587 3763 suavis
609 3746 623 3771 ,
669 3704 762 3776 qui
792 3721 860 3761 ne
893 3706 1142 3777 cognitus
1182 3706 1398 3778 quidem
1444 3724 1613 3780 uSque
1650 3710 1870 3768 adhuc?

270 3797 543 3869 quomodo
588 3799 790 3866 suavis,
842 3813 874 3852 a
921 3813 1030 3869 quo
1074 3797 1218 3854 nulla
1269 3799 1527 3858 beneficia
1574 3819 1868 3875 prmceSse-

267 3900 391 3946 runt
418 3888 543 3964 (5)?
573 3889 686 3947 lloc
714 3904 883 3961 genus
911 3890 1222 3961 suavitatis,
1254 3908 1358 3964 qua
1390 3894 1536 3952 soles
1563 3906 1619 3952 et
1664 3899 1864 3957 imbres

267 3982 360 4053 qui
390 3981 785 4048 faneraverat,
821 3997 928 4039 non
958 3993 1276 4056 recepturus
1305 3986 1373 4042 ab
1402 3984 1639 4045 humano
1666 4008 1862 4063 genere

267 4082 327 4128 ut
353 4071 611 4138 Creator;
655 4071 746 4143 qui
781 4088 881 4145 pro
922 4079 1070 4129 tanta
1116 4074 1504 4134 elementorum
1543 4081 1863 4141 liberalitate

265 4165 474 4223 {acilius
513 4162 673 4222 idolis
713 4179 874 4237 quam
916 4165 1018 4222 sibi
1062 4165 1300 4223 debitum
1348 4171 1532 4242 gratia:
1572 4173 1864 4235 referentes

1698 170 1739 225 Τ
1746 170 2161 230 ΕΙὶἸύιᾸᾸᾹΝΙ

1902 290 1952 346 Α
1982 285 2226 340 homines
2253 298 2420 355 usque
2446 282 2620 340 adhuc
2650 283 2898 340 sustinet.
2925 281 3065 339 Vere
3088 281 3269 339 suavis
3286 283 3446 338 etiam
3471 282 3583 353 spi-

3476 162 3582 228 400

1985 375 2229 431 ritalibus
2265 374 2585 431 commodis.
2640 373 2863 445 Eloquia
2901 374 3045 429 enim
3095 372 3301 427 Domini
3349 372 3585 427 dulciora

1984 484 2137 539 super
2165 467 2264 522 mel
2291 478 2336 521 et
2370 471 2513 539 [uvas
2543 465 2564 539 (
2591 466 2681 523 Ps.
2713 465 2913 534 XVIII,
2940 463 3054 539 II).
3089 464 3187 521 Ille
3218 464 3376 536 igitur
3406 475 3458 520 ct
3488 467 3573 519 in-

1982 572 2164 629 gratos
2212 559 2524 631 sugillavit‘,
2578 558 2666 629 qui
2721 566 2904 629 gratos
2953 557 3186 628 experiri
3237 555 3579 622 merebatur;

1983 652 2136 723 cujus
2161 652 2302 707 Soles
2328 649 2406 724 (b)
2435 660 2490 707 et
2520 651 2719 707 imbres
2753 660 2807 707 ιιι
2821 665 3054 722 quoque,
3068 648 3325 717 Marcion,
3346 647 3584 718 ingratus

1984 745 2236 801 habuisti.
2268 745 2533 802 Cmterum
2556 787 2570 811 ,
2619 754 2741 801 tuus
2785 759 2892 800 non
2933 753 3142 815 poterat
3166 743 3277 813 jam
3314 743 3467 815 queri
3498 742 3583 798 in-

1982 849 2184 911 gratos,
2216 840 2304 910 qui
2337 855 2443 894 non
2473 846 2757 909 paraverat
2780 846 2980 907 gratos.
3005 836 3420 892 Misericordiam
3444 851 3585 907 quo-

1983 948 2088 1003 que
2127 931 2476 1003 prmcipiens:
2512 929 2721 998 Estote,
2758 929 2974 1001 inquit,
3016 927 3368 983 misericordes
3393 970 3407 989 .
3454 928 3584 982 sicut

1987 1026 2145 1083 Pater
2173 1037 2333 1080 vester
2358 1025 2437 1099 (7)
2474 1026 2710 1081 misertus
2741 1034 2814 1080 est
2845 1024 3012 1079 vestri.
3045 1024 3158 1079 Hoc
3210 1024 3311 1079 erit
3343 1041 3355 1075 :
3387 1021 3587 1079 Panem

1986 1119 2006 1193 (
2036 1119 2115 1175 Is.
2148 1118 2346 1185 LVIII,
2382 1119 2458 1191 7)
2486 1118 2755 1191 infringito
2783 1118 3064 1183 esurienti,
3107 1127 3157 1173 et
3206 1116 3463 1171 mendicos
3500 1115 3581 1189 (8)

1990 1215 2103 1269 sine
2130 1224 2256 1269 tecto
2286 1215 2339 1268 in
2366 1213 2574 1267 domum
2603 1222 2743 1265 tuam
2763 1211 3014 1278 inducito,
3047 1220 3094 1264 et
3123 1209 3318 1265 nudum
3337 1210 3381 1265 si
3402 1208 3587 1264 videris

1985 1307 2136 1377 legito
2154 1324 2172 1373 ;
2205 1316 2260 1361 et
2287 1322 2303 1361 ε
2331 1304 2573 1360 Judicate
2608 1302 2710 1377 (Is.
2741 1303 2798 1370 I,
2829 1303 2894 1358 I7
2925 1301 2944 1376 )
2969 1301 3166 1375 pupillo
3186 1344 3202 1369 ,
3229 1311 3277 1356 et
3299 1301 3584 1374 justi/lente

1934 1462 1943 1470 ,
1985 1400 2214 1455 vidumn.
2258 1400 2506 1470 Agnosco
2546 1396 2846 1452 doctrinam
2887 1393 3003 1464 ejus
3035 1403 3308 1461 veterem,
3351 1394 3439 1464 qui
3476 1408 3587 1447 ma-

1984 1492 2087 1547 vult
2124 1490 2279 1565 (0s.,
2314 1489 2382 1546 VI
2407 1532 2422 1558 ,
2462 1488 2536 1559 6)
2576 1488 3005 1553 misericordiam,
3051 1504 3204 1559 quant
3244 1486 3579 1555 sacriﬁcium.

1990 1585 2098 1641 Aut
2132 1583 2177 1639 si
2219 1583 2358 1638 alius
2398 1596 2542 1637 nunc
2583 1578 3007 1636 miscricordiam
3052 1578 3336 1650 praecepit,
3367 1577 3488 1648 quia
3527 1583 3587 1635 et

1904 1680 1954 1741 B
1985 1675 2102 1745 ipse
2141 1673 2449 1729 misericors
2478 1673 2843 1735 sit,curtanto
2864 1685 2978 1725 :uvo
3000 1670 3307 1725 misericors
3325 1668 3453 1724 mihi
3472 1682 3581 1726 non

1979 1767 2121 1825 fuit?
2148 1766 2326 1822 Nolite
2354 1766 2623 1838 judicare,
2659 1782 2723 1819 ne
2752 1764 3077 1837 judicemini.
3122 1763 3296 1819 Nolite
3347 1763 3587 1820 condent-

1979 1877 2123 1924 nare,
2143 1875 2206 1914 ne
2219 1857 2642 1914 condenmemini.
2670 1856 2919 1911 Dimittite
2943 1868 2990 1911 et
3006 1856 3347 1911 dimittemini.
3372 1854 3502 1911 Date
3531 1863 3582 1910 et

1981 1952 2186 2023 dabitur
2216 1950 2370 2006 vobis.
2414 1948 2711 2004 Mensarum
2749 1948 2933 2003 bonum
2953 1990 2967 2015 ,
2998 1965 3224 2019 pressam
3253 1965 3314 2003 ac
3342 1949 3585 2019 ﬂuentem

1982 2047 2176 2101 dabunt
2192 2045 2243 2099 in
2273 2045 2442 2099 sinum
2463 2053 2704 2098 vestrum.
2739 2042 2933 2098 Eadem
2957 2059 3060 2115 qua
3086 2043 3246 2098 mensi
3270 2044 3408 2098 eritis
3436 2059 3583 2099 mett-

1983 2154 2127 2205 sura,
2155 2137 2443 2192 remetietur
2461 2135 2599 2189 vobis
2618 2133 2768 2208 (Luc.
2800 2133 2912 2205 Vl).
2945 2133 3015 2189 Ut
3039 2135 3250 2205 Opinor,
3285 2132 3401 2191 hare
3424 2132 3584 2191 retri-

1982 2228 2261 2284 butionem
2311 2242 2409 2297 pro
2456 2226 2663 2281 meritis
2704 2225 2784 2297 (9)
2826 2235 3165 2295 provocatam
3201 2235 3397 2280 sonant
3439 2224 3579 2297 (ιο).

1981 2321 2029 2378 Α
2054 2335 2160 2391 quo
2182 2333 2309 2390 ergo
2329 2317 2647 2373 retributio?
2678 2314 2734 2372 Si
2756 2316 2823 2370 ab
2851 2315 3159 2371 hominibus
3187 2326 3387 2371 tantum
3412 2358 3426 2384 ,
3452 2330 3583 2386 ergo

1983 2412 2269 2466 humanam
2300 2409 2462 2464 docet
2490 2406 2835 2477 disciplinam
2861 2415 2917 2461 ct
2944 2405 3248 2462 mercedem
3274 2447 3290 2474 ,
3329 2416 3383 2461 et
3412 2406 3462 2460 in
3494 2416 3581 2463 to-

1981 2513 2092 2559 tum
2139 2501 2449 2558 hominibus
2493 2498 2832 2555 obcdiemus.
2877 2499 2933 2554 Si
2962 2515 2990 2553 a
3020 2498 3277 2555 Creatorc
3301 2540 3317 2565 ,
3354 2509 3411 2553 ut
3437 2514 3469 2554 a
3490 2498 3583 2570 ju-

1980 2596 2099 2653 dice
2121 2606 2175 2652 et
2204 2594 2553 2666 dispuncturc
2581 2592 2894 2649 meritorum
2919 2608 2933 2658 ;
2960 2608 3090 2663 ergo
3118 2592 3190 2647 illi
3218 2602 3458 2647 nostrum
3481 2577 3583 2649 im-

1981 2689 2130 2760 pellit
2152 2687 2490 2758 obsequium,
2510 2684 2651 2756 apud
2674 2700 2834 2756 quem
2856 2685 3134 2740 constituit
3161 2684 3573 2742 retributionem

1979 2781 2299 2852 captandam
2326 2820 2341 2846 ,
2374 2778 2458 2835 vel
2490 2777 2783 2834 timendam
2810 2820 2825 2844 ,
2861 2787 3015 2849 prout
3048 2778 3274 2849 quisque
3299 2779 3579 2850 judicare-

1982 2875 2087 2939 rit,
2130 2882 2225 2928 aut
2252 2870 2730 2936 condemnaverit,
2775 2880 2865 2925 aut
2896 2870 3195 2937 dimiserit,
3231 2880 3324 2927 aut
3353 2885 3574 2928 mensus

1982 2973 2164 3029 fuerit.
2194 2971 2252 3028 Si
2278 2970 2344 3025 ab
2369 2970 2515 3041 ipso,
2552 2984 2680 3039 ergo
2707 2978 2761 3023 et
2787 2967 3001 3039 ilIejam
3019 2964 3241 3038 judicat,
3273 2967 3414 3039 quod
3440 2967 3581 3025 Mar-

1901 3073 1945 3136 ρ
1980 3066 2101 3123 cion
2132 3073 2312 3135 negat.
2337 3063 2549 3134 Eligant
2574 3062 2752 3131 itaque
2774 3058 3100 3115 Marcionita:
3120 3102 3136 3125 ,
3167 3075 3233 3114 ne
3261 3061 3388 3114 tanti
3417 3060 3487 3116 sit
3509 3059 3581 3117 de

1983 3156 2221 3228 magistri
2267 3155 2447 3226 regula
2496 3151 2779 3216 excidere,
2812 3151 2995 3224 quanti
3039 3151 3154 3224 (II)
3187 3150 3458 3208 Chrismm
3484 3160 3580 3209 aut

1977 3248 2287 3306 hominibus
2315 3258 2405 3302 aut
2443 3245 2685 3302 Creatori
2717 3245 3001 3302 docentem
3031 3246 3251 3317 habere.
3281 3246 3386 3303 Sed
3415 3262 3579 3302 cazcus

1975 3357 2163 3397 crucum
2190 3339 2330 3393 ducit
2359 3338 2411 3392 in
2441 3338 2661 3408 foveam.
2697 3335 2937 3392 Creduut
2964 3336 3131 3407 aliqui
3161 3335 3436 3392 Marciani.
3467 3335 3577 3394 Sed

1975 3451 2077 3489 non
2107 3444 2180 3489 est
2211 3431 2494 3502 discipulus
2524 3445 2678 3500 super
2718 3430 3037 3501 magistrum.
3084 3428 3197 3484 Hoc
3226 3439 3281 3485 ct
3309 3426 3425 3501 (I2)
3460 3444 3585 3500 me:

1976 3528 2198 3607 minisse
2247 3526 2507 3581 debuerat
2559 3523 2815 3595 Apelles,
2865 3522 3151 3579 Marcionis
3199 3522 3268 3579 de
3313 3505 3652 3594 discipuli?

1974 3619 2308 3676 emendator.
2341 3614 2419 3690 (d)
2451 3615 2660 3671 Eximut
2690 3624 2735 3669 et
2757 3614 2820 3669 de
2839 3617 2986 3670 oculo
3017 3630 3107 3669 suo
3136 3613 3326 3669 trabem
3357 3614 3576 3671 lucreti-

1974 3730 2092 3781 cus,
2119 3722 2236 3766 tunc
2267 3711 2319 3764 in
2345 3708 2494 3764 oculo
2522 3706 2839 3775 Christiani,
2868 3706 2911 3761 si
2939 3721 3096 3777 quam
3130 3714 3298 3776 putat,
3331 3706 3578 3775 stipulam

1975 3804 2218 3861 reuincat.
2273 3799 2506 3858 Proinde
2551 3809 2605 3855 et
2652 3799 2811 3853 arbor
2854 3797 2985 3852 bona
3031 3814 3131 3852 non
3180 3799 3408 3869 proferat
3460 3812 3575 3852 nta-

1977 3900 2083 3955 lum
2128 3896 2387 3968 fructum,
2429 3892 2553 3964 quia
2598 3904 2700 3946 nec
2745 3889 2944 3945 veritas
2970 3887 3219 3944 haeresim
3252 3903 3391 3944 :ucc
3437 3888 3577 3944 mala

1967 3991 2172 4056 bonum,
2213 3987 2336 4058 quia
2369 4000 2470 4040 nec
2501 3982 2726 4038 haeresis
2746 3981 3047 4037 veritatem:
3078 3979 3169 4035 Sic
3194 3994 3295 4035 nec
3337 3978 3575 4038 Marcion

1965 4080 2165 4156 aliquid
2201 4080 2325 4137 boni
2352 4078 2420 4135 de
2450 4076 2703 4133 thesauro
2727 4072 2987 4132 Cerdonis
3028 4071 3170 4127 malo
3195 4072 3432 4142 protulit,
3473 4086 3576 4128 nec
3606 4075 3632 4149 γ

1966 4176 2185 4250 Apelles
2212 4175 2281 4231 de
2304 4172 2593 4230 Marcionis
2619 4185 2634 4226 :
2665 4169 2832 4227 multo
2858 4166 3005 4224 enim
3044 4166 3158 4225 haec
3182 4166 3576 4239 congruentius

1517 4305 1904 4377 LECTIONES
1946 4311 2247 4375 VARIAN’I'
2250 4308 2356 4367 ES.

437 4475 650 4528 Solutori
690 4472 877 4527 Pamel.

347 4536 400 4606 3)
437 4538 577 4606 Enim
589 4536 808 4606 WPamcl.

322 4604 400 4794 lii

324 4416 400 4605 (il
435 4412 650 4551 ‘s‘iu‘iiii
673 4410 1071 4527 Ἠλιοθθηθο

347 4544 400 4605 5)
437 4538 577 4605 Εωιιι
590 4604 605 4605 Ὗ
618 4536 808 4590 Pantcl.
955 4601 978 4605 Α
1065 4598 1071 4605 Α

437 4602 557 4653 Tam
581 4604 724 4653 Pam.
751 4605 910 4652 Venet.
940 4597 1112 4653 Sani.-

436 4664 803 4714 Przecesseraut
831 4665 975 4715 Pam.

438 4725 607 4777 Solem
625 4728 769 4777 Pam.

1882 4436 1937 4501 D

2048 4431 2103 4561 ’ἐξ
2137 4414 2793 4561 ᾗέῗὲεὲρξηέηζὶιέῧῗίάιπ.
3344 4554 3349 4561 ,
3488 4475 3501 4542 ε
3562 4526 3573 4538 ,

2052 4544 2103 4612 9')
2137 4548 2429 4612 Promeritis
2449 4544 2517 4612 a_l.

2036 4602 2141 4681 illi)
2181 4615 2332 4681 Sonat
2354 4605 2526 4681 S_eml..
2555 4602 2751 4657 Obertlt.

2032 4668 2138 4806 (Il;
2179 4677 2331 4750 Quam
2350 4668 2543 4743 Pamel.

2060 4742 2116 4791 12
2180 4739 2246 4790 lat
2266 4742 2417 4788 amnt.
2431 4733 2542 4785 obei

2060 4732 2138 4791 12)
2180 4732 2246 4790 Et
2266 4733 2417 4788 omitt.
2431 4732 2624 4785 oberttt.

1626 4844 2185 4906 COMMENTARIUS.
2278 4846 2283 4851 ⁷

264 4946 357 5031 lib.
385 4947 450 5004 de
478 4944 925 5031 PotionetIaIibi,
1061 4946 1289 5031 Basilius
1321 4952 1516 5031 passim
1538 4998 1553 5019 ,
1588 4966 1640 5013 et
1666 4958 1720 5031 S.
1745 4960 1856 5031 Cy-

260 5020 477 5097 pria‘nus
507 5018 600 5097 lib_.
633 5015 710 5097 de_
733 5016 953 5087 Lopsis,
996 5015 1337 5078 invehun'tur'
1370 5023 1424 5080 in
1465 5015 1726 5097 ejusmodi
1769 5015 1851 5086 to-

260 5088 538 5146 cullioucs.
568 5088 646 5145 Lit
677 5090 773 5144 Pu.

332 5160 408 5243 (ξι)
432 5159 667 5243 βιβνξιξδ
688 5158 915 5243 ﬁ-ltiDei.
944 5161 1027 5243 .In
1049 5178 1255 5243 _gra:co
1283 5166 1345 5221 Β.
1365 5165 1531 5243 Lucte
1554 5182 1633 5227 e51
1661 5180 1852 5243 ὑψίστου

259 5229 521 5289 Altissiml
546 5231 672 5299 ,hic
699 5229 799 5287 Dei
825 5232 1005 5288 vertit.
1049 5229 1163 5289 Non
1192 5247 1275 5291 est
1299 5250 1478 5295 autem
1521 5229 1757 5300 insolens
1796 5229 1850 5301 in

257 5303 567 5372 Scripturis,
589 5312 647 5357 ut
670 5318 766 5372 pro
796 5302 929 5371 Deo,
953 5305 1236 5360 altissimus
1264 5317 1521 5365 vertatur.
1557 5312 1633 5369 Ls
1658 5315 1751 5370 I’n.

333 5320 372 5358 rt
417 5320 567 5367 turis,
589 5320 647 5357 ut
670 5320 766 5372 pro
796 5320 929 5371 ueo,
953 5320 1236 5360 amsstmus
1264 5320 1521 5365 vertatur.
1557 5320 1633 5369 Ls:
1658 5320 1751 5370 l’n.

333 5320 412 5448 (IS
432 5374 547 5458 Qui
586 5373 730 5458 nobis
761 5374 898 5458 ﬁlios
918 5375 1103 5458 facere
1134 5392 1234 5458 non
1260 5380 1532 5458 permisit,
1569 5387 1853 5458 auferendo

256 5444 584 5501 connubium.
630 5444 785 5511 Quod
832 5444 1059 5502 faciebat
1105 5444 1319 5504 scilicet
1374 5444 1657 5510 Marcionis
1698 5457 1851 5513 deus.

257 5516 348 5572 Sic
369 5518 513 5595 enim
536 5531 697 5585 supra
716 5533 735 5595 ,ε
760 5514 897 5595 Ecce
921 5516 1082 5595 legem
1103 5518 1177 5570 tui
1191 5535 1390 5589 quoque
1439 5522 1521 5595 dei
1539 5525 1811 5595 impugnas
1835 5546 1856 5583 :

259 5588 462 5657 nuptias
488 5603 588 5642 non
608 5587 912 5657 conjungit;
941 5587 1240 5658 conjunctus
1260 5587 1360 5644 non
1390 5587 1634 5649 admittit.
1666 5587 1787 5655 [ξω.

324 5659 401 5728 (c)
438 5658 568 5716 Ante
596 5657 724 5713 duos
765 5673 943 5714 unum.
982 5657 1286 5728 Antequam
1326 5661 1553 5722 dixisset
1576 5666 1754 5738 Deus,
1779 5667 1851 5726 Et

1959 4972 2105 5018 erunt
2137 4962 2239 5016 duo
2262 4961 2313 5014 in
2334 4973 2487 5014 carne
2506 4972 2631 5011 una.
2663 4954 2781 5011 llic.

2032 5033 2113 5104 (ιι)
2146 5032 2350 5104 Eximat
2376 5040 2422 5084 et
2453 5030 2515 5083 de
2545 5026 2693 5104 oculo
2719 5039 2811 5104 suo
2840 5021 3065 5104 trabem._
3084 5020 3240 5104 Apud
3268 5019 3324 5077 S.
3355 5019 3558 5104 Lticam

1957 5092 2235 5176 εεῖκλεφος
2260 5103 2549 5176 ,_hoc_est
2594 5095 2883 5176 stipulam],
2925 5092 3269 5176 quodvulgo
3316 5092 3562 5176 redditur

1963 5162 2963 5248 festucam;illaireticorum'valcitiem
3011 5162 3221 5246 notat,’
3251 5164 3353 5246 qui
3385 5162 3589 5248 veluti.

1955 5236 2255 5303 Aristarchi
2282 5245 2351 5301 de
2379 5242 2511 5315 aliis
2523 5240 2707 5315 [erunt
2729 5236 3023 5315 judicium,
3039 5250 3161 5315 cum
3184 5236 3285 5305 ipsi
3311 5236 3420 5315 sint
3444 5247 3555 5315 uo-

1956 5317 2272 5373 centissimi.
2332 5315 2393 5368 lli
2440 5312 2643 5386 scilicet
2681 5306 2847 5386 veluti
2899 5306 3183 5376 lippientes
3220 5315 3273 5386 et
3319 5306 3557 5386 inunctis

1961 5388 2134 5443 oculis
2163 5389 2300 5443 mala
2340 5400 2433 5440 sua
2467 5382 2827 5456 perspiciunt,
2856 5375 2990 5456 _cun_i
3022 5386 3200 5430 tamen
3232 5376 3284 5456 in
3317 5375 3555 5456 aliorum

1963 5459 2044 5513 vel
2070 5458 2359 5515 levioribus
2378 5447 2651 5511 erroribus
2673 5449 2921 5506 notandis
2942 5447 3049 5501 sint
3070 5447 3548 5514 perspicacissimi.

1959 5529 2233 5584 Adversus
2259 5530 2392 5584 tales
2420 5524 2664 5581 homines
2689 5522 2930 5589 aliosque
2961 5516 3063 5571 sibi
3088 5515 3242 5570 valde
3269 5515 3547 5639 placentes

1960 5600 2192 5639 lnrnlmri
2241 5608 2419 5639 ηηιρει
2457 5593 2597 5639 mmtl
2643 5592 2780 5639 amid
2820 5587 3161 5639 Plutarchum
3193 5588 3254 5639 de
3304 5584 3547 5639 'ranautl.

1960 5600 2193 5671 torqueri
2241 5608 2420 5671 potest
2457 5593 2601 5669 quod
2643 5592 2783 5664 apud
2820 5585 3161 5649 Plutarchum
3193 5588 3254 5641 de
3272 5585 3550 5671 Tranquil.

1957 5685 2116 5725 annm
2146 5687 2165 5726 ἔ
