4020 6286
396 372 496 433 ιοι

1491 371 1616 427 LIB.
1659 369 1724 429 IV
1766 369 2129 428 ADVERSUS
2167 370 2593 429 MARCIONEM.

3607 374 3716 433 409

397 487 452 544 in
503 486 651 558 ipsos
705 483 1211 557 interpretabimur,
1261 499 1379 556 qua:
1438 483 1680 539 Christus
1735 488 1784 539 in
1834 485 1976 538 homi
2035 484 2087 543 Α
2114 482 2351 541 Creatori
2405 487 2630 558 gloriam
2674 484 2958 544 retulerint
3001 486 3290 546 dicentes:
3325 486 3549 561 Magnus
3586 503 3711 560 pro-

319 595 494 637 »nes
570 579 979 651 allegorisavit,
1051 592 1154 633 non
1218 577 1270 632 in
1315 576 1450 633 duos
1514 577 1646 633 deos
1711 577 2002 632 secundum

398 668 709 727 scandalum
772 668 1080 724 Marcionis.
1146 667 1281 723 Puto
1335 682 1420 724 me
1470 682 1576 722 non
1637 677 1838 724 temere
1883 667 2004 723 huic

400 777 565 834 usque
609 761 789 816 adhuc
826 760 984 817 linea:
1026 758 1296 823 insistere,
1330 774 1434 830 qua
1475 758 1697 826 delinio,
1741 774 2002 828 nusquam

398 858 617 909 omnino
646 852 813 907 alium
846 853 1072 906 Denm‘a
1099 850 1312 906 Christo
1330 850 1647 905 revelatum.
1680 850 1733 905 In
1765 850 1868 906 hoc
1887 851 2005 906 solo

399 945 723 1035 adulterium
756 945 834 1016 (i)
859 943 1147 999 Marcionis
1188 957 1377 998 manus
1416 941 1686 1013 stupuisse
1730 943 1899 1000 miror
1926 942 2003 1014 (n)

339 1060 355 1077 ο
402 1038 502 1095 nisi
527 1040 670 1110 quod
708 1037 870 1093 etiam
912 1037 1150 1091 latrones
1178 1037 1388 1093 timent.
1438 1035 1651 1090 Nullum
1682 1036 2001 1091 maleﬁcium

401 1134 517 1189 sine
537 1134 831 1191 formidine
861 1144 945 1191 est
984 1133 1082 1208 (ὁ),
1114 1136 1237 1208 quia
1270 1133 1369 1190 nec
1392 1135 1512 1189 sine
1541 1133 1872 1189 conscientia
1897 1135 2000 1189 sui.

401 1224 624 1282 Tamdiu
651 1242 780 1299 ergo
805 1238 860 1284 et
888 1227 1059 1283 Judtei
1088 1243 1193 1283 non
1222 1226 1384 1282 alium
1416 1227 1582 1282 Deum
1608 1237 1821 1295 norant,
1844 1243 2003 1299 quam

400 1328 595 1387 praeter
643 1334 804 1389 quem
855 1319 1129 1375 neminem
1178 1318 1355 1374 adhuc
1416 1327 1640 1385 norant;
1695 1333 1796 1374 nec
1841 1319 2003 1374 alium

401 1408 568 1464 Deum
620 1410 983 1481 appellabant,
1010 1426 1172 1483 quam
1205 1425 1363 1483 quem
1386 1410 1560 1466 solum
1590 1422 1804 1467 norant.
1834 1410 1890 1468 Si
1934 1412 2004 1466 ita

400 1509 500 1565 est,
527 1502 647 1571 quis
664 1503 934 1559 videbitur
958 1502 1158 1559 dixisse
1183 1521 1198 1559 :
1247 1502 1385 1572 Quid
1409 1505 1598 1559 vocatis
1631 1502 1730 1575 (2),
1763 1503 2001 1571 Domine,

398 1590 652 1651 Domine?
675 1594 937 1651 Utrumne
962 1596 1055 1667 qui
1096 1610 1386 1666 numquam
1427 1595 1528 1651 hoc
1560 1595 1732 1650 fuerat
1760 1605 2002 1661 vocatus,

399 1698 459 1745 nt
484 1704 746 1761 nusquam
772 1690 947 1745 adhuc
959 1690 1136 1745 editus
1151 1689 1176 1744 ?
1193 1690 1275 1745 An
1299 1689 1389 1746 ille
1406 1691 1494 1760 qui
1518 1672 1735 1759 semper
1750 1691 2006 1745 Dominus

402 1781 718 1848 habebatur,
755 1792 812 1838 ιιι
861 1799 889 1837 a
931 1782 1227 1854 primordio
1274 1782 1562 1854 cognitus?
1610 1782 1753 1837 Deus
1801 1781 2006 1837 scilicet

2110 581 2280 647 pltetes
2301 581 2491 653 prodiit
2516 581 2568 635 in
2597 580 2762 646 nobis,
2784 591 2833 637 et
2860 582 3081 655 respexit
3103 580 3242 637 Deus
3266 581 3512 655 pupulum
3537 596 3710 638 suum.

2107 672 2238 740 Quis
2262 674 2439 730 Deus?
2469 673 2663 745 Utique
2681 674 2833 746 cujus
2857 673 3106 747 populus,
3128 682 3185 730 et
3207 689 3235 728 a
3268 689 3374 745 quo
3403 674 3709 746 prophetae.

2108 764 2257 833 Quod
2273 765 2317 820 si
2349 765 2420 821 illi
2447 766 2659 838 quidem
2689 766 2999 824 Creatorem
3031 766 3429 839 gloriﬁcabant,
3458 765 3712 825 Christus

2109 870 2237 912 vero
2290 865 2340 912 ct
2368 857 2590 913 audiens
2612 866 2666 914 et
2707 859 2885 915 sciens
2912 872 3019 915 non
3046 857 3369 930 corrigebat,
3411 867 3467 914 et
3491 857 3709 930 quidem
3756 910 3769 921 .

2110 948 2161 1002 in
2194 957 2343 1004 tanto
2391 949 2722 1007 documento
2776 951 2973 1006 mortui
3034 949 3343 1007 resuscitati
3397 948 3711 1006 Creatorem

2107 1042 2283 1099 adhuc
2329 1053 2566 1113 orantes,
2595 1044 2712 1101 sine
2736 1044 2901 1100 dubio
2931 1053 3024 1100 aut
3042 1060 3149 1101 non
3176 1044 3339 1100 alium
3366 1042 3715 1101 circumfere-

2108 1137 2200 1191 bat
2223 1136 2411 1204 Deum,
2445 1151 2607 1208 quam
2633 1152 2793 1208 quem
2825 1137 2879 1193 in
2907 1136 3021 1194 suis
3060 1136 3337 1194 beneﬁciis
3358 1144 3522 1210 atque
3545 1136 3717 1194 virtu-

2110 1228 2251 1284 tibus
2279 1228 2530 1286 honorari
2552 1229 2890 1287 sustinebat:
2922 1239 3014 1285 aut
3062 1231 3222 1303 quale
3245 1240 3329 1286 est
3351 1239 3409 1286 ut
3452 1230 3575 1287 illos
3604 1233 3710 1286 tam

2107 1322 2197 1377 diu
2247 1331 2500 1379 errantes
2537 1323 2861 1391 sustineret,
2902 1322 2969 1378 ad
3012 1322 3116 1379 hoc
3153 1323 3397 1390 veniens,
3439 1332 3499 1379 ut
3537 1324 3715 1380 errori

2108 1429 2292 1471 eorum
2321 1415 2656 1472 mederetur!
2687 1415 2796 1473 Sed
2822 1414 3211 1471 scandalizatur
3234 1415 3467 1473 Joannes
3509 1414 3581 1488 (c)
3618 1431 3715 1470 an.

2107 1507 2228 1562 ditis
2277 1508 2545 1564 virtutibus
2576 1505 2792 1572 Christi,
2822 1518 2877 1564 ut
2921 1508 3164 1564 alterius.
3208 1506 3280 1566 At
3307 1523 3409 1580 ego
3444 1510 3710 1566 rationem

2106 1598 2343 1656 scamlali
2376 1599 2523 1669 prius
2567 1600 2873 1671 expediam,
2914 1615 3026 1672 quo
3052 1599 3263 1657 facilius
3283 1600 3524 1658 haeretici
3553 1616 3712 1658 sean-

2105 1691 2286 1748 dalum
2316 1692 2619 1762 cxplodam.
2645 1690 2766 1762 Ipso
2787 1692 2898 1763 jam
2926 1692 3153 1748 Domino
3180 1692 3438 1750 virtutum
3451 1691 3713 1750 Sermone

2107 1796 2162 1842 et
2201 1786 2399 1857 Spiritu
2453 1785 2629 1841 Patris
2658 1796 2919 1857 operante
2947 1786 3003 1842 in
3034 1786 3217 1854 terris,
3268 1796 3322 1842 et
3358 1787 3708 1860 praedicante,

402 1874 730 1931 Jndworum.
756 1874 890 1943 Quis
913 1875 1041 1930 item
1084 1873 1347 1944 adiecisse
1375 1873 1657 1944 potuisset,
1692 1872 1758 1927 Et
1786 1890 1888 1927 non
1914 1873 1993 1944 [τι.
2027 1876 2076 1936 Β
2106 1895 2326 1937 necesse
2381 1882 2517 1936 crat‘
2548 1880 2852 1958 portionem
2902 1879 3136 1950 Spiritus
3187 1879 3408 1949 Sancti,
3470 1895 3592 1953 qum
3642 1895 3711 1938 ex

401 1968 512 2023 citis
535 1967 612 2040 (5)
639 1982 752 2038 qua:
771 1966 886 2022 dico
909 1965 931 2020 ?
963 1964 1227 2023 Utrumne
1249 1966 1339 2037 qui
1363 1980 1484 2021 cum
1519 1966 1751 2020 maxime
1772 1964 1999 2020 cdocerc

398 2060 659 2126 tentabat,
685 2074 752 2113 an
783 2059 872 2130 qui
896 2074 921 2110 a
946 2057 1244 2129 primordio
1270 2056 1337 2111 ad
1362 2056 1485 2111 illos
1511 2065 1565 2112 et
1607 2056 1741 2127 legis
1781 2065 1836 2113 et
1870 2055 2001 2111 Pro-

399 2152 678 2225 phetarum
703 2151 913 2221 eloquia
961 2150 1342 2206 mandaverat:
1370 2150 1463 2221 qui
1490 2160 1544 2205 et
1574 2149 1997 2206 inobedicutiam

398 2247 503 2304 illis
540 2245 869 2318 exprobrare
908 2256 1111 2317 posset,
1155 2244 1315 2301 etiam
1343 2245 1387 2299 si
1425 2260 1716 2317 numquam
1747 2245 1880 2301 alias
1902 2260 1996 2301 ex-

397 2340 736 2413 probrasset!
768 2337 958 2409 Porro,
989 2339 1079 2408 qui
1114 2350 1239 2395 ante
1287 2337 1591 2403 Christum,
1641 2341 1861 2410 populus
1910 2340 2003 2394 iste

398 2451 478 2489 me
503 2434 652 2489 (atriis
679 2433 867 2505 diligit,
899 2450 987 2488 cor
1024 2443 1195 2488 autem
1240 2449 1414 2488 eorum
1443 2433 1592 2501 longe
1621 2434 1818 2487 absistit
1842 2449 1874 2487 a
1899 2450 1997 2498 me,

399 2531 745 2585 concionatus
760 2536 845 2583 est
865 2526 991 2601 (ls.,
1020 2526 1218 2592 XXIX,
1255 2527 1369 2600 15),
1412 2537 1650 2582 veterem
1679 2527 1864 2598 utique
1893 2524 2002 2582 illis

398 2621 790 2677 contumaciam
846 2621 1162 2692 imputabat.
1198 2618 1447 2689 Alioquin
1492 2613 2002 2691 quam'absurdum,

401 2724 456 2772 ut
483 2729 654 2772 novus
688 2715 852 2781 Deus,
881 2729 1053 2770 novus
1081 2713 1357 2779 Christus,
1390 2727 1545 2768 nova:
1578 2721 1848 2783 tantaeque
1878 2713 2005 2768 reli-

399 2807 570 2878 gionis
593 2807 945 2873 illuminator,
981 2813 1328 2861 contumaces
1355 2813 1410 2860 et
1436 2804 1854 2876 inobsequentes
1882 2820 2006 2874 pro-

400 2898 688 2963 nuntiaret,
713 2911 857 2969 quos
878 2912 984 2953 non
1015 2896 1283 2966 potuisset
1311 2897 1574 2968 experiri!

966 2989 1194 3047 CAPUT
1242 2987 1426 3045 XVI“.

467 3083 706 3140 Proinde
772 3084 1061 3139 extollendo
1132 3082 1234 3152 ﬁde
1295 3081 1615 3137 Centurionis
1673 3082 1823 3157 (Luc.
1857 3082 2004 3156 VII),

401 3175 712 3232 incredibile
753 3176 797 3230 si
838 3174 886 3230 is
933 3174 1207 3245 professus
1241 3181 1326 3228 est
1371 3175 1521 3228 talem
1562 3189 1617 3228 se
1643 3175 1796 3243 ﬁdem
1826 3191 1917 3228 nec
1954 3177 2009 3228 in

2104 1976 2272 2033 forma
2301 1974 2599 2046 pmphetici
2632 1973 2832 2030 moduli
2859 1975 2910 2029 in
2932 1972 3140 2030 Joanne
3173 1983 3359 2045 egerat
3381 1982 3713 2046 preparatu-

2103 2084 2216 2124 ram
2234 2070 2436 2124 viarum
2457 2067 2854 2123 Dominicarum
2871 2066 2972 2140 (ά),
2987 2063 3280 2122 abscedere
3291 2064 3403 2137 jam
3424 2066 3493 2122 ab
3503 2065 3713 2123 Joanne

2104 2161 2373 2217 redactam
2402 2160 2605 2216 scilicet
2628 2158 2681 2215 in
2731 2159 3040 2226 Dominum,
3073 2141 3211 2213 utin
3240 2156 3530 2214 massalem
3556 2172 3711 2213 suam

2103 2266 2388 2309 summam.
2432 2252 2616 2323 Itaque
2658 2250 2894 2308 Joannes
2939 2249 3246 2305 communis
3269 2248 3381 2320 jam
3436 2249 3625 2316 homo,
3657 2258 3714 2304 et

2104 2358 2244 2400 unus
2264 2344 2373 2414 jam
2405 2343 2487 2412 (5)
2511 2342 2578 2398 de
2618 2341 2790 2409 turba,
2847 2338 3313 2396 scandalizabatur
3357 2338 3575 2412 quidem
3605 2353 3713 2411 qua
3746 2356 3795 2373 θ’

2107 2437 2287 2503 homo,
2337 2436 2432 2492 sed
2479 2451 2586 2491 non
2617 2450 2723 2506 qua
2754 2433 2919 2490 alium
2946 2433 3225 2490 Christum
3267 2448 3490 2505 sperans
3513 2432 3599 2490 vel
3629 2433 3716 2488 in-

2108 2530 2374 2601 telligens,
2404 2528 2497 2600 qui
2537 2541 2714 2598 neque
2754 2525 3003 2582 eumdem
3021 2524 3102 2599 (ὃ)
3149 2535 3410 2597 speraret,
3468 2533 3527 2581 ut
3577 2522 3711 2580 nihil

2110 2624 2234 2678 novi
2278 2621 2562 2677 docentem
2592 2619 2676 2675 vel
2733 2627 3072 2690 operantem.
3122 2616 3291 2673 Nemo
3334 2615 3602 2672 haesitabit
3645 2614 3716 2671 de

2108 2715 2308 2786 aliquo,
2333 2728 2491 2785 quem
2518 2710 2647 2766 dum
2677 2711 2780 2767 scit
2812 2726 2919 2766 non
2957 2724 3101 2777 esse,
3130 2724 3230 2766 nec
3259 2719 3464 2781 sperat,
3493 2722 3596 2765 nec
3638 2708 3715 2763 in-

2108 2807 2316 2880 telligit.
2357 2805 2592 2861 Joannes
2644 2811 2821 2858 autem
2862 2812 3044 2859 certus
3071 2810 3189 2858 erat
3222 2801 3494 2857 neminem
3538 2801 3710 2856 Deum

2110 2910 2309 2972 ιιι-αξιοι
2334 2898 2670 2962 Creatorem,
2699 2895 2786 2951 vel
2813 2910 2917 2967 qua
2942 2894 3176 2986 judtpus,
3206 2894 3369 2951 etiam
3428 2891 3720 2965 prophetes

2111 2991 2269 3064 plane
2320 2989 2528 3045 l‘aeilius
2569 2988 2724 3060 quasi
2777 2984 3159 3042 haesitavit'de
3214 2999 3282 3043 eo
3336 3000 3495 3057 quem
3548 3001 3715 3056 quum
3739 3008 3797 3025 σο

2111 3086 2246 3142 sciat
2274 3100 2418 3147 esse,
2448 3099 2515 3139 an
2577 3084 2691 3153 ipse
2731 3081 2823 3145 sit,
2873 3079 3099 3136 nesciat.
3131 3078 3246 3135 Hoc
3272 3078 3437 3151 igitur
3467 3087 3612 3137 metu
3661 3088 3721 3137 et

2111 3177 2380 3234 Joannes:
2411 3175 2491 3230 Tu
2521 3191 2593 3241 es,
2622 3174 2816 3246 inquit,
2845 3172 2932 3243 qui
2961 3171 3124 3237 uenis,
3173 3187 3242 3227 an
3290 3170 3451 3226 aliaat
3475 3181 3717 3243 expecta-

399 3266 598 3323 Israete
619 3267 888 3334 invenisse,
930 3267 996 3321 ad
1017 3282 1175 3340 quem
1209 3282 1314 3322 non
1346 3267 1651 3338 pertinebat
1678 3266 1812 3323 ﬁdes
1836 3266 2004 3322 Israeo
2036 3266 2081 3329 C
2114 3266 2355 3339 mus(7)?
2381 3265 2695 3336 simpliciter
2720 3264 3020 3336 inquirens,
3051 3276 3119 3317 an
3150 3260 3265 3333 ipse
3291 3263 3528 3320 venisset
3553 3278 3717 3334 quem

402 3360 487 3417 lis.
515 3359 622 3416 Sed
655 3375 754 3415 nec
777 3358 974 3415 exinde
1004 3359 1273 3429 pertinere
1306 3367 1517 3430 poterat
1560 3358 1734 3414 adhuc
1759 3358 1921 3414 cruda
1949 3368 2007 3414 ut

401 3452 724 3525 probaretur
739 3453 823 3508 vel
852 3460 1280 3521 compararetur,
1306 3466 1374 3506 ne
1394 3449 1623 3507 dixerim
1640 3451 1815 3505 adhuc
1837 3451 2002 3505 nulla.

402 3546 510 3604 Sed
545 3561 642 3602 cur
676 3561 781 3600 non
833 3544 1046 3601 licuerit
1091 3543 1166 3599 illi
1213 3543 1400 3599 aliena:
1450 3543 1571 3599 ﬁdei
1616 3544 1861 3614 exemplo
1888 3543 2006 3598 uti?

403 3636 669 3707 Quoniam
718 3638 762 3692 si
808 3638 877 3692 ita
909 3645 1074 3703 esset,
1117 3635 1341 3692 dixisset
1394 3636 1553 3692 talem
1597 3635 1755 3691 ﬁdem
1803 3651 1903 3692 nec
1949 3635 2002 3691 in

404 3733 602 3790 lsraele
627 3747 877 3803 umquam
906 3729 1091 3794 fuisse;
1127 3739 1404 3797 cmterum,
1435 3726 1624 3785 dicens
1653 3731 1813 3786 talem
1844 3730 2002 3787 ﬁdem

406 3828 656 3887 debuisse
684 3826 910 3884 inveniri
942 3825 1021 3897 (4)
1050 3827 1101 3880 in
1131 3826 1328 3880 lsraele
1359 3842 1374 3892 ;
1402 3825 1599 3896 quique
1618 3823 1684 3879 ad
1715 3824 1816 3879 hoc
1837 3825 2012 3880 venis-

407 3932 510 3988 set,
568 3932 628 3977 ttt
671 3937 792 3977 eam
858 3921 1148 3984 inveniret,
1205 3919 1348 3973 Deus
1396 3918 1606 3974 scilicet
1659 3928 1714 3973 et
1769 3918 2017 3977 Christus

406 4014 647 4078 Jsraclis,
675 4028 836 4084 quam
881 4027 989 4068 non
1020 4009 1347 4082 sugillasset,
1398 4010 1498 4065 nisi
1530 4020 1747 4067 exactor
1766 4020 1821 4068 et
1841 4022 2017 4067 secta-

410 4115 497 4163 tor
520 4106 659 4177 cjus.
710 4104 962 4160 [Eniulus
990 4119 1121 4161 vero
1173 4103 1337 4159 etiam
1386 4102 1664 4159 maluisset
1691 4120 1809 4160 eam
1856 4106 2018 4164 talem

411 4196 709 4263 inventam,
768 4195 835 4252 ad
889 4211 1050 4268 quam
1100 4184 1475 4251 inﬁrmandam
1531 4202 1586 4250 et
1637 4194 2019 4254 destruendam

411 4286 582 4359 magis
604 4295 843 4354 venerat,
891 4302 997 4342 non
1044 4285 1110 4341 ad
1145 4284 1624 4356 comprobandum.
1659 4286 2021 4346 Resnscitavit

413 4387 468 4436 et
490 4387 761 4434 mortuum
805 4377 972 4433 ﬁlium
1005 4376 1198 4445 vidum,
1239 4391 1347 4432 non
1379 4392 1574 4431 novum
1614 4377 2017 4437 documentum.

414 4469 529 4527 Hoc
557 4479 612 4526 et
638 4468 917 4542 propheta:
947 4468 1218 4525 Creatoris
1265 4468 1567 4534 ediderant,
1614 4478 1817 4540 quanto
1845 4474 2020 4544 magis

2108 3358 2474 3430 exspectabat.
2508 3355 2583 3410 Tu
2602 3371 2655 3411 es
2673 3356 2760 3428 qui
2781 3355 2955 3422 venis;
3002 3355 3056 3409 id
3082 3362 3166 3412 est
3192 3354 3295 3427 (8),
3322 3355 3413 3428 qtti
3456 3363 3714 3412 venturus

2108 3468 2189 3520 es,
2218 3469 2285 3506 an
2329 3451 2490 3504 aliam
2521 3447 2883 3521 expectamus?
2929 3447 2980 3504 id
3010 3455 3118 3517 est,
3166 3463 3234 3504 an
3263 3449 3401 3506 alius
3436 3459 3521 3507 est
3546 3466 3718 3523 quem

2106 3553 2503 3616 exspectamus,
2534 3543 2578 3598 si
2608 3556 2714 3597 non
2735 3550 2789 3596 tu
2815 3556 2875 3597 es
2921 3557 3082 3612 quem
3114 3551 3401 3600 venturum
3428 3551 3716 3617 exspecta-

2108 3638 2268 3695 mus?
2292 3636 2555 3706 Sperabat
2578 3634 2745 3698 enim,
2767 3635 2909 3691 sicut
2940 3649 3134 3694 omnes
3167 3637 3530 3708 epinabantur
3551 3653 3618 3694 ex
3646 3638 3718 3695 si-

2108 3731 2403 3788 militudine
2425 3728 2892 3795 documentorum,
2927 3728 3168 3800 potuisse
3191 3738 3248 3786 et
3280 3729 3598 3801 prophetam
3635 3730 3724 3786 in-

2119 3823 2275 3879 terim
2326 3822 2552 3877 missum
2584 3834 2726 3886 esse,
2756 3836 2786 3877 a
2829 3835 2939 3892 quo
2967 3820 3108 3876 alius
3128 3829 3299 3888 esset,
3340 3821 3392 3877 id
3414 3831 3500 3878 est
3527 3822 3723 3894 major.

2120 3920 2235 3991 ipse
2270 3918 2472 3973 scilicet
2516 3917 2796 3982 Dominus,
2846 3915 2937 3986 qui
2994 3923 3255 3974 venturus
3294 3916 3727 3988 exspectabatur.

2122 4015 2297 4082 Atque
2324 4012 2460 4067 adeo
2488 4011 2590 4067 hoc
2618 4019 2734 4066 erat
2763 4009 2988 4066 Joannis
3015 4007 3354 4077 scandalum,
3382 4008 3526 4080 quod
3569 4009 3729 4067 dubi-
3752 4039 3807 4054 η

2124 4106 2270 4162 tabat
2319 4106 2491 4176 ipsum
2534 4102 2752 4158 venisse
2800 4116 2961 4173 quem
3007 4100 3416 4172 exspectabant,
3470 4115 3631 4174 quem
3674 4112 3733 4160 et

2126 4184 2429 4269 praedicatis
2455 4193 2858 4265 operationibus
2883 4192 3169 4264 agnovisse
3192 4191 3517 4260 debuerant,
3543 4202 3605 4252 ut
3630 4194 3730 4251 Do-

2123 4289 2322 4356 minus,
2355 4302 2450 4358 per
2475 4286 2692 4342 easdem
2723 4285 3067 4358 operationes
3084 4285 3487 4359 agnoscendum
3508 4301 3570 4343 se
3589 4302 3727 4344 nun-

2125 4381 2338 4437 tiaverit
2358 4379 2575 4436 Joanni.
2606 4379 2739 4450 Qua‘.
2761 4394 2883 4435 cum
2913 4386 3128 4435 constet
3173 4377 3462 4449 praedicata
3492 4379 3547 4435 in
3574 4379 3733 4435 Chri-

2128 4486 2271 4533 stum
2317 4472 2612 4543 Creatoris,
2653 4473 2791 4530 sicut
2845 4472 2911 4528 ad
2957 4470 3162 4543 singula
3202 4471 3555 4536 ostendimus.
3605 4471 3737 4529 satis

416 4561 624 4620 Filius?
669 4562 821 4618 Adeo
841 4571 1019 4616 autem
1051 4563 1101 4615 in
1131 4560 1260 4616 illud
1288 4575 1457 4631 usque
1503 4563 1784 4629 momenti,
1823 4565 2024 4622 nullum
2130 4583 2464 4644 perversum,
2498 4575 2555 4622 ut
2578 4567 2828 4622 Christus
2855 4564 2934 4639 (9)
2970 4580 3075 4621 non
3102 4563 3380 4621 Creatoris
3404 4578 3503 4636 per
3531 4578 3595 4621 ea
3617 4564 3737 4638 (10)

418 4655 581 4713 alium
633 4654 891 4712 Dominus
935 4654 1186 4711 Christus
1243 4654 1519 4721 intulerat,
1560 4663 1619 4711 ut
1679 4670 1870 4715 omnes
1917 4651 2038 4721 illic.
2132 4679 2193 4722 se
2218 4661 2538 4720 renuntiarit
2562 4658 2990 4732 intelligendum,
3014 4672 3111 4732 per
3129 4672 3251 4730 qua:
3275 4656 3444 4732 magis
3463 4653 3735 4715 Christum

1656 4747 2043 4815 LECTIONES
2084 4754 2506 4816 VARIANTES.
2828 4758 2831 4759 ⁷

417 4848 437 4902 ἴ
487 4844 558 4911 (1)
595 4845 852 4911 ﬁdultetjo
886 4851 1002 4911 (tm.

418 4911 432 4957 ἰ
483 4903 559 4960 (2')
594 4908 753 4960 Venas
773 4903 926 4959 Seml.

419 4848 437 4921 ξ
509 4845 558 4911 1)
596 4845 852 4896 Adulterio
886 4851 985 4896 Jun

419 4926 432 5031 ς

421 5040 431 5074 ε
511 5035 539 5083 ι
596 5031 830 5104 Invenire
852 5028 987 5085 Seml

420 5094 449 5158 ι*
485 5097 508 5158 (
598 5093 709 5146 Jam
729 5101 880 5148 arma.
909 5093 987 5148 οὺ.

420 5069 449 5160 ι
485 5069 561 5159 tas
598 5069 1106 5148 ilEiiizia‘Iiii'éi-m.

2292 4974 2385 5042 ιζξει
2410 4979 2494 5042 qui
2515 4984 2757 5042 venturus
2780 4982 2857 5027 est
2878 4974 3075 5028 Obertlt.

2303 5035 2550 5091 Christum
2574 5035 2763 5091 Pamel.

2276 5103 2294 5166 )
2315 5102 2416 5153 Per
2439 5114 2525 5153 eas
2544 5102 2837 5153 renuntiarit
2856 5098 3008 5152 Seml.
3034 5111 3127 5165 per
3150 5109 3210 5151 ea
3232 5097 3643 5152 renuat.1'amet.

2045 4857 2103 4918 1)
2192 4851 2265 4918 (ϐ)
2305 4850 2448 4918 Unde
2471 4845 2661 4918 Pamel.

2214 4852 2246 4902 6
2305 4851 2448 4903 Unde
2471 4851 2661 4902 Pamel.

2215 4917 2242 4965 7
2300 4914 2569 4978 Speremus
2585 4911 2737 4966 Seml.
2758 4909 2951 4965 Obertlt.

2216 4978 2246 5026 8
2292 4977 2385 5027 Vel
2410 4979 2494 5042 qui
2515 4984 2757 5028 venturus
2780 4982 2857 5027 est
2878 4975 2951 5028 obl

2303 5038 2550 5091 Christum
2574 5035 2763 5091 Pamel.

2221 5104 2235 5152 l
2276 5103 2294 5166 )
2315 5102 2416 5153 Per
2439 5114 2525 5153 eas
2544 5102 2837 5153 renuntiarit
2856 5102 2951 5152 Sen

2124 5101 2235 5159 an

1847 5180 2409 5245 COMMENTARIUS.

736 5284 781 5322 τὶ
796 5284 842 5323 τὸ
858 5281 1066 5335 ἀλλότριον,
1083 5276 1242 5335 ἄνθρωπε
1261 5284 1535 5333 eam“,

739 5346 865 5385 sua».
881 5331 1079 5397 δευδέριῶς
1096 5344 1140 5384 τὸ
1155 5331 1195 5383 '8'
1213 5331 1308 5384 ἴδιον
1325 5344 1589 5396 παραδλάπιις.
1675 5331 1745 5384 La
1767 5333 1864 5386 Ps.

428 5437 442 5459 ¹
465 5506 477 5510 ,
503 5436 580 5510 (3)
603 5435 923 5510 Adulterium
945 5436 1223 5510 Marcionis
1242 5453 1426 5510 manus
1445 5436 1701 5510 stupuisse
1721 5440 1901 5495 miror.
1926 5436 2027 5494 Fa—

434 5506 587 5565 cinus
616 5508 866 5582 intelligit
890 5507 1207 5582 inauditum,
1238 5508 1432 5582 quo‘B.
1462 5506 1623 5567 Lacte
1669 5510 2024 5582 Evangelium

433 5580 691 5652 Corrupit,
723 5590 779 5652 ut
803 5590 932 5636 ante
958 5579 1209 5652 diximus.
1227 5579 1318 5652 Le
1345 5579 1444 5634 Pu.

509 5648 841 5725 (ω’Νιιιιιιιιι
862 5651 1172 5725 maleﬁcium
1191 5651 1300 5707 sine
1325 5649 1602 5723 formid'ne
1623 5661 1720 5708 est.
1751 5651 1853 5720 Qui
1880 5652 2041 5709 timet

438 5722 681 5795 criminis
702 5728 764 5779 se
789 5722 1090 5790 conscium,
1121 5722 1290 5779 ferme
1316 5722 1695 5791 convincitur;
1724 5738 1847 5780 nam
1879 5726 2039 5795 cutpa

440 5794 639 5865 premit
660 5808 863 5862 comes,
891 5803 948 5850 et
976 5811 990 5847 :

940 5907 1112 5959 Murus
1135 5908 1357 5959 aheneus
1381 5914 1489 5958 esto

2517 5275 2596 5327 Nil
2618 5278 2837 5349 conscire
2856 5277 2976 5349 tibia
3008 5343 3019 5349 _
3066 5335 3098 5349 u

2663 5340 2836 5390 Horat.
2883 5337 3036 5398 Epist.
3060 5335 3147 5407 lib:
3168 5335 3415 5403 ν,ερ.ι).
3449 5336 3519 5389 ιι
3540 5337 3634 5390 PI.

2202 5402 2357 5460 CAP.
2381 5338 2859 5474 XVIIIa—inﬂet;
2876 5401 3256 5474 scandalizatur
3281 5400 3536 5474 Joannes,
3558 5399 3745 5474 _etc.gld

2136 5474 2338 5532 dictum
2367 5485 2452 5530 est
2475 5488 2538 5529 ex
2556 5470 2787 5543 absurda
2804 5470 3578 5543 Marqionigsenteptianuod
3632 5471 3748 5528 dis-

2136 5560 2263 5603 cere
2292 5555 2445 5615 potes
2469 5544 2537 5600 ab
2557 5542 2854 5615 Epiphanio
2886 5541 3005 5595 adu.
3054 5536 3224 5615 flare:
3274 5539 3349 5593 Le
3400 5536 3502 5615 Pii.

2210 5608 2314 5689 (d)'_
2342 5608 2789 5689 Prtepafaiurant__
2807 5611 3006 5689 uiarum
3029 5608 3424 5689 dominicarum.
3453 5610 3742 5679 Praepara-

2143 5680 2284 5755 tum,’
2303 5680 2478 5758 inquit
2516 5684 2713 5758 Ehem,
2739 5681 2894 5744 dixit.
2924 5694 3029 5758 pro
3057 5680 3464 5758 prwparatigne,
3500 5689 3559 5758 ut
3588 5696 3749 5758 para-

2145 5747 2334 5831 turam
2361 5747 2530 5829 sirpe.
2560 5755 2654 5811 Est
2693 5747 2822 5831 vero
2866 5747 3028 5831 etiam
3057 5747 3283 5819 phrasis
3329 5747 3739 5831 Tertullia‘nica,

2146 5830 2414 5885 massalem
2444 5820 2695 5882 'sumnmm
2717 5867 2730 5891 ,
2759 5822 2813 5879 id
2842 5834 2922 5879 est
2953 5824 3211 5890 integram
3233 5858 3249 5885 ,
3278 5832 3410 5873 voce
3444 5820 3686 5877 derivata
3712 5835 3744 5875 a

2150 5915 2338 5954 massa.
2373 5899 2510 5954 Ριιι.
