4020 6286
303 408 411 471 403

1726 397 2189 477 TERTULLlANl

3507 386 3616 466 tos

307 523 582 583 Creatoris
609 493 825 597 agnosci
866 518 1244 595 compellebat.
1286 517 1452 576 Multo
1505 518 1834 592 perversius,
1867 517 1912 573 si
1939 515 1995 574 A
2019 524 2192 571 etnon
2215 515 2471 583 audietis;
2507 515 2655 573 dedit
2679 515 2896 575 Christo
2945 516 3254 588 frequenter
3305 519 3617 579 inculcare:

310 627 364 674 ct
392 618 753 673 testimonium
784 614 974 671 Joanni
1004 614 1250 685 perhibet
1280 627 1383 668 non
1401 610 1622 668 Joannis
1640 609 1906 676 Christus,

311 709 607 779 propheten
635 723 758 763 eum
776 706 1122 773 conﬁrmans,
1149 706 1254 759 imo
1275 714 1330 759 et
1350 718 1532 775 supra,
1556 712 1615 758 ut
1635 702 1907 773 angelum,

312 802 561 871 ingerens
590 800 754 856 etiam
785 786 1043 871 scriptum
1072 814 1233 868 super
1263 796 1355 852 illo
1393 815 1405 851 :
1471 796 1603 851 Ecce
1623 813 1713 869 ego
1767 796 1909 850 mitto

311 892 549 963 angelum
578 908 745 946 meum
765 901 882 945 ante
903 891 1085 959 {aciem
1111 899 1269 955 tuam,
1306 888 1403 967 ‘qui
1448 886 1756 962 prwparabit
1779 888 1910 941 viam

313 992 492 1049 (imm;
524 978 801 1054 eleganfer
826 982 892 1037 ad
933 981 1265 1052 superiorem
1320 995 1536 1036 sensum
1567 978 1909 1035 seandalizati

310 1074 535 1131 Joannis
583 1076 1016 1147 commemorans
1059 1054 1414 1143 prophetiam,
1458 1068 1534 1137 ut,
1585 1068 1911 1126 conﬁrmans

312 1156 696 1237 prrecursorem
741 1162 1003 1221 Jonanem
1051 1163 1162 1235 jam
1214 1156 1513 1230 advenisse,
1577 1163 1912 1234 extingueret

312 1258 624 1332 scrupulum
656 1254 1093 1329 interrogationis
1135 1256 1298 1324 illius,
1330 1254 1408 1311 Tu
1435 1274 1486 1311 es
1515 1256 1602 1327 qui
1645 1256 1802 1324 venis,
1844 1271 1912 1310 an

310 1348 470 1406 alium
491 1350 883 1423 exspectamus?
911 1349 1253 1405 Prmcursore
1280 1348 1423 1404 enim
1447 1340 1558 1420 jam
1589 1346 1771 1401 functo
1825 1345 1910 1402 of-

316 1443 457 1507 ﬁcio,
510 1449 809 1512 praeparata
838 1440 919 1495 via
952 1434 1188 1510 Domini,
1218 1441 1334 1511 ipse
1363 1449 1479 1495 erat
1510 1437 1909 1507 intelligendus,

314 1536 398 1588 cui
433 1548 732 1604 prazcursor
758 1526 1178 1597 ministraverat,
1208 1531 1382 1604 Major
1411 1520 1491 1602 (ί)
1513 1531 1727 1601 quidem
1751 1530 1915 1584 omni-

316 1628 409 1681 bus
438 1628 571 1681 natis
597 1626 886 1689 mulierum,
924 1624 1017 1701 sed
1049 1640 1153 1680 non
1183 1624 1304 1680 ideo
1328 1618 1572 1695 subjecto
1602 1622 1673 1689 ei,
1706 1622 1793 1694 qui
1820 1623 1916 1677 mi-

316 1738 412 1775 nor
456 1722 613 1793 fuerit
643 1722 696 1775 in
742 1735 899 1792 regno
950 1718 1267 1790 Dei;quasi
1310 1718 1530 1773 alterius
1576 1717 1646 1772 sit
1695 1714 1786 1772 Dei
1825 1730 1914 1772 re-

312 1829 498 1883 gnum,
524 1814 575 1867 in
609 1826 717 1883 quo
758 1811 1000 1890 modicus
1027 1812 1145 1884 quis
1170 1811 1342 1881 major
1367 1812 1470 1865 erit
1506 1808 1744 1876 Joanne;
1777 1811 1914 1866 alte-

2018 606 2119 675 Qui
2142 606 2289 662 habet
2315 625 2483 676 aures,
2526 609 2725 663 audiat.
2757 609 2872 665 Non
2900 610 3049 680 quasi
3075 625 3140 665 ex
3169 609 3480 669 diversitate
3508 629 3609 668 au-

2013 699 2179 754 ditum
2204 701 2539 771 permitteret
2562 699 2834 766 Christus,
2864 716 3021 771 quem
3040 700 3328 757 ademisset
3344 700 3572 758 Creator
3599 721 3613 756 :

2012 790 2108 848 sed
2162 791 2285 864 quia
2333 792 2808 848 comminationem
2886 793 3189 848 exhortatio
3249 794 3618 867 sequebatur:

2016 882 2211 953 primo,
2239 899 2364 938 aure
2389 882 2646 949 audietis;
2668 883 2886 948 dehinc,
2911 885 2998 954 qui
3023 884 3174 939 habet
3207 900 3380 951 aures,
3421 886 3620 943 audiat.

2013 976 2131 1033 Non
2162 978 2303 1032 enim
2346 977 2637 1033 audiebant
2683 978 2848 1043 ultro,
2890 978 2978 1049 qui
3004 994 3164 1034 aures
3190 978 3495 1044 habebant;
3527 979 3624 1037 sed

2014 1069 2334 1127 ostendebat
2362 1085 2522 1126 aures
2550 1069 2732 1126 cordis
2762 1071 3116 1149 necessarias,
3139 1072 3333 1142 quibus
3378 1074 3497 1127 illos
3523 1090 3619 1127 au-

2015 1160 2477 1234 dituros‘negarat
2499 1162 2743 1217 Creator.
2784 1161 2850 1216 Et
2903 1160 3027 1217 ideo
3056 1177 3152 1234 per
3177 1163 3451 1218 Christum
3481 1163 3621 1234 adji-

2015 1255 2125 1310 cit:
2163 1252 2342 1309 Videte
2393 1252 2646 1327 quomodo
2689 1254 2931 1323 audiatis,
2976 1264 3023 1309 et
3063 1272 3166 1309 non
3212 1255 3472 1319 audiatis;
3517 1272 3626 1317 non

2016 1345 2180 1402 corde
2207 1345 2416 1402 scilicet
2442 1345 2743 1412 audientes,
2775 1346 2870 1402 sed
2897 1362 3047 1404 aure.
3080 1346 3134 1404 Si
3158 1347 3376 1418 dignum
3405 1365 3626 1406 sensum

2020 1422 2447 1508 pronuntiationi
2478 1435 2855 1492 accommodes
2884 1453 2981 1508 pro
3003 1453 3165 1493 sensu
3193 1439 3309 1509 ejus
3339 1441 3428 1510 qui
3468 1441 3624 1495 audi-

2022 1530 2100 1586 tui
2132 1529 2446 1591 suscitabat,
2472 1529 2634 1605 etiam
2662 1527 2915 1596 dicendo,
2949 1527 3126 1585 Videte
3163 1530 3415 1603 quomodo
3437 1531 3627 1586 audia-

2020 1622 2104 1689 tis,
2136 1637 2242 1677 non
2289 1620 2554 1677 audituris
2580 1622 2909 1675 minabatur.
2943 1621 3087 1677 Sane
3111 1622 3419 1676 nominatur
3452 1624 3628 1680 mitis-

2018 1713 2184 1769 simus
2214 1704 2375 1780 Deus,
2400 1712 2525 1784 quia
2552 1728 2650 1768 nec
2673 1711 2900 1781 judicat,
2935 1728 3033 1767 nec
3057 1712 3326 1767 irascitur.
3362 1713 3474 1768 Iloc
3500 1730 3630 1787 pro-

2021 1806 2110 1862 bat
2137 1805 2299 1861 etiam
2335 1806 2619 1877 subiacens
2643 1819 2863 1861 sensus:
2896 1805 2962 1860 Ei
2988 1805 3077 1877 qui
3102 1807 3270 1871 habet,
3295 1804 3537 1873 dabitur;
3567 1808 3631 1862 ab

316 1907 429 1960 rius
453 1904 711 1972 Joannes,
739 1904 826 1975 qui
855 1904 1106 1959 omnibus
1129 1904 1267 1958 natis
1313 1901 1594 1957 mulierum
1626 1901 1798 1972 major
1821 1901 1909 1957 sit.
1942 1909 1990 1969 Β
2020 1915 2075 1952 eo
2114 1890 2301 1952 autem»
2329 1896 2415 1970 qui
2439 1914 2540 1952 non
2569 1896 2739 1961 habet,
2784 1897 2937 1951 etiam
2985 1895 3125 1969 quod
3175 1897 3360 1952 habere
3386 1917 3438 1954 se
3479 1909 3630 1975 putat

315 1998 439 2052 Sive
465 1998 606 2051 enim
638 1996 705 2051 de
732 2009 1070 2067 quocumque
1094 1995 1221 2050 dicit
1253 1990 1465 2050 modico
1512 2010 1610 2066 per
1638 1992 1914 2049 humilita-

316 2096 446 2153 tem,
471 2088 583 2143 sive
608 2087 675 2143 de
698 2088 1009 2158 semetipso,
1036 2087 1157 2157 quia
1176 2087 1352 2142 minor
1370 2084 1576 2143 Joanne
1599 2086 1913 2153 habebatur,

317 2178 567 2234 clunibus
596 2178 802 2235 scilicet
854 2180 907 2235 iu
958 2178 1304 2235 solitudinem
1349 2176 1797 2236 concurrentibus
1848 2178 1915 2235 ad

317 2271 581 2327 Joannem
609 2273 786 2343 petius
810 2260 971 2343 quam
1012 2270 1076 2325 ad
1104 2270 1401 2336 Christum,
1434 2270 1572 2338 Quid
1623 2271 1797 2326 existis
1839 2266 1918 2326 vi-

326 2365 444 2419 dere
470 2365 522 2419 in
550 2363 913 2419 solitudinem?
937 2363 1268 2420 tantumdem
1298 2372 1353 2419 et
1374 2361 1614 2419 Creatori
1641 2363 1917 2432 competit,

319 2467 373 2513 et
397 2456 658 2512 Joannem
710 2458 877 2527 ipsius
907 2471 1026 2512 esse
1068 2455 1327 2527 majorem
1359 2455 1498 2511 natis
1530 2455 1837 2521 mulierum,
1868 2463 1922 2511 et

316 2547 590 2604 Christum
623 2548 710 2604 vel
748 2565 1016 2621 quemque
1060 2547 1351 2615 modicum,
1397 2549 1486 2621 qui
1518 2544 1689 2621 major
1716 2546 1923 2605 Joanne

320 2641 531 2696 futurus
561 2642 630 2696 sit
662 2642 713 2696 in
746 2626 912 2713 regno
944 2658 1098 2713 aeque
1128 2641 1429 2707 Creatoris,
1457 2650 1511 2698 et
1559 2643 1646 2713 qui
1695 2642 1764 2698 sit
1811 2656 1924 2696 ma-

315 2735 404 2806 jor
433 2742 578 2790 tanto
608 2734 889 2807 propheta,
923 2738 1013 2807 qui
1057 2753 1164 2793 non
1216 2736 1376 2793 fuerit
1427 2738 1820 2794 scandalizatus
1871 2741 1922 2794 in

319 2828 615 2892 Christum,
662 2828 803 2901 quod
850 2838 975 2885 tunc
1006 2826 1272 2886 Joannem
1317 2830 1525 2886 minuit.
1579 2831 1816 2887 Diximus
1859 2832 1928 2888 de

320 2904 546 2972 remissa
574 2928 917 2988 peccatorum
960 2917 1059 2993 (α).
1109 2918 1256 2975 Illius
1281 2930 1459 2975 autem
1492 2920 1805 2991 pceeatricis
1832 2917 1929 2976 fte-

321 3008 482 3063 minm
512 3014 886 3080 argumentitm
918 3026 983 3066 eo
1014 3012 1343 3081 pertinebit,
1373 3022 1431 3067 ut
1472 3028 1592 3067 cum
1629 2994 1791 3081 pedes
1822 3012 1930 3066 ilo-

321 3101 450 3154 mini
482 3100 681 3156 osculis
711 3102 929 3173 figeret,
962 3103 1216 3176 laerymis
1248 3104 1549 3171 iuundaret,
1575 3105 1813 3161 crinibus
1834 3107 1929 3162 de-

324 3202 577 3263 tergeret,
635 3192 903 3266 unguento
949 3194 1290 3266 perduceret,
1335 3196 1487 3252 solidi
1517 3199 1761 3266 corporis
1789 3200 1931 3254 veri-

2018 1995 2279 2065 auferetur
2304 1991 2368 2046 ei.
2398 1990 2535 2059 Quid
2588 1989 2845 2046 dabitur?
2874 1989 3121 2060 Adjectio
3163 1990 3305 2056 ﬁdei,
3340 1991 3422 2046 vel
3471 1992 3632 2048 intel-

2020 2084 2212 2153 lectus,
2246 2083 2330 2139 vel
2360 2083 2507 2139 salus
2552 2082 2686 2154 ipsa.
2720 2082 2855 2150 Quid
2899 2082 3215 2139 auferetur?
3250 2084 3440 2155 Utique
3489 2085 3632 2155 quod

2021 2175 2269 2232 dabitur.
2292 2176 2340 2231 Λ
2371 2192 2480 2248 quo
2509 2175 2746 2240 dabitur,
2802 2183 2859 2230 et
2887 2175 3203 2231 auferetur?
3225 2176 3279 2231 Si
3316 2192 3346 2230 a
3372 2175 3637 2235 Creatore

2022 2268 2314 2336 auferetur,
2343 2268 2410 2322 ab
2433 2283 2497 2323 eo
2511 2279 2566 2324 et.
2598 2266 2674 2339 (5)
2695 2252 2908 2323 dabitur
2933 2288 2945 2322 :
2967 2268 3012 2322 si
3042 2282 3069 2320 a
3101 2266 3205 2324 dco
3227 2267 3512 2324 Marcionis
3533 2268 3633 2324 da-

2025 2365 2190 2429 bitur,
2250 2363 2316 2418 ab
2367 2377 2434 2419 eo
2479 2372 2533 2418 et
2572 2361 2865 2425 auferetur.
2914 2361 3139 2432 Quoquo
3184 2370 3360 2417 tamen
3415 2364 3634 2419 nomine

2026 2456 2392 2513 comminatur
2419 2454 2765 2521 oblationem,
2795 2470 2902 2511 nou
2939 2456 3041 2512 erit
3062 2455 3179 2524 ejus
3210 2456 3302 2511 Dei
3332 2457 3419 2528 qui
3466 2458 3637 2513 nescit

2026 2549 2373 2614 comminari,
2403 2549 2527 2620 quia
2556 2564 2661 2604 non
2705 2550 2853 2604 novit
2901 2548 3082 2604 irasci.
3123 2548 3285 2604 Miror
3307 2562 3482 2606 autem
3511 2566 3635 2606 cum

2029 2641 2301 2696 lacernam
2324 2651 2481 2712 negat
2514 2626 2768 2696 abscondi
2798 2643 2995 2704 solere,
3029 2642 3117 2714 qui
3148 2658 3207 2698 se
3248 2652 3394 2698 tanto
3436 2645 3636 2700 smculo

2030 2734 2390 2791 absconderat
2419 2735 2594 2806 majus
2649 2744 2703 2791 et
2735 2724 3071 2792 necessarius
3115 2736 3318 2804 lumen,
3349 2754 3470 2793 cum
3517 2754 3635 2792 om-
3680 2726 3691 2790 !

2032 2829 2121 2885 nia
2166 2830 2234 2885 de
2289 2828 2501 2887 occulto
2551 2830 2602 2885 in
2655 2840 2901 2900 apertum
2952 2826 3298 2902 repromittit,
3333 2833 3421 2903 qui
3471 2833 3639 2888 Deum

2032 2939 2186 2979 suum
2213 2938 2379 2994 usque
2397 2920 2572 2978 adhuc
2599 2921 2904 2990 obumbrat,
2928 2934 3271 2993 exSpectans,
3303 2925 3514 2995 opinor,
3545 2940 3638 2979 ua-

2034 3017 2113 3073 sci
2149 3016 2498 3095 Marcionem.
2528 3004 2784 3091 Venimus
2831 3015 2895 3069 ad
2929 3016 3436 3079 constantissimmn
3476 3031 3640 3087 argu-

2037 3120 2272 3164 mentum
2304 3101 2542 3179 enmium
2576 3108 2663 3179 qui
2717 3108 2926 3163 Domini
2972 3109 3304 3165 nativitatem
3335 3110 3386 3164 iu
3416 3121 3640 3165 (101ιίΓο-

2040 3203 2266 3258 versiatn
2295 3178 2562 3255 defertinl.
2590 3198 2732 3268 Ipse,
2762 3200 3026 3271 inquiunt,
3056 3211 3388 3257 contestatur
3419 3217 3478 3257 se
3532 3217 3641 3257 non

323 3294 632 3351 talem,non
665 3288 979 3357 phantasma
1009 3291 1167 3345 inane
1196 3291 1524 3362 tractaverit.
1557 3290 1626 3346 Et
1654 3300 1712 3346 ut
1739 3307 1926 3359 pecca-
1953 3302 1997 3365 (ζ
2033 3308 2153 3349 esse
2177 3300 2380 3357 natmn,
2405 3290 2635 3346 dicendo
2663 3310 2676 3348 ε
2700 3291 2829 3359 Qua:
2850 3292 2974 3346 mihi
3007 3302 3187 3359 mater,
3213 3304 3258 3346 et
3282 3295 3365 3362 qui
3389 3293 3641 3366 mihifra-

323 3377 472 3431 tricis
496 3378 828 3449 poenitentia,
859 3368 1152 3435 secundum
1179 3376 1490 3438 Creatorem
1523 3384 1799 3451 meruerit,
1833 3400 1922 3441 ve-
1951 3410 1959 3421 ι
2031 3390 2182 3446 tres?
2209 3388 2286 3443 Ita
2304 3403 2519 3457 semper
2542 3386 2800 3454 hmretici,
2835 3399 2928 3443 aut
2965 3388 3137 3442 nudas
3162 3397 3218 3443 et
3248 3389 3521 3458 simplices
3554 3403 3642 3443 vo-

325 3471 469 3525 niam
496 3478 807 3543 praeponere
826 3475 1039 3528 solitum
1058 3474 1342 3531 sacriﬁcio.
1374 3472 1477 3532 Sed
1502 3486 1557 3532 et
1585 3477 1632 3532 si
1662 3480 1925 3548 pmuiten-

326 3563 412 3616 tiae
439 3563 689 3618 stiumlus
733 3578 799 3619 ex
847 3560 950 3620 ﬁde
981 3565 1271 3633 acciderat,
1330 3582 1427 3638 per
1455 3569 1827 3641 paenitentiam
1856 3589 1921 3629 ex

327 3653 433 3709 ﬁde
454 3655 823 3724 justilicatam,
854 3657 921 3711 ab
950 3672 1016 3712 eo
1064 3646 1231 3714 audiit
1262 3678 1276 3714 :
1307 3657 1463 3715 Fides
1512 3670 1600 3715 tua
1648 3671 1696 3716 te
1731 3656 1927 3720 salvam

327 3744 446 3816 fecit
471 3762 488 3799 :
510 3746 598 3816 qui
630 3762 725 3817 per
751 3747 999 3805 IIahacuc
1031 3746 1276 3824 (Habita,
1309 3750 1373 3819 Il,
1396 3750 1471 3824 4)
1504 3741 1923 3825 pronuntiaret:

327 3838 509 3895 Justus
535 3857 597 3895 ea?
621 3841 724 3911 [ide
745 3835 837 3896 sua
857 3843 981 3898 vivet
1004 3843 1105 3917 (Ξ).

914 3936 1144 3997 CAPUT
1195 3936 1342 3996 XIX.

404 4026 558 4093 Quod
590 4028 766 4084 divites
792 4027 994 4085 Christo
1021 4032 1257 4089 mulieres
1281 4033 1626 4102 adhwrebant,
1658 4054 1772 4110 quae
1805 4047 1850 4094 et
1868 4039 1930 4096 de

329 4117 659 4186 facultatibus
685 4123 788 4176 suis
818 4124 1173 4180 ministrabant
1194 4128 1258 4190 ei,
1298 4129 1428 4183 inter
1450 4146 1576 4199 quas
1607 4141 1652 4185 et
1695 4148 1825 4187 uxor
1846 4151 1929 4188 re-

332 4209 410 4277 gis
437 4214 781 4278 procuratoris
811 4206 1157 4287 (Luc.VllI),
1219 4214 1286 4275 de
1338 4221 1617 4290 pronhetia
1675 4234 1776 4279 est.
1825 4212 1933 4282 llas

330 4301 475 4354 enim
506 4302 731 4358 Vocabat
758 4320 854 4376 per
882 4306 1092 4363 Esaiam
1135 4308 1262 4381 (Is.,
1296 4308 1510 4377 XXXII,
1545 4313 1600 4383 9)
1633 4332 1646 4370 :
1688 4314 1932 4374 Mulieres

332 4393 512 4450 divites
538 4401 811 4471 exsurgite,
841 4408 888 4455 et
914 4404 1088 4458 audite
1117 4421 1283 4459 vocem
1334 4423 1498 4460 meam
1520 4422 1540 4471 ;
1564 4418 1613 4462 ut
1640 4407 1770 4465 disci
1781 4410 1930 4480 pulas

334 4488 528 4558 pritno,
556 4489 750 4546 dehinc
780 4492 835 4547 ut
864 4494 1139 4565 operarias
1165 4509 1220 4551 et
1263 4490 1539 4554 miniétras
1565 4498 1877 4556 ostenderet
1908 4521 1922 4557 :

335 4578 510 4649 Filia,
540 4583 591 4634 in
608 4598 697 4652 spe
734 4585 907 4639 audite
928 4603 1183 4643 sermones
1210 4605 1365 4644 meos.
1391 4584 1514 4646 Dies
1536 4591 1660 4646 anni
1689 4592 1929 4650 memen-

2028 3499 2121 3541 ees
2142 3482 2470 3553 conjecturis
2498 3497 2604 3552 quo
2633 3480 2817 3536 volunt
2845 3481 3102 3552 rapiunt;
3135 3490 3227 3537 aut
3279 3497 3465 3537 rursus
3508 3466 3643 3538 con:-

2029 3577 2317 3633 ditiouales
2357 3582 2412 3631 et
2437 3574 2751 3642 rationales,
2800 3573 3162 3646 simplicitatis
3186 3574 3498 3630 conditione
3526 3573 3641 3636 dis-

2031 3668 2265 3732 solvunt,
2289 3676 2347 3721 ut
2366 3665 2469 3721 hoc
2510 3667 2564 3720 in
2609 3665 2748 3719 loco.
2791 3664 2899 3719 Nos
2927 3665 3201 3720 contrario
3227 3663 3457 3720 dicimus
3488 3685 3501 3719 ε
3533 3666 3642 3736 pri-

2032 3777 2145 3827 mo,
2178 3775 2283 3816 non
2316 3758 2556 3831 potuisse
2589 3756 2661 3813 illi
2694 3758 3026 3822 annuutiari,
3050 3746 3193 3829 quod
3243 3770 3415 3814 mater
3454 3767 3509 3813 et
3531 3758 3640 3812 fra-

2035 3866 2144 3911 tres
2166 3852 2282 3925 ejus
2311 3853 2442 3909 foris
2465 3862 2673 3908 starent
2694 3862 2999 3923 qumrentes
3028 3851 3215 3907 videre
3244 3866 3390 3917 eum,
3421 3850 3466 3906 si
3498 3850 3641 3907 nulla

2035 3950 2109 4007 illi
2140 3959 2312 4006 mater
2337 3958 2392 4003 et
2423 3944 2780 4004 fratres’nulli
2809 3946 3068 4012 fuissent;
3112 3960 3249 4016 quos
3272 3945 3455 4014 utique
3485 3953 3644 4000 norat

2034 4042 2124 4114 qui
2173 4040 2538 4104 adnuntiaret,
2587 4036 2669 4093 vel
2705 4046 2852 4093 retro
2896 4048 3072 4104 notos,
3120 4035 3207 4092 vel
3257 4045 3383 4091 tunc
3440 4034 3642 4091 ibidem

2035 4141 2363 4204 compertos,
2389 4129 2515 4187 dum
2543 4146 2665 4186 eum
2699 4129 2883 4185 videre
2904 4128 3238 4197 desiderant,
3268 4126 3356 4184 vel
3387 4124 3514 4183 dum
3540 4127 3642 4197 ipsi

2038 4227 2282 4281 nuutiqu
2323 4223 2600 4279 mandant.
2646 4221 2725 4279 Ad
2768 4221 3178 4292 hancfprimam
3221 4220 3642 4293 propositionem

2038 4325 2276 4373 nostram
2312 4317 2449 4372 solet
2502 4314 2569 4373 ex
2608 4314 2822 4369 diverso
2867 4312 3180 4384 responderi
3208 4332 3218 4366 :
3246 4312 3382 4382 Quid
3409 4314 3551 4369 enim
3582 4312 3630 4368 si

2037 4402 2276 4467 tentandi
2305 4410 2473 4481 gratia
2522 4408 2821 4465 nuntiatum
2859 4417 2944 4463 est
2978 4405 3062 4462 ei?
3103 4405 3209 4462 Sed
3239 4408 3340 4462 hoc
3369 4406 3645 4477 Scriptura

2036 4519 2143 4560 non
2169 4486 2318 4573 dicit,
2345 4520 2465 4577 qua:
2509 4511 2709 4574 quanto
2744 4500 3047 4572 signiﬁcare
3074 4501 3214 4556 solet
3236 4515 3302 4556 ex
3347 4501 3647 4583 teutationq

2032 4599 2159 4671 quid
2190 4597 2383 4655 factum
2419 4617 2432 4654 :
2462 4596 2596 4652 Ecce
2648 4594 2797 4671 (Luc.
2825 4594 2918 4677 ΩΧ)
2963 4594 3087 4665 legis
3136 4594 3313 4648 doctor
3359 4593 3644 4648 assurrexit

335 4680 445 4783 tote
464 4682 584 4728 cum
617 4660 868 4733 laborein
901 4694 1015 4750 spe.
1040 4680 1174 4735 Cum
1204 4680 1385 4739 labore
1412 4683 1554 4738 enim
1603 4682 1708 4756 quo
1733 4698 1926 4757 seque-
1957 4704 2008 4767 ι)
2034 4660 2235 4783 ίεηιαηδ
2251 4708 2364 4748 eum
2382 4680 2471 4756 ;et
2491 4690 2558 4744 de
2580 4660 2763 4744 tributi
2784 4660 3184 4743 consultatione
3209 4703 3223 4740 :
3250 4684 3314 4739 Et
3340 4682 3488 4756 (Luc.
3512 4684 3641 4754 XX)

334 4764 563 4832 bantur,
589 4777 644 4823 et
662 4770 732 4824 ob
759 4785 932 4841 Spem,
963 4773 1363 4831 ministrabant.
1392 4774 1573 4847 {Eque
1598 4773 1666 4833 de
1706 4778 1930 4848 parabo.

333 4855 399 4912 lis
449 4860 615 4916 semel
662 4862 891 4920 sufﬁciat
938 4866 1241 4936 probatum.
1285 4867 1389 4925 hoc
1438 4864 1607 4941 genus
1654 4867 1856 4941 eloquii
1900 4886 1930 4926 a

335 4948 591 5007 Creatore
630 4956 972 5024 promissum.
1012 4957 1091 5019 At.
1125 4975 1270 5019 nunc
1308 4946 1396 5015 illa
1434 4944 1647 5033 quoque
1695 4978 1933 5032 pronum.

336 5040 488 5097 tiatio
515 5041 630 5114 ejus
653 5044 721 5101 ad
767 5047 1021 5119 populum
1052 5047 1176 5122 (18.,
1205 5049 1297 5121 VI,
1328 5048 1423 5125 10)
1449 5068 1463 5108 :
1506 5050 1644 5109 Aure
1685 5050 1927 5124 audietis,

2032 4766 2352 4849 decesserunt
2380 4766 2449 4836 ad
2469 4798 2584 4836 eum
2620 4778 2874 4834 Phariscei
2898 4786 3146 4833 tentantes
3176 4793 3290 4831 eum
3306 4793 3327 4843 ;
3371 4785 3521 4849 tanto
3547 4777 3642 4832 ubi

2042 4891 2150 4931 non
2166 4876 2289 4930 facit
2303 4873 2612 4929 teutationis
2624 4871 2952 4928 mentionem
2970 4885 3073 4925 non
3088 4864 3321 4925 admittit
3333 4869 3643 4927 tentationis

2035 4965 2551 5037 interpretationem.
2569 4963 2640 5019 Et
2652 4974 2828 5019 tamen
2844 4977 2909 5018 ex
2923 4959 3214 5018 abundanti
3227 4966 3447 5033 Caussas
3460 4968 3605 5019 tenta
3618 4991 3641 5004 ο

2039 5060 2199 5116 tionis
2214 5075 2278 5116 ex
2299 5059 2531 5131 postulo,
2555 5058 2641 5116 cui
2667 5057 2747 5115 rei
2772 5048 3091 5117 tentaverint
3104 5044 3274 5122 illum,
3290 5069 3386 5127 per
3399 5054 3645 5111 nemina-

1486 5274 1489 5279 _
1573 5180 1954 5258 LECTIONES
1993 5173 2407 5259 vilittiu'rcs.

397 5304 473 5433 ta
504 5304 1079 5423 ratisratis
1099 5296 1267 5373 ωλίοτί
1292 5306 1398 5375 δίη·
1430 5294 1593 5363 Vm“-

2105 5315 2178 5381 (3)
2216 5316 2279 5368 Et
2298 5315 2432 5374 abest
2454 5313 2623 5368 Paris.

968 5548 975 5555 η
1506 5542 1513 5553 .
1699 5430 2264 5547 communitis.
2542 5530 2549 5539 ,
2600 5514 2613 5543 ὲ

405 5574 484 5651 (θλ)
517 5574 751 5651 Dia-imus
790 5576 857 5651 d_e
891 5577 1106 5651 remissa
1127 5580 1469 5651 peccatorum.
1495 5570 1800 5651 ﬁemissam
1827 5595 1930 5651 pro
2038 5579 2165 5646 ﬁne,
2200 5579 2282 5635 Ite
2297 5581 2454 5636 missa
2473 5587 2566 5636 est.
2596 5578 2675 5635 Ex
2705 5575 2794 5651 illa
2821 5568 3295 5651 duplici-missione
3324 5567 3638 5651 seudimis-

335 5644 673 5722 [emissi_tin_e,
696 5658 761 5722 ut
796 5644 1216 5722 Asnp'yprianus
1256 5649 1350 5705 lib.
1407 5650 1471 5722 de
1513 5644 1658 5705 Bono
1689 5720 1696 5722 _
1724 5644 1846 5722 pat.‘
1872 5661 1930 5722 et.

338 5713 506 5790 Epist.
526 5713 667 5773 XIV.
695 5718 847 5776 Unde
875 5713 1033 5776 Missa
1064 5734 1163 5790 pro
1190 5721 1528 5781 sanctissimo
1550 5713 1734 5775 altaris
1752 5721 1924 5779 sacri-

339 5786 478 5855 ficio,
501 5804 534 5862 Aa
555 5790 750 5862 duplici
781 5792 1035 5846 missione
1062 5786 1200 5862 dicta
1230 5802 1330 5856 est;
1359 5791 1466 5848 duo
1489 5791 1712 5856 scilicet,
1746 5793 1922 5862 expli-

336 5867 458 5911 cato
498 5860 805 5932 Evangelia,
835 5862 997 5917 levita
1024 5860 1237 5917 dicebat
1262 5879 1275 5917 :
1310 5862 1368 5917 Si
1398 5863 1509 5932 quis
1532 5860 1919 5925 catecltuntenus

338 5930 597 6001 remansit,
631 5942 792 5999 exeat,
822 5933 905 5989 vel
932 5932 1284 5989 Catechumeni
1308 5930 1568 6000 exeunte;
1596 5943 1649 5989 et
1669 5935 1831 5992 etiam
1862 5938 1914 5992 in

2034 5652 2191 5705 stone

2246 5651 2424 5721 populi
2474 5652 2539 5707 eti
2571 5638 3083 5721 bateehumeuonlm
3135 5638 3292 5721 Missa
3343 5640 3484 5696 dicta
3524 5650 3635 5696 est.

2032 5716 2365 5776 Vticltbtt‘lum
2433 5722 2575 5776 istud
2632 5720 2790 5775 veluti
2870 5716 3236 5786 periculosum
3273 5723 3639 5786 Δ(ξιιθρνηηιιιι-

2028 5792 2474 5865 Calyiuiaugruui
2513 5804 2719 5865 mystm,
2752 5780 2883 5843 licci
2906 5784 3043 5865 διηριιά
3170 5780 3636 5865 Ᾱ¹¹ῗδτ⁶⁹ἧί¹¹¹ἷξᾟ¹ῗ⁶

2026 5863 2287 5935 periatur.
2311 5862 2419 5918 liae
2443 5862 2513 5919 de
2539 5850 2600 5921 re
2627 5850 2749 5919 vide
2774 5874 2895 5930 qua:
2923 5850 3039 5913 fuse
3070 5854 3334 5935 Durantus
3364 5852 3428 5935 de
3462 5850 3627 5907 Ritib.

3251 5918 3328 5975 Ls
3364 5921 3459 5976 Pa.
3536 5984 3547 5996 δ
