4020 6286
384 345 487 405 ωδ

1488 344 1618 402 LIB.
1658 342 1727 401 IV
1766 333 2136 397 ADVERSUS
2174 340 2600 403 MARCIONEM.

3593 351 3699 409 406
3762 372 3779 397 ι

388 468 583 524 tionem
612 465 813 522 matris
840 475 895 523 et
921 463 1161 523 fratrum.
1183 465 1241 523 Si
1269 474 1327 524 ut
1359 465 1559 522 scirent
1578 469 1803 519 natusne
1828 467 1990 524 esset,
2020 455 2076 517 A
2103 460 2269 531 magis
2298 471 2523 519 matrem
2553 472 2608 520 et
2633 464 2828 523 fratres
2863 465 3241 534 conﬁtebatur,
3284 466 3427 538 quod
3450 467 3572 524 illos
3597 487 3695 524 no-

387 574 452 614 an
505 574 646 623 non;
683 558 907 630 quando
944 559 1011 614 de
1055 558 1155 614 hoc
1183 557 1282 614 fuit
1320 557 1578 629 qurestio,
1610 569 1769 627 quam
1800 568 1867 609 ex
1895 553 1994 607 ista

388 652 688 707 tentatioue
728 652 1083 707 discuterent.
1127 652 1258 721 Quis
1285 661 1462 723 autem
1487 649 1757 707 dubitaret
1784 655 1992 714 natum,

387 760 542 815 quem
570 743 781 799 videret
811 744 1077 801 hominem
1109 785 1125 808 ,
1157 760 1317 816 quem
1342 743 1577 799 audisset
1609 740 1779 797 ﬁlium
1810 755 1871 796 se
1899 740 2000 795 ho-

390 837 545 892 minis
575 836 879 908 professum
905 879 918 902 ,
952 851 1106 908 quem
1135 837 1203 893 de
1230 845 1524 907 conspectu
1552 835 1730 891 omnis
1753 834 1999 889 humanae

392 927 662 998 qualitatis
700 926 1007 984 dubitarent
1033 928 1220 993 Deum,
1253 938 1345 982 aut
1382 926 1546 983 filium
1594 925 1687 982 Dei
1734 924 1999 981 credere?

394 1018 687 1089 prepheten
736 1017 947 1074 facilius
997 1019 1389 1084 existimantes,
1439 1018 1562 1073 licet
1608 1031 1860 1088 magnum
1904 1016 2001 1071 ali-

302 1142 311 1151 ι
378 1108 570 1181 quem,
616 1108 805 1178 utique
835 1119 1009 1164 tamen
1050 1119 1265 1179 natum.‘
1290 1108 1514 1164 Etiamsi
1548 1107 1601 1163 in
1629 1107 2001 1178 exliloratione

394 1205 680 1259 nativitatis
712 1203 997 1260 lentandus
1018 1202 1225 1271 fuisset,
1259 1201 1635 1274 quodcumque
1662 1200 1808 1258 aliud
1835 1216 1998 1273 argu-

392 1308 630 1352 mentum
664 1297 952 1352 tentationi
976 1299 1341 1369 eompetisset,
1365 1311 1524 1367 quam
1551 1310 1647 1367 per
1667 1310 1852 1351 earum
1877 1311 2001 1367 per-

392 1404 643 1445 sonorum
697 1389 1047 1459 mentionem,
1101 1404 1233 1461 quas
1284 1389 1455 1458 potuit
1500 1389 1658 1447 etiam
1708 1396 1867 1444 natus
1895 1403 2001 1444 non

396 1484 610 1539 habere.
637 1483 732 1538 Dic
761 1482 921 1537 mihi:
953 1482 1213 1539 Omnibus
1235 1484 1373 1538 natis
1386 1491 1556 1539 mater
1572 1483 1805 1538 advivil?
1828 1483 2003 1538 omni-

393 1577 491 1632 bus
531 1578 672 1632 natis
717 1577 1113 1649 adgeneranlur
1156 1589 1211 1635 et
1250 1578 1491 1635 fratres?
1520 1594 1624 1634 non
1654 1578 1780 1634 licet
1826 1587 2007 1648 patres

393 1673 561 1743 magis
591 1682 647 1728 et
671 1686 889 1728 sorores
914 1672 1135 1739 habere,
1168 1672 1253 1727 vel
1285 1683 1338 1727 et
1364 1674 1635 1728 neminem
1658 1672 1682 1725 ’ἶ
1719 1669 1797 1746 (α)
1823 1670 1933 1726 Sed
1954 1677 2009 1726 et

393 1779 587 1821 census
613 1774 823 1819 constat
852 1774 1001 1820 actos
1049 1763 1203 1839 (Luc.
1236 1762 1301 1834 II)
1348 1764 1447 1820 sub
1468 1768 1710 1834 Augusto
1739 1777 1882 1819 nunc
1923 1761 2005 1838 (I)

2101 550 2242 606 lebat
2274 568 2569 625 agnoscere
2598 573 2613 622 ;
2645 559 2787 629 quod
2816 559 2951 615 alios
2995 558 3303 630 adoptabat,
3330 561 3688 618 confirmabat

2100 657 2233 715 quos
2262 660 2327 700 ex
2353 645 2555 704 oﬁeusa
2578 650 2809 721 negavit,
2838 651 3032 722 quibus
3061 666 3164 708 non
3196 661 3255 707 ut
3286 654 3526 709 veriores
3573 659 3699 708 sub-

2099 740 2293 805 stituit,
2318 741 2411 797 sed
2441 752 2497 797 ut
2537 744 2829 816 digniores.
2879 747 3120 819 Denique
3150 748 3284 803 nihil
3330 764 3605 820 magnum,
3653 750 3697 804 si

2101 830 2260 888 ﬁdem
2289 835 2530 906 sanguini
2555 839 2866 912 praeposuit,
2897 855 3058 910 quem
3091 856 3198 896 non
3228 841 3477 899 habebat.

2699 929 2930 989 CAPUT
2986 931 3108 988 XX.
3144 932 3153 935 “

2179 1015 2304 1083 Quis
2354 1026 2531 1075 autem
2585 1020 2680 1077 iste
2704 1031 2796 1089 est,
2823 1023 2911 1095 qui
2948 1033 2995 1078 et
3032 1024 3193 1081 ventis
3222 1034 3270 1081 et
3312 1027 3444 1082 mari
3488 1029 3705 1099 imperat

2109 1106 2263 1180 (Luc,
2288 1109 2489 1181 VIII)?
2543 1111 2805 1170 Nimirum
2845 1130 3016 1173 novus
3054 1116 3360 1174 dominator
3387 1127 3546 1190 atque
3578 1136 3704 1191 pos-

2106 1215 2288 1256 sessor
2311 1202 2698 1261 elementorum
2728 1206 2932 1263 subacti
2950 1208 3062 1279 jam
3101 1219 3158 1266 et
3180 1211 3386 1267 exclusi
3411 1204 3706 1268 Creatoris.

2106 1293 2226 1351 Non
2254 1296 2322 1351 ita
2350 1306 2458 1353 est.
2488 1297 2595 1354 Sed
2614 1310 2877 1370 agnorant
2899 1302 3212 1363 substantia:
3235 1313 3509 1361 auctorem
3533 1321 3712 1373 suum,

2108 1404 2228 1460 quae
2255 1389 2468 1465 famulis
2519 1384 2730 1462 quoque
2759 1393 2874 1464 ejus
2902 1395 3159 1451 obaudire
3186 1407 3594 1454 consueverant.
3624 1397 3711 1452 Iu—

2110 1480 2257 1552 Spice
2281 1481 2517 1538 Exodum
2567 1483 2788 1557 (Exod.,
2815 1484 2980 1559 XIV),
3031 1488 3285 1553 Marcion,
3333 1489 3549 1561 adspice
3578 1490 3713 1545 Mari

2111 1571 2314 1640 Rubro,
2344 1575 2561 1630 vastiori
2605 1590 2768 1646 super
2801 1582 2979 1637 omnia
3016 1588 3202 1651 stagna
3242 1579 3477 1646 Iudaeae,
3507 1581 3708 1650 virgam

2111 1664 2276 1735 Moysi
2318 1664 2688 1736 imperantem,
2718 1676 2774 1723 ut
2820 1668 3063 1726 funditus
3112 1672 3460 1742 proscissum,
3491 1682 3546 1728 et
3597 1673 3707 1741 pari

2112 1759 2377 1828 utrimque
2420 1769 2639 1829 stupore
2662 1761 2994 1835 discriminis
3026 1764 3210 1830 fixum,
3265 1766 3411 1822 sicco
3458 1766 3712 1836 populum

393 1859 446 1914 in
474 1857 662 1914 Iudaea
694 1856 779 1931 (2)
827 1872 924 1928 per
970 1857 1215 1921 Sentium
1246 1857 1595 1915 Saturninum
1620 1898 1638 1919 .
1687 1856 1829 1927 apud
1871 1871 2005 1924 quos
2033 1851 2084 1915 B
2115 1849 2281 1921 pede,
2314 1851 2568 1908 intestino
2597 1854 2788 1911 itinere
2825 1856 3250 1927 transmitteret,
3279 1874 3570 1930 rursusque
3614 1860 3715 1915 sub

393 1968 561 2026 genus
606 1954 724 2022 ejus
775 1951 1049 2022 inquirere
1100 1950 1425 2022 potuissent.
1457 1949 1610 2006 Adeo
1653 1948 1804 2005 nullo
1845 1947 2006 2003 modo

394 2044 638 2101 constitit
687 2046 826 2101 ratio
854 2045 1165 2101 tentatiouis
1220 2044 1394 2100 istius.
1446 2047 1513 2098 At
1554 2058 1680 2099 vere
1732 2053 1903 2098 mater
1953 2050 2009 2098 et

398 2139 592 2193 fratres
638 2136 755 2206 ejus
796 2136 927 2190 foris
954 2136 1185 2197 stabant.
1221 2136 1482 2206 Superest
1507 2144 1562 2190 et
1609 2134 1690 2206 (5)
1743 2134 2009 2205 dispicere

397 2245 617 2289 sensum
661 2244 766 2283 non
796 2228 1111 2300 simpliciter
1140 2226 1566 2297 prbuuntiantis,
1593 2225 1723 2292 Quae
1750 2226 1876 2281 mihi
1900 2242 2013 2281 ma-

403 2337 477 2381 ter
523 2330 612 2377 aut
657 2326 843 2393 fratres
865 2322 892 2376 ?
916 2322 1067 2393 quasi
1097 2322 1164 2377 ad
1191 2323 1403 2393 generis
1439 2330 1494 2377 et
1521 2321 1813 2383 nativitatis
1846 2337 2012 2394 nega-

405 2422 639 2481 tionem;
678 2415 773 2470 sed
797 2426 852 2471 et
876 2433 941 2472 ex
967 2433 1175 2473 caussa:
1221 2416 1545 2473 necessitate
1595 2427 1648 2473 et
1702 2417 2014 2477 conditione

407 2502 675 2568 rationali.
708 2505 839 2561 Tam
867 2509 1141 2580 proximas
1187 2508 1333 2563 enim
1375 2522 1634 2585 personas
1684 2508 1817 2564 foris
1869 2518 2015 2566 stare

410 2604 680 2660 extraneis
728 2606 870 2661 intus
900 2602 1088 2657 deﬁxis
1116 2600 1186 2655 ad
1227 2615 1506 2656 sermones
1536 2600 1670 2671 ejus,
1704 2601 1936 2673 amplius
1961 2611 2017 2659 et

411 2714 640 2755 avocare
668 2714 791 2755 eum
834 2713 865 2752 a
907 2695 1136 2751 solemni
1165 2709 1329 2763 opere
1356 2705 1681 2765 quaerentes,
1711 2696 1904 2752 merito
1930 2696 2015 2752 in-

415 2793 659 2864 dignatus
691 2802 793 2848 est.
825 2790 900 2863 (b)
929 2788 1043 2843 Non
1068 2797 1175 2843 tam
1204 2787 1487 2859 abnegavit
1515 2787 1594 2860 (4)
1622 2803 1780 2858 quam
1810 2788 2022 2845 abdica-

415 2888 510 2942 vit.
539 2889 716 2957 Atque
745 2883 881 2940 adeo
907 2897 1029 2937 cum
1053 2879 1423 2951 praemisisset,
1457 2879 1586 2946 Qua:
1629 2878 1709 2952 (5)
1762 2880 1887 2934 mihi
1909 2896 2021 2933 ma-

418 2988 511 3044 ter,
546 2989 590 3034 et
617 2980 704 3049 qui
751 2976 875 3031 mihi
922 2975 1147 3045 fratres?
1177 2973 1529 3044 subjungens.
1568 2974 1667 3029 nisi
1693 2975 1777 3045 qui
1803 2974 2022 3033 audiunt

419 3072 569 3128 verba
595 3088 728 3136 mea,
751 3078 797 3126 et
823 3069 1020 3141 facium
1043 3066 1143 3139 ea?
1195 3065 1265 3138 (ε)
1317 3066 1589 3121 transtulit
1614 3067 2022 3137 sanguinis,th-

421 3168 565 3223 mina
594 3167 647 3220 in
677 3165 832 3229 alios,
860 3177 997 3235 quos
1024 3162 1195 3232 magis
1232 3160 1508 3231 proximos
1554 3176 1652 3232 pro
1681 3161 1793 3219 ﬁde
1820 3162 2026 3233 judica-

2110 1945 2349 2018 ejusdem
2396 1946 2560 2025 virgae
2612 1957 2766 2016 nutu,
2817 1948 3076 2007 redeunte
3114 1961 3338 2020 natura,
3399 1952 3712 2026 IEgyplium

2111 2037 2406 2093 exercitum
2458 2037 2720 2095 undarum
2767 2042 3054 2117 concordia
3105 2043 3358 2100 obrueret
3396 2062 3411 2099 :
3468 2047 3521 2100 in
3570 2045 3712 2115 quod

2112 2144 2247 2201 opus
2270 2141 2323 2185 et
2346 2130 2514 2186 austri
2540 2132 2862 2188 servierunt.
2898 2132 2971 2206 (e)
2997 2133 3140 2206 Lege
3188 2144 3244 2191 et
3292 2135 3311 2207 (
3340 2135 3479 2203 10s.,
3513 2136 3601 2203 Ill,
3627 2138 3661 2192 4
3694 2136 3715 2208 )

2114 2234 2289 2279 sortes
2314 2224 2527 2279 familiae
2557 2224 2892 2293 dirimendas,
2921 2228 2977 2283 in
3006 2229 3287 2285 transitum
3315 2229 3432 2301 ejus
3475 2230 3546 2302 (f)
3597 2230 3717 2286 Jor—

2115 2316 2269 2372 danis
2298 2318 2620 2375 machaeram
2649 2319 2832 2388 fuisse,
2860 2320 3011 2391 cujus
3039 2323 3296 2392 impetum
3322 2334 3483 2396 atque
3526 2325 3720 2380 decur-

2117 2397 2235 2463 sum
2266 2410 2421 2479 plane
2446 2419 2500 2465 et
2515 2410 2673 2467 Jesus
2692 2411 2947 2468 docuerat
2969 2414 3244 2485 prophetis
3270 2418 3720 2473 transmeantibus

2118 2510 2282 2579 stare.
2310 2503 2447 2577 Quid
2476 2505 2543 2559 ad
2572 2505 2728 2560 luce?
2770 2504 2828 2561 Si
2874 2514 2995 2561 tuus
3034 2507 3279 2563 Christus
3308 2517 3411 2575 est,
3463 2524 3569 2565 non
3618 2512 3722 2565 crit

2121 2597 2392 2675 potentior
2436 2595 2650 2652 famulis
2690 2596 2980 2653 Creatoris.
3031 2597 3139 2654 Sed
3180 2598 3264 2654 his
3290 2599 3421 2655 solis
3464 2601 3724 2670 exemplis

2122 2701 2251 2744 usus
2278 2702 2474 2755 essem,
2524 2688 2569 2743 si
2600 2703 2704 2744 non
2732 2690 2891 2744 etiam
2946 2689 3254 2760 praedicatio
3302 2691 3520 2747 marina:
3573 2693 3725 2747 istius

2122 2776 2476 2848 expeditionis
2506 2776 2774 2834 Christum
2804 2781 3201 2845 antecessisset.
3230 2781 3367 2836 Nam
3393 2797 3515 2838 cum
3550 2791 3726 2838 trans-

2123 2868 2300 2936 fretat,
2333 2868 2575 2925 Psalmus
2623 2870 2742 2939 (Ps.
2767 2869 3007 2940 XXVIII,
3039 2871 3113 2944 ὅ)
3150 2874 3472 2944 expungitur
3500 2891 3512 2921 :
3548 2873 3731 2928 Domi-

2126 2981 2243 3029 nus,
2299 2962 2489 3033 inquit,
2546 2979 2699 3035 super
2739 2979 2897 3036 aquas
2937 2967 3160 3021 inuitas:
3210 2981 3333 3021 cum
3389 2967 3557 3021 undas
3609 2967 3729 3022 freti

2128 3061 2363 3128 discutit,
2397 3061 2645 3119 Illabacuc
2673 3063 2995 3133 adimplelur
3015 3081 3030 3118 :
3054 3063 3375 3137 Dispargens
3396 3065 3501 3140 (7),
3536 3070 3727 3138 inquit,

2133 3154 2383 3228 (Habac.,
2414 3154 2496 3223 III,
2528 3156 2561 3213 9
2589 3155 2788 3233 )aquas
2816 3157 2993 3213 itinere
3020 3176 3033 3213 :
3064 3173 3185 3213 cum
3201 3159 3270 3215 ad
3300 3159 3473 3216 minas
3493 3160 3609 3232 ejus
3629 3163 3731 3217 eli—

425 3268 525 3314 ret.
560 3256 730 3313 Nemo
771 3266 953 3331 autem
972 3251 1228 3309 transfert
1248 3253 1397 3322 quid,
1429 3253 1530 3308 nisi
1560 3254 1629 3309 ab
1657 3270 1722 3310 eo
1742 3258 1833 3329 qui
1862 3254 2022 3314 habet
2047 3246 2094 3313 C
2126 3249 2270 3307 ditur
2315 3265 2484 3331 mare,
2515 3249 2724 3307 Nahum
2762 3266 2975 3323 quoque
3016 3252 3312 3308 absolvitur
3336 3269 3356 3309 :
3383 3254 3730 3324 Commiuans,

425 3349 477 3404 id
506 3347 648 3420 quod
691 3344 962 3402 transfert.
991 3345 1049 3401 Si
1075 3358 1205 3414 ergo
1226 3353 1452 3399 matrem
1477 3353 1531 3398 et
1577 3344 1657 3419 (ά)
1711 3348 1904 3403 fratres
1933 3364 2029 3407 eos

2132 3345 2304 3416 inquit
2354 3324 2563 3416 (Nah.,
2593 3343 2649 3413 l,
2678 3342 2771 3416 4),
2825 3345 2980 3417 mari,
3011 3354 3057 3400 et
3084 3347 3367 3418 arefaciens
3413 3348 3579 3413 illud;
3633 3352 3735 3404 uli-

425 3441 664 3512 fecitqui
688 3455 793 3495 non
817 3448 990 3505 erant,
1020 3436 1292 3509 quomodo
1327 3439 1543 3509 negavit
1579 3455 1673 3496 eos
1722 3442 1810 3513 qui
1839 3445 2031 3499 erant?
2132 3454 2238 3510 que
2289 3452 2412 3493 cum
2466 3438 2640 3493 ventis
2662 3476 2697 3507 ,,
2734 3436 2926 3509 quibus
2977 3436 3417 3509 inquietabatur.-
3451 3438 3604 3495 Unde
3656 3442 3734 3496 vis

429 3533 512 3610 (6)
556 3532 873 3590 meritorum
922 3531 1127 3588 scilicet
1164 3531 1508 3599 conditione,
1559 3549 1667 3590 non
1711 3550 1780 3593 ex
1834 3536 2035 3607 primo-

426 3642 549 3683 rum
579 3627 889 3698 negatione;
912 3624 964 3679 in
991 3625 1282 3695 semetipso
1308 3624 1530 3690 docens,
1580 3628 1668 3698 qui
1710 3637 1914 3698 patrem
1944 3645 2037 3688 aut

430 3728 661 3799 matrem
689 3727 781 3773 aut
819 3718 1015 3774 fratres
1063 3727 1404 3787 praeponeret
1433 3718 1602 3774 verbo
1632 3721 1749 3789 Dei,
1780 3737 1887 3778 non
1915 3738 2036 3782 esse

431 3812 640 3886 (Mam,
667 3809 737 3878 X,
767 3811 861 3882 27)
887 3810 1107 3882 dignum
1154 3809 1495 3882 discipulum.
1528 3811 1815 3883 Caeterum,
1846 3833 1914 3874 ex
1937 3819 2040 3878 hoc

2136 3548 2315 3589 meum
2340 3531 2605 3588 vindicem
2633 3531 2948 3588 Christum?
2972 3531 3040 3588 de
3064 3532 3348 3603 exemplis,
3395 3548 3465 3590 an
3495 3533 3564 3590 de
3606 3550 3732 3605 pro-

2139 3628 2320 3700 phetis
2343 3626 2655 3684 Creatoris?
2682 3628 2794 3698 Age
2822 3642 2992 3694 nunc,
3024 3627 3116 3699 qui
3142 3627 3427 3684 militarem
3471 3638 3526 3684 et
3560 3643 3740 3683 armav

2140 3734 2256 3780 tum
2301 3721 2615 3778 bellatorem
2661 3720 2941 3791 prtedicari
2984 3731 3160 3791 putas,
3205 3735 3312 3777 non
3355 3721 3597 3793 figurate,
3640 3735 3740 3778 nec

2143 3817 2429 3891 allegorice
2451 3857 2468 3885 ,
2518 3814 2610 3886 qui
2659 3814 2860 3872 bellum
2893 3815 3135 3887 spiritale
3174 3814 3434 3873 adversus
3474 3815 3743 3887 spiritales

1653 3930 2039 3996 LECTIONES
2075 3931 2491 3997 VARIAN'I‘ES.

529 4047 577 4098 Il
615 4047 755 4098 Tunc
776 4054 889 4098 Jun.

525 4111 578 4169 2)
616 4111 836 4169 Iudaeam
860 4111 1013 4169 Pam.
1098 4160 1101 4165 .

526 4167 579 4225 3)
618 4174 681 4224 Et
701 4167 851 4224 οηιὶιι.
878 4167 1032 4223 Seml.
1054 4170 1251 4224 Oberth.

505 4231 582 4303 (4)
604 4236 815 4301 Negavit
834 4235 945 4288 cod.
971 4231 1170 4288 Pithwi.

2232 4049 2285 4109 5)
2325 4049 2448 4109 Quis
2470 4043 2622 4098 Sani.

2230 4112 2284 4167 6)
2320 4112 2400 4167 Ex
2420 4112 2568 4165 inser.
2600 4117 2783 4162 Wouw.

2232 4052 2262 4103 5
2325 4049 2448 4109 Quis
2470 4049 2622 4098 Seml.

2230 4116 2262 4166 6
2320 4112 2400 4167 Ex
2420 4112 2568 4165 inser.
2600 4117 2762 4162 Wouw

2208 4049 2285 4243 ΞἹΞ
2321 4174 2597 4239 Disperges
2618 4173 2762 4223 Pam.

1824 4330 2383 4402 COMMENTARIUS.

502 4462 655 4519 CAP.
677 4459 974 4534 ΧῐΧρ-(θ)
991 4460 1097 4534 sed
1112 4468 1156 4515 et
1166 4474 1350 4534 sensus
1365 4466 1559 4534 constat
1571 4448 1812 4534 (tctossup
1827 4454 2051 4534 Augusto

451 4538 649 4590 nuncin
660 4532 695 4587 J
701 4526 1005 4602 udwam‘per
1030 4530 1263 4586 Sentium
1291 4526 1648 4602 Saturninum.
1670 4529 1760 4601 Sic
1782 4526 1974 4601 legitur
1995 4531 2047 4587 ln

2153 4462 2427 4534 sanguinis
2450 4475 2545 4517 seu
2573 4458 3601 4534 fraternitatis,_demonstravilaffectus
3630 4479 3760 4522 suos

2155 4530 2281 4603 erga
2305 4533 2591 4589 verborum
2621 4546 2843 4587 suorum
2872 4530 3146 4587 auditores
3162 4542 3216 4586 et
3243 4530 3490 4588 factores.
3544 4532 3759 4591 Fratres

455 4605 855 4693 εξειηιιιξνίλζι
876 4596 1109 4686 veterem
1132 4603 1449 4693 scripturam
1469 4602 1527 4693 1:;
1550 4596 1739 4693 Pitht‘ni
1768 4596 1958 4657 manus
1981 4602 2051 4658 ad
2077 4596 2246 4693 Deos
2292 4606 2430 4687 fecit,
2486 4604 2587 4693 h'nc
2638 4612 2758 4670 est,
2805 4604 3121 4671 nominavit,
3165 4602 3391 4674 ﬁgurate
3437 4605 3664 4673 scilicet,
3704 4615 3759 4662 et

458 4671 698 4733 Rhenani
740 4675 1032 4744 marginem
1061 4675 1139 4728 sic
1165 4673 1392 4743 explicat
1421 4690 1434 4727 :
1467 4671 1641 4734 Nunc,
1673 4674 1766 4726 hoc
1804 4682 1897 4736 est,
1938 4690 2053 4727 cum

456 4749 549 4803 illa
595 4746 824 4801 Christus
848 4747 1033 4799 diceret
1059 4744 1406 4799 nuntiantibus
1437 4745 1612 4798 adesse
1638 4755 1849 4799 matrem
1869 4753 1915 4799 et
1947 4745 2059 4815 {ra-

462 4833 581 4875 tres.
611 4817 680 4875 Ut
708 4818 1000 4887 Septimius
1050 4817 1235 4869 innuat
1264 4815 1612 4887 censusaljos
1640 4816 1707 4869 ab
1727 4815 1790 4887 iis
1815 4830 1951 4885 quos
1990 4815 2059 4871 ab

460 4882 865 4964 Cyrenio_a_etos
903 4886 1163 4964 didicerat
1181 4900 1393 4964 εἶθαρ.
1435 4883 1480 4941 II
1524 4882 1705 4941 Luem.
1732 4882 1852 4964 lite.
1883 4912 1955 4964 —_-—
1984 4887 2062 4942 De

464 4954 626 5018 censu
650 4961 886 5015 diximus
935 4957 1001 5012 ad
1028 4972 1144 5029 cap.
1181 4958 1289 5029 VII.
1320 4954 1529 5013 Census
1573 4966 1749 5011 autem
1797 4954 1840 5013 is
1891 4956 2064 5029 factus

466 5041 551 5088 est
573 5033 687 5086 sine
713 5033 818 5085 ulla
849 5026 1407 5100 pecuum—indictione
1434 5044 1531 5085 seu
1557 5029 1879 5100 capitatione
1904 5045 1921 5093 ;
1969 5026 2064 5085 sed

470 5112 670 5159 tantum
698 5112 753 5157 ut
780 5099 1153 5170 reCeuserelur
1178 5099 1345 5165 orbis,
1385 5109 1441 5155 et
1466 5099 1679 5154 nomina
1731 5100 1926 5155 civium
1972 5115 2070 5158 seu

472 5174 801 5230 subditorum
825 5172 1052 5242 imperio
1077 5172 1527 5242 describerentur.
1578 5171 1655 5226 Le
1685 5171 1779 5242 Pa.
1869 5241 1872 5242 ν
1946 5190 1951 5193 -

549 5247 627 5315 (b)
674 5244 795 5299 Non
821 5241 926 5315 tam
955 5243 1186 5315 negauit,
1203 5258 1356 5313 quam
1380 5241 1650 5315 abdicavit.
1692 5241 1822 5315 Quis
1860 5241 1932 5296 ita
1991 5242 2077 5315 Io-

477 5312 722 5386 quenteni
757 5314 917 5370 hodie
944 5314 1118 5386 ferat?
1140 5312 1272 5370 Nam
1316 5321 1369 5369 et
1413 5313 1648 5386 moriens
1690 5312 1936 5368 Christus
1975 5312 2077 5367 ad-

480 5382 704 5445 stantem
732 5387 955 5443 Mariam
985 5382 1328 5440 nihilominus
1365 5382 1703 5451 consolatur,
1732 5393 1786 5438 et
1811 5395 1930 5453 post
1956 5400 2080 5438 inn-

484 5458 627 5514 Iieris
674 5458 1114 5529 appellationem,
1134 5458 1338 5529 “statim
1411 5454 2080 5529 honorificentissima(ﬁlii

484 5524 996 5585 relatioue'matrem
1025 5526 1323 5596 proﬁtetur,
1349 5536 1402 5582 et
1438 5527 1630 5582 .Ioauni
1678 5525 1906 5596 delegat.
1955 5524 2074 5582 Ille.

557 5601 633 5671 (e)
667 5600 957 5656 Transtulit
1001 5595 1264 5671 sanguinis
1304 5599 1512 5654 nomina
1558 5600 1611 5652 in
1655 5595 1946 5671 aiiosIHoc
1973 5607 2076 5671 est,

488 5666 848 5743 metaphorice
876 5666 1311 5743 vocavitfratres
1336 5679 1393 5725 et
1425 5678 1652 5725 matrem
1684 5681 1779 5725 eos
1807 5666 1897 5738 qui
1919 5666 2080 5723 verba

490 5757 583 5798 sua
610 5740 854 5799 audirent
879 5754 935 5797 el
961 5741 1216 5796 facerent.
1274 5740 1393 5797 Βία.
1948 5750 1951 5757 ·

563 5812 639 5885 (tl)
684 5813 895 5869 Fratres
940 5830 1033 5885 eos
1081 5808 1217 5881 fecit,
1263 5815 1350 5881 qui
1393 5830 1497 5885 non
1542 5819 1703 5866 erant.
1756 5809 2083 5885 Sanguinem

500 5883 644 5941 suum
672 5886 793 5943 fecit
823 5899 920 5943 eos
949 5884 1039 5955 qui
1086 5898 1188 5936 non
1230 5892 1421 5941 erant:
1469 5884 1573 5940 hoc
1600 5892 1715 5948 est,
1748 5898 1878 5941 usus
1912 5883 2082 5952 ﬁgura

2158 4676 2464 4732 alleaorice.
2508 4674 2629 4732 Iino.

2170 4692 2464 4759 allegorice.
2511 4692 2629 4732 me.
3213 4746 3265 4758 Η
3380 4748 3391 4759 ⁸
3426 4748 3439 4758 θ
3614 4692 3621 4693 '

2170 4780 2176 4791 -
2232 4742 2385 4803 CAP.
2406 4745 2596 4802 .\X.-—
2613 4745 2689 4817 (e)
2709 4744 2844 4817 Lege
2860 4754 2906 4801 et
2924 4756 3082 4801 sortes
3099 4746 3311 4817 fanultte
3337 4747 3655 4804 dtrunendte.
3673 4749 3767 4805 Sic

2162 4818 2323 4873 habet
2343 4818 2634 4893 exemplar.
2664 4816 2815 4886 Quod
2844 4816 3107 4901 explicari
3124 4825 3295 4941 potest
3322 4836 3335 4871 :
3368 4819 3530 4890 Lege,
3572 4822 3766 4891 inquit,

2164 4890 2441 4941 historiam
2455 4884 2993 4941 Jordanissciesetus
3008 4903 3123 4941 mae
3145 4903 3323 4941 ueram
3345 4891 3507 4941 fuisse
3524 4892 3574 4941 in
3591 4901 3766 4941 trans-

2164 4890 2441 4945 historiam
2455 4884 2867 4953 Jordaiiis,scies
2878 4884 2993 4957 ejus
3008 4884 3323 4943 machaeram
3345 4884 3507 4946 fuisse
3524 4892 3574 4945 in
3591 4884 3771 4946 transi-

2170 4964 2299 5022 itum
2335 4960 2548 5014 fittitilia:
2599 4969 2748 5014 sorte
2793 4959 3148 5021 dirimendze;
3203 4958 3475 5017 obstitisse
3526 4962 3773 5016 transilui

2169 5032 2400 5088 ﬁliorum
2424 5030 2591 5086 Israel
2621 5040 2887 5100 tamquam
2914 5031 3083 5084 aciem
3109 5030 3338 5101 ingentis
3379 5033 3563 5101 gladii,
3610 5034 3776 5088 obsti-

2174 5104 2304 5159 tisse
2345 5101 2639 5158 transeunti
2682 5099 2897 5156 familiae
2936 5109 3080 5156 sorte
3119 5099 3472 5167 dirimendas,
3513 5113 3568 5157 et
3598 5112 3777 5158 tamen

2175 5174 2292 5244 ejus
2308 5175 2562 5244 impetum
2587 5179 2749 5244 atque
2773 5170 3058 5226 decursum
3088 5169 3777 5244 prophetistransmeanti-

2177 5239 2278 5300 bus
2312 5239 2528 5301 stetisse
2552 5258 2568 5304 ς
2591 5239 2881 5309 prophetas
2905 5239 3331 5296 arcam'ftnderis
3368 5241 3624 5305 ferentes,
3653 5259 3779 5299 cum

2179 5316 2349 5386 iisque
2379 5314 2516 5386 ﬁlios
2552 5311 2737 5386 Israel,
2766 5314 2909 5366 sicco
2936 5311 3072 5386 pede
3103 5313 3781 5386 transmeasse.’Nimirum

2179 5380 2402 5441 verbum
2452 5381 2619 5453 illud,
2663 5381 2797 5454 lege,
2834 5380 3158 5454 respondet_
3175 5381 3778 5454 praecedenti,inspice.

2182 5456 2386 5526 Itaque,
2418 5464 2478 5526 ut
2497 5450 2657 5526 supra
2690 5448 2844 5526 dixit,
2877 5448 3083 5517 Inspice
3110 5448 3373 5526 Exedunt,
3404 5452 3589 5526 ilaghic
3619 5448 3782 5508 etiam

2178 5520 2383 5583 dixisse
2436 5520 2671 5587 videtur,
2719 5521 2853 5591 Lege
2892 5530 2939 5576 et
2981 5529 3141 5574 sortes
3165 5520 3407 5642 familia:
3459 5524 3784 5587 dirimendw;

2179 5612 2409 5642 num-um
2438 5594 2643 5642 scilicet
2669 5580 2889 5642 historia
2915 5589 3138 5642 habetur
3205 5604 3325 5641 osue
3350 5589 3419 5642 III
3448 5602 3504 5642 et
3538 5592 3625 5642 IV.
3660 5594 3779 5642 Rm.

2438 5580 2889 5672 sc‘iliect'historia
2915 5580 3325 5672 Ιιιιϋξῃυιδλρδᾳς
3350 5589 3419 5645 III
3448 5602 3504 5647 et
3538 5592 3625 5648 IV.
3660 5580 3779 5649 Βιαξ

2259 5668 2328 5736 (f)
2370 5666 2617 5721 Iordanis
2642 5663 2968 5736 machaeram;
3008 5657 3098 5713 Sic
3141 5658 3320 5736 Tibris
3360 5676 3560 5736 arcane
3600 5677 3784 5736 εῃρρφ-

2182 5728 2593 5801 γυίιίνοοδὺυιο
2622 5734 2900 5790 dicebatur
2930 5730 3109 5796 Serra,
3138 5735 3362 5783 auctore
3389 5728 3578 5786 Servio
3605 5733 3671 5787 ad
3690 5734 3782 5787 illa

2186 5810 2435 5882 Virgilii:
2563 5878 2600 5882 _
2829 5873 2851 5882 _
2885 5872 2898 5882 _
2981 5881 2984 5882 ν
3772 5848 3782 5866 μ

2346 5917 2357 5930 .
2388 5920 2397 5929 .
2429 5920 2439 5931 .
2471 5917 2481 5931 .
2516 5917 2526 5927 .
2562 5878 2668 5941 Ego
2689 5886 2796 5927 sum
2812 5872 2997 5938 ,ypleno
3019 5880 3164 5931 quem
3187 5866 3391 5916 flumine
3413 5866 3601 5932 cernis,
