4020 6286
319 267 385 320 07
1695 263 2080 325 TERTULLI.\
2091 268 2157 326 Nl

3481 289 3584 345 408

201 365 260 445 ιο
285 383 479 444 'mstcs,
514 381 736 451 spiritali
771 383 953 438 militia
980 392 1032 438 et
1062 381 1390 453 spiritalibus
1443 384 1627 450 armis,
1663 381 1873 452 spirita-
1901 381 1952 440 A
1983 394 2327 454 provocnrct,
2361 396 2420 442 ut
2464 387 2709 447 timorem
2751 392 3022 464 probaret.
3053 393 3146 453 Sic
3174 406 3227 453 et
3272 399 3444 456 Adam
3477 405 3580 458 ali-

285 472 402 524 dtur
433 472 798 528 debellaturus
822 483 1002 528 esset:
1034 489 1157 530 cum
1188 475 1393 531 invenis
1423 476 1475 530 in
1508 490 1615 530 uno
1656 475 1873 531 homine

281 554 678 619 multitudinem
725 564 1060 632 daunonum,
1114 565 1378 638 legionem
1431 584 1490 624 se
1541 567 1869 639 prol‘essam,

279 656 454 721 v-tiqne
505 656 795 726 spiritalem
822 699 837 724 ,
879 659 1024 715 disce
1051 667 1106 714 et
1133 659 1402 715 Christum
1451 672 1869 732 expugnatorem

294 745 594 814 :pil'ilalium
623 747 875 814 hostium,
909 750 1218 819 spiritaliter
1245 761 1532 820 armatum,
1565 763 1620 808 et
1646 754 1868 824 spirita-

297 846 395 890 zter
427 836 737 894 bellicosum
771 841 1202 912 intelligendum:
1231 852 1391 914 atque
1412 846 1487 900 ita
1517 845 1693 916 ipsum
1722 861 1863 914 esse,

273 949 279 957 ι
311 927 360 982 ni
390 941 510 982 cum
540 929 749 1000 legione
777 947 988 1004 quoque
1014 934 1315 989 dzemonum
1343 948 1457 993 erat
1481 937 1864 1007 dimicaturus;

291 1032 324 1075 ll
356 1031 410 1076 et
439 1024 506 1076 de
534 1023 637 1079 hoc
664 1025 804 1080 bello
834 1026 1076 1082 Psalmus
1102 1031 1272 1099 possit
1294 1031 1459 1087 videri
1492 1035 1866 1103 pronuntiasse

272 1146 274 1148 τ
303 1113 385 1168 Ps.
418 1113 605 1178 XXIII,
635 1116 692 1188 8)
720 1135 733 1171 :
760 1116 1012 1176 Dominus
1035 1122 1255 1189 ualidus,
1302 1123 1550 1182 Dominus
1586 1137 1763 1198 potem
1810 1131 1864 1184 in

276 1207 520 1275 "ul/0(1).
551 1207 682 1262 Nam
710 1223 830 1264 cum
857 1210 1044 1267 ultimo
1071 1212 1226 1270 hoste
1251 1226 1423 1272 morte
1443 1219 1738 1287 pratliatns,
1768 1235 1865 1288 per

271 1313 524 1368 tropaeum
573 1303 748 1357 crucis
802 1304 1167 1374 triumphavit.
1223 1306 1299 1380 (a)
1347 1309 1513 1380 Cujus
1558 1323 1734 1368 autem
1768 1312 1863 1367 Dei

277 1391 464 1446 .-"'iliunt
485 1392 662 1450 Jesum
691 1395 820 1468 legio
853 1407 1042 1455 testata
1073 1399 1153 1471 (2)
1179 1401 1300 1456 est?
1346 1401 1474 1458 Sine
1517 1403 1682 1460 dubio
1710 1405 1862 1476 cujus

268 1483 526 1540 ammenta
579 1496 633 1543 et
675 1488 925 1560 abyssmn
976 1502 1266 1558 noverant,
1322 1503 1376 1549 et
1429 1495 1706 1564 timebant,
1764 1512 1863 1553 nec

284 1578 402 1632 uim
450 1580 699 1636 videntur
740 1596 900 1652 posse
936 1582 1210 1654 ignorasse
1257 1585 1431 1642 adhuc
1474 1588 1616 1658 quod
1644 1589 1768 1645 novi
1807 1602 1856 1646 et

284 1675 422 1745 gnati
456 1677 548 1732 Dei
577 1679 743 1734 virtus
773 1689 1087 1751 operaretur
1111 1683 1163 1737 in
1197 1685 1386 1750 terris;
1414 1685 1538 1757 quia
1568 1688 1860 1746 verisimile

1976 477 2190 547 quando
2235 482 2549 550 quaesierat,
2603 486 2754 556 quasi
2806 487 3103 556 ignorans:
3139 489 3325 558 Adam,
3371 495 3456 547 ubi
3492 497 3586 551 es!

1979 566 2155 624 llabes
2207 579 2261 625 et
2316 572 2624 630 Creatorem
2682 591 2804 632 cum
2859 576 3076 634 Christo
3134 592 3470 648 excusatum,
3530 597 3584 641 et

1972 659 2244 718 Christum
2300 663 2542 723 Creatori
2584 667 2944 740 adaequalnm.
2975 672 3082 727 Sed
3126 674 3333 741 ethoc,
3362 673 3453 747 qui
3498 678 3580 752 (5)

1972 753 2310 810 adversarius
2341 757 2469 829 legis
2499 775 2514 825 ;
2549 769 2607 814 ut
2631 762 2752 832 quia
2782 761 2866 817 lex
2913 762 2986 835 (c)
3014 779 3044 818 a
3067 776 3314 821 contactu
3345 767 3580 825 {tenuate

1969 846 2341 917 sanguinantis
2384 850 2688 918 submovet,
2715 852 2914 909 idcirco
2943 855 3184 926 gestierit
3211 873 3317 914 non
3366 871 3572 918 tantum

1969 947 2272 994 contactum
2299 939 2419 1010 ejus
2443 941 2751 1010 admittere,
2780 946 2874 1000 sed
2900 947 3062 1002 etiam
3094 951 3378 1006 sanitatem
3410 952 3581 1009 dona-

1968 1045 2046 1086 re.
2075 1030 2120 1087 Ο
2150 1032 2312 1088 Deum
2339 1050 2445 1090 non
2472 1044 2657 1090 natura
2700 1037 3024 1107 beneﬁcum,
3075 1042 3168 1098 sed
3197 1045 3572 1104 aemulatione!

1969 1121 2038 1178 At
2073 1124 2218 1179 enim
2261 1126 2305 1180 si
2351 1125 2507 1181 ﬁdem
2555 1128 2794 1185 mulieris
2836 1124 3136 1188 invenimus
3186 1135 3256 1190 ita
3290 1139 3572 1204 meruisse,

1965 1233 2086 1273 cum
2136 1219 2300 1274 dicit:
2347 1218 2504 1275 Fides
2549 1233 2637 1276 tua
2664 1232 2712 1277 te
2737 1224 2934 1279 saluam
2965 1227 3208 1298 fecit,qui
3236 1244 3296 1284 es
3327 1239 3574 1287 utacmn-

1967 1309 2219 1366 latiouem
2271 1311 2404 1383 legis
2462 1312 2540 1383 (d)
2579 1315 2944 1384 interpreteris
2995 1317 3047 1372 in
3092 1318 3195 1374 isto
3237 1321 3398 1388 facto,
3430 1325 3570 1394 quod

1966 1404 2079 1473 ipse
2104 1405 2358 1460 Dominus
2384 1421 2447 1462 ex
2478 1407 2598 1463 lidei
2621 1413 3056 1468 remuneratione
3074 1414 3274 1470 editum
3297 1419 3575 1474 ostendit?

1965 1495 2069 1550 Sed
2099 1495 2234 1551 hanc
2260 1499 2340 1552 vis
2367 1499 2608 1554 mulieris
2649 1501 2808 1557 ﬁdem
2843 1504 3154 1571 constituet,
3188 1523 3288 1579 qua
3330 1518 3570 1566 contem-

1967 1598 2144 1658 pserat
2168 1589 2361 1660 legem.
2395 1591 2459 1646 Et
2484 1594 2569 1648 cui
2601 1594 2880 1664 credibile,
2915 1606 2972 1652 ut
3008 1599 3202 1654 mulier
3235 1603 3430 1659 nullius
3475 1605 3573 1659 ad-

1965 1681 2068 1737 huc
2092 1682 2185 1738 Dei
2203 1684 2436 1753 conscia,
2468 1685 2665 1742 nullius
2689 1686 2866 1744 adhuc
2888 1705 3040 1746 nova:
3067 1692 3199 1762 legis
3225 1693 3308 1764 (6)
3341 1696 3568 1765 initiata,
3604 1718 3652 1737 ο-

282 1785 365 1822 ιοη
395 1779 476 1824 est
499 1769 807 1829 Creatorem
840 1775 1135 1844 ignorasse.
1164 1775 1218 1832 Si
1245 1777 1386 1833 enim
1412 1778 1578 1834 alium
1606 1795 1764 1851 supra
1793 1795 1853 1837 se
1881 1770 1930 1831 B
1962 1776 2132 1844 legem
2164 1778 2494 1847 ίιιτυιιψετθι
2518 1793 2635 1834 eam
2662 1780 2746 1834 ευί
2773 1780 2950 1836 δάιιυο
2980 1785 3296 1840 “ﬂebam”?
3321 1786 3434 1856 Qua
3461 1789 3562 1844 de-

267 1864 427 1915 ttcum
459 1862 794 1932 ignoraverat
815 1865 1122 1937 aliquando,
1154 1877 1332 1924 tamen
1361 1870 1469 1940 jam
1501 1870 1635 1926 infra
1661 1873 1856 1930 coelum

261 1969 412 2009 auum
451 1967 718 2025 agentem,
768 1960 949 2031 utique
974 1972 1332 2032 compererat.
1361 1963 1514 2032 Quod
1535 1975 1713 2022 autem
1745 1967 1857 2024 Do-

279 2048 435 2102 niuus
463 2050 834 2120 comperisset,
882 2051 992 2122 jam
1039 2064 1094 2109 et
1133 2055 1395 2111 universm
1443 2057 1660 2114 familiae
1699 2060 1856 2116 inno-

261 2139 445 2194 .uisset
499 2141 549 2194 in
591 2141 780 2198 eodem
811 2144 1032 2211 mundo,
1061 2153 1118 2200 et
1145 2145 1283 2201 intra
1308 2147 1558 2205 eumdem
1596 2150 1854 2207 ambitum

276 2232 397 2294 celi,
426 2248 531 2302 quo
560 2235 844 2305 peregrina
876 2236 1131 2294 Diviuitas
1151 2250 1583 2297 conversaretur.
1603 2241 1658 2296 In
1682 2259 1856 2314 quan-

256 2341 362 2378 .sun
393 2341 526 2396 ergo
555 2337 609 2382 et
635 2326 862 2384 Crealor
889 2331 1078 2386 scisset
1105 2347 1224 2387 eam
1247 2373 1262 2398 ,
1291 2343 1346 2388 et
1375 2334 1688 2391 substantize
1711 2336 1852 2408 ejus,

251 2415 294 2466 ~~i
327 2415 548 2480 luisset;
580 2418 630 2470 in
659 2427 861 2472 tantum
892 2420 1014 2490 quia
1057 2421 1201 2477 nulla
1240 2422 1361 2490 fuit,
1391 2439 1500 2479 non
1541 2425 1704 2481 alium
1744 2427 1854 2481 da:-

273 2523 438 2564 aones
466 2510 725 2578 sciebant,
757 2529 915 2585 quam
947 2515 1039 2572 Dei
1090 2519 1170 2573 sui
1218 2517 1511 2578 Christum.
1545 2523 1658 2580 Non
1689 2525 1852 2598 depe~

254 2611 368 2656 =nnt
392 2602 468 2674 (5)
497 2604 566 2658 ab
591 2605 720 2672 alio,
748 2608 890 2678 quod
917 2613 1287 2668 meminissent
1343 2617 1628 2683 petentium
1674 2619 1774 2673 sibi
1818 2635 1850 2675 a

250 2694 524 2759 tireatore,
566 2697 777 2752 veniam
824 2699 1029 2756 scilicet
1065 2702 1242 2775 abyssi
1290 2705 1577 2763 Creatoris.
1616 2709 1852 2782 Denique

252 2790 691 2855 impetraverunt.
724 2790 843 2858 Quo
871 2794 1100 2850 merito?
1119 2798 1249 2863 Quia
1276 2800 1480 2855 mentiti
1508 2811 1662 2858 erant
1683 2803 1704 2858 ?
1727 2804 1849 2875 quia

250 2880 373 2933 nevi
423 2881 512 2936 Dei
557 2881 721 2938 ﬁlium
765 2902 884 2941 eum
937 2887 1211 2944 iecerant?
1257 2891 1324 2946 Et
1369 2895 1539 2965 qualis
1581 2896 1702 2964 crit,
1757 2898 1846 2969 qui

252 2976 502 3030 mentitos
540 2975 786 3046 juvabat,
846 2981 936 3052 qui
987 2981 1302 3040 inl'amanles
1355 2989 1687 3045 sustinebat?
1740 2991 1846 3048 Sed

249 3069 410 3136 enim,
437 3072 558 3141 quia
591 3074 797 3129 mentiti
841 3088 946 3129 non
973 3088 1149 3146 erant,
1183 3081 1303 3151 quia
1338 3080 1501 3138 Deum
1554 3086 1729 3158 abyssi
1788 3100 1841 3145 et

1965 1873 2124 1942 nique
2155 1870 2259 1925 ﬁde
2288 1871 2530 1942 inrupit?
2575 1873 2628 1928 in
2677 1889 2834 1944 quem
2889 1876 3053 1931 Deum
3106 1881 3370 1936 credens?
3409 1899 3568 1953 quem

1962 1964 2261 2034 spernens?
2286 1961 2642 2020 Creatorem?
2670 1963 2831 2023 Certe
2856 1969 2998 2023 enim
3039 1984 3106 2025 es
3138 1969 3241 2027 ﬁde
3267 1973 3455 2045 tetigit.
3508 1976 3566 2031 Si

1960 2071 2027 2110 ex
2059 2056 2160 2111 ﬁde
2183 2055 2475 2125 Creatoris,
2501 2073 2620 2128 qua:
2646 2060 2804 2113 alium
2836 2060 3004 2117 Deum
3028 2063 3327 2133 ignorabat,
3361 2077 3415 2123 et
3443 2084 3572 2139 quo-

1961 2146 2122 2202 modo
2147 2148 2316 2219 legem
2343 2149 2462 2218 ejus
2489 2150 2873 2220 irrupit?Tam
2903 2154 3046 2208 enim
3079 2155 3310 2226 inrupit,
3345 2159 3387 2214 si
3421 2159 3568 2216 inruo

1960 2240 2058 2310 pit,
2089 2256 2247 2311 quam
2278 2256 2344 2297 ex
2371 2241 2473 2298 ﬁde
2503 2243 2794 2300 Creatoris.
2842 2245 3122 2314 Quomodo
3161 2251 3302 2306 enim
3361 2264 3569 2309 utrum-

1958 2345 2064 2402 que
2095 2331 2398 2400 conveniet,
2427 2343 2482 2388 nt
2505 2343 2560 2389 et
2584 2335 2865 2406 inruperit,
2889 2347 2942 2394 et
2971 2355 3036 2394 ex
3069 2341 3173 2396 ﬁde
3199 2358 3319 2398 eam
3351 2345 3568 2418 inrupe-

1959 2425 2046 2490 rit,
2079 2435 2472 2498 propterquam
2503 2429 2768 2500 inrupisse
2795 2447 2900 2487 non
2925 2435 3154 2490 debuit?
3176 2438 3378 2495 Dicam.
3405 2441 3566 2499 Fides

1960 2518 2074 2573 htec
2103 2517 2200 2573 luit
2229 2519 2422 2590 primo,
2455 2537 2557 2592 qua
2590 2522 2760 2579 Deum
2807 2541 2960 2582 suttm
3002 2529 3305 2589 conﬁdebat
3348 2536 3564 2591 miseri-

1956 2610 2192 2666 cordiam
2240 2611 2398 2668 malle
2443 2630 2602 2684 quam
2653 2615 2825 2688 ipsum
2875 2621 3192 2679 sacrificium
3221 2667 3237 2693 ,
3283 2643 3387 2698 qua
3437 2643 3560 2686 eum

1958 2706 2138 2762 Denm-
2171 2715 2316 2762 certa
2369 2718 2487 2763 erat
2527 2711 2738 2780 operari
2781 2712 2831 2766 in
2872 2711 3091 2769 Christo
3119 2759 3135 2783 ,
3178 2734 3281 2788 qua
3328 2721 3406 2777 sic
3435 2736 3556 2777 eum

1955 2798 2145 2869 tetigit,
2175 2814 2280 2854 non
2312 2808 2370 2854 ut
2413 2801 2685 2856 hominem
2710 2813 2976 2870 sanctum,
3007 2823 3108 2864 nec
3137 2819 3194 2864 ut
3219 2813 3558 2882 prophetam,

1953 2907 2110 2963 quem
2138 2892 2605 2948 contaminabilem
2649 2908 2747 2965 pro
2788 2895 3015 2953 humana
3040 2901 3334 2959 substantia
3364 2905 3558 2974 sciret;

1950 2984 2044 3042 sed
2072 2995 2129 3041 ut
2155 2986 2326 3055 ipsum
2356 2985 2720 3058 Deum,quem
2747 2988 2892 3044 nulla
2920 2993 3172 3060 spurcitia
3201 2995 3363 3064 pollui
3403 3011 3562 3068 posse

1951 3086 2385 3152 prtesumpserat.
2441 3077 2623 3149 Itaque
2669 3093 2774 3134 non
2830 3090 3033 3138 temere
3077 3083 3426 3155 interpretata
3476 3099 3561 3145 est

247 3178 398 3218 suum
446 3178 823 3235 cognoverant,
856 3169 927 3223 ita
979 3186 1102 3227 eum
1159 3188 1218 3228 se
1261 3183 1316 3230 et
1353 3176 1466 3246 ipse
1503 3181 1837 3238 conﬁrmavit
1863 3161 1910 3224 (ἶ
1943 3180 2043 3239 sibi
2069 3181 2241 3250 legem
2265 3219 2278 3242 ,
2308 3191 2372 3231 ea
2397 3173 2744 3231 contaminari
2771 3175 3156 3248 signiﬁcantem
3179 3223 3193 3244 ,
3221 3198 3339 3252 quae
3374 3196 3558 3242 essent

244 3269 399 3322 quem
418 3254 856 3327 adcognoverunt
885 3260 964 3334 (4)
995 3262 1286 3334 dtemones,
1320 3267 1500 3323 Jesum
1523 3270 1756 3340 judicem
1788 3283 1843 3330 et

250 3345 440 3401 ultoris
469 3348 565 3404 Dei
595 3348 810 3407 Filium.
847 3353 985 3410 Ecce
1013 3355 1212 3427 aliquid
1235 3368 1288 3413 et
1318 3359 1386 3416 de
1411 3360 1516 3417 illis
1547 3364 1842 3433 pusillitali-

248 3443 342 3495 hus
366 3451 420 3497 et
452 3438 847 3503 inﬁrmitatibus
876 3448 1149 3507 Creatoris
1198 3453 1250 3508 in
1290 3453 1525 3511 Clu-isto.
1578 3457 1837 3528 Ignoran-

245 3533 370 3588 liam
396 3535 539 3590 enim
569 3544 623 3589 et
650 3552 750 3608 ego
771 3539 1078 3597 adscribere
1103 3543 1152 3598 ei
1180 3543 1322 3600 volo.
1375 3545 1674 3604 Permittite
1704 3550 1835 3606 mihi

240 3624 498 3680 adversus
551 3626 888 3684 haereticum.
940 3631 1198 3703 Tangitur
1236 3635 1314 3707 (ὁ)
1367 3652 1396 3690 a
1453 3638 1668 3694 lamina
1713 3657 1834 3713 quae

239 3719 496 3788 sanguine
517 3720 776 3788 ﬂuitabat,
804 3732 861 3778 et
890 3725 1121 3780 nescivit
1148 3740 1179 3781 a
1211 3742 1332 3796 qua.
1370 3729 1496 3798 Quis
1527 3747 1624 3794 me,
1658 3733 1830 3805 inquit

238 3813 442 3892 tetigit?
472 3814 643 3869 Etiam
671 3818 1053 3874 excusantibus
1079 3820 1356 3892 discipulis
1375 3866 1390 3890 ,
1439 3837 1744 3894 perseverat
1776 3828 1828 3884 in

235 3889 548 3973 ignorantiae
576 3923 727 3974 voce,
758 3909 940 3984 Tetigit
967 3930 1045 3967 me
1083 3889 1305 3987 aliquis;
1359 3889 1520 3989 idque
1566 3918 1636 3976 de
1675 3936 1835 3993 argu-

232 4008 416 4055 mento
443 3999 677 4057 afﬁrmat
701 4021 714 4057 :
758 4003 909 4058 Sensi
932 4008 1063 4060 enim
1083 4007 1320 4063 uirtutem
1341 4025 1403 4064 ex
1429 4024 1507 4064 me
1529 4013 1830 4084 profectam.

232 4089 367 4157 Quid
421 4091 550 4148 dicit
593 4093 918 4152 haereticus?
963 4100 1239 4156 sciebatne
1281 4105 1614 4171 personam?
1643 4105 1710 4160 Et
1738 4119 1835 4161 cur

230 4183 379 4250 quasi
439 4186 689 4254 ignorans
729 4187 1084 4258 loquebatur?
1136 4190 1206 4246 Ut
1234 4193 1632 4250 confessionem
1681 4206 1828 4254 certe

1942 3267 2375 3329 contaminabilia
2405 3310 2420 3335 ,
2467 3279 2572 3320 non
2613 3265 2816 3333 Deum,
2855 3284 3013 3337 quem
3043 3271 3092 3325 in
3128 3270 3340 3331 Christo
3383 3277 3559 3332 conﬁ-

1942 3364 2123 3420 debat.
2178 3359 2283 3416 Sed
2309 3369 2365 3415 et
2394 3358 2518 3413 illud
2550 3358 2881 3430 recogitavit.
2907 3361 3234 3419 ordinarium
3266 3377 3322 3422 et
3361 3369 3558 3425 solem-

1943 3471 2065 3511 nem
2095 3451 2352 3508 menstrui
2391 3449 2477 3504 vel
2512 3449 2767 3519 partualis
2795 3452 3070 3522 sanguinis
3099 3455 3296 3512 lluxum
3331 3457 3386 3515 in
3433 3460 3550 3533 lege

1939 3547 2131 3613 taxari,
2184 3543 2274 3615 qui
2325 3541 2500 3598 veniat
2549 3556 2617 3596 ex
2673 3539 2852 3598 ofﬁcio
2897 3554 3132 3614 naturae,
3169 3565 3274 3604 non
3318 3567 3384 3608 ex
3425 3553 3555 3612 vitio
3587 3556 3637 3569 "

1939 3639 2276 3698 valetudinis.
2305 3636 2401 3692 Illa
2428 3643 2607 3691 autem
2647 3651 2713 3691 ex
2758 3637 2886 3694 vitio
2935 3639 3251 3698 valetudinis
3283 3646 3553 3704 redunda-

1937 3735 2048 3801 bat,
2073 3734 2157 3789 cui
2186 3746 2290 3786 non
2322 3729 2539 3785 modum
2571 3730 2848 3800 temporis,
2879 3730 2974 3787 sed
3005 3731 3200 3790 divinae
3230 3737 3536 3796 misericor-

1935 3827 2038 3883 dia:
2084 3822 2336 3879 auxilium
2384 3821 2746 3877 necessarium
2795 3823 3036 3879 sciebat-
3065 3827 3241 3898 Atque
3269 3827 3338 3884 ita
3367 3839 3545 3900 potest

1937 3918 2106 3976 videri
2136 3917 2218 3989 (7)
2263 3917 2434 3987 legem
2463 3929 2568 3970 non
2597 3914 2856 3986 irrupisse
2882 3959 2896 3985 ,
2925 3916 3019 3972 sed
3048 3917 3378 3978 distinxisse.
3415 3924 3541 3982 Hmc

1938 4011 2042 4068 erit
2060 4009 2214 4076 lides,
2242 4022 2361 4080 quat
2391 4007 2695 4063 contulerat
2721 4008 2880 4063 etiam
2917 4008 3267 4069 intellectum.
3295 4012 3412 4069 Nisi
3433 4033 3548 4072 cre-

1939 4103 2193 4166 dideritis,
2229 4101 2401 4172 inquit
2433 4097 2535 4172 (Is.
2570 4097 2706 4174 VII),
2729 4117 2830 4155 non
2854 4101 3166 4175 intelligetis.
3198 4105 3347 4162 Hanc
3373 4107 3544 4166 ﬁdem

1950 4197 2182 4269 probans
2210 4195 2458 4253 Christus
2480 4195 2596 4267 ejus
2625 4195 2889 4266 fceminte,
2919 4212 3037 4270 qua:
3083 4199 3255 4258 solum
3295 4203 3551 4262 credebat

1456 4307 1838 4372 LECTIONES
1877 4311 2292 4371 VARIANTES.

290 4414 363 4480 (l)
409 4415 585 4469 Prmlio
606 4417 712 4471 alii.

315 4483 362 4537 2)
407 4482 637 4535 Testatus
660 4483 812 4537 Seml.
839 4480 1033 4537 Obertlt.

287 4484 362 4605 $9.;
407 4484 637 4535 Testatus
660 4484 812 4537 Seml.
839 4484 1010 4537 Obertlt

299 4546 347 4608 ,5,
401 4545 541 4595 Enim
567 4554 801 4608 peterent
831 4559 1010 4600 wouw.

285 4607 306 4669 ί
317 4607 362 4669 l)
405 4607 752 4669 Cognoverunt
785 4613 928 4662 Pam.

312 4419 340 4530 ὲ

311 4546 341 4653 ﬁ

2106 4429 2440 4568 gglaliilfilegi
2462 4489 2572 4543 cod.
2593 4491 2781 4544 Wouw.

1993 4556 2043 4617 (7
2102 4554 2272 4606 Viden
2296 4561 2447 4607 0mm.
2471 4549 2613 4606 sentl.

1993 4549 2069 4620 (7)
2102 4554 2272 4606 Videri
2296 4549 2447 4607 omilt.
2471 4549 2613 4606 sentl.

1596 4723 2160 4786 COMMENTARIUS.

348 4835 690 4910 Stringentgm
708 4842 840 4910 ripas
865 4849 917 4895 et
939 4846 1140 4910 pinguia
1161 4845 1290 4896 culta
1311 4855 1584 4910 secantem,

345 4897 596 4951 Caeruleus
617 4897 797 4954 Tibris.
941 4897 954 4910 ³
1023 4897 1053 4910 ”
1348 4897 1358 4898 ί
1452 4897 1564 4960 lilii;

293 5017 375 5092 (a)_
410 5017 570 5092 Cujus
596 5028 760 5073 autent
788 5019 884 5076 Dei
924 5021 1087 5091 ﬁlium
1127 5019 1307 5076 Iesum
1339 5021 1469 5092 legio
1496 5030 1674 5076 testata
1699 5033 1772 5077 est
1793 5026 1820 5079 7

216 5081 376 5164 Quasi
431 5081 572 5164 aliud
638 5107 812 5164 agens
855 5081 1193 5164 prosequitur
1246 5081 1430 5148 illud":
1483 5093 1621 5162 Quid
1692 5095 1818 5149 milii

214 5166 264 5234 et
287 5160 647 5234 l-t'ltit’st,.lestt
675 5163 751 5234 ﬁli
779 5162 877 5219 Dei
905 5160 1163 5225 altissimi.
1193 5174 1247 5218 et
1274 5165 1343 5218 ibi
1375 5160 1583 5220 veniam
1615 5165 1816 5220 scilicet

215 5226 394 5308 abyssi
416 5226 514 5308 .‘id
537 5243 648 5308 est;
675 5226 745 5289 ab
770 5236 992 5308 abysso,
1021 5236 1174 5292 sicuti
1203 5250 1361 5306 supra
1400 5251 1518 5308 cap.
1569 5233 1683 5303 XII,
1733 5243 1814 5292 ve-

213 5307 352 5360 niam
370 5305 584 5376 jejunii.
619 5306 756 5364 Ptin.

283 5418 455 5495 (li)__A_
479 5421 685 5495 {Lentino
707 5422 1092 5495 qua:_sanguine
1114 5420 1370 5495 ﬂuitabat.
1415 5421 1504 5477 Sic
1545 5421 1808 5495 llierony-

208 5502 328 5544 mus
359 5490 523 5560 Epist.
559 5493 683 5554 151.
716 5490 784 5547 ad
811 5490 1066 5560 Ruﬁnum
1093 5493 1226 5548 dixit
1265 5493 1521 5546 mulierem
1567 5490 1804 5558 ﬂuentem

207 5564 472 5635 sanguine.
491 5572 544 5617 et
571 5562 740 5631 Epist.
765 5566 832 5618 ad
855 5561 1123 5635 Fabiolam
1143 5561 1281 5619 128:
1307 5562 1368 5618 Si
1387 5565 1498 5634 quis
1518 5580 1544 5617 e
1562 5565 1795 5618 sacerdo-

206 5631 335 5686 tibus
358 5636 549 5688 semine
573 5635 799 5702 ﬂuxerit.
823 5635 942 5690 th.

271 5749 346 5820 (ς)
385 5750 427 5802 Α
451 5757 684 5804 contactu
718 5749 938 5820 {mutinae
978 5746 1334 5816 sanguinantis
1365 5745 1661 5817 :submovet,
1689 5758 1793 5807 etc.

1925 4847 2128 4904 Alludit
2153 4847 2219 4904 ad
2245 4846 2373 4925 illud
2388 4847 2582 4925 _Lev_it_.
2609 4849 2696 4914 I5,
2724 4850 2826 4907 sub
2842 4850 3157 4925 Alipemcap.
3191 4853 3316 4910 Haec
3334 4864 3406 4914 est
3427 4859 3530 4925 lex,

1925 4929 2030 5000 etc:
2074 4921 2464 5000 sanguinantis,
2513 4921 2565 4976 id
2625 4931 2743 5000 est,
2779 4923 2854 5000 uti
2885 4923 2946 4979 Β.
2993 4921 3369 5000 Hieronymus,
3403 4921 3527 5000 quae

1915 4990 2116 5070 jugiter
2143 4990 2260 5070 ﬁuit
2281 4993 2837 5070 sangui_ne_,__mulieris,
2867 5011 2964 5064 pro
3005 5013 3111 5066 quo
3140 4990 3301 5070 hodie
3331 4990 3527 5070 perpe-

1925 5061 2040 5140 rain
2068 5061 2261 5134 legitur
2282 5061 2426 5140 apud
2456 5062 2638 5140 LXX:
2668 5069 2753 5119 ηὶ
2792 5068 2815 5116 ὃ
2843 5061 3118 5138 passis“
3153 5069 3202 5122 id
3230 5061 3344 5140 est,
3369 5061 3533 5126 scini-

1922 5133 2119 5213 niﬁnus
2144 5134 2296 5213 ;__sed
2327 5133 2701 5213 repetendum
2741 5142 2824 5213 κοςὶ
2848 5133 2911 5213 ﬁt
2941 5133 3260 5213 έιὶμορῥοοὺσῃ
3280 5184 3293 5207 ,
3323 5133 3392 5197 ’ἑά
3445 5154 3531 5199 est

1920 5205 2312 5280 sanguiniﬁnze,
2339 5221 2510 5280 neque
2554 5209 2836 5280 enimegit
2861 5205 3006 5263 dicto
3030 5205 3150 5280 cap.
3182 5205 3250 5266 de
3283 5205 3522 5268 'foemina

1919 5275 2247 5355 seminillua,
2283 5277 2386 5355 _sed
2426 5275 2546 5332 viro
2588 5275 2911 5355 seminiﬁtto,
2953 5289 3007 5334 et
3051 5275 3274 5355 muliere
3315 5289 3524 5355 sangui-

1921 5355 2075 5420 nante
2101 5345 2215 5420 dies
2247 5347 2445 5418 plures,
2477 5362 2583 5420 non
2613 5349 2663 5403 in
2695 5360 2935 5420 tempore
2964 5353 3221 5407 menstrui
3250 5357 3351 5408 sui.
3382 5345 3518 5412 l’vsu.

1985 5415 2066 5485 (d)
2116 5415 2522 5495 .Entulationem
2559 5419 2709 5495 legis,
2739 5415 2843 5476 etc.
2875 5421 3291 5495 [Emulationem
3324 5427 3519 5495 accipit

1912 5484 2003 5563 hic
2030 5503 2126 5556 pro
2157 5488 2529 5563 adversatione
2559 5484 2729 5561 legis;
2764 5508 2883 5547 nam
2919 5494 3076 5562 paulo
3105 5495 3248 5563 prius
3287 5484 3514 5552 habetur

1909 5557 2232 5633 aduersarius
2261 5561 2492 5633 legis,_et
2535 5557 2635 5616 sub
2673 5565 2830 5617 linem
2865 5557 3021 5633 hujus
3060 5557 3248 5633 capitis
3296 5568 3512 5621 (Botulus

1906 5627 2053 5703 (fgis,
2086 5630 2276 5703 eodem
2307 5627 2467 5703 modo
2501 5648 2606 5703 quo
2633 5633 2836 5688 Plinius
2885 5627 3040 5701 dixit,
3091 5627 3274 5688 tumulti
3332 5635 3508 5691 Romae

1904 5695 2179 5768 Citrtltago,
2215 5701 2304 5758 lib.
2335 5699 2450 5770 XV,
2477 5695 2592 5773 cap.
2627 5704 2714 5759 18.
2760 5703 2893 5758 Pu.
