4020 6286
300 291 408 349 ιο9

1417 288 1548 346 LIB.
1591 286 1656 344 IV
1699 284 2064 344 ADVERSUS
2105 288 2530 347 MARCIONEM.

3529 299 3634 355 M0

302 409 650 474 Creatorem,
679 408 798 481 ejus
841 406 966 464 fidei
994 422 1052 463 se
1079 404 1246 464 Deum
1285 403 1583 476 reSpoudit,
1611 418 1769 474 quam
1800 417 1922 473 pro-
1950 403 2002 461 A
2027 402 2280 460 alimenta
2309 419 2374 460 ex
2408 405 2681 476 proliheta:
2709 404 3102 474 benedictione,
3136 424 3232 480 per
3264 417 3432 466 tutum
3477 410 3632 467 famis

308 503 474 559 bavit.
505 500 618 557 Nec
658 501 787 556 illud
832 502 1093 565 omittam,
1134 498 1280 572 quod
1309 499 1436 555 dum
1479 497 1710 569 tangitur
1753 497 1919 553 vesti-

308 602 555 648 mentum
588 592 726 662 ejus,
761 593 948 663 utique
971 592 1206 662 corpori,
1232 607 1336 646 non
1362 589 1745 663 phantasmati,
1774 589 1915 645 indi-

310 697 420 740 tum
448 701 650 755 corpus
695 700 912 756 quoque
959 683 1464 750 dcmonstrabatur;
1497 699 1604 738 non
1634 682 1785 753 quasi
1809 681 1919 752 jam

308 781 376 835 de
404 779 507 834 hoc
529 788 910 844 retractemus,
941 778 1034 834 sed
1063 778 1186 850 quia
1213 778 1279 832 ad
1306 785 1624 848 praesentem
1649 774 1923 844 conspirat

309 872 688 944 qnzcstionem.
716 869 773 926 Si
801 871 944 926 enim
972 885 1076 925 non
1098 878 1214 924 erat
1239 869 1436 924 veritas
1457 867 1720 938 corporis,
1745 865 1921 937 phan-

310 974 482 1018 tasma
514 965 702 1032 utique
725 962 1099 1026 contaminari,
1123 976 1225 1032 qua
1253 975 1341 1016 res
1365 975 1552 1027 vacua,
1582 975 1688 1014 non
1718 969 1920 1029 posset.

310 1056 414 1124 Qui
445 1071 575 1126 ergo
607 1070 714 1109 non
740 1062 919 1125 potest
959 1053 1308 1109 contaminari
1355 1067 1464 1123 prie
1507 1051 1763 1108 inanitate
1791 1050 1920 1106 sub-

310 1147 549 1212 stantim,
583 1146 858 1216 quomodo
897 1146 1202 1202 voluisset?
1230 1143 1302 1204 Ut
1341 1143 1568 1200 tumulus
1612 1143 1742 1215 legis
1767 1158 1922 1199 men-

313 1240 569 1307 tiebatur,
601 1239 694 1310 qui
719 1253 824 1294 non
850 1253 978 1295 vere
1011 1238 1373 1309 polluebatur.

906 1331 1136 1388 CAPUT
1192 1331 1334 1387 XXI.

384 1425 610 1480 Dimittit
646 1423 926 1496 discipulos
971 1423 1040 1478 ad
1094 1421 1479 1493 praedicandum
1559 1421 1660 1477 Dei
1712 1438 1924 1495 regnum

2025 505 2235 568 tempus
2275 497 2704 554 redundaverant
2745 499 2833 571 (Ill
2892 500 3020 570 Reg.
3065 499 3253 573 XVII).
3305 501 3480 558 Habes
3524 514 3633 561 ter-

2026 588 2153 642 tiam
2181 588 2262 661 (4)
2303 590 2643 648 Basiliarum.
2671 591 2726 649 Si
2757 601 2812 648 et
2840 602 3082 662 quartam
3113 595 3192 666 (5)
3235 595 3476 652 resolvas
3517 595 3633 670 (6),

2026 678 2264 736 invenies
2295 681 2386 755 (IV
2418 682 2574 755 Reg.,
2612 683 2705 751 IV,
2746 684 2815 740 42
2843 695 2887 739 et
2915 685 3086 758 seqq.)
3120 696 3286 743 totum
3318 688 3458 744 hunc
3487 690 3636 744 ordi—

2027 787 2148 827 nem
2174 772 2368 829 Christi
2397 776 2537 831 circa
2562 777 2710 831 illum
2739 777 2828 831 Dei
2855 777 3148 847 hominem,
3177 779 3266 849 qui
3293 780 3502 836 oblatos
3530 782 3636 838 sibi

2026 865 2207 935 viginti
2241 867 2320 936 (7)
2348 866 2677 923 hordeaceus
2705 883 2871 938 panes
2890 885 3011 924 cum
3042 872 3236 942 popqu
3261 870 3503 928 distribui
3521 873 3637 944 jus-

2026 960 2206 1024 sisset,
2224 969 2280 1014 et
2303 960 2549 1015 minister
2577 959 2692 1031 ejus
2723 961 2944 1031 proinde
2971 974 3278 1034 comparata
3298 965 3638 1021 multitudine

2026 1061 2080 1108 et
2104 1051 2280 1124 palmli
2303 1052 2690 1118 mediocritate,
2720 1054 3118 1124 respondisset:
3145 1055 3228 1126 (ά)
3251 1055 3390 1122 Quid
3407 1073 3527 1126 ergo
3555 1056 3634 1128 (8)

2028 1145 2124 1198 hoc
2157 1143 2270 1197 dem
2307 1143 2361 1197 in
2387 1155 2656 1213 conspectu
2685 1142 2766 1216 (9)
2795 1155 2994 1199 centum
3030 1144 3148 1218 (10)
3167 1147 3469 1202 hominum?
3521 1145 3599 1201 Da
3619 1189 3636 1212 ,

2027 1236 2232 1307 inquit,
2270 1247 2317 1290 et
2355 1235 2752 1301 manducabunt,
2782 1239 3034 1307 quoniam
3069 1237 3185 1293 hinc
3217 1238 3334 1310 (11)
3370 1238 3500 1294 dicit
3527 1238 3636 1293 Do-

2029 1329 2240 1386 minus:
2267 1327 2329 1384 Et
2352 1328 2804 1391 nianducaverunt,
2829 1339 2876 1382 et
2897 1329 3207 1403 reliquerunt
3234 1331 3351 1402 (12)
3374 1330 3635 1400 reliquias,

2030 1423 2327 1480 secundum
2367 1422 2567 1478 dictum
2596 1419 2826 1475 Domini.
2847 1421 3176 1478 OCbristuni
3207 1423 3350 1492 et_in_
3375 1422 3526 1477 novis
3543 1436 3636 1476 ve-

311 1516 466 1590 (Lue.
490 1517 602 1590 ιχ).
626 1515 894 1586 Numquid
917 1516 1000 1572 vel
1024 1516 1112 1571 hic
1133 1515 1320 1580 edidit,
1343 1514 1801 1584 cujus?Prohibet
1831 1529 1927 1570 eos
2010 1519 2244 1590 mi
2280 1517 2405 1572 liceo
2431 1516 2609 1587 itaque
2642 1531 2762 1586 quae
2792 1515 2906 1588 (15)
2939 1515 3146 1571 viderat
3176 1513 3395 1580 Petrus,
3423 1523 3475 1570 et
3515 1528 3637 1570 cum

310 1613 476 1666 victui
503 1621 597 1666 aut
633 1611 847 1668 vestitui
875 1610 1001 1682 quid
1037 1611 1088 1664 in
1111 1610 1248 1665 viain
1280 1609 1462 1665 ferre?
1489 1609 1621 1676 Qnis
1643 1607 1746 1663 hoc
1776 1624 1928 1664 man-

311 1705 534 1761 dasset?
557 1706 657 1760 nisi
680 1705 768 1776 qui
800 1714 853 1761 et
873 1719 1064 1760 corvos
1090 1703 1184 1758 alit
1213 1700 1312 1776 (l).
1336 1713 1389 1758 et
1415 1703 1579 1759 ﬂores
1600 1704 1712 1774 agri
1737 1705 1922 1771 vestit,

2010 1585 2244 1594 —_——_

2029 1611 2268 1683 pristinis
2295 1619 2656 1679 compararat,
2698 1619 2751 1664 et
2780 1626 2884 1663 non
2917 1618 3122 1663 tantum
3153 1615 3304 1664 retro
3331 1606 3497 1670 facta,
3543 1605 3639 1661 sed

2030 1715 2086 1760 et
2123 1704 2176 1759 in
2210 1705 2444 1759 futurum
2480 1704 2592 1774 jam
2637 1713 2764 1760 tunc
2805 1701 3180 1774 prophetautia
3228 1708 3635 1771 recognoverat,

311 1802 404 1870 qui
430 1801 789 1872 bziviquoque
817 1799 1006 1855 terenti
1031 1799 1333 1855 libertatem
1363 1796 1919 1870 oris(Deut.XXV.t)
1951 1802 1998 1862 B
2027 1797 2376 1868 interroganti
2427 1797 2654 1853 Domino
2715 1797 2962 1868 quisnam
3033 1796 3137 1851 illis
3180 1795 3475 1861 videretur,
3515 1809 3637 1849 cum

314 1892 402 1966 (a)
426 1893 490 1948 ad
520 1895 733 1949 veniam
783 1892 959 1963 pabuli
987 1906 1053 1947 ex
1079 1906 1244 1962 opere
1281 1889 1636 1947 subinovendi
1672 1890 1748 1963 (2)
1793 1902 1918 1948 ante

311 1984 611 2058 pra-cedit:
645 1986 767 2053 quia
825 1984 1011 2056 dignus
1049 1986 1312 2056 operarius
1382 1984 1610 2039 mercede
1646 2001 1761 2039 sua.
1797 1985 1920 2039 I-Iicc

313 2076 550 2134 Marcion
581 2076 779 2142 deleat,
809 2076 934 2131 dum
966 2077 1146 2132 sensui
1183 2076 1328 2132 salva
1355 2077 1481 2132 sint.
1511 2078 1582 2132 At
1622 2092 1742 2133 cum
1769 2077 1921 2147 jubet

315 2169 596 2240 pulverem
622 2177 878 2227 excutere
907 2169 973 2225 de
1001 2169 1224 2240 pedibus
1282 2171 1333 2224 in
1372 2183 1468 2226 eos
1512 2185 1543 2224 a
1595 2169 1792 2241 quibus
1830 2185 1924 2225 ex-

316 2261 459 2329 cepti
511 2277 614 2318 non
670 2260 919 2326 fuissent,
968 2271 1024 2317 et
1070 2262 1169 2318 hoc
1211 2262 1263 2316 in
1307 2261 1667 2318 testimonium
1709 2261 1925 2316 mandat

320 2354 435 2408 fieri
467 2370 483 2420 ;
529 2369 690 2409 nemo
736 2361 982 2420 testatur,
1015 2353 1156 2424 quod
1204 2370 1307 2410 non
1346 2353 1548 2425 judicio
1579 2354 1923 2420 destinatur;

246 2466 296 2480 ο·
320 2444 769 2500 inhumanitatem
801 2446 892 2516 qui
923 2447 975 2500 in
1008 2447 1344 2502 testationem
1374 2447 1541 2518 redigi
1569 2447 1740 2517 jubet,
1783 2448 1928 2518 judio

321 2551 436 2593 cem
483 2539 862 2595 comminatur.
909 2538 1124 2594 Nullum
1183 2539 1340 2594 deum
1390 2555 1590 2618 novum
1640 2557 1668 2596 a
1712 2541 1928 2598 Christo

323 2620 612 2704 probatum
654 2633 744 2689 illa
775 2633 936 2688 etiam
975 2633 1158 2703 opinio
1185 2633 1423 2689 omnium
1464 2635 1776 2703 declaravit,
1804 2639 1929 2706 quia

319 2723 594 2780 Christum
650 2724 870 2791 Jcsum,
928 2725 1018 2780 alii
1065 2723 1363 2792 Joannem,
1414 2725 1503 2780 alii
1550 2727 1793 2792 Ileliam,
1839 2729 1930 2785 alii

320 2834 486 2872 unum
508 2819 742 2889 aliquem
764 2835 830 2874 ex
854 2820 1123 2875 veteribus
1148 2820 1425 2890 prophetis
1447 2819 1644 2877 Herodi
1662 2836 1935 2878 assevera.

320 2908 469 2964 bant.
502 2909 579 2964 Ex
601 2908 796 2979 quibus
815 2910 1138 2982 quicumque
1163 2909 1374 2976 fuisset,
1404 2925 1511 2966 non
1534 2911 1713 2982 utique
1732 2911 1803 2968 ob
1828 2912 1932 2969 hoc

319 3013 400 3056 est
443 3003 764 3067 suscitatus,
811 3010 870 3057 ut
911 3002 1072 3057 alium
1117 3002 1275 3058 deum
1318 3011 1437 3073 post
1483 3004 1931 3061 resurrectionem

320 3097 656 3168 praulicaret.
715 3097 893 3152 Pascit
939 3097 1191 3168 populum
1242 3097 1294 3152 in
1345 3096 1668 3165 solitudine,
1729 3098 1805 3171 (b)
1863 3098 1933 3156 de

2025 1906 2122 1961 pro
2167 1889 2416 1945 omnibus
2464 1889 2848 1960 responderet:
2893 1890 2968 1962 (e)
3022 1889 3098 1944 Tu
3127 1906 3180 1943 es
3211 1888 3478 1955 Christus,
3531 1903 3638 1942 non

2025 1991 2199 2052 potest
2240 1997 2345 2036 non
2387 1997 2509 2038 eum
2555 1981 2672 2052 (M)
2703 1982 2940 2038 sensisse
2983 1981 3294 2047 Christum,
3329 1982 3430 2037 nisi
3475 1996 3637 2051 quem

2025 2084 2249 2130 noverat
2275 2075 2326 2128 in
2354 2074 2660 2144 Scriptnris,
2687 2091 2846 2142 quem
2870 2075 2981 2144 jam
3009 2073 3354 2130 rescensebat
3377 2074 3428 2129 in
3452 2073 3634 2131 factis.

2026 2168 2139 2224 Hoc
2179 2177 2234 2224 et
2280 2169 2393 2239 ipse
2423 2169 2706 2224 confirmat
2755 2185 2922 2240 usque
2949 2169 3123 2224 adhuc
3153 2169 3383 2240 patiens,
3427 2169 3535 2224 imo
3576 2178 3632 2224 et

2027 2261 2295 2318 silentium
2321 2261 2580 2318 indicens.
2603 2260 2656 2318 Si
2679 2263 2824 2318 enim
2849 2263 3038 2318 Petrus
3059 2261 3274 2332 quidem
3298 2276 3404 2317 non
3431 2270 3639 2333 poterat

2029 2356 2190 2411 alium
2223 2372 2346 2412 eum
2371 2355 2636 2422 confiteri,
2663 2371 2823 2427 quam
2851 2355 3154 2412 Creatoris:
3184 2355 3277 2412 ille
3301 2365 3478 2411 autem
3504 2372 3640 2425 prm-

2029 2450 2192 2518 cepit,
2241 2463 2308 2503 ne
2345 2448 2429 2502 cui
2468 2447 2572 2503 hoc
2613 2448 2846 2514 diceret;
2900 2448 3082 2518 utique
3118 2447 3169 2503 id
3214 2446 3385 2503 uoluit
3419 2447 3641 2518 provul-

2032 2541 2142 2613 gari
2168 2540 2188 2616 (
2201 2542 2312 2612 l5),
2336 2541 2476 2612 quod
2496 2541 2685 2597 Petrus
2705 2551 2966 2597 senserat.
2989 2539 3122 2606 Iino,
3149 2539 3323 2611 inquis
3342 2580 3358 2606 ,
3385 2539 3510 2610 quia
3533 2553 3639 2596 non

2032 2646 2176 2691 recte
2206 2644 2482 2701 senserat,
2531 2635 2700 2690 noluit
2745 2635 3080 2690 mendacium
3123 2633 3484 2689 disseminari.
3532 2631 3638 2690 Sed

2032 2727 2190 2783 aliam
2209 2728 2403 2783 silentii
2429 2742 2674 2783 caussam
2700 2726 2896 2782 edixit:
2927 2725 3060 2793 Quia
3084 2735 3336 2796 oporteret
3358 2725 3524 2794 [ilium
3546 2725 3640 2779 ho-

2035 2821 2184 2876 minis
2205 2821 2366 2875 multa
2400 2820 2527 2890 pati,
2549 2829 2601 2873 et
2627 2818 2892 2888 reprobari
2919 2835 2949 2872 ιι
2976 2818 3045 2887 (f)
3068 2817 3368 2888 presbyteris
3390 2824 3434 2870 et
3463 2815 3643 2870 scribis

2035 2925 2080 2971 et
2103 2913 2467 2978 sacerdotibus,
2500 2923 2547 2967 et
2575 2912 2812 2980 interﬁci,
2843 2921 2889 2966 et
2920 2920 3032 2982 post
3060 2911 3265 2966 tertium
3293 2909 3426 2964 diem
3456 2924 3632 2962 resur-

2036 3025 2168 3082 gere.
2215 3008 2346 3076 Quae
2382 3022 2504 3062 cum
2545 3006 2831 3077 prmdieata
2878 3005 2986 3058 sint
3021 3013 3076 3059 et
3119 3004 3230 3068 ipsa
3266 3002 3318 3058 in
3360 3000 3635 3057 Christum

2035 3101 2328 3167 Creatoris,
2377 3100 2516 3154 sicut
2555 3098 2669 3154 suis
2705 3097 2837 3153 locis
2879 3093 3250 3166 implebimus,
3300 3094 3379 3148 sic
3418 3107 3637 3164 quoque

318 3191 546 3260 pristino
585 3189 790 3246 scilicet
828 3204 998 3245 more.
1033 3191 1138 3244 Aut
1163 3191 1208 3244 si
1253 3204 1358 3246 non
1387 3188 1574 3246 eadem
1603 3199 1659 3246 et
1682 3192 1760 3263 (5)
1808 3207 1925 3247 ma-
1953 3193 1998 3257 C
2032 3197 2208 3268 ipsum
2237 3210 2296 3250 se
2319 3185 2553 3250 ostendit
2573 3206 2713 3256 esse,
2743 3189 2795 3244 in
2824 3205 2981 3260 quem
3005 3187 3449 3258 prmdicabantnr.
3479 3186 3640 3256 Certe

312 3282 505 3353 jestas,
539 3297 668 3352 ergo
690 3283 794 3352 iam
821 3281 998 3336 minor
1025 3292 1107 3338 est
1127 3282 1381 3339 Creatorc
1399 3325 1413 3350 ,
1445 3283 1534 3355 qui
1560 3299 1664 3340 non
1687 3299 1796 3341 uno
1815 3285 1925 3352 die,

315 3377 413 3432 sed
445 3376 604 3431 annis
629 3375 974 3447 quadraginta
997 3418 1012 3442 ,
1057 3390 1156 3432 nec
1197 3375 1266 3432 de
1309 3377 1662 3434 inferioribus‘
1690 3379 1932 3434 materiis

315 3469 475 3539 panis
507 3478 556 3523 et
600 3467 784 3537 piscis,
829 3468 923 3524 sed
953 3467 1022 3523 de
1061 3484 1254 3524 manna
1285 3469 1490 3524 cmlesti
1511 3511 1527 3534 ,
1559 3485 1658 3525 nec
1695 3470 1931 3542 quinque

313 3561 557 3625 circiter,
587 3559 661 3631 (ε)
689 3559 784 3615 sed
822 3571 1072 3616 sexcenta
1108 3560 1272 3615 millia
1306 3560 1579 3617 hominum
1623 3564 1923 3631 protelavit.

314 3653 473 3710 Adeo
497 3661 676 3707 autem
705 3667 766 3706 ea
791 3651 889 3707 fuit
913 3654 1186 3722 majestas,
1218 3661 1276 3707 ut
1298 3661 1354 3707 et
1376 3653 1554 3724 pabuli
1580 3655 1924 3726 exiguitatem

313 3764 425 3804 non
471 3756 674 3801 tantum
718 3746 1000 3806 sul‘licere.
1047 3761 1233 3801 verum
1282 3746 1442 3801 etiam
1483 3749 1815 3813 exuberare,
1859 3747 1928 3804 de

313 3840 559 3913 pristino
596 3839 826 3895 voluerit
862 3839 1129 3910 exemplo.
1185 3841 1276 3895 Sic
1322 3841 1466 3896 enim
1497 3851 1552 3896 et
1589 3843 1640 3896 in
1687 3852 1926 3914 tempore

313 3934 481 3990 famis
522 3931 624 3990 sub
653 3932 800 3988 llelia
826 3931 997 3988 viduae
1026 3931 1333 4003 Sareptensi
1361 3931 1568 3988 modica
1598 3943 1652 3987 et
1675 3947 1925 4003 suprema

2029 3289 2130 3346 etsi
2155 3304 2259 3344 non
2280 3296 2461 3343 essent
2483 3286 2790 3356 praulieata,
2815 3299 2934 3340 eam
2955 3296 3200 3338 caussam
3228 3280 3410 3336 indicti
3438 3277 3639 3334 silentii

2032 3382 2254 3456 protulit
2321 3397 2441 3452 quae
2509 3395 2614 3436 non
2689 3379 2830 3435 Petri
2896 3390 3136 3432 errorem
3193 3375 3635 3439 demonstraret,

2032 3473 2149 3546 (16)
2170 3471 2534 3528 obeundarum
2551 3470 2855 3541 passionum
2877 3466 3382 3532 necessitatem.Qui
3402 3464 3636 3530 voluerit,

2031 3565 2202 3638 inquit
2223 3606 2238 3630 ,
2267 3565 2490 3618 animum
2519 3580 2664 3618 suam
2705 3563 2899 3616 salvam
2925 3559 3124 3630 facere,
3158 3558 3332 3625 perdet
3378 3557 3522 3611 illam
3540 3573 3562 3622 ;
3593 3565 3639 3610 et

2029 3659 2116 3727 qui
2137 3658 2410 3729 perdiderit
2435 3673 2546 3711 eum
2565 3664 2771 3726 propter
2800 3671 2898 3718 me,
2927 3651 3122 3707 salvam
3143 3652 3294 3724 faciet
3317 3667 3452 3705 eam.
3482 3650 3639 3705 Certe

2033 3750 2200 3807 Filius
2225 3750 2456 3806 hominis
2483 3749 2622 3805 hanc
2647 3747 2966 3804 sententiam
2985 3745 3184 3802 emisit.
3209 3744 3459 3814 Perspice
3480 3743 3638 3812 igitur

2031 3853 2084 3898 et
2119 3853 2173 3899 tu
2203 3859 2323 3899 cum
2365 3858 2490 3913 rege
2520 3841 2846 3912 Babylonio,
2878 3838 3151 3894 fornacem
3197 3837 3314 3907 ejus
3357 3834 3636 3891 ardentem
3666 3853 3684 3893 τ

2032 3934 2218 4009 (Dan.,
2244 3936 2358 4006 lll),
2389 3945 2442 3991 et
2471 3935 2712 3991 invenies
2741 3934 2852 3990 illic
2883 3942 3149 4004 tamquam
3179 3929 3372 3986 Filium
3401 3928 3637 3991 hominis

1561 4063 1938 4126 LECTIONES
1975 4069 2386 4127 VARIANTES.

411 4186 459 4239 1)
492 4186 635 4237 Parit.
657 4182 854 4238 Oberth.

405 4245 461 4301 2)
505 4249 743 4299 Sumendi
774 4245 884 4298 cod.
915 4255 1098 4298 Wouw.

404 4311 462 4380 3‘)
492 4311 552 4380 Εἰ
579 4312 723 4380 Rhea.

403 4372 460 4441 4)
492 4375 714 4441 Tertium
737 4372 892 4424 Fran.
918 4372 1042 4441 13m.

379 4436 453 4502 (5⁷
496 4437 730 4496 Quartum
750 4445 901 4486 Fran.
927 4436 1048 4485 Jun.

379 4447 461 4568 (εἰ)
493 4500 556 4568 ξι
577 4500 618 4548 si
642 4499 841 4568 tertiani
859 4495 1087 4547 revolvas
1112 4504 1326 4568 "foqu
1417 4556 1430 4568 .
1720 4556 1750 4568 η

378 4556 460 4628 (ἶ)
493 4561 684 4628 Decem
706 4557 857 4628 S__e:nt.
899 4571 965 4609 ea:
1001 4557 1178 4624 grecis
1219 4556 1510 4624 quibusdam
1539 4556 1775 4625 exemplis
1795 4564 1840 4612 et
1864 4571 1929 4611 ea:

313 4619 546 4679 Ambros.
573 4619 609 4673 Ι.
639 4630 691 4672 v1
715 4625 954 4674 Hexaem.

379 4688 460 4752 (8)
487 4685 598 4752 [Ego
620 4684 786 4738 Paris.
819 4685 972 4734 Fran.

1953 4257 2007 4316 D

2117 4184 2168 4249 9)
2200 4185 2255 4236 In
2279 4191 2503 4249 spectum
2526 4183 2684 4249 Serui.

2122 4247 2201 4300 10)
2235 4247 2447 4298 Millibus
2467 4247 2588 4299 add.
2616 4251 2757 4300 Pam.

2126 4310 2204 4363 11)
2238 4311 2342 4362 Hoc
2365 4310 2564 4363 Oberth.

2123 4367 2199 4438 12)
2233 4373 2594 4442 Manducabunt
2615 4379 2668 4422 et
2700 4371 2984 4434 relinquent
3186 4369 3644 4442 manducabunt_et

2033 4433 2335 4504 relinquent,
2361 4445 2413 4504 et
2435 4433 2921 4504 manducaverunt’et
2943 4433 3255 4499 reliquerunt
3279 4440 3394 4485 Jun.
3419 4433 3491 4484 sic
3509 4439 3637 4482 LXX.

2097 4499 2202 4558 (13)
2237 4499 2329 4558 Qui
2355 4500 2510 4550 Fran.
2537 4499 2695 4548 Paris.

2098 4558 2203 4625 (14)
2236 4561 2351 4625 pica
2376 4569 2538 4625 potest
2560 4573 2741 4625 novum
2766 4558 2918 4610 Latin.

2122 4619 2202 4674 15)
2235 4619 2542 4674 Proui'ultzari
2567 4619 2635 4673 at.

2127 4685 2203 4739 16)
2236 4686 2335 4739 Sed
2358 4685 2479 4738 add.
2508 4685 2831 4739 ParisJ‘ran.

1672 4787 2237 4848 COMMENTARIUS.

318 4937 328 4958 ‘
390 4931 548 4990 CAP.
579 4929 795 5004 XXI.—
808 4926 886 5004 (a)
910 4930 988 5004 Ad
1005 4927 1200 4984 veniam
1217 4924 1398 5004 pabuli
1422 4939 1664 5004 ea:_opere
1705 4925 1917 5004 submo-

319 5007 493 5063 vendi.
543 4996 875 5060 Submotuin'
908 5002 1039 5057 dicit
1087 5016 1153 5055 ex
1190 4996 1356 5063 opere
1382 4996 1503 5052 bovi
1547 4996 1775 5059 terenti,
1820 5001 1934 5053 ea-'

319 5080 446 5134 dein
483 5075 708 5132 baueris
739 5073 964 5128 formula
999 5115 1014 5137 ,
1059 5086 1163 5142 qua
1190 5067 1356 5142 iJuris
1425 5078 1673 5124 auctores
1729 5067 1920 5124 dixere

318 5165 409 5206 res
439 5157 648 5204 amotas
673 5161 738 5202 ex
771 5145 923 5202 bonis
946 5141 1142 5198 mariti.
1188 5141 1311 5198 Rte.
1334 5161 1348 5179 -

391 5220 477 5292 (b)
500 5216 579 5273 De
599 5217 814 5292 pg'stino
835 5216 1204 5292 scilicetmore.
1225 5211 1486 5292 Nimirum
1504 5211 1701 5292 veteris
1723 5211 1922 5292 Instru-

316 5282 486 5349 mcnii
513 5282 609 5348 seu
637 5287 986 5343 Testamenti.
1006 5285 1095 5342 Sic
1120 5285 1259 5340 libro
1284 5283 1353 5339 de
1384 5282 1682 5354 Baptistae:
1715 5283 1918 5353 Perua-

316 5367 527 5436 guimur
553 5358 817 5436 benedicta
858 5359 1093 5414 unctione
1132 5357 1196 5412 de
1233 5353 1786 5426 pristina'disciplina,
1819 5357 1921 5412 hoc

315 5429 402 5492 Est
419 5433 658 5506 jud_aic_a.
688 5429 810 5486 Rm.

390 5493 466 5580 (ὅ)
495 5503 606 5580 sed
624 5509 863 5580 sexcenta
889 5497 1334 5580 millianhominum
1361 5497 1644 5580 protelaoit.
1676 5493 1788 5580 Iioc
1815 5507 1918 5559 est,

315 5571 586 5635 sexcentis
625 5573 910 5630 hominum
951 5571 1180 5626 millibus
1207 5571 1328 5625 vitae
1365 5580 1422 5626 et
1450 5571 1638 5625 virium
1678 5576 1921 5624 tenorem

313 5648 668 5712 continuavit,
690 5641 965 5714 produxit,
997 5641 1273 5714 protraxit.
1304 5642 1422 5698 Rte.

389 5718 470 5792 (d)
494 5718 637 5792 Quid
657 5711 785 5792 ergo
805 5713 902 5792 hoc
920 5711 1034 5792 dent
1052 5711 1116 5792 in.
1126 5723 1395 5792 conspectu
1411 5721 1609 5792 centum
1629 5711 1925 5767 hominum?

312 5791 370 5850 In
395 5781 700 5862 exemplari
716 5781 944 5858 legitur,
978 5781 1116 5851 Quid
1141 5781 1260 5855 ergo
1285 5785 1383 5841 hoc
1411 5785 1525 5840 dem
1551 5785 1780 5856 inspectu
1801 5799 1920 5838 cen-

2026 4936 2131 4983 tum
2161 4929 2442 4987 hominum.
2486 4925 2842 4986 Scribendum
2879 4927 3136 4991 arbitror,
3188 4925 3328 4995 Quid
3374 4941 3494 4998 ergo
3542 4926 3641 4982 hoc

2023 4999 2158 5055 idem
2187 5003 2415 5072 inspectu
2442 5011 2645 5057 centum
2675 4999 2979 5053 hominum?
3005 4999 3123 5053 Btc.

2097 5095 2174 5167 (e)
2201 5093 2281 5150 Tu
2314 5112 2367 5167 es
2393 5095 2639 5158 Christus,
2663 5101 2770 5148 etc.
2792 5091 3018 5167 Propter
3045 5089 3436 5146 confessionem
3468 5087 3640 5152 illam,

2026 5161 2314 5222 BfP'etrus
2345 5165 2745 5220 fundamentum
2768 5172 2852 5218 est
2887 5172 2941 5217 et
2971 5161 3124 5216 Petra
3157 5173 3316 5229 supra
3343 5174 3502 5226 quam
3535 5170 3642 5215 stat

2026 5237 2262 5293 Ecclesia
2299 5239 2424 5292 Dei:
2471 5241 2548 5291 ἰπὶ
2590 5251 2645 5307 τῇ
2678 5243 2828 5307 πίτρῃ
2858 5238 3020 5307 σιἐιιὺτῃΔ
3052 5246 3134 5307 τῇς
3160 5233 3401 5307 ἀερσιξεῦς
3441 5239 3640 5307 nterea;

2029 5314 2308 5378 οῖκθδομίσω
2333 5333 2427 5377 μου
2453 5318 2540 5364 τὶν
2581 5297 2865 5371 (detinuisti,
2907 5315 2964 5358 ut
2988 5297 3165 5357 'habet
3202 5302 3258 5356 S.
3305 5297 3638 5369 Epiphanius

2033 5381 2178 5436 Hier.
2224 5382 2314 5436 59.
2350 5379 2425 5433 Ls
2460 5379 2558 5433 Pa.

2099 5474 2162 5546 (f)
2213 5470 2527 5546 Presbyter-is
2585 5478 2632 5524 et
2685 5467 2862 5546 scribis
2908 5476 2957 5521 et
3026 5460 3392 5546 sacerdotibus.
3429 5459 3638 5546 “Maluit

2027 5537 2328 5616 presbyteris
2367 5537 2600 5616 retinere
2630 5555 2786 5616 quam
2813 5537 2930 5608 ejus
2960 5537 3630 5616 vocis”interpretationem

2029 5599 2297 5686 Vulgarem
2329 5612 2626 5686 senioribus.
2649 5599 2822 5665 'Porro
2841 5599 3196 5686 sacerdotibus
3213 5616 3336 5686 non.
3358 5599 3508 5686 adeo,
3527 5601 3627 5686 mri-

2027 5669 2176 5742 ritie’e
2216 5700 2338 5740 cum
2377 5683 2448 5737 sit
2487 5689 2762 5754 ἀρχιερξων,
2805 5677 2944 5750 quod
2977 5673 3231 5743 Vulgatus
3257 5669 3513 5740 principes
3537 5685 3626 5724 sa-

2025 5757 2285 5814 cerdotum
2313 5754 2507 5811 reddit.
2525 5753 2634 5808 Lit
2657 5753 2752 5807 Pa.

3357 1481 3770 1494 ..η-*-
