4020 6286
256 892 476 901 _—_———

330 243 432 306 ιιι

1723 296 1729 301 .
1755 237 2220 304 TERTULLIANI

3526 239 3639 303 412

336 365 611 441 (nondum
651 365 794 425 enim
820 379 948 422 vere
988 372 1124 433 erat,
1158 363 1393 422 nondum
1437 364 1642 422 scilicet
1680 373 1837 419 natus
1863 379 1929 418 ex
1959 360 2010 423 Λ
2035 361 2364 417 deliberatus
2418 358 2493 435 (9)
2534 376 2550 416 :
2597 375 2703 417 non
2764 354 2941 417 subita
2989 350 3237 418 dolorum
3281 362 3647 419 concussione
3670 383 3723 398 ο·

332 460 612 533 homine),
631 461 741 533 jam
765 466 893 517 tunc
913 461 1049 517 istos
1084 461 1260 517 exitus
1285 461 1723 517 constituentem.
1748 459 1936 516 Salvas

335 554 462 609 facit
490 553 696 608 animas
725 553 886 607 trium
912 552 1133 607 fratrum
1152 596 1168 621 ,
1201 554 1288 624 qui
1324 569 1415 609 cas
1442 568 1539 624 pro
1572 553 1680 609 Deo
1710 552 1937 623 perdere

333 645 812 715 conspiraverant;
843 643 1216 701 Chaldaeorum
1245 660 1373 701 vero
1395 642 1662 715 perdidit,
1686 659 1828 714 quas
1858 644 1934 699 illi

332 748 433 806 per
472 734 827 792 idololatriam
871 735 1050 791 salvas
1096 734 1275 790 facere
1318 737 1634 790 maluerant.
1678 717 1722 811 ρ’
1729 751 1811 791 me
1853 743 1938 791 est

332 826 476 899 Μ,-
482 841 620 898 nova
660 827 940 892 doctrina,
990 827 1141 900 cujus
1182 837 1361 882 vetera
1410 828 1730 883 documenta
1775 828 1937 883 sunt?

333 918 667 990 Quamquam
697 929 754 976 et
781 919 1186 991 praedicationes
1218 922 1616 991 martyriorum,
1650 930 1758 976 tam
1790 921 1934 975 futu-

332 1027 544 1081 rorum,
577 1027 737 1082 quam
772 1026 800 1067 a
832 1012 944 1067 Deo
966 1014 1268 1069 mercedem
1291 1015 1648 1071 relaturorum
1675 1015 1939 1071 decucur-

334 1115 540 1162 rerunt.
580 1103 736 1174 Vide,
780 1106 952 1178 inquit
977 1106 1142 1163 Isaias
1183 1106 1308 1176 (Is..
1354 1108 1535 1177 LVIII,
1570 1110 1654 1179 I),
1686 1108 1939 1183 quomodo

334 1199 467 1268 perit
488 1199 693 1268 justus,
734 1208 781 1253 et
823 1215 970 1254 nemo
1001 1202 1186 1272 excipit
1216 1200 1401 1266 corde;
1430 1210 1476 1257 et
1516 1202 1610 1257 uiri
1629 1203 1762 1272 justi
1787 1206 1937 1275 aufe-

331 1298 535 1355 runtur,
580 1299 630 1344 et
671 1305 817 1343 nemo
861 1291 1169 1346 considerat.
1220 1291 1446 1360 Quando
1493 1293 1663 1364 magis
1710 1292 1812 1348 hoc
1843 1294 1935 1359 ﬁt,

333 1394 495 1451 quam
522 1381 574 1435 in
596 1382 973 1451 persecutione
1002 1393 1306 1439 sanctorum
1333 1384 1490 1455 ejus?
1514 1384 1589 1458 (a)
1611 1384 1802 1455 Utique
1828 1402 1937 1443 non

336 1464 586 1542 simplex,
638 1488 736 1529 nec
765 1474 834 1530 de
873 1487 1077 1530 natura»
1106 1476 1225 1556 lege
1250 1479 1570 1543 communis,
1605 1479 1700 1533 sed
1732 1479 1818 1533 illa
1852 1480 1939 1534 in—

333 1565 501 1635 signis
527 1576 581 1620 et
610 1580 710 1635 pro
734 1562 840 1623 Iide
870 1568 1149 1634 militaris;
1184 1570 1235 1624 in
1278 1572 1380 1640 qua
1405 1570 1492 1641 qui
1521 1572 1756 1627 animam
1786 1589 1938 1628 suam

334 1666 556 1728 propter
596 1659 763 1714 Deum
802 1659 1000 1730 perdit,
1032 1672 1212 1717 servat
1240 1662 1420 1718 illam:
1453 1673 1589 1720 utet
1624 1664 1716 1721 hic
1760 1675 1939 1722 tamen

2039 454 2120 526 (g)
2142 470 2264 509 cum
2289 455 2421 509 tanti
2444 456 2701 527 temporis
2731 470 2890 512 emno
2907 471 3005 533 per
3027 455 3271 526 corporis
3295 456 3532 511 cloacam
3559 457 3642 512 ef-

2040 549 2188 604 fusus
2216 547 2285 603 ad
2310 556 2541 605 terram:
2570 565 2670 605 nec
2687 551 2867 605 statim
2886 549 2963 623 (Ιι)
2990 550 3166 606 lucem
3187 550 3442 623 lacrymis
3459 554 3645 622 auSpi-

2038 651 2223 707 catus,
2254 652 2310 697 et
2338 642 2512 712 primo
2541 636 2822 699 retinaculi
2864 644 2947 699 sui
2998 643 3256 699 vulnere:
3287 659 3388 701 nec
3417 644 3644 700 multmn

2039 732 2251 790 ablutus
2276 751 2289 788 :
2313 749 2416 791 nec
2440 737 2552 791 sale
2572 746 2627 792 et
2648 737 2808 792 melle
2830 736 3127 792 medicatus
3149 755 3162 791 :
3183 753 3284 793 nec
3315 739 3505 808 pannis
3532 739 3645 808 jam

2038 826 2328 896 sepulturae
2356 825 2691 882 involucrum
2723 825 2841 899 (I0)
2884 826 3156 883 initiatus:
3188 843 3288 884 nec
3331 827 3524 885 exinde
3553 844 3650 901 per

2040 918 2408 974 immunditias
2429 918 2569 974 inter
2589 921 2740 975 sinus
2762 919 3056 984 volutatus,
3083 919 3341 976 molestus
3362 920 3647 988 uberibus,

2041 1010 2131 1065 diu
2160 1008 2357 1078 infans,
2387 1010 2475 1066 vix
2520 1026 2672 1081 puer,
2713 1011 2864 1067 tarde
2898 1011 3012 1083 (ﬂ)
3056 1011 3253 1068 homo:
3285 1012 3379 1068 sed
3411 1012 3479 1068 de
3506 1012 3650 1069 caelo

2040 1105 2338 1175 expositus,
2356 1105 2524 1159 semel
2543 1104 2782 1175 grandis,
2805 1106 2975 1160 semel
2995 1114 3155 1170 totus,
3177 1104 3357 1159 statim
3379 1104 3648 1172 Christus,

2041 1197 2261 1267 spiritus
2289 1206 2343 1252 et
2374 1199 2545 1253 virtus
2574 1239 2590 1263 ,
2616 1189 2674 1252 et
2708 1192 2851 1254 Deus
2879 1206 3107 1252 tantum.
3134 1195 3424 1261 Caeterum,
3454 1208 3509 1251 ut
3539 1212 3646 1252 non

2043 1305 2224 1356 verus,
2250 1291 2339 1361 qui
2366 1306 2471 1346 non
2499 1290 2800 1358 videbatur,
2833 1292 2903 1346 ita
2932 1304 3031 1346 nec
3058 1290 3127 1346 de
3156 1292 3333 1346 crucis
3359 1290 3651 1346 maledicto

2042 1383 2465 1450 erubescendus,
2487 1385 2641 1453 cujus
2668 1384 2890 1439 carebat
2915 1383 3159 1450 veritate,
3183 1399 3373 1441 carens
3398 1399 3647 1454 corpore.

2042 1475 2160 1531 Non
2186 1485 2390 1545 poterat
2410 1475 2590 1547 itaque
2609 1474 2810 1532 dixisse
2832 1494 2845 1531 :
2868 1473 2970 1542 Qui
2987 1478 3084 1531 mei
3099 1460 3461 1548 (£2)confusus
3473 1478 3647 1549 [ιιετὶι.

2042 1569 2236 1626 Noster
2265 1570 2367 1624 hoc
2386 1568 2573 1624 debuit
2600 1569 3013 1641 pronuntiasse:
3046 1568 3335 1625 illitteratus
3363 1568 3483 1639 (Ps.
3513 1568 3647 1633 Vlll,

2045 1662 2101 1735 6)
2126 1680 2160 1717 a
2184 1661 2343 1717 Patre
2371 1662 2570 1717 modico
2598 1665 2727 1717 citra
2752 1664 2960 1735 angelos
2983 1679 3002 1729 ;
3044 1665 3223 1719 vermis
3246 1661 3363 1734 (Ps.
3392 1662 3535 1731 XXI,
3566 1663 3648 1733 6),

330 1748 566 1819 judicem
595 1749 955 1822 adcognoscas
994 1753 1071 1825 (I)
1092 1794 1108 1821 ,
1135 1755 1224 1825 qui
1255 1756 1451 1809 malum
1492 1758 1683 1813 anima:
1728 1758 1934 1815 lucrum
1966 1761 2014 1822 B
2042 1767 2088 1813 et
2128 1773 2229 1812 non
2259 1758 2448 1823 homo;
2476 1755 2756 1828 ignominia
2786 1756 3005 1812 hominis
3024 1799 3040 1822 ,
3088 1767 3136 1811 et
3165 1756 3510 1826 nulliﬁcamen
3550 1773 3649 1828 po-

335 1840 635 1911 perditione
663 1842 799 1911 ejus,
829 1852 885 1898 et
926 1844 1124 1901 bonum
1169 1845 1363 1900 anima:
1402 1846 1805 1916 detrimentum,
1848 1865 1938 1904 sa-

334 1934 449 1990 lute
476 1935 593 2004 ejus
623 1946 1059 1993 remuneraturns
1090 1936 1192 2009 (2).
1235 1939 1341 1994 Sed
1385 1948 1440 1994 et
1490 1941 1717 1996 zelotem
1770 1943 1937 1997 Deum

334 2027 467 2083 mihi
513 2029 595 2101 (5)
621 2029 858 2099 exhibet,
891 2033 1088 2087 malum
1121 2033 1262 2087 malo
1290 2033 1603 2090 reddentem
1630 2054 1642 2089 :
1677 2034 1781 2102 Qui
1816 2054 1940 2092 con-

336 2123 501 2193 fusus,
536 2122 725 2192 inquit,
756 2124 854 2177 mei
876 2123 1148 2195 (4)}‘uerit,
1168 2135 1216 2178 et
1241 2143 1334 2198 ego
1375 2127 1666 2198 confundar
1702 2131 1811 2200 ejus
1832 2128 1936 2201 (5).

336 2211 565 2280 Quando
595 2228 694 2270 nec
721 2215 1054 2272 confusionis
1095 2220 1316 2274 materia
1352 2221 1656 2289 conveniat,
1686 2222 1786 2277 nisi
1817 2238 1941 2278 meo

335 2303 552 2360 Christo
584 2322 596 2358 :
629 2304 704 2378 (b)
740 2307 898 2378 cujus
936 2309 1068 2363 ordo
1108 2311 1276 2382 magis
1318 2312 1633 2379 pudendus,
1681 2322 1735 2368 ut
1777 2315 1938 2370 etiam

336 2395 711 2453 haereticorum
756 2400 1004 2456 convitiis
1047 2411 1243 2472 pateat,
1291 2419 1505 2459 omnem
1554 2406 1845 2462 nativitatis
1887 2416 1941 2464 et

335 2489 671 2547 educationis
714 2490 1045 2560 foeditatem,
1079 2495 1147 2566 (c)
1218 2496 1385 2565 ipsius
1424 2496 1504 2570 (6)
1550 2497 1712 2554 etiam
1762 2502 1941 2556 carnis

337 2582 740 2654 indignitatem,
787 2594 979 2655 quanta
1019 2587 1375 2644 amaritudine
1420 2600 1646 2661 possunt
1685 2607 1942 2663 peroran-

339 2674 481 2732 tibus
511 2677 612 2749 (7).
642 2675 934 2746 C:eterum,
964 2679 1236 2750 quomodo
1276 2681 1367 2738 ille
1397 2683 1502 2739 erit
1527 2682 1790 2741 obnoxius
1820 2702 1944 2743 con-

340 2772 555 2837 fusioni,
586 2773 676 2843 qui
702 2788 819 2827 eam
852 2789 958 2828 non
982 2776 1159 2846 eapit?
1192 2792 1296 2831 nou
1323 2777 1513 2845 vulva,
1547 2777 1668 2835 licet
1695 2780 1938 2852 virginis,

342 2871 521 2918 tamen
555 2863 811 2932 feminas,
838 2865 1181 2936 eoagulatus;
1211 2876 1266 2922 et
1292 2868 1335 2922 si
1367 2882 1470 2922 non
1502 2869 1727 2937 semine,
1761 2878 1939 2928 tamen

339 2966 408 3011 ex
429 2955 547 3026 lege
568 2956 879 3013 substantiae
899 2959 1217 3027 corporalis,
1238 2958 1318 3032 (ά)
1338 2976 1405 3015 ex
1427 2959 1660 3016 fceminae
1679 2963 1903 3020 humore
1924 2982 1938 3019 :

340 3064 448 3104 non
480 3065 605 3105 caro
631 3049 845 3108 habitus
874 3061 998 3107 ante
1030 3053 1291 3109 formam:
1321 3052 1395 3127 (c)
1440 3070 1545 3110 non
1577 3070 1743 3127 pecus
1767 3057 1941 3115 dictus

2046 1849 2188 1919 puli;
2215 1856 2477 1919 quatenus
2505 1850 2575 1903 ita
2621 1847 2807 1914 voluit,
2840 1859 2894 1902 ut
2930 1847 3066 1922 (Is.,
3098 1846 3239 1918 LIII,
3268 1849 3323 1920 5)
3356 1849 3512 1903 livore
3536 1850 3651 1916 eius

2044 1952 2365 2010 sanarentur,
2400 1952 2456 1997 ut
2482 1942 2749 2000 dedecore
2786 1942 2905 2012 ejus
2936 1942 3082 1998 salus
3121 1952 3308 1998 nostra
3354 1952 3647 1998 constaret.

2044 2033 2113 2090 Et
2144 2035 2335 2089 merito
2364 2047 2423 2089 se
2451 2049 2546 2105 pro
2574 2049 2674 2090 suo
2700 2035 2918 2089 homine
2948 2034 3225 2104 deposuit,
3272 2049 3369 2103 pro
3411 2033 3647 2104 imagine

2044 2136 2100 2183 et
2128 2126 2477 2183 similitudine
2526 2143 2655 2192 sua,
2701 2141 2805 2183 non
2833 2126 3005 2182 aliena
3046 2125 3201 2198 (15);
3246 2134 3324 2192 ut,
3384 2126 3635 2197 quoniam

2045 2220 2207 2277 homo
2263 2236 2367 2277 non
2411 2221 2701 2277 erubuerat
2746 2220 2977 2291 lapidem
3027 2228 3082 2275 et
3126 2218 3327 2290 lignum
3381 2219 3645 2283 adorans,

2045 2313 2235 2371 eadem
2282 2315 2580 2370 constantia
2629 2327 2735 2369 non
2782 2312 3039 2368 confusus
3067 2310 3136 2367 de
3164 2306 3400 2376 Christo,
3435 2308 3500 2384 (i)
3552 2325 3647 2379 pro

2046 2406 2371 2477 impudentia
2411 2406 2760 2473 idololatriae,
2793 2405 2924 2460 satis
2970 2405 3081 2459 Deo
3110 2401 3311 2459 faceret
3347 2418 3442 2475 per
3470 2403 3647 2473 impu-

2045 2499 2281 2556 dentiam
2331 2499 2476 2556 fidei.
2526 2499 2662 2567 Quid
2708 2498 2901 2554 horum
2946 2498 3154 2553 christo
3208 2507 3299 2551 tuo
3352 2496 3646 2568 competit,

2045 2592 2304 2659 Marcion,
2343 2593 2410 2648 ad
2449 2593 2699 2648 meritum
2735 2590 3102 2647 confusionis?
3149 2589 3312 2646 Plane
3339 2589 3544 2662 pudere
3597 2600 3649 2644 te

2045 2685 2228 2754 debet,
2259 2685 2400 2758 quod
2432 2686 2579 2742 illum
2611 2687 2725 2757 ipse
2755 2684 2978 2740 tinxisti.

2633 2778 2860 2837 CAPUT
2896 2777 3065 2834 XXII.

2118 2893 2249 2949 Nam
2278 2891 2461 2949 ethoc
2488 2893 2572 2947 vel
2603 2894 2842 2949 maxime
2871 2892 3190 2949 erubescere
3217 2890 3471 2957 debuisti,
3503 2891 3648 2962 quod

2046 2986 2197 3041 illum
2227 3000 2347 3040 cum
2380 2984 2564 3059 Moyse
2593 2994 2648 3041 et
2674 2984 2824 3039 llelia
2856 2985 2909 3040 ia
2940 2998 3157 3040 secessu
3184 2985 3383 3040 montis
3410 2985 3650 3054 conspici

2046 3081 2269 3154 pateris,
2311 3095 2536 3151 quorum
2582 3079 2889 3135 destructor
2936 3078 3247 3135 advenerat.
3294 3079 3406 3135 lIoe
3444 3078 3653 3133 scilicet

340 3152 460 3213 post
488 3142 751 3215 ﬁguram:
789 3144 883 3217 (f)
916 3160 1024 3202 non
1051 3146 1238 3203 decem
1281 3147 1360 3219 (8)
1402 3150 1667 3206 mensium
1698 3153 1938 3209 cruciatu

2056 3142 2267 3245 intelligi
2311 3142 2480 3228 voluit
2518 3186 2621 3229 vox
2653 3170 2742 3228 illa
2766 3170 2836 3229 de
2872 3171 3047 3229 coelo:
3094 3169 3198 3226 Hic
3226 3180 3300 3227 est
3334 3170 3474 3242 filius
3509 3186 3653 3226 meus

1557 3290 1942 3352 LECTIONES
1977 3292 2399 3352 VARIANTES.

432 3403 482 3477 ἱ)
511 3403 953 3477 QognoscasPam.
1004 3465 1017 3477 _

431 3467 479 3521 2i
511 3467 876 3520 Remuneratur
901 3467 1058 3521 Paris.
1085 3470 1238 3521 Fran.

428 3528 480 3582 5)
515 3528 630 3580 Mihi
654 3530 786 3582 abest
819 3531 975 3581 Paris.

433 3591 484 3645 4)
519 3591 603 3642 Me
624 3593 776 3644 Seml.
821 3593 1020 3645 Oberth.

433 3652 485 3718 ξ)
515 3652 640 3718 Eum
663 3656 878 3718 Franeq.

432 3714 484 3781 β)
515 3715 640 3781 Ipsis
661 3714 1012 3781 coniic.’Seml.

561 3780 861 3833 erorantium
882 3780 1028 3835 codd.
1060 3793 1243 3837 Wouw.

2136 3409 2188 3463 8)
2212 3410 2399 3461 Novem
2424 3408 2579 3462 Fran.

2135 3473 2188 3525 9)
2228 3473 2512 3523 Delibratus
2533 3473 2689 3524 Fran.

2141 3535 2221 3591 10)
2262 3535 2519 3591 lnvqucro
2540 3536 2650 3586 cod.
2683 3544 2862 3587 ιγοιιω.

2143 3592 2223 3650 ul
2255 3596 2461 3648 Tardius
2493 3592 2643 3649 Seml.
2693 3595 2888 3650 Oberlin.

2144 3660 2224 3712 12)
2263 3660 2344 3710 Me
2366 3662 2508 3712 Pam.
2529 3662 2682 3711 Fran.
2752 3702 2759 3708 .

2143 3721 2222 3783 15)
2255 3723 2395 3775 Tunc
2414 3722 2537 3776 add.
2559 3721 2713 3783 Seml,

2202 3536 2224 3790 ἒ

1719 3886 2288 3950 COMMENTARIUS.

425 4005 501 4081 (a)
531 4006 712 4082 Utique
727 4009 1087 4082 nonAsimplex,
1114 4024 1202 4064 nec
1221 4009 1284 4063 de
1296 4016 1494 4082 natura:
1514 4007 1947 4082 lege_communis.

351 4077 491 4134 Haec
504 4094 608 4133 non
629 4077 739 4134 alio
760 4077 958 4135 referri
979 4089 1200 4150 possunt
1217 4095 1377 4148 quam
1405 4079 1469 4150 ad
1498 4077 1582 4145 ea,
1602 4078 1742 4150 Quae
1764 4088 1834 4150 est
1854 4080 1952 4132 ista

352 4166 481 4204 nova
522 4150 752 4204 doctrina
772 4167 791 4205 :
818 4148 999 4221 utique
1030 4168 1134 4205 non
1165 4151 1412 4219 simplex,
1441 4148 1687 4221 doctrina
1726 4149 1950 4215 scilicet,

352 4237 453 4276 nec
477 4221 544 4274 de
574 4230 777 4275 natura:
805 4220 1105 4277 communis
1135 4222 1268 4290 lege,
1299 4231 1404 4277 etc.
1437 4220 1556 4276 Rm.

427 4292 508 4378 (b)
540 4291 697 4378 cujus
725 4293 855 4378 ordo
878 4294 1056 4378 magis
1064 4288 1347 4362 pudendus.
1381 4290 1634 4347 Ordinem
1661 4288 1790 4346 dicit
1814 4290 1951 4346 nati‘

352 4363 530 4419 vitatis
555 4374 610 4417 et
634 4363 982 4420 educationis.
1016 4365 1137 4422 R16.

426 4433 549 4509 (c)_I
561 4436 701 4509 peius
729 4437 879 4490 etiam
905 4438 1073 4509 carnis
1093 4435 1473 4509 indignitatem.
1484 4433 1683 4509 Carnis
1704 4431 1954 4509 videlicet

355 4492 624 4582 passibilis
662 4515 716 4561 et
738 4507 1019 4582 mortalis,
1064 4524 1189 4582 quas
1205 4492 1352 4561 “sane
1390 4505 1631 4582 indigna
1655 4504 1763 4561 Deo
1804 4504 1954 4582 vide:
1979 4522 2033 4582 D
2057 4492 2167 4582 item
2197 4492 2410 4582 nienses.
2444 4492 2544 4560 I’ér
2564 4492 2782 4582 caenum
2799 4506 3045 4575 intelligit
3066 4506 3117 4563 id
3139 4492 3285 4576 quod

354 4572 531 4633 batur.
565 4577 655 4632 Sic
679 4577 848 4632 adver.
882 4572 1013 4633 Jud.
1048 4596 1067 4633 :
1085 4572 1273 4634 'Primo
1290 4572 1523 4633 sordidis—7
1542 4576 1749 4631 indutus
1776 4580 1869 4641 est,
1896 4572 1954 4630 id

357 4659 450 4711 est,
496 4650 663 4703 carnis
708 4650 959 4719 possibilia
987 4661 1031 4703 et
1070 4650 1302 4704 mortalis
1330 4649 1648 4719 indignitate.
1684 4647 1781 4702 Vel
1811 4646 1952 4703 indi-

356 4722 610 4791 gnitatern
643 4720 898 4791 intellige,
930 4725 1051 4784 εὶδὸς
1080 4727 1159 4778 οὔκ
1186 4728 1320 4788 ἄξιον
1344 4723 1630 4791 τυράννιδᾳς.
1662 4719 1783 4776 RIG.

433 4789 515 4864 (d)
654 4787 875 4862 (mulina:
902 4792 1133 4864 humore.
1175 4787 1292 4847 Lib.
1324 4792 1386 4847 de
1402 4787 1532 4864 :Car.
1559 4789 1748 4846 Christi
1784 4790 1952 4857 dixit,

358 4862 595 4937 humoris
614 4871 661 4915 et
688 4862 949 4937 sanguinis
972 4865 1108 4937 {teda
1140 4864 1372 4937 coagula.
1400 4863 1520 4937 Rtg.

433 4931 508 5006 (e)
543 4930 663 5006 Non
691 4930 841 5006 pecus
865 4930 1029 4989 dictus
1054 4945 1166 5005 post
1193 4930 1433 5006 ﬁguram.
1463 4933 1667 5006 Eodem
1692 4932 1956 5006 vocabulo

359 5003 529 5063 utitur
553 5003 726 5060 Julius
769 5003 1031 5063 Firmicus
1055 5003 1165 5062 lib.
1198 5003 1311 5072 VII,
1353 5021 1473 5076 cap.
1506 5006 1572 5061 l:
1616 5003 1782 5060 Pecus
1819 5005 1956 5058 intra

360 5078 552 5133 viscera
578 5078 756 5132 matris
781 5081 1025 5132 artuatt'm
1049 5078 1334 5134 eonscisum
1361 5096 1394 5132 a
1415 5077 1622 5133 medicis
1649 5080 1953 5200 Maeretur.

1776 5163 1843 5200 ια.

824 5202 829 5207 ,
1724 5163 1766 5200 li
1776 5163 1843 5203 ιο.

436 5217 503 5292 (Γ)
538 5217 660 5274 Non
679 5221 850 5275 decem
872 5218 1118 5276 mensium
1144 5220 1374 5275 cruciatu
1397 5220 1722 5275 deliberatus.
1750 5217 1839 5274 Sic
1865 5218 1959 5292 ha-

362 5289 491 5346 bent
536 5292 891 5361 exemplaria;
940 5308 1081 5364 quaei
1125 5292 1168 5347 si
1209 5292 1373 5364 nobis
1407 5291 1684 5364 integram
1727 5290 1963 5364 auctoris

362 5364 681 5433 scripturam
702 5360 1020 5433 ’servavere,
1053 5363 1247 5420 dixerit
1273 5362 1563 5431 Septimius
1594 5370 1802 5433 partum
1828 5360 1961 5433 deli-

368 5431 564 5495 berari,
594 5432 845 5502 quamdiu
872 5433 1032 5491 fastus
1059 5435 1111 5490 in
1142 5443 1295 5488 utero
1327 5433 1620 5502 perﬁcitur,
1650 5431 1836 5486 ordine
1867 5431 1959 5485 na-

368 5447 564 5495 ueram,
594 5447 845 5558 Ἣιιιιιιαιιι
872 5447 1032 5491 matus
1059 5452 1111 5490 in
1142 5447 1295 5488 utero
1327 5447 1620 5502 pet-ncuur,
1650 5447 1836 5486 ordine
1867 5447 1956 5485 na-

366 5503 584 5559 tivitatis
650 5519 889 5570 umatm,
921 5505 1109 5574 decem
1156 5505 1422 5574 mensium
1462 5504 1633 5574 spatio
1673 5512 1956 5574 currente,

366 5574 819 5647 quemadmodum
848 5575 900 5632 in
928 5572 1258 5647 Apologetico
1288 5573 1463 5647 dixit,
1482 5571 1796 5647 concepttuu
1826 5571 1961 5626 deli-

368 5643 566 5704 berari.
611 5645 731 5698 dum
772 5647 939 5701 adhuc
976 5643 1190 5716 sanguis
1235 5646 1284 5698 in
1336 5646 1582 5716 hominem
1630 5643 1954 5716 deliberatur.

373 5716 538 5785 Alias.
566 5717 784 5771 minimc
804 5713 1101 5785 Spernenda
1129 5716 1395 5769 videretur
1417 5715 1604 5769 Latiuii
1629 5713 1955 5785 conjectura,

375 5784 542 5840 decem
573 5787 819 5843 mensium
838 5784 1066 5845 cruciatu
1088 5787 1412 5842 deliberatus.
1436 5785 1566 5840 Nam
1592 5784 1854 5853 ejtlsmodi
1879 5796 1961 5838 est

2052 4005 2273 4062 infantis
2299 4006 2353 4060 in
2384 4014 2537 4061 utero
2562 4007 2715 4070 situs,
2748 4014 2806 4062 ut
2842 4005 3071 4064 cruciari
3097 4003 3367 4076 videatur,
3399 4005 3658 4065 incurvus

2056 4089 2199 4133 totus
2229 4092 2292 4133 ac
2320 4085 2647 4134 contractus.
2677 4077 2801 4134 Rm.

2130 4149 2208 4222 (8)
2233 4152 2367 4222 Cum
2415 4149 2540 4222 ιαζιιὶ
2577 4150 2816 4222 temporis
2862 4165 3035 4216 emno,
3079 4157 3186 4205 etc.
3218 4148 3339 4222 Lib.
3385 4151 3451 4203 de
3488 4147 3660 4206 Carne

2055 4219 2264 4289 Christi,
2308 4235 2427 4302 cap.
2451 4219 2530 4302 14,-
2550 4219 2750 4302 eadem
2777 4220 2945 4302 ferme
2975 4222 3171 4285 habet:
3200 4221 3276 4275 Ab
3309 4221 3423 4302 ipsa
3451 4222 3661 4302 quidem

2057 4288 2266 4347 exorsus
2298 4288 2414 4347 odio
2442 4291 2615 4364 habita
2644 4292 2923 4364 nativitate,
2954 4306 3172 4363 perora;
3202 4308 3297 4364 age
3318 4288 3426 4359 inm
3452 4288 3661 4361 spurci-

2056 4365 2153 4417 tias
2180 4363 2475 4432 genitalium
2500 4363 2552 4416 in
2578 4373 2740 4426 utero,
2763 4363 3147 4429 elementorum,
3175 4363 3446 4417 humorum
3465 4372 3511 4418 et
3538 4380 3663 4419 san-

2057 4436 2224 4505 guinis
2239 4435 2377 4507 [aeda
2391 4435 2627 4507 caagula,
2643 4433 2812 4501 carnis
2830 4451 2893 4507 ea:
2904 4432 3077 4507 eodeni
3090 4450 3230 4507 emno
3248 4434 3446 4507 alenda:
3463 4452 3553 4500 per
3566 4452 3662 4489 no-

3307 4504 3367 4561 Hi
3375 4517 3664 4576 ppoeratcs

2062 4577 2151 4632 IlI).
2188 4578 2250 4632 de
2279 4587 2385 4631 nat.
2418 4592 2559 4644 puer.
2593 4593 2647 4631 n.
2684 4576 2787 4632 I56
2812 4595 2824 4630 :
2852 4584 2932 4631 Τὰ
2956 4584 3046 4645 γὰρ
3069 4593 3347 4646 καταμήνια
3377 4582 3428 4632 οὗ
3467 4587 3660 4649 κυρίη,

2055 4653 2222 4721 ρκὃτοιν
2249 4659 2362 4721 γυηῆ
2388 4655 2507 4718 λάϐῃ
2531 4657 2642 4721 πρὸς
2665 4656 2854 4721 iatn-in,
2872 4656 2927 4709 ἢν
2950 4652 3106 4721 μέλλῃ
3128 4657 3183 4705 τὸ
3207 4653 3395 4703 παιδίον
3412 4654 3660 4717 ὑγιαίνειν,

2059 4710 2265 4774 Menses
2302 4710 2404 4773 rion
2432 4710 2693 4790 proﬂuunt
2724 4710 2927 4774 mulieri
2950 4710 3110 4775 ἰιιεὼ
3137 4721 3383 4790 gestanti,
3419 4710 3462 4774 si
3501 4710 3664 4774 sanus

2057 4807 2184 4860 puer
2207 4792 2410 4863 futurus
2437 4800 2528 4863 est.
2561 4791 2673 4863 Hoc
2698 4791 2753 4863 in
2783 4790 3261 4863 Ioconadmirabilis
3289 4791 3532 4863 humana:
3552 4791 3665 4845 uri—

2055 4854 2512 4934 ginis'descriptio
2557 4872 2611 4917 et
2638 4854 3195 4934 inllrmitaiisjmago,
3239 4856 3398 4934 quam
3438 4863 3664 4917 memini

2060 4932 2144 4988 ine
2171 4932 2376 5004 legisse
2391 4932 2504 5004 fere
2529 4932 2773 4989 eamdem
2801 4933 2941 5001 apud
2964 4932 3217 5004 Plinium,
3240 4932 3329 5004 qui
3356 4934 3534 5004 statim
3562 4950 3658 4987 ex-

2058 4998 2290 5087 clamat:
2326 5000 2423 5058 llis
2452 5004 2715 5087 principiis
2742 4998 2916 5087 oritur
2942 5002 3174 5087 carnifex
3203 4998 3561 5087 'aiiiittus,uélc.
3603 5004 3663 5059 Si

2059 5076 2195 5132 liber
2239 5087 2384 5132 esset
2429 5073 2497 5131 ad
2550 5073 2801 5141 man'um,
2834 5073 3011 5131 locuin
3059 5073 3228 5131 totum
3270 5073 3661 5200 Exs'giberent.

3315 5162 3347 5200 ε
3419 5161 3473 5198 ιι.

3315 5162 3347 5200 E
3379 5161 3473 5200 ΥΒ.

2133 5216 2218 5290 (h)
2250 5217 2438 5293 Lucem
2466 5216 2705 5293 lacrymi's
2733 5216 3048 5293 auspicatus,
3077 5227 3182 5293 etc.
3218 5219 3258 5293 Α
3291 5215 3666 5293 miseriis,_va-

2061 5284 2172 5360 gitu
2199 5284 2439 5355 scilicet,
2469 5284 2632 5343 vitain
2663 5284 3002 5358 auspicatur,
3029 5284 3273 5345 eamdem
3305 5286 3357 5343 iu“
3390 5284 3665 5360 laboribus

2063 5354 2193 5432 agit,
2222 5371 2382 5432 atque
2413 5361 2479 5432 ad
2510 5354 2780 5416 malorum
2809 5354 3260 5431 complementum
3290 5362 3435 5413 mors
3462 5354 3545 5412 est
3569 5373 3665 5412 su-

2063 5428 2311 5487 beunda.‘
2329 5431 2406 5486 LE
2439 5428 2534 5488 Pu.
2937 5428 2947 5431 ’
3372 5480 3377 5491 ,

2135 5501 2196 5573 (i)
2226 5500 2332 5557 Pro
2371 5500 3042 5573 impudentiaidololatria,
3070 5501 3192 5573 satis
3218 5494 3322 5573 Deo
3346 5499 3534 5573 facere:
3574 5516 3666 5570 per

2062 5564 2432 5653 impudentiam
2447 5564 2455 5572 ’
2467 5575 2612 5653 [ἰαθῇ.
2645 5564 3356 5653 lilplplatrimuimpudentia
3378 5564 3662 5653 ξιιξζηρξιιιι

2065 5635 2171 5696 non
2202 5641 2389 5717 puduit
2416 5635 2645 5717 adorare
2670 5635 2876 5717 lapides
2897 5654 2949 5717 ct
2971 5635 3129 5717 tum;
3159 5635 3663 5717 imptii‘lcnlidlidei,

2062 5724 2184 5787 enim
2230 5712 2448 5787 minime
2489 5710 2652 5787 pudet
2696 5710 2861 5771 Deum
2909 5710 3130 5771 credere
3181 5710 3362 5767 natum
3406 5718 3459 5766 et
3484 5712 3670 5768 eruci-

2065 5783 2247 5839 lixum.
2276 5784 2397 5842 th.
2489 5783 2505 5787 ⁷
3344 5828 3355 5855 .
