4020 6286
321 403 428 465 415

1425 401 1553 459 LIB.
1595 400 1661 459 IV
1707 394 2076 460 ADVERSUS
2115 398 2544 461 MARCIONEM.

3533 394 3640 459 ιιι

323 523 573 589 dilectus,
627 522 771 580 hunc
819 523 1021 579 audite:
1070 520 1121 579 id
1170 529 1273 592 est,
1321 536 1427 577 non
1469 522 1687 595 Moysen
1725 522 1835 593 jam
1882 532 1935 577 et
1962 525 2012 583 Α
2044 522 2397 591 prohibente,
2427 524 2528 579 nisi
2552 523 2675 595 quia
2716 522 2770 579 in
2799 522 2988 595 Spiritu
3031 521 3272 591 viderat;
3316 532 3371 581 et
3396 522 3468 580 ita
3499 524 3642 596 quod

328 618 555 674 Heliam.
588 619 741 689 Ergo
784 617 1082 675 sulliciebat
1123 633 1235 691 vox,
1277 618 1390 671 sola
1433 617 1549 672 sine
1578 616 1937 672 ostentatione

331 710 492 782 Moysi
533 719 589 766 et
619 711 808 767 Heliae.
853 708 1161 766 Deliniendo
1189 708 1269 781 (Ι)
1299 709 1440 762 enim
1471 723 1626 778 quem
1667 707 1936 777 audirent,

332 818 702 874 quoscumque
772 804 905 858 alios
958 801 1216 857 vetuisset
1279 800 1471 855 audiri.
1526 800 1632 854 Aut
1677 799 1935 869 numquid

335 898 544 954 Esaiam
572 908 627 953 et
657 896 1003 963 Hieremiam,
1029 904 1358 964 caeterosque
1384 907 1519 964 quos
1547 908 1650 947 non
1680 891 1935 958 ostendit,

334 991 577 1060 permisit
604 989 805 1057 audiri,
837 988 883 1043 si
911 989 1076 1062 vetuit
1122 1002 1255 1059 quos
1300 984 1570 1041 ostendit?
1610 985 1762 1041 Nunc
1801 995 1856 1039 et
1892 986 1936 1040 si

334 1085 617 1155 pnesentia
652 1084 865 1138 illorum
900 1081 997 1137 fuit
1026 1082 1350 1147 necessaria,
1382 1096 1487 1135 non
1530 1079 1713 1151 utique
1740 1080 1790 1133 in
1830 1079 1939 1134 col-

335 1177 514 1246 loquio
535 1175 971 1241 ostenderentur,
991 1173 1130 1246 quod
1153 1172 1526 1229 familiaritatis
1556 1173 1808 1230 indicium
1834 1183 1937 1228 est:

337 1287 434 1326 nec
464 1271 518 1325 in
547 1270 824 1326 consortio
844 1269 1120 1338 claritatis,
1154 1270 1295 1341 quod
1328 1270 1651 1343 dignationis
1677 1280 1732 1326 et
1758 1269 1941 1341 gratiae

334 1362 643 1433 exctnplum
675 1373 760 1419 cst
811 1382 825 1418 :
855 1363 947 1419 sed
995 1367 1045 1418 in
1074 1364 1322 1419 sordibus
1351 1364 1637 1434 aliquibus,
1670 1363 1811 1433 quod
1844 1363 1940 1418 de-

334 1440 647 1511 structionis
672 1465 1043 1525 argumentum
1062 1466 1164 1522 est,
1192 1455 1298 1510 imo
1320 1455 1370 1509 in
1396 1454 1630 1510 tenebris
1646 1453 1938 1521 Creatoris,

340 1536 538 1618 quibus
580 1546 934 1603 discutiendis
981 1556 1097 1602 erat
1140 1548 1355 1602 missus.
1403 1547 1582 1619 Longe
1627 1551 1787 1603 etiam
1834 1547 1944 1603 dis-

335 1637 473 1694 creti
513 1654 541 1691 a
588 1634 834 1693 claritate
872 1636 1087 1707 Christi,
1130 1638 1219 1709 qui
1265 1653 1427 1693 voces
1469 1647 1524 1693 et
1566 1638 1747 1697 literas
1799 1638 1944 1708 ipsas

335 1732 524 1786 eorum
555 1730 623 1785 ab
656 1730 944 1803 Evangelio
974 1747 1073 1786 suo
1111 1740 1229 1787 erat
1255 1742 1619 1802 separaturus.
1653 1732 1827 1787 Siccin
1862 1732 1943 1804 (2)

337 1818 547 1877 alienos
588 1821 921 1877 demonstrat
948 1823 1088 1890 illos,
1131 1823 1256 1878 dum
1302 1838 1483 1879 secum
1512 1824 1711 1878 habet?
1740 1824 1818 1879 sic
1856 1839 1944 1881 re-

2042 614 2285 683 dixisset,
2322 619 2371 670 in
2400 618 2612 688 Spiritu,
2661 633 2768 674 non
2808 618 2860 673 in
2903 633 3065 674 sensu
3109 617 3455 681 constitutus.
3501 619 3644 676 scire

2041 724 2145 762 non
2181 717 2404 778 poterat.
2436 708 2720 774 Caeterum,
2755 709 2798 764 si
2840 711 2919 764 sic
2947 710 3121 767 nescit
3147 711 3301 781 quasi
3331 726 3540 775 errans,
3574 724 3645 765 eo

2042 800 2181 871 quod
2206 809 2413 872 putaret
2437 801 2648 857 illorum
2674 816 2794 857 esse
2822 803 3121 859 Christum:
3146 818 3276 873 ergo
3298 802 3408 873 jam
3433 812 3643 860 constat

2041 902 2095 948 et
2119 910 2277 963 supra
2303 892 2517 950 Petrum
2545 894 2928 964 interrogatum
2951 910 2981 948 a
3004 894 3240 962 Christo,
3264 910 3421 965 quem
3447 911 3505 950 se
3524 896 3643 950 exi-

2043 988 2321 1042 stimarent
2344 997 2399 1041 ut
2427 986 2494 1043 de
2516 985 2784 1043 Creatoris
2809 987 3031 1055 dixisse,
3063 987 3139 1042 Tu
3169 1005 3222 1043 es
3243 986 3499 1055 Christus;
3519 990 3644 1060 quia

2042 1080 2086 1135 si
2114 1087 2238 1134 tune
2259 1079 2477 1135 alterius
2507 1079 2599 1135 Dei
2629 1078 2777 1133 illum
2801 1080 3156 1146 cognovisset,
3185 1079 3274 1135 hic
3293 1095 3506 1152 quoque
3536 1096 3643 1136 non

2043 1179 2298 1226 errasset.
2329 1170 2481 1238 Quod
2527 1171 2569 1225 si
2606 1170 2726 1225 ideo
2749 1179 2804 1225 et
2833 1169 2920 1225 hic
2947 1171 3169 1237 erravit,
3201 1171 3323 1241 quia
3361 1180 3417 1226 et
3452 1186 3643 1241 supra;

2045 1278 2172 1334 ergo
2211 1271 2388 1319 certus
2419 1272 2500 1317 est
2530 1263 2583 1317 in
2622 1263 2767 1319 illum
2797 1262 2938 1318 diem
2976 1278 3186 1334 quoque
3225 1263 3422 1320 nullam
3452 1279 3645 1320 novam

2044 1355 2381 1411 divinitatem
2407 1370 2437 1411 a
2464 1355 2677 1410 Christo
2704 1355 2994 1411 revelatam
3014 1396 3030 1422 ,
3062 1366 3116 1410 et
3145 1370 3312 1427 usque
3333 1356 3510 1412 adlmc
3537 1374 3644 1413 non

2045 1463 2256 1504 errasse
2301 1447 2520 1503 Petrum
2548 1489 2565 1515 ,
2622 1447 2837 1505 Christo
2893 1461 3061 1518 usque
3110 1447 3285 1502 adhuc
3347 1446 3479 1502 nihil
3512 1448 3649 1517 ejus-

2046 1540 2188 1596 modi
2224 1540 2533 1605 revelaote;
2564 1548 2620 1596 et
2660 1539 2860 1595 tamdiu
2899 1555 3005 1595 non
3033 1540 3252 1597 alterius
3274 1539 3641 1610 deputandum

2045 1635 2315 1690 Chrismm
2340 1677 2355 1700 ,
2404 1650 2561 1705 quam
2586 1634 2861 1692 Creatoris
2881 1676 2895 1699 ,
2924 1633 3077 1704 cujus
3105 1648 3321 1690 omnem
3348 1642 3404 1690 et
3446 1634 3533 1689 hic
3559 1650 3651 1690 or-

2048 1730 2224 1786 dinem
2248 1728 2532 1800 expressit.
2557 1728 2688 1784 Tres
2712 1727 2782 1782 de
2817 1725 3147 1783 discentibus
3178 1726 3411 1782 arbitros
3460 1727 3651 1783 futura:

2047 1824 2267 1880 visionis
2311 1833 2363 1878 et
2396 1823 2544 1877 vocis
2581 1821 2837 1887 assumit;
2881 1829 2934 1875 et
2978 1820 3080 1875 hoc
3117 1819 3388 1876 Creatoris
3428 1829 3530 1884 est,
3583 1819 3652 1876 In

337 1911 659 1982 linquendus
708 1912 897 1980 docet,
948 1929 1082 1985 quos
1135 1913 1235 1969 sibi
1279 1914 1491 1985 jungit?
1540 1914 1620 1969 sic
1678 1913 1938 1981 destruit,
1970 1922 2018 1981 B
2047 1917 2231 1984 tribus,
2272 1916 2440 1986 inquit
2482 1913 2684 1985 (Deut.,
2717 1911 2862 1978 XIX,
2890 1912 3002 1983 I5),
3052 1912 3259 1967 testibus
3300 1911 3453 1966 stabit
3502 1926 3652 1968 omne

338 2019 478 2073 quos
522 2004 589 2059 de
633 2006 798 2060 radiis
837 2007 951 2062 suis
996 2002 1265 2062 exstruit?
1308 2007 1444 2075 Quid
1470 2006 1670 2062 faceret
1715 2008 1948 2064 christus

339 2095 618 2167 ipsorum?
663 2095 839 2152 Credo
882 2096 1178 2154 secandum
1223 2099 1648 2170 perversitatem,
1691 2100 1824 2156 tales
1855 2104 1949 2155 eos

344 2186 661 2255 revelasset,
693 2188 879 2258 quales
920 2188 1153 2245 christus
1194 2188 1477 2246 Marcionis
1525 2190 1829 2257 debuisset;
1859 2202 1951 2247 aut

339 2294 711 2350 quoscumque
742 2279 876 2334 alios
905 2296 1109 2345 secum,
1141 2297 1299 2351 quam
1343 2281 1631 2352 prephetas
1658 2296 1806 2336 suos.
1838 2282 1949 2339 Sed

341 2370 471 2443 quid
506 2383 613 2427 tam
645 2370 890 2428 Christus
918 2372 1213 2441 Creatoris,
1243 2390 1399 2443 quam
1443 2389 1625 2430 secum
1665 2374 1950 2431 ostendere

346 2462 728 2532 praedicatores
770 2464 931 2519 suos?
969 2478 1088 2519 cum
1133 2464 1237 2543 illis
1265 2463 1452 2533 videri,
1484 2465 1675 2535 quibus
1711 2465 1763 2520 in
1795 2481 1949 2523 reve-

346 2556 639 2613 lationibus
681 2569 799 2614 erat
825 2560 1003 2615 visus:
1036 2564 1156 2614 cum
1204 2558 1312 2614 illis
1338 2559 1501 2629 loqui,
1533 2560 1621 2630 qui
1668 2576 1789 2615 eum
1839 2560 1950 2617 foe-

342 2660 470 2708 r.mt
509 2651 709 2708 locuti:
758 2668 878 2708 cum
924 2653 1003 2708 eis
1045 2653 1273 2724 gloriam
1318 2666 1471 2708 suam
1517 2654 1951 2721 communicare,

345 2760 376 2799 a
424 2746 621 2817 quibus
667 2745 920 2801 Dominus
962 2746 1148 2816 gloriae
1193 2747 1680 2818 rmncupabantur:
1724 2746 1798 2819 (η)
1832 2761 1954 2802 cum

349 2822 741 2909 ﬁineipalibus
785 2840 919 2907 suis,
963 2856 1191 2911 quonon
1242 2839 1379 2894 alter
1432 2841 1608 2911 populi
1641 2839 1956 2895 informator

345 2928 663 3001 aliquando,
706 2930 843 2987 alter
894 2932 1218 2988 reformator
1270 2931 1619 3003 quandoque;
1667 2932 1803 2987 alter
1850 2934 1955 2988 ini-

350 3025 517 3079 tiator
546 3024 762 3081 Veteris
786 3025 1136 3094 Testamenti,
1171 3028 1309 3083 alter
1350 3038 1760 3083 consunnnator
1789 3027 1958 3084 Novi?

348 3115 519 3191 Igitur
546 3126 602 3174 et
639 3118 833 3197 Petrus
861 3123 1053 3201 merito
1088 3118 1165 3195 (5)
1198 3122 1608 3177 contubernium
1651 3122 1846 3177 Christi
1877 3123 1956 3177 sui

347 3210 652 3284 agitescens
684 3213 1053 3270 individuitate
1075 3214 1210 3285 ejus,
1239 3216 1477 3286 suggerit
1501 3213 1780 3270 consilium
1812 3215 1960 3269 :Bo-

2051 2009 2294 2062 verbum.
2342 2006 2411 2060 In
2450 2015 2671 2060 montem
2707 2004 2928 2069 secedit;
2969 2017 3203 2074 agnosco
3241 2002 3470 2058 formam
3521 2004 3647 2059 loci.

2051 2098 2183 2154 Nam
2215 2106 2270 2154 et
2299 2098 2581 2169 pristinum
2615 2096 2869 2166 populum
2914 2095 3053 2165 apud
3094 2105 3331 2151 montem
3363 2105 3418 2150 et
3445 2094 3653 2151 visione

2052 2205 2110 2257 et,
2152 2208 2282 2248 voce
2329 2207 2423 2246 sua
2464 2192 2688 2247 Creator
2729 2190 2982 2243 initiarat.
3015 2186 3311 2258 Oportebat
3342 2188 3396 2243 in
3430 2203 3496 2243 eo
3524 2186 3715 2258 sug-"

2053 2294 2205 2358 gestu
2233 2283 2538 2353 consignari
2577 2281 2784 2337 Novum
2823 2281 3224 2335 Testamentum
3249 2320 3265 2346 ,
3300 2281 3355 2334 in
3382 2294 3490 2350 quo
3517 2295 3651 2334 con-

2054 2384 2311 2451 scriptum
2337 2378 2502 2433 Vetus
2524 2379 2717 2442 fuerat;
2741 2375 2840 2430 sub
2854 2374 3046 2431 eodem
3067 2374 3226 2430 etiam
3248 2374 3446 2429 ambitu
3473 2374 3651 2442 nubis,

2055 2487 2214 2542 quam
2247 2485 2406 2526 nemo
2429 2468 2692 2524 dubitavit
2717 2468 2784 2522 de
2805 2482 2930 2522 aere
2956 2465 3232 2521 Creatoris
3256 2464 3651 2536 conglobatam,

2056 2567 2159 2622 nisi
2197 2575 2251 2620 et
2293 2566 2465 2621 nubes
2502 2578 2631 2619 suas
2672 2562 2764 2616 illo
2798 2561 3125 2625 deduxerat,
3168 2560 3291 2631 quia
3332 2569 3387 2615 et
3419 2559 3532 2630 ipse
3563 2572 3657 2627 per

2055 2659 2253 2716 coelum
2283 2657 2557 2714 Creatoris
2588 2656 2727 2710 viam
2758 2662 3008 2725 ruperat,
3054 2660 3147 2709 aut
3192 2653 3418 2723 proinde
3457 2661 3512 2708 et
3553 2668 3657 2707 nu-

2056 2753 2166 2808 bilo
2215 2750 2486 2807 Creatoris
2534 2749 2777 2819 precario
2832 2761 2959 2802 usus
2988 2755 3106 2802 est.
3148 2745 3336 2816 Itaque
3378 2760 3477 2800 nec
3516 2753 3659 2800 nunc

2059 2855 2205 2901 muta
2247 2845 2417 2901 nubes
2460 2843 2576 2907 fuit,
2623 2840 2718 2896 sed
2759 2856 2864 2896 vox
2900 2841 3052 2895 salila
3080 2839 3149 2894 do
3173 2840 3340 2901 caelo,
3385 2846 3442 2893 ct
3488 2838 3658 2892 Patris

2061 2955 2258 2995 novum
2285 2936 2653 2994 testimonium
2678 2949 2843 3004 super
2862 2932 3034 2988 Filio:
3060 2932 3290 3001 atquein
3319 2929 3653 3003 secundo(5)

2061 3032 2296 3095 Psalmo,
2329 3028 2378 3083 F
2380 3030 2499 3084 ilius
2527 3042 2665 3080 meus
2712 3042 2765 3079 es
2811 3034 2865 3079 tu
2897 3041 2915 3078 :
2963 3040 3057 3094 ego
3095 3024 3247 3077 hodie
3285 3023 3438 3094 genui
3463 3031 3530 3076 te.
3584 3022 3657 3075 De

2062 3139 2169 3197 quo
2207 3132 2262 3178 et
2305 3136 2398 3192 per
2424 3119 2612 3175 Isaiam
2645 3116 2785 3187 (ls.,
2817 3117 2879 3183 L,
2905 3113 3027 3189 IO):
3052 3114 3178 3182 Quis
3209 3113 3377 3169 Deum
3402 3123 3654 3177 metuens,

2062 3219 2240 3273 audiat
2262 3232 2430 3271 vocem
2457 3213 2553 3284 ﬁlii
2578 3212 2727 3281 ejus?
2750 3210 2936 3281 Itaque
2956 3209 3064 3279 jam
3088 3217 3480 3279 repraesentans
3500 3222 3620 3261 eum
3644 3224 3657 3260 :
3690 3233 3736 3245 --

348 3320 478 3360 num
507 3316 579 3361 est
607 3324 699 3362 nos
720 3308 801 3362 In'c
830 3325 958 3364 esse.
990 3307 1194 3363 Bonum
1214 3309 1388 3379 plane,
1410 3308 1495 3364 ubi
1518 3308 1728 3379 Moyses
1760 3309 1962 3367 scilicet
1987 3314 2031 3377 ρ
2072 3311 2170 3366 Hic
2194 3320 2266 3365 est
2298 3308 2435 3379 ﬁlius
2464 3322 2633 3370 meus;
2687 3305 2872 3374 utique
2909 3300 3256 3365 subauditur,
3287 3314 3444 3370 quem
3476 3314 3664 3370 repro-

348 3384 625 3457 etHelias.
644 3400 742 3457 Et:
771 3401 1046 3459 Faciamus
1075 3405 1158 3458 hic
1185 3406 1283 3459 tria
1310 3405 1824 3472 tabernae-ulmeam:
1847 3406 1957 3472 tibi,

350 3496 397 3548 et
432 3492 605 3566 Moysi
631 3512 809 3561 unum,
842 3505 888 3551 et
924 3496 1088 3553 Helia:
1115 3515 1309 3552 unum:
1350 3498 1444 3554 sed
1475 3498 1699 3553 nesciens
1729 3499 1851 3566 quid
1880 3498 1961 3553 di-

349 3596 510 3642 ceret.
542 3587 824 3654 Quomodo
871 3592 1152 3647 nesciens?
1182 3601 1430 3647 utrumne
1477 3591 1704 3661 simplici
1736 3607 1957 3660 errore,

351 3697 422 3736 an
467 3682 675 3737 ratione
705 3682 776 3754 (b)
822 3698 983 3754 quam
1015 3685 1093 3755 (4)
1124 3683 1459 3740 defendimus
1498 3686 1548 3739 in
1591 3700 1777 3740 caussa
1809 3701 1961 3742 nova:

355 3771 675 3845 prophetiae,
714 3777 898 3847 gratia:
927 3780 1191 3844 ecstasin,
1225 3779 1276 3834 id
1307 3791 1411 3847 est,
1444 3781 1731 3835 amentiam
1760 3795 1960 3838 conve-

351 3866 518 3923 nire?
546 3864 603 3921 In
646 3870 832 3939 spiritu
880 3871 1022 3927 enim
1071 3872 1231 3928 homo
1275 3875 1616 3940 constitutus,
1665 3877 1959 3945 praisertim

351 3975 484 4015 cum
512 3960 737 4032 gloriam
778 3963 873 4019 Dei
898 3966 1196 4036 conspicit;
1228 3967 1311 4024 vel
1338 3982 1458 4022 cum
1488 3984 1584 4039 per
1614 3969 1791 4039 ipsum
1820 3970 1964 4025 Deus

352 4048 629 4127 loquitur,
676 4071 898 4113 necesse
970 4066 1051 4114 est
1103 4060 1314 4115 excidat
1365 4075 1563 4133 censu,
1616 4060 1963 4121 obumbratus

351 4144 568 4204 scilicet
609 4148 804 4204 virtute
836 4149 1047 4219 divina;
1093 4150 1162 4225 (c)
1194 4153 1261 4208 de
1295 4168 1402 4223 quo
1442 4153 1583 4208 inter
1610 4168 1707 4208 nos
1738 4162 1807 4209 ct.
1832 4169 1962 4227 psy.

350 4230 800 4317 ehicosqumSIio
830 4252 929 4297 est.
958 4230 1179 4299 Interim
1210 4243 1363 4301 facile
1390 4254 1473 4299 est
1500 4245 1788 4300 amentiam
1816 4245 1960 4301 Petri

353 4330 613 4406 probare.
646 4334 926 4405 Quomodo
961 4337 1101 4392 enim
1147 4337 1361 4408 Moysen
1420 4347 1474 4391 et
1520 4336 1722 4392 Heliam
1767 4353 1965 4409 cogno-

353 4420 562 4494 visset,
599 4428 698 4484 nisi
728 4432 778 4484 in
819 4431 1045 4503 spiritu?
1080 4431 1191 4487 Nec
1208 4432 1349 4487 enim
1389 4431 1643 4499 imagines
1669 4448 1854 4486 eorum
1884 4432 1966 4487 vel

350 4528 568 4575 statuas
628 4523 854 4594 pepnlus
903 4523 1176 4579 habuisset
1257 4534 1312 4580 et
1374 4524 1787 4594 similitudines,
1850 4527 1970 4595 lege

2064 3405 2187 3460 misi
2219 3402 2322 3475 (6).
2372 3399 2430 3456 Si
2476 3399 2619 3455 enim
2669 3394 2976 3471 repromisit
3020 3392 3346 3463 aliquando,
3383 3401 3438 3447 et
3482 3399 3662 3462 postea

2065 3496 2214 3562 dicit,
2252 3494 2349 3548 llic
2397 3502 2507 3558 est;
2558 3490 2675 3561 ejus
2713 3499 2797 3543 est
2838 3486 3140 3543 exhibentis
3190 3498 3325 3539 voce
3356 3483 3441 3537 uti
3484 3483 3536 3536 in
3567 3482 3665 3536 de-

2066 3588 2458 3647 monstratione
2484 3582 2754 3655 promissi,
2798 3582 2887 3652 qui
2927 3578 3215 3651 aliquando
3240 3578 3525 3650 promisit:
3559 3591 3666 3631 non

2065 3684 2182 3755 ejus
2203 3681 2288 3736 cui
2321 3679 2489 3748 possit
2512 3674 2829 3746 responderi
2853 3715 2867 3739 ,
2901 3693 2921 3725 ‹
2953 3673 3073 3742 Ipse
3092 3671 3235 3726 enim
3264 3679 3318 3724 tu
3344 3669 3463 3739 quis
3491 3684 3550 3724 es
3576 3668 3667 3739 qni

2064 3777 2235 3843 dicas,
2273 3774 2373 3828 Hic
2413 3782 2488 3828 est
2518 3770 2658 3842 ﬁlius
2683 3785 2859 3834 meus,
2890 3768 2959 3823 de
2995 3781 3102 3839 quo
3117 3781 3223 3820 non
3253 3764 3424 3835 magis
3451 3762 3667 3834 preemi-

2064 3871 2207 3935 sisti,
2235 3880 2394 3937 quam
2424 3864 2652 3933 teipsum
2682 3860 2825 3932 quod
2867 3859 3015 3931 prius
3050 3872 3173 3914 eras
3205 3854 3289 3928 (7)
3318 3854 3610 3910 revelasti?
3642 3872 3662 3905 ι

2070 3962 2225 4017 Hune
2257 3960 2418 4030 igitur
2447 3956 2638 4020 audite,
2673 3969 2831 4024 quem
2870 3953 2938 4007 ab
2986 3950 3141 4006 initio
3178 3949 3426 4005 edixerat
3448 3946 3671 4001 audien-

2068 4058 2196 4112 dum
2224 4056 2277 4109 in
2310 4051 2530 4108 nomine
2559 4048 2855 4120 prophetae,
2877 4045 3129 4116 quoniam
3159 4051 3215 4098 et
3240 4040 3530 4111 prophetes
3558 4037 3673 4093 exi-

2067 4147 2274 4205 stimari
2322 4143 2553 4200 habebat
2600 4156 2632 4194 a
2683 4138 2900 4208 populo.
2952 4135 3031 4210 (ἀ)
3092 4133 3447 4206 PrOphetam,
3501 4129 3677 4200 inquit

2069 4242 2278 4313 Moyses
2305 4236 2481 4308 (Dent.
2519 4231 2706 4297 XVIII,
2730 4229 2840 4301 l5),
2864 4228 3125 4284 suscitabit
3144 4226 3281 4280 vobis
3299 4224 3439 4279 Deus
3455 4239 3519 4277 ea:
3548 4222 3670 4288 ﬁliis

2068 4331 2243 4387 uestris
2272 4326 2589 4402 (secundum
2613 4323 2882 4378 carnalem
2910 4320 3114 4374 scilicet
3136 4313 3380 4387 censum)
3419 4313 3500 4383 (8)
3532 4325 3669 4365 tmn-

2071 4441 2225 4499 qnam
2241 4439 2316 4477 me
2338 4437 2355 4475 :
2382 4419 2595 4473 audietis
2613 4415 2691 4488 (9)
2709 4415 2876 4470 illum.
2900 4412 3077 4467 Omnis
3100 4420 3270 4465 autem
3296 4409 3381 4476 qui
3403 4407 3549 4461 illum
3574 4421 3675 4458 non

2073 4518 2322 4583 audierit,
2354 4511 2768 4570 exterminabitur
2797 4508 2975 4563 anima
3000 4507 3111 4578 ejus
3138 4504 3202 4559 de
3229 4501 3418 4575 populo
3445 4516 3557 4554 suo.
3587 4499 3677 4553 Sic

1598 4639 1982 4698 LECTIONES
2021 4631 2326 4695 VARIANT
2335 4629 2430 4684 ES.

447 4795 502 4862 2)
537 4795 619 4862 Sic
640 4799 689 4862 in
714 4796 817 4862 Rig.
831 4861 835 4862 ί
851 4800 1020 4862 Venet.

448 4856 493 4907 5'
543 4856 949 4911 Meritum'Seml.
990 4856 1187 4913 Oberth.

450 4864 507 5047 -ιξ
548 4921 653 4995 Qua
670 4929 785 4972 Jun.

450 4984 485 5033 5
545 4982 714 5036 Primo
736 4983 888 5037 Seml.

450 4984 485 5033 5

548 4921 653 4980 Qua
670 4929 785 4972 Jun.

454 4732 504 4859 ιζ
540 4732 834 4784 Diﬁ‘miendo
856 4731 923 4784 al.

454 4797 478 4844 2
537 4795 619 4859 Sic
640 4799 689 4846 in
714 4796 817 4859 Rig.
851 4800 923 4846 Vc

454 4734 504 4859 ιζ
540 4734 834 4808 Diﬁinieqdo
856 4747 888 4783 a

424 4734 507 5048 is,
537 4795 888 4911 aerata;

450 4920 482 4970 4
548 4921 653 4980 Qua
670 4929 785 4972 Jun.

450 4984 485 5033 5
545 4982 714 5036 Primo
736 4983 888 5037 Seml.

2249 4787 2367 4838 Erat
2390 4787 2533 4835 Pam.

2253 4851 2460 4900 Sensum
2486 4840 2652 4896 Paris.
2680 4842 2834 4893 Fran.

2256 4911 2527 4964 Audieritis
2544 4910 2686 4959 Pam.

2159 4793 2185 4841 7

2161 4856 2191 4903 8

2164 4916 2195 4965 9

1991 4740 2046 4800 Ι)
2157 4731 2187 4781 6
2246 4719 2547 4786 Repromisit
2571 4715 2766 4769 Obertlt.

2159 4793 2185 4841 7
2249 4787 2367 4838 Erat
2390 4787 2533 4835 Pam.
2598 4840 2610 4852 .

2161 4856 2191 4903 8
2253 4851 2460 4900 Sensum
2486 4848 2652 4896 Paris.
2680 4842 2766 4893 Frt

2164 4916 2195 4965 9
2256 4911 2527 4964 Audieritis
2544 4910 2686 4959 Pam.

1747 5085 2310 5149 COMMENTARIUS.

436 5207 593 5280 CAP.
627 5208 789 5265 XXII.
818 5239 889 5253 -——
913 5208 994 5280 (a)
1034 5207 1161 5264 Cum
1204 5207 1573 5280 principalibus
1608 5207 1734 5280 suis:
1757 5204 1976 5280 VaticJ

362 5295 469 5355 ms.
494 5277 1216 5355 cod.cunr:priueipibussuis.
1237 5277 1484 5355 Sedillud
1509 5279 1677 5355 magis
1695 5277 1977 5355 'ljertullia-

362 5354 553 5412 nicum
597 5363 653 5409 et
690 5350 1001 5408 Africanum
1034 5352 1228 5422 stylum
1273 5350 1500 5416 redolet,
1547 5350 1682 5422 quos
1726 5351 1795 5403 ita
1827 5357 1980 5403 vocat

364 5432 582 5491 auctor,
639 5422 781 5495 quod
811 5423 1025 5491 Moyses
1052 5421 1308 5495 etllelias
1340 5423 1591 5495 praecipui
1622 5421 1817 5476 fuerint
1846 5434 1974 5491 pro.

408 5493 670 5553 baiarum
693 5506 959 5558 veterum,
988 5494 1298 5564 jamdudum
1343 5503 1467 5548 ante
1511 5493 1654 5556 illos,
1699 5508 1833 5563 quos
1863 5507 1980 5545 ma-

410 5510 658 5553 nelarnm
693 5510 959 5558 veterum,
988 5552 994 5564 ι

364 5510 523 5643 rores
548 5582 822 5643 vocamus.
859 5566 994 5643 Patr.

486 5636 535 5717 ᾗ
552 5636 720 5723 Quam
740 5637 1061 5723 defendimus
1085 5638 1139 5691 in
1161 5652 1343 5719 caussa
1368 5649 1511 5717 nova}
1533 5634 1830 5723 ρνορίιριὶιξ.
1852 5650 1980 5716 gru-

772 5705 830 5779 id
870 5720 945 5764 est
985 5709 1258 5791 amentiam
1291 5707 1575 5788 convenire.
1635 5705 1749 5787 [Ioc
1791 5705 1982 5758 fecisse

605 5778 639 5836 li
683 5780 835 5837 rtsde
858 5778 1075 5843 Ecstast,
1095 5795 1320 5849 quorum
1346 5786 1587 5904 memiptt
1604 5776 1980 5847 Hieronymus.

1538 5865 1611 5904 lc.
1854 5886 1863 5904 ι

456 5925 536 5998 (e)
568 5921 642 5980 De
665 5940 769 5996 quo
804 5924 935 5981 inter
963 5938 1057 5979 nos
1095 5931 1141 5978 et
1177 5921 1438 5994 psyctu'cos
1476 5851 1688 5991 dictaeae
1713 5927 1805 5974 est.
1847 5886 1982 5988 I’sy-

158 6040 417 6169 hi.

2080 5203 2355 5259 chicorom
2396 5196 2483 5252 hic
2529 5194 2759 5265 primum
2786 5188 3026 5265 euntium
3071 5183 3209 5240 facta
3238 5188 3323 5237 est
3345 5178 3429 5265 ¹ιιι)
3454 5182 3678 5265 auctore

2083 5252 2335 5334 iti'e'ﬁtin';”
2364 5252 2542 5338 quare'
2592 5274 2737 5338 patet
2794 5262 2942 5338 initi_o
2988 5259 3258 5313 haereseos
3308 5252 3378 5307 ab
3452 5256 3673 5303 auctore

2083 5347 2226 5400 hunc
2256 5333 2445 5396 librum
2473 5333 2855 5402 emiseriptum.
2886 5333 3005 5404 Βία.
3137 5395 3180 5404 __
3225 5395 3258 5404 ,Α
3377 5391 3411 5404 η

2158 5389 2632 5484 ξλῖ)νρἶδῤ1ιέιᾶηι
2675 5389 2852 5484 inquit.
2876 5402 3106 5484 Μρρμεξἒ
3326 5389 3673 5484 aliter'lgtl‘trc

2083 5458 2792 5553 Scrijiltit-raiii"citatfqnain
2842 5458 3015 5553 hodie
3051 5466 3296 5553 ba‘betu'l"I
3325 5458 3672 5553 ξριξξιηξλξξὶ

2087 5530 2700 5623 sed.[potiussecunduin
2734 5543 2872 5615 quod
2896 5536 3201 5623 etwa/liet-
3228 5530 3678 5623 ὶῐξξξο

2475 5597 2848 5683 Vbis’idips'um
2878 5609 2994 5683 aliis
3021 5605 3501 5683 verbisrepetatnr
3533 5597 3676 5683 Dan:

2084 5668 2664 5759 ,"Ii'lt’lvllgqmiratu
2701 5668 2867 5759 'p:_'iori
2915 5681 3052 5759 loco
3489 5668 3677 5759 ἶ.

2087 5737 2269 5824 ἱίἱίίυῗ
2287 5737 2425 5817 ait}?
2442 5737 2720 5827 ’ἂιίὶιέιεουϊ
2742 5754 2901 5808 [τοιιό
2939 5757 3144 5827 essm“
3168 5737 3676 5827 ’δξίδείἾὶίέἎευοῘῖἔίἱ

2088 5817 2445 5905 "rmlerquam
2487 5817 2629 5899 quod
2663 5826 2733 5879 ibi
2781 5836 2909 5879 est:
2956 5817 3041 5871 tibi
3086 5827 3151 5866 ex
3211 5817 3494 5880 posteriori
3544 5819 3680 5864 vero

2086 5858 2205 5968 Foco
2227 5903 2523 5968 desumpsit
2547 5897 2700 5955 illud.
2729 5895 2867 5954 Pu.

2107 5895 2205 5969 eeo
2227 5895 2523 5975 desumpsit
2547 5897 2700 5955 illud.
2729 5895 2867 5954 Pu.
