4020 6286
166 5766 193 5817 ἱ

134 5836 195 5939 ,1

285 283 382 340 ιη
1355 277 1485 336 LIB.
1518 278 1587 335 ιγ
1628 271 1995 337 ADVERSUS
2033 276 2455 338 MAllCIUNEM.

3491 280 3599 341 418

287 399 358 453 ita
388 397 717 467 iujustitiam
750 395 1134 468 iucrepationis
1170 394 1503 463 retudisset,
1535 395 1579 451 si
1620 394 1741 465 ejus
1770 410 1889 450 eum
1919 397 1974 457 Α
1997 394 2051 449 in
2084 397 2190 469 igni
2219 397 2414 470 (inquit
2438 396 2744 470 Dominus),
2770 398 2859 453 sed
2883 398 2936 454 in
2957 396 3139 471 spiritu
3168 400 3299 455 miti.
3345 399 3415 454 At
3453 397 3600 454 enim

286 487 654 554 credidisset,
686 488 778 559 qui
812 486 1046 543 nondum
1084 485 1238 556 queri
1278 485 1596 541 debuisset?
1626 486 1726 541 nisi
1754 483 1894 555 quod

291 595 389 636 nec
415 580 513 636 ille
540 594 638 636 eos
666 579 947 645 insilisset,
973 579 1017 634 si
1046 594 1150 633 non
1181 578 1307 634 olim
1333 578 1474 647 apud
1504 577 1623 633 illos
1653 577 1704 631 in
1734 576 1895 647 Lege,

294 673 346 729 in
377 671 688 743 prophetis,
727 672 780 727 in
824 670 1108 726 virtutibus
1140 678 1196 726 et
1227 669 1503 725 beneficiis
1541 668 1857 724 deversatus
1880 709 1895 735 ,

291 763 598 822 incredulos
634 781 854 836 semper
893 764 1079 820 fuisset
1112 773 1385 833 expertus.
1427 762 1535 820 Sed
1574 777 1702 818 ecce
1742 761 1899 818 Chri-

290 869 408 915 stus
445 859 621 931 diligit
650 858 908 930 parvulos
931 898 945 922 ,
981 857 1115 912 tales
1145 871 1267 912 esse
1304 857 1506 912 docens
1546 855 1776 920 debere,
1808 854 1897 925 qui

294 967 513 1023 semper
562 950 801 1022 majores
853 948 1013 1005 velint
1061 963 1201 1004 esse.
1249 945 1475 1003 Creator
1514 956 1694 1002 autem
1742 960 1900 1001 ursos

292 1043 475 1114 pueris
501 1043 725 1098 immisit
750 1084 764 1108 ,
789 1041 1056 1098 ulciscens
1089 1041 1376 1095 lleliszeum
1405 1041 1703 1111 prOpheten
1725 1081 1737 1103 ,
1770 1053 1900 1094 cou-

289 1134 431 1191 vicia
476 1136 545 1190 ab
590 1134 670 1191 eis
715 1149 936 1206 passum
983 1132 1075 1206 (ιγ
1105 1133 1257 1204 ch.,
1293 1130 1383 1203 ll).
1433 1133 1577 1187 Satis
1620 1130 1901 1201 impudens

292 1227 604 1292 antithesis,
654 1241 780 1282 cum
828 1235 936 1280 tam
974 1224 1189 1280 diversa
1221 1224 1530 1291 committit,
1573 1224 1822 1293 parvulos
1847 1230 1904 1278 et

295 1335 539 1392 pueros:
583 1319 927 1374 innocentem
969 1315 1145 1372 adhuc
1190 1324 1439 1380 aetatem.
1489 1324 1542 1372 et
1576 1314 1763 1386 judicii
1790 1314 1899 1384 jam

293 1426 571 1485 capacem,
601 1425 724 1482 qua:
762 1407 1054 1464 enaviciari
1085 1414 1317 1477 poterat,
1350 1422 1415 1461 ue
1445 1404 1621 1461 dicam
1655 1404 1906 1475 blasphe-

292 1522 464 1563 mare.
499 1505 613 1574 Qua
648 1502 729 1575 (Ι)
768 1517 896 1573 ergo
935 1502 1115 1571 justus
1155 1499 1318 1565 Deus,
1363 1514 1462 1554 nec
1503 1498 1685 1569 pueris
1727 1499 1905 1568 impiis

294 1597 572 1672 pepercit,
616 1594 840 1665 exigens
884 1592 1075 1664 majori
1112 1592 1255 1646 :etati
1305 1591 1607 1655 honorem,
1640 1599 1694 1644 et
1722 1590 1907 1660 utique

295 1692 473 1763 magis
522 1706 552 1744 a
602 1688 833 1743 minore.
867 1684 983 1754 Qua
1029 1699 1157 1740 vero
1188 1683 1383 1750 bonus,
1416 1682 1554 1739 adeo
1580 1681 1755 1753 diligit
1784 1697 1904 1751 par-

2003 487 2430 544 humanissimus
2460 488 2622 550 Deus.
2653 504 2749 544 cur
2770 503 2981 544 recusat
3003 505 3149 558 eum,
3177 490 3266 560 qui
3298 507 3356 545 se
3385 499 3490 544 tant
3519 488 3603 543 in-

2001 580 2277 638 dividuum
2319 580 2391 636 illi
2419 582 2673 636 comitem
2706 580 2908 637 offert?
2959 581 3014 638 Si
3054 583 3177 652 quia
3220 582 3485 651 superbe,
3516 579 3606 636 vel

2002 690 2067 730 ex
2084 673 2367 747 hypocrisi
2393 672 2635 729 dixerat:
2663 674 2863 744 Sequar
2890 683 2937 728 te
2961 691 3275 746 quocumque
3304 674 3444 736 ieris;
3471 686 3603 745 ergo

2002 776 2094 822 aut
2133 767 2441 838 superbiam
2463 809 2477 833 ,
2510 774 2605 823 aut
2635 768 2941 840 hypocrisin
2969 769 3321 824 recusandam
3350 768 3603 839 judican-

2001 860 2094 924 do,
2126 859 2361 929 judicem
2388 861 2572 932 gessit.
2626 860 2695 914 Et
2720 862 2902 929 utique
2923 853 3219 928 damnavit,
3251 878 3412 933 quem
3446 876 3605 917 recu-

2004 952 2159 1017 savit,
2213 967 2317 1005 uon
2359 959 2773 1007 consecuturum
2807 952 2890 1024 (4)
2919 953 3131 1008 scilicet
3169 954 3418 1010 salutem.
3470 952 3607 1009 Nam

2004 1044 2144 1099 sicut
2168 1043 2235 1098 ad
2266 1043 2493 1099 salutem
2526 1052 2701 1111 vocat,
2731 1060 2890 1115 quem
2922 1061 3028 1099 non
3065 1056 3299 1115 recusat,
3333 1048 3415 1103 vel
3444 1047 3608 1103 etiam

2005 1152 2164 1207 quem
2207 1136 2350 1191 ultro
2391 1147 2581 1203 vocat;
2625 1136 2696 1191 ita
2726 1137 2778 1192 in
2807 1137 3167 1209 perditionem
3198 1140 3417 1194 damnat
3447 1155 3610 1210 quem

2007 1238 2222 1283 recusat
2253 1246 2266 1283 :
2305 1228 2383 1283 Illi
2409 1238 2589 1284 autent
2619 1239 2867 1285 caussato
2898 1230 3060 1299 patris
3086 1232 3414 1301 sepulturam
3440 1274 3453 1297 ,
3485 1247 3611 1289 cum

2008 1320 2293 1391 respondet
2339 1338 2352 1375 :
2390 1321 2550 1389 Sine,
2592 1322 2778 1376 mortui
2805 1323 3053 1392 sepeliant
3096 1336 3320 1380 mortuos
3363 1341 3516 1390 suos,
3558 1333 3616 1380 tu

2009 1423 2178 1468 autem
2204 1412 2352 1479 vade,
2387 1421 2435 1466 et
2460 1414 2712 1467 annuntio
2735 1430 2950 1484 regnum
2977 1412 3073 1468 Dei
3094 1431 3113 1479 ;
3138 1423 3417 1486 utramque
3442 1416 3617 1487 legem

2010 1507 2283 1562 Creatoris
2313 1505 2595 1562 manifeste
2623 1507 2963 1563 conlirmavit
2983 1548 2999 1573 ,
3040 1509 3187 1564 etde
3214 1509 3519 1566 sacerdotio
3557 1509 3617 1564 in

2012 1598 2252 1653 Levitieo
2306 1597 2682 1668 prohibentem
2738 1600 3047 1655 sacerdotes
3102 1602 3372 1671 supremis
3438 1601 3609 1658 etiam

2015 1699 2294 1762 parentum
2331 1687 2629 1746 interesse:
2675 1690 2846 1760 Super
2888 1707 3111 1757 onmem,
3168 1692 3339 1763 inquit
3384 1690 3615 1764 (Levit.,

295 1785 454 1841 vulos
482 1824 496 1850 ,
544 1790 602 1836 ut
649 1778 791 1851 apud
830 1778 1122 1850 Egyplum
1173 1774 1500 1831 bettcfcccril
1529 1774 1910 1829 OllSlell‘iC'IbllS
1939 1791 1986 1852 Β
2018 1780 2159 1848 XXI,
2187 1779 2264 1853 i),
2307 1781 2532 1835 animam
2564 1779 2857 1852 defunctam
2903 1782 3141 1836 sacerdos
3198 1799 3299 1837 non
3344 1783 3621 1848 introibit,

296 1874 712 1950 protegentibus
769 1881 953 1943 partus
1007 1869 1264 1925 Hebraeos
1310 1868 1682 1939 periclitantes
1732 1867 1910 1923 edicto

297 1968 617 2027 Pharaonis.
649 1966 726 2022 Ita
752 1976 807 2021 et
837 1964 952 2018 bare
975 1960 1244 2017 affectatio
1271 1960 1470 2016 Christi
1499 1975 1619 2016 cum
1649 1959 1913 2015 Creatore

297 2070 405 2118 est.
432 2058 550 2113 iam
581 2071 725 2112 nunc
754 2056 891 2110 Deus
918 2052 1206 2108 Marcionis
1227 2093 1240 2116 ,
1272 2053 1360 2122 qui
1389 2051 1717 2109 connubium
1750 2066 1909 2106 aver-

298 2165 454 2211 satur
484 2149 566 2224 (ἓ)
588 2192 603 2218 ,
647 2147 920 2222 quomodo
964 2145 1129 2201 videri
1158 2152 1339 2216 potest
1368 2144 1711 2216 parvulorum
1744 2144 1913 2200 dilec-

300 2255 409 2313 tor,
456 2242 538 2316 (a)
599 2256 828 2312 quarunt
877 2249 987 2294 tnta
1031 2252 1220 2293 caussa
1268 2236 1593 2293 conuubium
1640 2237 1763 2292 est?
1811 2237 1912 2305 Qui

303 2350 494 2393 semen
540 2333 693 2400 odit,
731 2330 963 2386 fructum
1008 2343 1222 2400 quoque
1251 2337 1532 2385 execretur
1557 2344 1780 2384 necesse
1806 2337 1911 2383 est.

302 2429 395 2486 Ne
422 2429 515 2483 ille
541 2425 735 2481 διθυνίον
758 2422 1037 2478 habendus
1063 2421 1317 2494 JEgyptio
1348 2436 1476 2491 rege
1502 2440 1514 2475 :
1547 2436 1669 2475 nam
1704 2420 1916 2475 Pharao

304 2520 521 2579 educari
543 2533 651 2574 non
681 2517 894 2574 sinebat
915 2515 1180 2579 infantes;
1212 2514 1314 2569 iste
1336 2529 1435 2568 uec
1460 2514 1629 2579 nasci,
1661 2512 1916 2569 auferens

244 2599 281 2657 ὀ
305 2615 475 2671 vitam
508 2612 619 2668 illis
663 2610 832 2666 etiam
877 2609 1061 2664 decem
1093 2605 1361 2661 mensium
1389 2606 1441 2660 iu
1472 2614 1641 2661 utero.
1675 2608 1745 2660 At
1771 2606 1913 2660 enim

306 2717 512 2780 quanto
541 2704 856 2763 credibilius
877 2745 894 2771 ,
920 2712 979 2757 ut
1006 2701 1124 2772 ejus
1150 2700 1440 2771 deputetur
1466 2697 1685 2755 ati‘ectio
1712 2700 1764 2753 iu
1796 2716 1918 2771 par-

306 2801 483 2866 vulos,
513 2798 603 2870 qui
631 2794 1003 2852 benedicendo
1034 2793 1363 2850 connubium
1396 2792 1447 2846 iu
1475 2791 1918 2863 propagationem

304 2892 528 2965 generis
554 2889 801 2955 humani,
837 2888 1009 2958 ipsum
1029 2901 1240 2957 quoque
1281 2884 1509 2941 fructum
1537 2884 1789 2939 connubii
1820 2885 1916 2941 be—

307 2981 616 3041 nedicendo
658 2980 935 3053 promisit,
963 2979 1054 3049 qui
1080 2978 1149 3033 de
1180 2976 1401 3033 infantia
1436 2977 1641 3048 primus
1674 2987 1776 3033 est.
1810 2978 1917 3033 Re-

309 3083 610 3151 praesentat
661 3072 887 3130 Creator
929 3073 1130 3143 ignium
1172 3071 1377 3143 plagam
1424 3069 1572 3126 Helia
1613 3072 1919 3142 postulante

2016 1884 2064 1931 et
2106 1890 2261 1946 super
2319 1882 2577 1943 parentem
2619 1872 2701 1946 (5)
2742 1890 2891 1929 suum
2932 1891 3034 1929 non
3060 1874 3507 1930 contaminabitur.
3551 1873 3625 1932 Et.

2015 1969 2085 2024 de
2126 1966 2412 2023 devotione
2453 1967 2504 2021 iu
2541 1966 2795 2023 Arithmis
2823 1966 3038 2041 (Num.,
3069 1968 3158 2036 Vl,
3191 1968 3227 2024 6
3260 1978 3315 2024 et
3339 1968 3433 2041 7);
3483 1984 3611 2025 nam

2017 2074 2073 2119 et
2095 2063 2225 2130 illic,
2255 2062 2346 2133 qui
2384 2077 2443 2117 se
2476 2062 2588 2118 Deo
2629 2062 2861 2126 voverit,
2914 2062 3055 2117 inter
3084 2073 3279 2117 caetera
3316 2062 3507 2134 jubet,
3552 2077 3625 2120 ne

2018 2170 2181 2225 super
2209 2155 2372 2209 ullam
2405 2155 2639 2208 animam
2685 2154 2922 2209 introeat
2961 2153 3269 2210 defunctam
3294 2195 3311 2221 ,
3357 2171 3426 2209 ne
3454 2169 3622 2226 super

2020 2248 2188 2319 patris
2217 2246 2459 2317 quidem,
2483 2256 2577 2301 aut
2607 2246 2817 2311 matris,
2846 2254 2943 2301 aut
2964 2245 3166 2301 fratris.
3197 2246 3334 2302 Puto
3358 2256 3538 2302 autem
3567 2254 3628 2303 et

1971 2364 1981 2373 ο
2019 2341 2293 2397 devotioni
2318 2350 2370 2395 et
2398 2338 2704 2395 sacerdotio
2732 2337 3055 2401 destinabat,
3086 2353 3246 2409 quem
3278 2337 3624 2409 przedicando

2021 2449 2190 2504 regno
2224 2431 2317 2487 Dei
2353 2431 2637 2487 imbuerat.
2674 2429 2778 2485 Aut
2802 2429 2847 2485 si
2883 2444 2991 2484 nott
3021 2429 3094 2484 ita
3120 2438 3241 2495 est,
3265 2430 3396 2485 satis
3429 2429 3627 2500 impius

2022 2521 2481 2595 prouuutiandus,
2517 2521 2605 2593 qui
2637 2522 2781 2576 nulla
2810 2521 3018 2575 ratione
3046 2520 3180 2591 legis
3225 2520 3620 2587 intercedente,

2020 2619 2327 2688 sepulturas
2359 2624 2639 2686 parentum
2668 2613 2873 2683 despici
2915 2628 2943 2665 a
2976 2612 3106 2668 ﬁliis
3135 2612 3456 2683 imperabat.
3486 2612 3625 2670 Cum

2022 2727 2154 2766 vero
2175 2721 2230 2766 et
2253 2710 2468 2765 tertium
2498 2707 2668 2773 illum,
2696 2706 2847 2776 prius
2862 2705 2975 2761 suis
2996 2704 3296 2761 valedicere
3321 2716 3626 2776 parantem,

2024 2801 2277 2873 prohibet
2320 2809 2465 2855 retro
2501 2806 2832 2868 reSpectarc,
2863 2805 3064 2850 sectam
3095 2795 3369 2852 Creatoris
3398 2795 3626 2867 exequi-
3652 2817 3698 2833 ~-

2024 2905 2131 2951 tur.
2173 2896 2285 2951 lloe
2329 2902 2381 2949 et
2413 2892 2503 2949 ille
2549 2891 2794 2947 uoluerat
2840 2889 3033 2945 fecisse
3075 2904 3213 2961 quos
3257 2905 3323 2944 ex
3372 2888 3629 2947 Sodomis

2023 2990 2300 3046 liberarat.

2592 3053 2823 3111 CAPUT
2865 3050 3056 3109 XXIV.

306 3149 362 3227 in
392 3170 491 3227 illo
522 3165 995 3241 pseudopropheta
1026 3164 1116 3237 (IV
1146 3164 1302 3235 Reg.,
1336 3162 1399 3236 l).
1450 3165 1702 3236 Agnosco
1726 3165 1921 3236 jutlicis
1948 3185 1993 3249 ρ
2091 3154 2284 3249 ριίιηξι
2304 3162 2354 3249 et
2375 3153 2503 3249 alios
2530 3149 3140 3249 sep‘luagittla‘aplostolos
3178 3167 3334 3249 super
3368 3151 3636 3209 duodecim

307 3264 700 3327 severitatem;
728 3274 762 3316 e
788 3258 1085 3325 contrario,
1113 3255 1314 3312 Christi
1342 3256 1613 3313 leuitatem
1645 3258 1925 3325 increpan-

310 3359 383 3414 tis
426 3355 514 3431 (3)
560 3354 808 3410 eamdem
836 3350 1359 3407 animadversionem
1394 3351 1723 3407 destinautes
1758 3352 1921 3407 disci-

308 3452 490 3523 pulos,
516 3464 681 3519 super
707 3448 857 3502 illum
882 3445 1117 3501 viculum
1143 3444 1553 3499 Samaritarum.
1580 3447 1849 3516 Agnoscat
1872 3454 1928 3501 et

308 3544 611 3603 hmreticus
635 3541 704 3597 ab
730 3540 925 3596 eodem
952 3538 1298 3593 severissime
1316 3536 1499 3607 judice
1519 3538 1758 3608 promitti
1790 3537 1928 3592 hanc

304 3636 521 3693 Christi
547 3633 851 3691 leuitatem.
883 3628 1004 3684 Non
1025 3629 1313 3697 contendet,
1336 3628 1506 3700 inquit
1525 3628 1651 3701 (ls.,
1673 3628 1922 3701 XLII,‘2).

306 3745 405 3784 nec
428 3743 533 3782 vox
561 3727 672 3794 eius
712 3725 766 3779 in
809 3722 982 3792 platea
1008 3720 1263 3776 audietur.
1297 3720 1612 3775 Arundinent
1634 3731 1924 3792 quassatam

307 3838 419 3878 non
450 3819 779 3885 comminuet,
804 3826 851 3870 et
878 3815 1041 3870 linunt
1068 3814 1328 3885 funtigans
1349 3831 1450 3870 non
1474 3816 1752 3886 extinguet.
1780 3815 1924 3870 Talis

219 3937 281 3961 ον
305 3914 507 3984 utique
545 3910 713 3965 multo
762 3908 934 3978 magis
972 3904 1221 3961 homines
1254 3915 1360 3961 non
1407 3917 1523 3962 erat
1565 3916 1920 3962 crematurus.

310 4005 396 4079 (ὁ)
418 4001 557 4061 Nam
588 4010 646 4059 el
677 4013 805 4057 tunc
830 3998 898 4055 ad
927 3996 1137 4054 Heliam
1173 3994 1277 4069 (ΙΙΙ
1307 3997 1462 4069 Reg.,
1490 3997 1635 4066 XIX,
1663 3997 1777 4070 12),
1802 3998 1923 4054 Non

2030 3249 2048 3320 (
2082 3246 2271 3303 an.X
2304 3244 2346 3318 ).
2375 3246 2492 3313 Quo
2542 3244 2685 3301 enim
2731 3243 3012 3298 duodecim
3065 3243 3360 3301 secundum
3411 3245 3636 3302 totidem

2029 3340 2206 3396 fontes
2238 3338 2288 3392 in
2321 3338 2480 3401 Elim,
2510 3336 2553 3389 si
2578 3351 2682 3390 non
2713 3346 2766 3390 et
2788 3333 3147 3403 septuaginta,
3172 3334 3468 3391 secundum
3507 3336 3633 3391 toti-

2030 3434 2156 3489 dem
2188 3431 2406 3487 arbusta
2438 3427 2778 3499 palmarmu?
2814 3425 3124 3481 Autithcses
3147 3424 3436 3495 plurimum
3466 3441 3629 3483 caus-

2032 3539 2211 3582 sarum
2231 3520 2517 3578 diversitas
2535 3518 2680 3583 fecit,
2701 3532 2807 3573 non
2834 3526 3180 3587 potestatum.
3206 3517 3313 3574 Sed
3337 3519 3426 3589 qui
3453 3519 3638 3577 diver-

2032 3619 2244 3674 sitatem
2264 3628 2577 3670 caussarum
2596 3628 2701 3666 non
2722 3609 2982 3681 respexit,
3002 3609 3159 3666 facile
3174 3626 3291 3667 eam
3314 3621 3638 3683 potestatem

2029 3708 2378 3767 existimavit.
2402 3705 2797 3761 Profectiouem
2832 3703 3061 3758 filiorum
3092 3702 3341 3768 lsraelis,
3371 3704 3637 3777 Creator,

2028 3805 2192 3859 etiam
2247 3800 2352 3855 illis
2403 3798 2590 3869 spoliis
2646 3812 2933 3853 aureorum
2978 3805 3030 3850 et
3080 3805 3456 3868 argenteorum
3505 3812 3637 3854 γης*

2026 3895 2292 3959 culorum,
2348 3901 2402 3946 et
2434 3891 2682 3954 vestium,
2735 3888 2803 3958 (c)
2840 3898 3035 3957 praeter
3082 3889 3335 3942 oneribus
3372 3902 3639 3959 conspar-

2027 3992 2238 4046 sionmu
2260 3987 2337 4058 (ά)
2361 3982 2723 4040 ofl'arciuatam
2742 3979 2928 4036 eduxit
2944 3977 3009 4034 de
3025 3975 3104 4051 (6)
3119 3977 3354 4051 Egyplo
3371 3997 3386 4035 :
3407 3980 3479 4051 (ε)
3494 3980 3641 4041 Chri-

1554 4135 1936 4195 LECTIONES
1972 4124 2389 4193 VARIAN'I‘ES.

410 4254 462 4321 ι)
506 4255 627 4321 Quia
654 4250 822 4307 Paris.
844 4263 999 4321 gron.

376 4257 462 4447 (ἐξ
499 4257 822 4369 ἓὲιέτξὲιῗῒ
837 4263 1138 4392 gifts...

402 4384 435 4433 5
502 4379 937 4445 Reprehendentts
956 4379 1066 4433 cod.
1100 4392 1138 4434 11

402 4379 460 4445 5)
502 4379 937 4445 Reprehendentis
956 4379 1066 4433 cod.
1100 4392 1281 4434 Wouw.

2093 4245 2167 4313 (i)
2202 4245 2506 4313 §ecuturum
2531 4233 2681 4313 Septl.

2202 4293 2400 4372 lintrem
2429 4293 2637 4372 .Oberth.

2094 4317 2146 4372 (ὃ
2204 4317 2400 4357 Patrem
2440 4317 2457 4353 t

2094 4317 2169 4440 (6i
2207 4370 2280 4421 Ex
2305 4362 2457 4419 Sctrtl.

1596 4480 1609 4498 ’
1682 4501 2246 4564 COMMENTARIUS.

399 4648 552 4707 CAP.
577 4646 923 4731 XXlll.—-(a)
943 4648 1171 4731 Quorum
1193 4657 1492 4731 totacattssn
1511 4606 1820 4699 connubiunt
1834 4654 1931 4731 est.
1960 4645 2015 4706 D

327 4720 519 4780 Totam
537 4736 779 4777 caussam
803 4717 999 4790 accipit
1038 4730 1226 4775 auctor
1255 4719 1647 4790 pruplerqque;
1680 4732 1803 4790 nam
1833 4717 1933 4770 tria

326 4795 474 4871 bona
487 4792 741 4849 connubii
757 4788 1035 4846 adnotavit
1049 4806 1153 4845 uon
1171 4788 1275 4871 uttq
1289 4791 1342 4844 in
1362 4789 1482 4845 loco
1500 4788 1560 4843 Β.
1578 4789 1932 4871 ῥμςιξδιὶηιρε,

326 4862 519 4931 ﬁdem,
561 4870 963 4919 sacramentum
986 4903 1003 4928 ,
1030 4872 1088 4917 et
1128 4859 1334 4933 prolem
1360 4901 1374 4923 .
1415 4875 1535 4933 cum
1578 4859 1790 4933 interim
1823 4860 1935 4928 ple-

328 4937 488 5007 rique
505 4929 631 4991 fere
672 4933 903 5007 prolium
934 4929 1556 5007 caussa'matrimonium
1586 4929 1928 4984 contrahant.

326 5002 466 5064 Nam
514 5002 708 5071 totum,
751 5006 924 5074 inquit
965 5003 1192 5068 Nonius,
1222 5002 1368 5074 quod
1396 5002 1515 5074 plus
1557 5009 1790 5074 putatur,
1823 5014 1928 5074 non

331 5094 435 5149 pro
472 5086 670 5133 cuncto
717 5071 911 5131 alicubi
954 5076 1127 5145 accipi
1176 5071 1372 5149 potest.
1397 5071 1481 5128 'ld
1524 5071 1929 5149 enimdiserbs

328 5143 516 5205 ierbis
554 5149 753 5202 indicat
797 5158 1013 5210 auctor,
1059 5143 1192 5201 cmu'
1231 5146 1393 5214 paulo
1434 5152 1553 5214 post
1619 5143 1925 5213 subjuugit:

332 5218 747 5292 Ipsitntquoqtte
775 5218 998 5292 fructum
1027 5217 1265 5292 contiubii
1301 5215 1640 5271 benedicendo
1661 5215 1927 5285 promisit,

331 5288 972 5363 gitijlcittfatttiuprimus
993 5297 1088 5363 est:
1116 5288 1252 5363 Eant.
1403 5359 1413 5363 _
1483 5358 1492 5363 _
1569 5360 1580 5363 _
1775 5356 1808 5363 η
1885 5334 1889 5338 .

408 5358 492 5435 (lt)
516 5355 753 5435 fNan_t_et
777 5355 1003 5435 'tun_c_ad
1033 5357 1239 5435 Heliam
1268 5375 1371 5435 npn
1397 5359 1450 5435 in
1477 5358 1601 5430 igni.
1631 5356 1842 5435 Alludit
1863 5355 1929 5410 ad

336 5426 619 5490 historiam
637 5429 799 5502 Elim,
828 5426 897 5485 Ill
920 5429 1075 5502 [leg.,
1106 5428 1252 5485 XIX.
1281 5429 1435 5498 Quod
1463 5426 1639 5502 autem
1668 5426 1929 5502 ait,‘Nam

334 5514 388 5561 et
418 5510 543 5560 tunc
577 5502 650 5559 ad
684 5500 880 5567 Eliam,
933 5498 1035 5556 hoc
1080 5511 1183 5564 est,
1236 5504 1399 5558 etiam
1440 5502 1492 5554 in
1522 5499 1699 5556 Veteri
1741 5498 1930 5554 Testa-

337 5584 522 5635 mento
552 5574 727 5633 Deum
752 5587 880 5629 esse
910 5574 1096 5628 mitem
1142 5582 1196 5627 et
1237 5570 1643 5627 misericordem
1671 5579 1726 5624 et
1753 5569 1934 5638 placa-

338 5644 521 5717 ιξίιωι.
540 5644 884 5717 Procopius:
904 5649 984 5717 ὅτι
1010 5648 1061 5717 δζ
1087 5646 1139 5698 οὗ
1169 5650 1262 5715 πῦρ
1284 5649 1383 5714 πῦρ
1416 5648 1441 5697 ὁ
1460 5658 1547 5703 τίς
1573 5648 1935 5717 uelocius-ﬂed”

338 5712 482 5783 illa:
514 5712 826 5785 ιιιῷιιυὴιι,
874 5716 957 5769 καὶ
1002 5715 1064 5769 δι’
1106 5712 1251 5771 ain-03
1290 5712 1458 5775 πένης
1500 5719 1667 5782 ἡμεῖς’
1701 5714 1943 5785 ἀλλ’-φῖ)ᾇᾶ

340 5782 693 5867 σῦῥίλιπὲλ,
736 5784 976 5860 διἀὖρᾶς
1015 5789 1063 5842 δδ
1112 5794 1294 5857 λέγει-ιι
1338 5791 1563 5877 «optigt
1592 5795 1782 5845 λεπτῆς.
1812 5782 1942 5841 Vide

98 5968 369 6137 τι

2041 4637 2255 4715 que-19'
2283 4633 2484 4715 lilia}?
2514 4630 2630 4715 Ρςιεε
2656 4631 2784 4715 ,Βιθτ

2112 4710 2267 4767 CAP.
2283 4701 2626 4775 XXIV.-—(c)
2648 4703 2840 4758 l’rwler
2851 4702 3084 4775 oneribus
3097 4705 3533 4775 consparsionum.
3550 4705 3645 4765 Sic

2040 4786 2232 4855 legitur
2255 4784 2305 4833 in
2329 4773 2846 4855 exemplarigltaque
2868 4773 2954 4829 hic
2976 4784 3158 4843 prcetcr
3177 4773 3559 4855 adverbiaseit,
3587 4785 3646 4855 et

2038 4846 2305 4926 signilicat
2334 4859 2600 4921 prwtcrea.
2624 4846 2799 4902 Oncra
2827 4855 3007 4926 autem
3039 4848 3487 4926 consiparsigumu
3508 4850 3644 4926 dicit

2037 4917 2223 4980 faiina:
2251 4917 2482 4977 massam
2498 4934 2647 4987 aqua:
2660 4917 3012 4986 couspargine
3041 4926 3299 4989 coactam.
3321 4918 3487 4974 Exodi
3521 4919 3640 4989 XII,

2034 4997 2136 5052 54:
2180 5002 2373 5050 ἀνέλαϐε
2402 4996 2452 5045 δὲ
2481 4997 2506 5044 ὁ
2531 4998 2641 5051 λεπρὸς
2664 4999 2719 5045 τὸ
2753 4993 2889 5050 σταῖς
2919 4992 3083 5043 mitra».
3117 4987 3444 5060 Hesychius:
3473 4987 3647 5058 Σϊοιῖςςι

2066 5074 2229 5139 ὑριμα
2256 5071 2455 5135 direpto
2481 5068 2652 5132 πυρςῦ.
2685 5060 3015 5139 Glossarium
3060 5068 3230 5139 vetus,
3263 5065 3416 5120 σταῖς.
3437 5063 3650 5139 adeps.

2061 5129 2186 5205 teni,
2214 5129 2428 5207 φύρκμέι,
2459 5129 2650 5197 massa,
2678 5129 3015 5207 conmercia,
3041 5130 3406 5207 sic_advcrsu‘s
3437 5129 3647 5207 Valen-

2035 5200 2286 5271 tiuiaitos,
2336 5200 2388 5260 in
2430 5203 2801 5269 conspersimus
2827 5202 3049 5255 alvearia
3080 5200 3427 5271 absconderit,
3469 5202 3637 5257 donec

2035 5292 2195 5336 totum
2262 5270 2704 5348 confct’tttettlclut'.
2742 5271 2953 5348 __Ver_si_o
3003 5270 3217 5340 vulgata
3270 5270 3637 5348 Epistularum

2032 5353 2181 5408 Pauli
2210 5350 2276 5404 ad
2305 5341 2548 5401 Corinth.
2578 5344 2618 5410 Ι,
2648 5343 2702 5409 5,
2737 5341 2805 5398 Ut
2832 5344 2941 5396 sitis
2962 5356 3091 5395 nova
3141 5348 3451 5410 conspersio,
3505 5342 3641 5397 sicut

2034 5424 2151 5478 estis
2176 5419 2360 5478 azumi.
2398 5417 2516 5470 R16.

2109 5494 2192 5563 (ά)
2217 5484 2606 5563 Olfarcinatnm.
2635 5484 2803 5563 E_xod.
2828 5490 2891 5541 τὰ.
2916 5488 3176 5553 ρυρᾶμιτα
3196 5485 3347 5539 αὐτῶν
3370 5484 3637 5548 bithys”:

2038 5573 2083 5621 ἓν
2101 5556 2198 5627 rei;
2231 5569 2438 5630 ἱματίοις
2458 5562 2628 5613 αὐτῶν.
2660 5556 2777 5612 “lc.
2874 5624 2885 5630 _
3084 5623 3110 5630 η
3176 5617 3189 5627 .

2222 5620 2465 5709 Christus
2491 5637 2660 5709 autem
2684 5630 2796 5680 'nec
2838 5624 3028 5695 virgam
3059 5620 3342 5709 discipulis.
3373 5630 3476 5701 etc.
3509 5620 3631 5709 Ιῐλιεο

2043 5691 2220 5779 gerem
2249 5719 2369 5759 cum
2402 5698 2657 5779 Pam-Elin,
2690 5714 2784 5779 nec
2806 5691 3002 5779 pertint;
3028 5694 3271 5779 congruit
3308 5693 3446 5747 enim
3472 5691 3633 5759 plane

2047 5762 2203 5835 lectio
2230 5775 2344 5833 hate
2367 5788 2485 5829 cum
2514 5762 2713 5842 Evaug.
2745 5762 2816 5824 Β(
2835 5765 3010 5823 Lucae.
3040 5763 3117 5820 Ls
3144 5762 3244 5819 Pa.
