4020 6286
409 188 519 255 419

1824 184 2282 248 TERTUILIANI

3611 191 3719 255 420

410 325 528 374 stus
568 325 746 374 autem
793 331 894 374 nec
928 311 1131 389 virgam
1171 308 1252 388 (l)
1289 309 1565 384 discipulis
1605 312 1657 366 in
1695 311 1836 367 viam
1876 311 2014 367 t'errc
2042 311 2310 378 Aditum,
2340 311 2418 367 sic
2458 325 2668 384 quoque
2706 309 3063 381 confirmavit,
3096 311 3221 370 dum
3270 312 3399 395 illud
3426 317 3576 390 jubet
3621 320 3721 379 ad-

411 412 764 483 praescripsit.
793 411 873 466 Illi
900 411 1042 465 enim
1076 409 1127 463 in
1157 400 1499 462 solitudinem
1530 404 2012 475 promovebantur;

412 502 470 559 bi
510 510 687 559 autem
732 502 784 557 iu
833 501 1076 557 civitates
1120 499 1486 555 mittebantur.
1519 490 1810 553 Considera
1858 511 2014 551 caus-

411 609 592 651 sarutn
622 592 977 658 offerentium,
1011 601 1065 647 et
1092 590 1359 661 intelliges
1388 604 1546 643 uuam
1570 597 1625 643 et
1650 587 1892 643 eamdem
1925 600 2019 657 po-

415 698 662 743 testatem
684 728 698 751 ,
730 702 849 757 qua:
889 684 1183 742 secundum
1214 683 1489 754 penuriam
1530 692 1585 737 et
1621 682 1828 752 copiam
1859 695 2016 749 expc-

412 781 671 837 ditiouem
725 795 945 836 suorum
999 778 1293 848 disposuit;
1349 775 1574 847 proinde
1627 790 1723 846 per
1773 774 2019 829 civitates

415 875 812 932 abuttdaturdm
872 859 1294 935 circumcidens,
1342 870 1481 925 sicut
1518 878 1571 924 et
1612 868 1873 939 cgituram
1926 883 2021 937 per

411 967 760 1023 solitudinem
783 972 1055 1021 struxerat
1081 962 1183 1033 (2).
1211 961 1294 1034 (a)
1325 962 1500 1017 Etiam
1532 962 1879 1017 calciamenta
1906 974 2023 1030 por-

342 1052 350 1059 ’
423 1071 540 1117 tare
565 1060 731 1117 vetuit
764 1058 903 1114 illos.
937 1058 1056 1128 Ipse
1083 1057 1226 1112 enim
1257 1065 1389 1122 erat,
1433 1055 1534 1111 sub
1563 1071 1668 1125 quo
1699 1070 1797 1110 nec
1837 1056 1888 1110 iu
1930 1069 2021 1110 so-

421 1154 650 1211 litudine
672 1168 767 1224 per
793 1160 874 1207 tot
894 1166 1064 1207 annos
1086 1150 1313 1222 populus
1333 1149 1680 1205 calciamenta
1710 1146 2020 1203 detriverat.

414 1244 709 1313 Neminem,
738 1244 933 1314 inquit,
961 1259 1050 1314 per
1070 1244 1205 1297 viam
1229 1242 1311 1313 (5)
1341 1241 1657 1296 salutaveris.
1687 1239 1732 1294 Ο
1754 1238 2022 1295 Christum

419 1340 813 1397 destructorem
844 1336 1254 1408 Prophetarum,
1286 1350 1314 1389 a
1342 1334 1535 1406 quibus
1563 1334 1665 1389 hoc
1693 1348 1904 1405 quoque
1928 1348 2022 1388 ac-

412 1432 590 1502 cepit!
625 1429 908 1495 Helismus,
948 1443 1068 1484 cum
1098 1427 1286 1483 Giezin
1331 1441 1556 1496 puerum
1587 1441 1742 1479 suum
1789 1424 2028 1479 mitteret

411 1524 469 1581 in
486 1526 624 1579 viam
648 1523 716 1579 ad
735 1523 898 1577 lilium
929 1519 1281 1577 Sunamitidis
1299 1518 1724 1573 rcsuscitandum
1745 1516 1812 1571 de
1829 1525 2023 1582 morte,

414 1626 566 1688 puto,
611 1617 689 1672 sic
735 1615 787 1673 ei
832 1614 1088 1685 prmeepit
1136 1609 1227 1684 (IV
1278 1612 1434 1683 Reg.,
1482 1606 1582 1676 IV,
1625 1609 1756 1679 29):
1810 1609 2029 1680 Accinge

2122 406 2359 461 nuntiari
2417 407 2896 498 appropinquasse.
2950 398 3108 478 (Quod
3162 409 3304 466 enim
3356 412 3513 487 longe
3564 414 3727 475 fuerit

2121 497 2427 568 aliquando,
2471 496 2521 552 id
2565 496 2740 569 potest
2769 499 2870 554 diei
2905 500 3387 575 appropinquasse.
3437 502 3492 558 Si
3541 516 3724 560 autem

2122 606 2416 662 numquam
2461 599 2608 646 retro
2651 591 2862 660 fuisset,
2897 601 3180 665 antequam
3211 586 3725 667 appropinquasset,

2124 696 2223 737 nec
2275 681 2379 737 dici
2428 684 2689 752 potuisset
2738 685 3216 755 appropinquasse,
3262 685 3404 757 quod
3436 704 3729 759 numquam

2122 774 2281 846 longe
2313 775 2520 832 fuisset.
2566 776 2736 833 Omne
2767 777 2907 855 quod
2938 793 3139 833 novum
3163 787 3219 834 et
3261 780 3590 863 incognitum
3622 790 3729 847 est,

2124 868 2359 942 ﬁlum
2390 878 2492 924 cst.
2541 868 2712 925 Omne
2739 870 2880 942 quod
2909 871 3141 927 subitum
3184 882 3286 939 est,
3338 888 3460 928 eum
3506 889 3724 929 annun-

2127 958 2305 1027 tiatur,
2339 968 2465 1017 tunc
2504 963 2733 1033 primum
2761 962 2997 1033 speciem
3025 963 3307 1034 inducens,
3342 975 3467 1020 tunc
3496 964 3732 1036 primum

2125 1053 2317 1123 accipit
2361 1062 2592 1123 tempus.
2622 1052 2913 1119 Caeterum,
2946 1071 3043 1111 nec
3082 1056 3475 1112 retrutardasse
3510 1058 3732 1129 poterit,

2126 1144 2380 1214 quamdiu
2421 1160 2525 1199 non
2555 1147 3007 1213 annuutiabatur;
3056 1164 3154 1204 nec
3184 1165 3250 1204 ex
3295 1166 3400 1220 quo
3425 1150 3735 1206 aunnntiari

2128 1237 2372 1309 cmperit,
2414 1240 2894 1311 appropinquassc.
2951 1241 3123 1297 Etiam
3166 1242 3349 1313 adjicit
3394 1241 3495 1315 (8),
3548 1254 3608 1299 ut
3654 1244 3735 1299 eis

2129 1330 2219 1400 qui
2273 1330 2396 1386 illos
2435 1347 2539 1386 non
2594 1331 2948 1402 recepissent,
2995 1333 3274 1390 dicereut:
3321 1334 3517 1391 Scitote
3564 1346 3737 1391 tamen

2130 1422 2568 1492 uppropinquasse
2596 1441 2807 1495 regnum
2836 1423 2954 1480 Dei.
2983 1425 3038 1482 Si
3085 1426 3187 1482 hoc
3216 1444 3322 1482 non
3351 1438 3405 1482 et
3433 1429 3735 1485 commina-

2134 1513 2296 1569 tionis
2336 1515 2506 1584 gratia
2552 1517 2788 1584 mandat,
2819 1518 3107 1597 vanissime
3135 1520 3373 1574 mandat.
3405 1520 3541 1589 Quid
3592 1523 3738 1576 enim

2132 1605 2200 1660 ad
2250 1605 2369 1661 illos
2412 1606 2454 1661 si
2506 1608 2957 1680 appropinquaret
3002 1625 3244 1680 regnum,
3297 1612 3399 1666 nisi
3446 1612 3566 1683 quia
3610 1628 3734 1667 cum

2106 933 2375 948 ὑ-υεα

415 1709 618 1765 lumbos
640 1718 776 1774 tuos,
798 1718 847 1762 et
872 1724 1013 1762 sume
1036 1706 1273 1761 bacillum
1296 1720 1462 1758 meum
1485 1703 1539 1757 in
1562 1719 1788 1770 manum,
1813 1711 1859 1756 et
1878 1701 2023 1757 vade:
2057 1715 2106 1775 Β
2129 1698 2333 1769 judicio
2363 1684 2792 1772 appropinquat}.l
2829 1703 2880 1757 in
2912 1703 3140 1759 salutem
3171 1705 3374 1761 scilicet
3400 1722 3606 1773 eorum,
3639 1708 3729 1777 qui

415 1820 779 1876 quemcumque
806 1802 1095 1858 conveneris
1127 1803 1180 1856 in
1205 1801 1306 1868 via,
1340 1817 1403 1855 ne
1430 1799 1747 1854 benedixeris
1776 1815 1926 1865 eum;
1970 1797 2023 1853 id

417 1908 522 1965 est,
569 1912 637 1951 ne
664 1894 1022 1951 salutaveris:
1053 1902 1100 1947 et
1138 1893 1223 1962 qui
1265 1901 1312 1946 te
1342 1890 1669 1957 benedixerit,
1699 1907 1760 1944 ne
1805 1907 2019 1961 respon-

419 1990 557 2044 deris
586 1989 653 2054 ci,
685 1989 739 2044 id
769 1997 849 2043 est
868 2031 883 2055 ,
922 2003 991 2043 ne
1018 1985 1412 2042 resalutaveris.
1443 1984 1575 2053 Qute
1604 1994 1687 2040 est
1714 1985 1855 2040 enim
1888 1983 2028 2038 inter

366 2101 394 2140 τ
417 2081 536 2137 vias
563 2081 889 2146 benedictio,
921 2080 1023 2134 nisi
1050 2094 1114 2135 ex
1144 2093 1370 2134 occursu
1400 2086 1581 2132 mutua
1622 2077 1910 2133 salutatio?
1939 2076 2029 2132 Sic

417 2186 474 2232 et
507 2175 781 2241 Dominus,
812 2173 868 2226 in
897 2188 1052 2243 quam
1094 2172 1383 2227 introissent
1410 2171 1637 2234 domum,
1669 2186 1845 2241 pacem
1873 2170 1917 2224 ei
1945 2169 2027 2223 di-

418 2282 533 2320 cere
575 2263 676 2335 (ιι),
722 2263 971 2333 exemplo
1009 2262 1199 2318 eodem
1232 2270 1333 2317 est.
1371 2260 1640 2316 Mandavit
1669 2261 1812 2317 enim
1843 2269 1896 2316 et
1928 2261 2029 2317 hoc

417 2357 705 2425 Helismus,
747 2371 869 2412 eum
911 2357 1185 2411 introisset
1226 2355 1293 2410 ad
1332 2354 1654 2419 Sunamitin,
1684 2354 1888 2410 diceret
1929 2354 1976 2409 ei
2010 2372 2025 2410 :

421 2447 542 2503 Patr
590 2449 698 2502 uiro
743 2457 849 2511 tuo,
891 2463 996 2518 pax
1039 2447 1147 2516 ﬁlio
1191 2457 1278 2501 tuo
1329 2445 1430 2518 (5).
1479 2446 1606 2501 Hmc
1652 2455 1809 2501 erunt
1848 2447 2027 2518 potius

421 2554 629 2597 nostra:
657 2541 976 2608 antitheses,
1004 2556 1124 2610 qua:
1145 2550 1478 2611 comparant,
1507 2556 1610 2596 non
1638 2557 1757 2612 qua:
1780 2553 2029 2613 separant

420 2636 715 2691 Christum.
740 2633 941 2705 Dignus
962 2644 1036 2689 est
1062 2632 1143 2706 (ϐ)
1167 2644 1344 2689 autem
1376 2636 1640 2704 operarius
1660 2635 1891 2690 mercede
1911 2653 2025 2704 sua,

421 2732 543 2801 quis
578 2730 747 2801 magis
792 2731 1151 2801 pronuntiarit
1184 2712 1347 2800 quam
1400 2730 1537 2784 Deus
1564 2729 1765 2799 judex?
1794 2731 1925 2798 Quia
1975 2741 2031 2787 et

420 2824 527 2880 hoc
556 2824 726 2894 ipsum
750 2823 992 2891 judicare
1018 2833 1120 2888 est,
1149 2822 1366 2894 dignum
1409 2821 1585 2878 facere
1616 2824 1865 2880 mercede
1895 2840 2028 2895 ope-

421 2917 643 2972 rarium.
676 2914 832 2970 Nulla
867 2914 1149 2971 retributio
1182 2932 1287 2971 non
1329 2931 1394 2970 ex
1420 2914 1750 2985 judicatione
1769 2919 2026 2974 constitit.

420 3008 540 3064 Jam
587 3022 731 3063 nunc
773 3017 828 3062 et
877 3007 964 3063 hic
1013 3008 1099 3063 lex
1148 3008 1491 3080 consignatur
1529 3009 1819 3078 Creatoris,
1867 3011 2027 3066 etiam

2131 1792 2594 1849 annuntiationem
2623 1794 2738 1864 ejus
2771 1796 3119 1868 recepissent.
3153 1795 3479 1866 Quomodo?
3508 1802 3551 1853 si
3592 1814 3744 1854 com-

2130 1888 2351 1943 minatio
2400 1901 2508 1942 non
2561 1895 2741 1958 potest
2790 1894 2907 1945 sine
2954 1892 3295 1957 execmione,
3349 1890 3518 1947 habes
3566 1892 3735 1948 Deum

2128 1989 2469 2036 executorem
2500 1978 2551 2032 iu
2579 1981 2986 2047 couuniuatorc,
3032 1991 3087 2037 et
3107 1981 3343 2052 judicem
3384 1983 3438 2037 in
3475 1987 3744 2055 utroque?

2128 2074 2218 2131 Sic
2261 2085 2316 2130 et
2360 2075 2631 2144 pulverem
2680 2072 2833 2142 jubet
2871 2074 3047 2130 excuti
3098 2075 3149 2130 iu
3197 2076 3336 2142 illos,
3385 2075 3437 2130 in
3482 2078 3740 2132 testitica-

2132 2165 2354 2232 tionem,
2408 2165 2483 2240 (ὁ)
2526 2179 2579 2224 et
2621 2167 2931 2222 lia-rentiam
2964 2165 3043 2239 (9)
3088 2177 3244 2223 terra:
3289 2182 3499 2238 eorum,
3540 2167 3737 2224 nedum

2130 2260 2631 2316 communicationis
2680 2259 2930 2331 reliqum.
2976 2258 3032 2314 Si
3078 2259 3223 2314 enim
3272 2258 3631 2315 inhumanitas
3685 2270 3741 2316 et

2131 2354 2525 2427 inhospitalitas
2572 2355 2768 2410 nullam
2800 2353 2868 2408 ab
2910 2369 2978 2410 eo
3009 2350 3258 2409 relatura:
3285 2363 3411 2409 sunt
3456 2354 3805 2424 ultionem,--

2131 2449 2217 2504 cui
2242 2448 2316 2504 rei
2338 2447 2613 2519 praemittit
2634 2446 3085 2515 testiiicationem,
3107 2446 3280 2500 minas
3304 2446 3486 2517 utique
3513 2456 3736 2517 porten-

2132 2540 2391 2598 dentem?
2418 2541 2608 2608 Porro,
2636 2555 2758 2595 eum
2806 2539 2963 2594 etiam
2987 2538 3211 2593 Creator
3235 2539 3287 2593 in
3320 2526 3740 2596 Deuteronomio

2133 2633 2335 2708 (Deut.,
2377 2632 2570 2699 XXIII,
2610 2630 2691 2705 5),
2727 2628 2802 2704 (ε)
2846 2631 3182 2686 Ammouitas
3226 2641 3281 2686 et
3308 2629 3564 2687 Moabitas
3608 2647 3737 2702 pro-

2133 2728 2313 2785 hibeat
2344 2727 2508 2799 recipi
2556 2726 2608 2781 in
2658 2725 2976 2790 Ecelesiam,
3018 2722 3160 2795 quod
3209 2724 3463 2795 populum
3506 2723 3740 2797 Egyplo

2133 2821 2427 2892 profectum
2469 2818 2762 2874 inhumane
2790 2824 2845 2871 et
2884 2815 3280 2887 inhospitaliter
3305 2816 3476 2886 copiis
3518 2815 3793 2872 defrau-"

2133 2915 2384 2971 dassent:
2452 2928 2582 2984 ergo
2653 2912 2706 2967 in
2769 2910 3041 2966 Christum
3110 2909 3235 2965 inde
3288 2923 3534 2967 manasse
3607 2924 3741 2966 con-

2133 3006 2295 3061 stabit
2318 3002 2399 3078 (d)
2449 3000 2957 3059 communicationis
3010 2999 3403 3064 interdictum;
3450 2999 3537 3054 ubi
3580 2998 3743 3056 habet

419 3100 588 3157 boves
616 3109 906 3171 operantes
926 3098 1117 3171 dignos
1140 3100 1417 3169 operarios
1446 3101 2022 3172 merccdejudicantis;
2054 3108 2099 3171 ρ
2135 3100 2395 3155 formam:
2439 3097 2539 3165 Qui
2579 3113 2665 3151 vos
2699 3095 2913 3167 spernit,
2954 3110 3033 3149 me
3078 3094 3288 3165 spernit.
3331 3092 3441 3149 lloc
3484 3102 3539 3150 et
3568 3092 3739 3166 Moysi

422 3190 571 3257 Bovi,
605 3191 776 3262 inquit
816 3190 1073 3265 (Deuter.,
1104 3189 1271 3258 XXV,
1303 3189 1382 3263 4),
1431 3194 1607 3247 terenti
1655 3210 1710 3247 os
1748 3211 1849 3250 non
1880 3196 2028 3251 colli-

423 3283 584 3357 gabis.
613 3282 747 3352 Quis
778 3292 883 3339 tam
928 3294 1192 3355 praestans
1222 3285 1273 3338 in
1304 3283 1570 3351 homines,
1604 3287 1705 3342 nisi
1748 3288 1836 3359 qui
1878 3300 1931 3344 et
1974 3292 2025 3345 iu

420 3376 690 3447 pecudes?
717 3377 872 3444 Quod
914 3376 961 3432 si
1002 3385 1056 3433 et
1085 3375 1331 3433 Christus
1373 3377 1564 3450 dignos
1609 3380 1858 3437 mercede
1903 3397 2029 3453 pro-

420 3471 635 3526 nuntiat
663 3470 979 3543 operarios,
1010 3473 1283 3527 excusavit
1329 3481 1654 3542 praeecptum
1701 3473 1831 3530 illud
1860 3475 2027 3533 Crea-

422 3564 576 3629 toris,
609 3560 677 3619 de
705 3563 845 3618 vasis
874 3563 1052 3619 aureis
1094 3572 1149 3618 ct
1183 3565 1452 3635 argenteis
1478 3562 1847 3636 Egyptiorum
1879 3568 2029 3625 aufe—

421 3654 625 3711 rendis.
692 3654 793 3722 Qui
847 3654 991 3710 enim
1042 3654 1198 3712 villas
1257 3665 1321 3711 et-
1367 3656 1525 3712 urbes
1563 3662 1767 3727 Operati
1816 3658 2029 3717 fuerant

424 3744 717 3819 Egyptiis,
764 3745 909 3819 digni
957 3746 1141 3816 utique
1193 3747 1425 3817 operarii
1476 3749 1758 3815 mercede,
1808 3766 1914 3807 non
1962 3753 2029 3809 ad

421 3832 668 3896 fraudem
718 3847 846 3895 sunt
888 3838 1133 3894 instructi
1187 3836 1291 3913 (7),
1324 3838 1418 3896 sed
1468 3839 1535 3895 ad
1574 3842 1838 3899 mercedis
1874 3860 2027 3902 com-

420 3934 824 4004 pensationem,
880 3948 1040 4005 quam
1085 3931 1220 3988 alias
1267 3947 1298 3987 a
1346 3932 1771 3992 dominatoribus
1813 3939 2027 4011 exigere

421 4042 532 4085 non
559 4035 821 4098 poterant.
847 4026 1090 4098 Regnum
1115 4025 1233 4096 Dei,
1257 4042 1430 4098 neque
1451 4043 1650 4085 novum
1674 4045 1849 4101 neque
1876 4033 2027 4089 inau-

2132 3196 2356 3252 Creator
2386 3190 2600 3265 (Nam,
2629 3188 2772 3256 XIV,
2801 3188 2896 3261 27)
2921 3207 2934 3243 :
2964 3186 3089 3243 Non
3120 3197 3166 3243 te
3190 3196 3616 3259 contempserunt,
3647 3186 3742 3242 sed

2133 3304 2230 3341 me.
2275 3285 2406 3340 Tam
2453 3285 2597 3340 enim
2625 3281 2901 3354 apostolus
2945 3279 3175 3352 Moyses,
3209 3295 3369 3351 quam
3417 3287 3470 3335 et
3494 3278 3739 3350 Apostoli

2132 3378 2430 3452 prophetae.
2462 3375 2749 3448 IEquanda
2777 3374 2881 3430 erit
2916 3372 3207 3429 auctoritas
3240 3372 3515 3442 utriusque
3542 3368 3735 3439 ofﬁcii,

2132 3480 2201 3536 ab
2241 3495 2347 3534 uno
2390 3478 2689 3549 eodemque
2729 3474 2948 3531 domino
2975 3472 3356 3547 Apostolorum
3401 3478 3455 3527 et
3498 3467 3740 3540 Prophe-

2136 3583 2329 3627 tarum.
2357 3570 2490 3638 Quis
2517 3583 2658 3624 nunc
2685 3567 2833 3624 dabit
2861 3574 3156 3641 potestatem
3195 3562 3432 3619 calcandi
3466 3577 3617 3633 super
3645 3577 3739 3616 co-

2135 3669 2306 3721 lubros
2358 3674 2405 3719 et
2471 3662 2742 3735 scorpios?
2793 3659 3057 3717 Utrumne
3124 3657 3363 3713 omnium
3425 3654 3741 3711 animalium

2137 3758 2413 3821 Dominus.
2448 3773 2517 3813 an
2548 3772 2646 3813 nec
2675 3755 2834 3812 unius
2865 3755 3083 3810 lacerta:
3117 3750 3232 3825 (l0)
3260 3751 3433 3807 Deus?
3463 3749 3570 3807 Sed
3600 3748 3745 3804 bene

2132 3851 2667 3926 quodCreatorhanc
2685 3856 3002 3921 potestatem
3028 3844 3264 3916 parvulis
3292 3842 3470 3914 pueris
3498 3839 3611 3915 (II)
3642 3854 3744 3912 per

2131 3945 2320 4002 Isaiam
2372 3943 2492 4019 (ιι,
2527 3941 2620 4009 XI,
2650 3940 2722 4014 8)
2752 3938 3083 4011 repromisit,
3125 3937 3394 4005 conjicere
3435 3949 3653 3990 manant
3684 3933 3747 3992 in
3822 4006 3833 4011 -

2132 4050 2418 4094 cavernam
2443 4034 2713 4105 aspidum,
2731 4043 2787 4089 et
2806 4032 2860 4087 in
2882 4029 3057 4088 cubile
3083 4038 3329 4085 natorum
3347 4026 3611 4099 aspidum,
3639 4040 3747 4084 nec

1638 4121 2019 4189 LECTIONES
2059 4126 2473 4190 VARIANTES.

512 4205 562 4403 ίξ
600 4210 776 4262 Peram
814 4209 967 4261 Fran.
2057 4226 2111 4290 υ
2201 4218 2277 4347 (7)
2319 4220 2752 4293 InstinctiPam...

512 4276 540 4325 2
595 4276 1017 4326 Strtuxeratnolut
1033 4271 1187 4325 Rhea.
2224 4285 2254 4333 8
2314 4282 2446 4332 Dic",
2467 4278 2553 4332 alu
2577 4296 2588 4307 ·
2629 4280 2752 4330 edICI

512 4340 540 4403 5
606 4336 662 4403 I9
688 4338 765 4403 νίει
790 4333 988 4403 οθενῖυῖ·
2200 4286 2275 4403 i9)
2313 4319 2679 4396 Adbwrcnt’iam
2719 4344 2752 4395 Ι

511 4218 561 4348 tl
595 4218 1168 4326 castra”...
2057 4226 2111 4290 υ
2201 4218 2277 4347 "’l
2319 4220 2752 4307 α’πεο
3608 4296 3615 4301 υ

511 4340 537 4348 _
607 4336 628 4348 ,
721 4338 731 4348 θ
796 4333 847 4348 Α,
923 4335 954 4348 Δ,
1172 4308 1187 4322 -
2201 4285 2254 4348 (8
2314 4278 2592 4348 Dtcttalu,
2629 4280 2777 4348 edicit
2798 4279 2866 4348 al.
2972 4339 3003 4348 __
3197 4340 3206 4348 _
3337 4347 3359 4348 ί
3532 4336 3545 4348 ⁸

511 4286 540 4325 2
595 4286 1017 4348 διτίίξκενθιηοεαι
1033 4286 1187 4325 ιυιθη·
2057 4286 2067 4290 '
2224 4286 2275 4347 8)
2314 4286 2446 4332 Dicit
2467 4286 2588 4343 alii;
2629 4286 2777 4330 edicit
2798 4286 2866 4329 αι.
3608 4296 3615 4301 ι

606 4336 765 4413 193"“
790 4333 988 4413 Obe’Iih'
2158 4410 2167 4413 _
2200 4286 2679 4413 i9)_Adhzerentiam
2719 4339 2889 4396 Paris.
2929 4339 3290 4394 adhonemiam
3318 4336 3745 4402 Frm.;horren-

511 4395 563 4489 ii
602 4400 858 4489 2.51%.;
882 4398 1111 4489 “iiii?”
1130 4395 1236 4449 ³⁸⁸·

2134 4395 2393 4489 ιὶεῂὶῌιιῃ.
2462 4464 2465 4467 λ
2499 4475 2511 4489 Δ
2675 4467 2684 4477 _

509 4465 563 4589 ἓξ
596 4458 1081 4578 ἕᾷ⁰ο⁴ἔῖἕέῖθιῗιξέῖῖέίι

2142 4458 2301 4599 "(10)
2343 4464 2560 4542 Lacerta:
2590 4467 2738 4519 omiu.
2765 4465 2915 4518 Seml.

2222 4534 2271 4584 lI
2338 4532 2569 4584 Puerults
2593 4528 2791 4583 Oberth.
2830 4589 2839 4598 .

1790 4615 2357 4677 COMMENTARIUS.

494 4702 573 4776 (a)
617 4701 790 4776 Etiam
817 4702 1153 4776 calciamenta
1183 4708 1388 4776 portare
1417 4704 1569 4776 uetuit
1604 4704 1741 4761 illos.
1791 4706 1906 4763 Non
1957 4711 2026 4765 ita

422 4771 768 4844 hse‘e'accipe,
799 4783 856 4828 ut
894 4771 1190 4843 discipulos
1217 4772 1354 4829 albis
1394 4771 1623 4844 pedibus
1652 4778 1902 4834 incedere
1929 4796 2026 4836 vo-

421 4846 584 4904 luerit
625 4845 868 4901 Christus
897 4845 1187 4912 Dominus;
1218 4844 1313 4899 sed
1358 4853 1562 4902 tantum
1603 4864 1672 4904 ne
1709 4848 1777 4906 de
1814 4851 2026 4907 calcea-

425 4917 623 4974 mentis
670 4917 783 4989 sibi
812 4916 1161 4989 providerent
1201 4916 1394 4986 quibus
1436 4920 1509 4973 uti
1561 4930 1798 4989 possent.
1831 4923 1920 4977 ubi
1964 4939 2027 4978 ea

418 5005 546 5063 qua:
580 4990 642 5063 in
693 4988 912 5063 pedibus
962 4987 1250 5063 habebant,
1278 4989 1471 5063 _attrita
1514 4987 1715 5046 essent.
1769 4992 1838 5050 Ut
1883 4996 2027 5050 enim

422 5058 549 5118 dum
580 5059 761 5134 Veteri
792 5058 1141 5134 Testamento
1167 5060 1293 5114 illud
1323 5073 1604 5134 congruat,
1635 5065 1724 5134 qui
1757 5064 2029 5122 Israelitas

425 5133 564 5190 adeo
607 5132 786 5188 salvos
827 5136 888 5186 et
931 5131 1227 5203 incolumes
1269 5146 1366 5200 per
1407 5148 1495 5186 an.
1524 5133 1613 5197 40,
1654 5131 1925 5203 praestitit,
1971 5146 2028 5192 ut

425 5220 603 5274 neque
646 5211 822 5258 vestes
871 5216 1045 5274 neque
1074 5202 1257 5274 _ralcei
1302 5202 1731 5272 conterercutur,
1782 5206 1923 5263 idem
1975 5209 2028 5261 in

427 5270 581 5332 Novo
606 5276 719 5347 suis
734 5270 986 5347 eamdem
1019 5272 1267 5347 ﬁduciam
1293 5282 1550 5344 prtustare
1580 5270 1777 5347 poterit
1800 5288 1854 5332 et
1878 5293 2032 5333 secu-

424 5346 664 5405 titatem.
697 5344 749 5399 Id
780 5345 922 5400 enim
950 5354 1232 5400 contextus
1258 5345 1370 5414 ipse
1396 5344 1596 5415 exigitf
1616 5348 1691 5401 LE
1719 5348 1815 5402 Ρη.

506 5417 584 5488 (h)
631 5415 695 5488 Et
737 5416 1033 5484 luet-entiam
1072 5425 1441 5488 terrmeormn.
1475 5417 1532 5471 lu
1563 5419 1854 5485 exemplari
1892 5421 2029 5474 scri-

428 5487 577 5553 bitur
605 5504 618 5540 :
650 5487 809 5558 Sicret
836 5487 1096 5554 pulverem
1115 5487 1263 5558 jubet
1302 5499 1350 5541 et
1370 5489 1533 5542 excuti
1556 5489 1612 5542 in
1637 5489 1756 5542 illos
1782 5491 1835 5542 in
1862 5491 2031 5557 testi/i-

429 5559 679 5613 cationem
709 5557 789 5621 ei;
818 5560 907 5610 her
933 5566 978 5611 et
1016 5557 1169 5611 etiam
1195 5568 1342 5612 terra:
1380 5574 1488 5613 cor.
1522 5558 1842 5614 Hieremiam
1872 5569 2029 5616 terrae

430 5626 886 5702 dixisse‘videtur,
930 5637 987 5702 ut
1028 5630 1326 5702 explicaret
1361 5630 1504 5701 quod
1548 5630 1785 5702 pulveris
1813 5631 2032 5689 nomine

433 5700 609 5771 Lucas
643 5698 869 5773 intelligi
895 5698 1154 5757 voluerat.
1197 5698 1316 5759 the.

2206 4711 2286 4782 (ο)
2315 4710 2628 4782 Ammanitae
2652 4720 2700 4765 et
2731 4708 2986 4782 Moabitas
3006 4704 3269 4782 prohibeat
3295 4705 3455 4775 recipi
3476 4702 3743 4782 in_Eccle-

2131 4776 2282 4837 siam:
2315 4780 2560 4836 Ecclesia:
2586 4781 2902 4837 vocabulum
2926 4776 3217 4849 Septimius
3233 4776 3611 4833 accommodat
3634 4777 3663 4833 ,Ι
3672 4795 3743 4835 ιι-

2132 4854 2301 4909 daicis
2332 4855 2683 4923 temporibus.
2718 4852 2837 4908 IIIo.

2208 4925 2290 4995 (d)
2319 4917 2800 4979 Communicationis
2826 4921 3170 4977 interdictum.
3202 4918 3291 4995 _Sic
3316 4917 3413 4995 lib.
3448 4919 3516 4995 de
3544 4918 3743 4995 Mono-

2132 4990 2306 5066 gami'a
2329 5013 2342 5047 ε
2374 4995 2483 5066 Sed
2513 4998 2656 5050 illam
2687 4996 2888 5065 quidem
2913 5010 2944 5046 η
2968 4990 3427 5066 communicatione
3450 4991 3740 5066 depellunt.

2137 5060 2256 5123 Illa.
2271 5096 2344 5108 -—
2355 5060 2839 5123 Communicaiionis
2867 5065 3210 5120 interdictum.
3228 5062 3303 5115 De
3318 5062 3617 5117 interdictis
3632 5060 3746 5120 uc-

2134 5138 2385 5210 clesiaeid
2408 5139 2657 5210 estplicari
2684 5146 2874 5210 potest.
2903 5136 3138 5210 Diligens
3158 5133 3357 5210 etenim
3382 5133 3742 5210 formularum

2134 5209 2425 5264 forensium
2473 5204 2790 5264 observator
2819 5218 2874 5263 et
2914 5204 3050 5278 juris
3091 5204 3455 5278 Tertulliauus
3481 5206 3531 5258 id
3563 5219 3745 5278 omm-

2133 5281 2263 5336 suit.
2316 5280 2466 5350 Apud
2506 5275 2930 5336 Jurccousultos'
2961 5276 3303 5350 interdictum
3352 5285 3435 5329 est
3474 5275 3617 5346 quod
3668 5278 3745 5332 ad

2135 5360 2342 5421 tempus
2368 5349 2413 5405 ’a
2456 5352 2638 5421 judice
2681 5350 2896 5413 dicitur,
2928 5349 3603 5421 etglossmt‘smtqiﬁmy
3654 5351 3741 5421 eos

2133 5415 2546 5492 οἱμφίσϐητοὺνῖτων
2585 5428 2693 5494 περὶ
2739 5438 2918 5490 νομῆες
2970 5415 3052 5475 sit;
3091 5415 3743 5494 iQIfBIZQiCIUIII_ECCieSI:B

2135 5486 2218 5547 est
2244 5495 2511 5562 separatio
2542 5510 2569 5547 a
2615 5486 2884 5548 communi
2906 5486 3069 5562 coetu
3101 5486 3366 5562 fidelium
3395 5488 3461 5562 ad
3496 5497 3740 5562 tempus,

2134 5556 2419 5631 donec'qui
2446 5570 2754 5628 ἀκοινώνητος
2780 5574 2865 5619 est
2909 5576 3004 5632 pro
3030 5556 3240 5615 delictis
3268 5556 3739 5632 satisfeceritQIuL

2139 5629 2454 5706 terdietum,
2509 5638 2660 5706 quasi
2708 5629 2924 5691 interimi
2963 5633 3198 5706 dictum,
3256 5637 3314 5706 u_t
3375 5629 3515 5702 apud
3549 5631 3739 5706 _'_l‘uII.

2138 5704 2235 5763 lib.
2265 5703 2353 5763 VII
2372 5698 2543 5781 Epist;
2573 5706 2737 5765 fatnil.
2762 5721 2849 5782 ep.
2871 5706 2974 5765 52:
3005 5698 3322 5767 υνὺαπὶεαεὲσ
3339 5698 3740 5791 ρώπειὶοϊῳιι,
