4020 6286
1392 176 1399 205 I

281 262 381 321 59.1

1399 260 1531 317 LIB.
1575 257 1639 319 tv
1679 252 2045 342 aovensus
2083 251 2508 320 nanctonsn.

3505 254 3614 327 49.2

288 382 516 437 omnino
544 377 696 437 laedi.
744 375 808 437 Et
851 373 1034 451 utique
1078 374 1278 434 scimus
1330 376 1517 449 (salva
1565 379 1907 449 siumlicitate
1934 380 1988 441 A
2014 377 2507 463 deliquissenterga
2526 381 2692 437 Deum
2718 379 2975 457 ignotum,
2999 389 3140 453 pone
3157 379 3377 455 tunc(3)
3402 392 3612 451 notum;

294 475 633 546 Scriptum;
671 490 793 530 nam
821 488 923 529 nec
947 484 1001 530 et
1032 472 1160 543 ipsae
1189 470 1375 528 bestias
1403 488 1598 531 nocere
1629 481 1905 544 peterunt,

298 568 386 624 ubi
418 569 559 623 ﬁdes
606 565 806 639 fuerit)
851 567 1072 638 ﬁgurate
1115 565 1359 636 scorpios
1387 577 1441 633 et
1486 566 1736 622 colubros
1780 582 1909 636 por-

301 660 443 716 tendi
475 658 740 730 spiritalia
768 659 1003 725 malitiae,
1033 672 1260 729 quorum
1285 657 1397 728 ipse
1422 672 1634 728 quoque
1662 655 1910 733 princeps

301 756 353 809 in
374 752 670 823 serpentis,
687 759 740 808 et
761 751 1029 817 draconis,
1052 758 1106 805 et
1126 750 1526 805 immanissima)
1549 747 1628 825 (I)
1654 750 1910 821 cujusque

306 848 491 904 bestia:
535 844 756 901 nomine
783 844 1069 915 deputetur
1109 857 1272 913 penes
1303 843 1633 910 Creatorem,
1665 842 1908 913 largitum

306 938 442 993 hanc
478 946 803 1012 potestatem
842 936 1009 1008 priori
1056 934 1274 992 Christo
1312 949 1438 1002 suo;
1486 935 1627 989 sicut
1672 950 1909 1006 nonage-

303 1032 470 1086 simus
495 1030 745 1085 Psalmus
769 1029 835 1084 ad
874 1044 998 1085 eum
1030 1027 1147 1104 (Ps.
1177 1028 1288 1096 XC,
1318 1026 1447 1099 t'é):
1482 1027 1653 1100 Super
1679 1028 1907 1100 aspidem

302 1135 348 1178 et
366 1125 657 1179 basiliscum
678 1122 900 1191 incedes,
925 1134 973 1179 et
991 1122 1313 1179 conculcabis
1336 1121 1529 1177 leonem
1546 1131 1594 1178 et
1615 1122 1909 1190 draconem;

301 1220 439 1275 sicut
467 1218 633 1274 etiam
666 1216 832 1273 Isaias
861 1216 986 1289 (Is.,
1030 1215 1239 1281 XXVII,
1266 1216 1352 1287 l):
1378 1215 1404 1270 l
1413 1216 1485 1271 lla
1507 1216 1589 1270 die
1612 1216 1912 1289 superducet

300 1308 555 1364 Dominus
585 1307 724 1364 Deus
761 1308 1066 1363 machaeram
1092 1317 1340 1377 sanctam,
1369 1325 1608 1381 magnam
1633 1319 1680 1363 et
1706 1313 1909 1381 fortem,

299 1400 572 1457 Christum
602 1400 811 1457 scilicet
841 1415 1022 1467 suum,
1064 1398 1119 1454 in
1160 1400 1434 1455 draconem
1460 1400 1607 1454 illum
1648 1401 1911 1455 colubrum

300 1511 541 1567 magnum
586 1503 633 1549 et
662 1503 964 1555 tortuosum,
995 1501 1042 1547 et
1080 1493 1349 1563 interﬁciat
1392 1510 1507 1548 eunt
1531 1493 1623 1547 illa
1656 1494 1757 1548 die.
1804 1493 1915 1571 Sed

298 1606 421 1646 cum
455 1587 596 1644 idem
631 1587 762 1661 (Is.,
791 1584 1015 1652 XXXV,
1046 1585 1102 1657 8)
1131 1604 1145 1643 :
1184 1584 1283 1640 Via
1309 1586 1501 1641 ntunda
1531 1594 1577 1641 et
1617 1588 1696 1641 via
1734 1597 1913 1642 sancta

297 1684 582 1749 vocabitur,
616 1693 663 1737 et
693 1698 794 1737 non
818 1680 1049 1737 transibit
1074 1678 1181 1734 illic
1204 1679 1543 1745 immundum,
1568 1696 1656 1735 nec
1683 1679 1774 1734 erit
1806 1680 1914 1735 illic

2016 486 2121 526 non
2174 482 2351 529 tamen
2402 474 2628 530 zelotem
2676 489 2799 529 eum
2852 476 3094 547 experiri
3138 475 3473 543 debuissent,
3522 477 3619 551 qui

2015 563 2292 621 dissimilis
2332 567 2604 645 Creatoris
2631 568 2921 635 inducitur.
2954 568 3117 641 Igitur
3144 570 3195 626 si-
3222 586 3321 629 nec
3358 572 3621 629 materias.

2017 657 2367 728 praemiserat,
2408 674 2438 714 a
2480 660 2673 730 quibus
2717 659 2916 731 aliquid
2946 661 3299 729 occultasset;
3346 678 3447 721 nec
3488 679 3615 721 reos

2016 746 2296 819 habuerat,
2328 765 2355 803 a
2385 751 2580 822 quibus
2617 753 2968 823 occultasset;
3000 768 3097 810 nec
3134 752 3397 815 debuerat
3422 756 3610 814 occul-

2017 851 2178 909 tasse,
2213 843 2374 899 etiam
2401 844 2446 898 si
2473 843 2785 913 habuisset;
2804 845 2915 916 jam
2944 861 3044 903 nec
3069 847 3333 904 revelator
3352 849 3468 919 ipse
3485 850 3610 914 erit.

2014 938 2105 1005 qui
2132 936 2475 994 absconditor
2505 952 2611 992 non
2638 939 2769 1011 fuit:
2811 938 2885 992 ita
2914 952 3015 993 nec
3043 937 3311 995 Dominus.
3328 940 3472 1006 caeli,
3514 956 3616 997 nec.

2016 1022 2175 1084 Paier
2210 1028 2446 1094 Christi;
2494 1029 2588 1084 sed
2619 1029 2729 1097 ille,
2782 1027 2835 1083 in
2864 1044 3023 1099 quem
3068 1039 3381 1101 competunt
3408 1031 3611 1089 omnia.

2014 1119 2146 1177 Nam
2188 1129 2243 1176 et
2284 1120 2563 1176 abscondit
2597 1122 2874 1193 prtemisso
2907 1120 3249 1178 obscuritatis
3288 1122 3615 1193 prophetica:

2016 1217 2396 1283 instrumento,
2420 1215 2572 1288 cujus
2600 1214 2928 1271 intellectum
2959 1214 3092 1271 ﬁdes
3121 1225 3452 1273 mereretur:
3496 1216 3617 1272 Nisi

2017 1312 2160 1367 enim
2208 1309 2331 1382 (Is.,
2380 1310 2496 1378 VII,
2546 1311 2600 1381 9)
2650 1312 2985 1376 credideritis,
3039 1327 3140 1366 non
3189 1310 3514 1383 intelligetis;
3561 1319 3617 1369 et:

2017 1418 2141 1482 reos
2180 1402 2368 1458 habuit
2399 1402 2577 1477 (Rom.
2611 1404 2653 1474 Ι)
2695 1404 2970 1473 sapientes
3013 1413 3175 1474 atque
3205 1404 3514 1473 prudentes,
3547 1420 3617 1460 ex

2017 1494 2183 1565 ipsius
2205 1495 2459 1564 operibus
2497 1504 2574 1549 tot
2599 1510 2663 1550 ac
2704 1495 2864 1549 tantis
2893 1494 3280 1565 intelligibiletn
3308 1495 3476 1551 Deum
3506 1511 3616 1551 non

2016 1588 2383 1660 requirentes,
2415 1590 2499 1645 vel
2545 1602 2825 1660 perperam
2871 1589 2925 1644 in
2970 1588 3118 1647 illum
3150 1588 3613 1661 philosophantes,

2016 1692 2072 1738 et
2101 1680 2310 1752 ingenia
2344 1680 2611 1741 haereticis
2654 1679 3152 1747 subministrantes;
3198 1690 3254 1735 et
3291 1681 3613 1749 novissime,

297 1779 379 1832 ria
408 1777 674 1832 immunda
697 1793 717 1831 :
756 1774 846 1846 qui
889 1784 1059 1830 autem
1102 1773 1317 1844 dispersi
1343 1781 1507 1836 erunt,
1536 1772 1719 1828 cadent
1752 1774 1805 1828 in
1832 1791 1909 1840 ea,
1944 1779 1995 1841 Β
2019 1775 2222 1831 zelotes
2247 1783 2349 1831 est.
2383 1775 2623 1845 Denique
2662 1774 2790 1830 olim
2823 1773 2927 1829 hoc
2955 1790 3049 1846 per
3095 1774 3285 1831 Isaiam
3325 1776 3615 1831 concione-

297 1880 344 1927 et
390 1887 495 1924 non
533 1868 808 1934 errabant;
839 1877 1016 1924 etnon
1054 1867 1148 1923 erit
1169 1870 1284 1938 jam
1313 1866 1420 1922 illic
1458 1866 1554 1933 leo,
1589 1884 1678 1922 nec
1707 1884 1769 1922 ea:
1804 1870 1912 1923 bes-

299 1965 383 2018 tiis
414 1963 646 2033 pessimis
676 1963 945 2034 quicquam
973 1959 1209 2017 ascendet
1246 1960 1300 2014 in
1335 1977 1468 2025 eam,
1505 1977 1596 2015 nec
1634 1961 1913 2016 invenietur

301 2055 432 2110 illic.
466 2055 603 2110 Cum
635 2054 721 2108 via
752 2052 912 2110 ﬁdem
941 2052 1292 2120 demonstret,
1323 2067 1418 2124 per
1446 2068 1604 2124 quam
1632 2053 1700 2108 ad
1743 2054 1910 2110 Deum

302 2151 702 2222 perveniemus,
745 2148 857 2219 jam
887 2156 1012 2204 tunc
1038 2146 1215 2204 eidem
1242 2147 1362 2215 vim,
1396 2147 1448 2202 id
1479 2156 1562 2203 est
1586 2144 1732 2215 ﬁdei,
1774 2148 1912 2204 hanc

298 2245 666 2316 erogationem
696 2242 781 2318 (9)
804 2252 859 2299 et
879 2242 1266 2314 subjectionem
1292 2242 1582 2298 bestiarum
1609 2242 1909 2312 pollicetur.

304 2335 543 2407 Denique
570 2345 625 2390 et
657 2346 900 2406 tempora
926 2334 1296 2406 promissionis
1322 2349 1619 2406 congruere
1647 2336 1910 2406 invenias,

305 2428 348 2481 si
379 2443 500 2499 qua:
527 2426 873 2493 antecedunt,
898 2425 1044 2497 legas
1073 2424 1196 2498 (Is.,
1222 2424 1442 2492 XXXV,
1473 2423 1526 2497 5)
1550 2444 1563 2480 :
1587 2424 1907 2494 Invalescite,

305 2533 487 2572 manus
516 2519 764 2584 dimissae,
796 2526 843 2572 et
867 2534 1032 2589 genua
1056 2515 1299 2572 resoluta.
1330 2514 1478 2571 Tunc
1508 2518 1751 2587 pate/ient
1779 2518 1913 2573 oculi

306 2627 582 2677 caecorum,
629 2618 677 2664 et
721 2625 874 2664 aures
917 2610 1186 2664 exaudiant
1237 2609 1531 2664 surdorutn.
1579 2607 1725 2663 Tunc
1767 2610 1913 2664 saliet

314 2703 536 2758 cunctus
566 2711 619 2757 ut
647 2717 846 2770 cervus,
885 2711 931 2756 et
958 2701 1101 2756 clara
1127 2702 1221 2755 erit
1250 2702 1424 2773 lingua
1449 2712 1722 2757 mutorum.
1753 2701 1914 2774 Igitur

313 2794 401 2850 ubi
433 2792 825 2849 medicinarum
854 2791 1023 2848 edidit
1053 2791 1329 2857 beneﬁcia,
1360 2801 1485 2848 tunc
1512 2802 1566 2850 et
1593 2793 1835 2865 scorpios
1860 2803 1914 2851 et

302 2895 588 2958 serpentes
623 2887 830 2941 sanctis
870 2883 982 2940 suis
1009 2876 1268 2953 subdidit,
1301 2885 1389 2942 ille
1422 2885 1632 2942 scilicet
1659 2886 1749 2958 qui
1778 2885 1917 2944 hanc

305 2990 652 3052 potestatem,
685 2989 745 3036 ut
789 2989 844 3038 et
868 2979 987 3036 aliis
1024 2990 1325 3052 prmstaret,
1373 2980 1518 3052 prior
1555 2992 1840 3054 acceperat
1882 2999 1913 3039 a

302 3076 487 3146 Patre,
517 3084 576 3134 et
611 3075 907 3132 secundum
944 3076 1187 3132 Ordinem
1221 3070 1616 3148 pra-dicationis
1651 3079 1925 3136 exhibuit.

888 3167 1117 3228 CAPUT
1154 3167 1323 3225 XXV.

298 3357 650 3414 ostenditur?
700 3355 907 3412 Gratias
948 3356 1115 3424 enim,
1171 3355 1363 3427 inquit,
1412 3373 1510 3430 ago
1559 3368 1606 3412 et
1649 3360 1910 3429 confiteor,

300 3449 530 3505 Domine
556 3449 693 3515 caeli,
720 3447 859 3519 quod
885 3464 944 3502 ea
969 3464 1085 3518 qua:
1113 3458 1255 3502 erant
1280 3449 1579 3504 abscondita
1607 3450 1917 3522 sapientibus

210 3552 221 3558 ‘
299 3553 347 3599 et
372 3544 733 3615 prudentibus,
761 3540 1058 3597 revelaveris
1085 3542 1329 3614 parvulis.
1344 3544 1475 3611 Quae
1502 3543 1636 3598 ista?
1661 3550 1716 3600 et
1739 3544 1917 3617 cujus?

305 3647 366 3695 et
411 3653 440 3692 a
471 3651 584 3708 quo
622 3635 968 3692 abscondita?
995 3644 1050 3692 et
1095 3651 1127 3691 a
1170 3650 1276 3711 quo
1320 3637 1594 3693 revelata?
1645 3636 1703 3693 Si
1745 3653 1776 3692 a
1808 3640 1919 3694 Deo

298 3730 602 3789 Marcionis
649 3729 963 3786 abscondita
1013 3738 1068 3786 et
1096 3729 1351 3797 revelata,
1386 3729 1478 3800 qui
1518 3730 1735 3786 omnino
1785 3731 1920 3787 nihil

301 3826 672 3901 praemiserat,
722 3825 776 3881 in
823 3841 930 3896 quo
983 3823 1181 3908 aliquid
1220 3822 1590 3907 absconditum
1635 3832 1779 3880 esset
1818 3840 1917 3903 po—

301 3923 524 3989 tuisset,
558 3936 667 3977 non
699 3919 1029 3993 pmphetias,
1056 3903 1170 3976 non
1198 3903 1500 3991 parabolas,
1530 3935 1635 3977 non
1662 3921 1925 3992 visiones,

302 4035 420 4077 non
450 4019 560 4075 ulla
590 4034 792 4083 rerum,
838 4027 932 4072 aut
958 4017 1270 4084 verborum,
1311 4026 1403 4071 aut
1445 4016 1718 4074 nominum
1758 4031 1918 4088 argu-

301 4119 523 4179 menta,
551 4126 648 4181 per
673 4109 960 4181 allegorias
988 4118 1043 4164 et
1074 4108 1289 4179 ﬁguras,
1325 4108 1409 4164 vel
1450 4110 1793 4180 mnigmatutn
1821 4124 1916 4166 ne-

303 4204 473 4262 bulas
516 4202 871 4269 obumbrata;
913 4200 1009 4257 sed
1041 4200 1210 4271 ipsam
1248 4199 1665 4271 magnitudinem
1709 4201 1792 4257 sui
1829 4201 1922 4257 ab-

305 4296 627 4361 sconderat,
649 4310 809 4371 quam
837 4309 958 4350 cum
980 4286 1212 4349 maxime
1227 4307 1325 4365 per
1342 4291 1610 4349 Christum
1632 4294 1920 4364 revolabat,

308 4389 452 4446 satis
502 4387 707 4459 inique.
764 4384 903 4454 Quid
968 4386 1111 4441 enim
1159 4384 1496 4456 deliquerant
1544 4387 1814 4459 sapientes
1869 4396 1924 4444 et

308 4479 636 4557 prudentes,
666 4486 727 4534 ut
756 4477 1180 4557 absconderetur
1206 4472 1310 4533 illis
1342 4477 1525 4534 Deus?
1551 4478 1620 4534 ad
1645 4494 1811 4554 quem.
1831 4496 1923 4537 co-

2018 1867 2193 1933 batur,
2226 1866 2370 1938 quod
2407 1866 2654 1923 Christus
2693 1868 2996 1936 gratulatur
3049 1867 3174 1941 (Is.,
3202 1867 3451 1934 XXXIX,
3480 1870 3570 1941 14)
3598 1887 3614 1925 :

2010 1958 2241 2021 Perdant
2267 1953 2573 2028 sapientiam
2598 1960 2924 2031 sapientium,
2958 1970 3005 2015 et
3034 1961 3359 2031 prudentiam
3384 1962 3616 2032 pruden-

2014 2052 2141 2106 tium
2169 2051 2360 2107 celabo.
2391 2052 2541 2109 Sicut
2575 2060 2630 2108 et
2658 2051 2785 2107 alibi
2827 2050 2950 2125 (Is.,
2982 2051 3143 2120 XLV,
3173 2051 3229 2125 5)
3259 2063 3364 2109 tam
3390 2053 3618 2110 abscon-

1962 2210 1965 2211 ν
2014 2144 2181 2212 disse,
2211 2161 2372 2217 quam
2418 2145 2710 2202 revelatum
2759 2160 2881 2201 esse
2917 2145 3217 2217 significat:
3253 2146 3319 2203 Et
3356 2146 3490 2202 dabo
3512 2147 3617 2202 illis

2016 2237 2282 2293 thesauros
2349 2238 2705 2306 absconditos,
2756 2236 3034 2294 invisibiles
3082 2239 3312 2309 aperiant
3364 2240 3488 2295 illis.
3550 2240 3620 2295 Et

2016 2347 2202 2389 rursus
2241 2330 2364 2403 (Is.,
2398 2331 2584 2398 XLIV,
2612 2330 2709 2401 20)
2749 2332 2916 2400 :Quis
2954 2332 3088 2387 alius
3115 2333 3334 2404 disjiciet
3364 2332 3444 2406 (a)
3468 2334 3618 2406 signa

2015 2424 2467 2493 uentriloquorunt,
2514 2435 2561 2480 et
2601 2426 2936 2481 divinationes
2961 2441 3023 2481 ea:
3073 2427 3261 2490 corde;
3303 2436 3534 2484 avertens
3560 2430 3619 2482 in

2016 2519 2295 2590 posteriora
2334 2519 2609 2587 sapientes,
2642 2527 2689 2572 et
2728 2518 3056 2589 cogitationes
3092 2534 3272 2573 eorum
3316 2518 3619 2589 infatuem?

2017 2609 2075 2672 Si
2108 2621 2287 2666 autem
2326 2621 2387 2683 et
2406 2609 2676 2666 Christum
2706 2625 2866 2673 suum,
2893 2610 3312 2667 illuminatorem
3342 2612 3618 2667 nationum

2017 2705 2316 2779 designavit
2339 2703 2466 2777 (Is.,
2488 2703 2650 2770 XLII,
2679 2704 2769 2776 6):
2799 2702 2983 2759 Posuit
3008 2714 3055 2760 te
3073 2706 3126 2759 in
3145 2704 3309 2760 lucem
3330 2707 3618 2772 nationum;

2018 2814 2152 2869 quas
2203 2798 2627 2869 interpretamur
2677 2798 2731 2853 in
2782 2798 3000 2853 nomine
3054 2798 3422 2867 parvulorum,
3454 2814 3620 2869 sensu

2018 2895 2222 2953 scilicet
2249 2904 2398 2949 retro
2441 2906 2651 2962 parvas,
2695 2902 2751 2948 et
2799 2891 3157 2961 imprudentia
3199 2890 3459 2958 infantes;
3502 2892 3619 2961 jam

2018 3002 2153 3042 vero
2181 2994 2237 3041 et
2261 2984 2559 3041 humilitate
2588 2984 2711 3040 ﬁdei
2740 2983 2999 3056 pusillas:
3041 2984 3249 3039 facilius
3288 2986 3471 3055 utique
3493 3000 3617 3040 crc-

2019 3079 2211 3137 demus
2229 3076 2476 3135 eumdem
2494 3078 2654 3135 etiam
2676 3076 2911 3148 parvulis
2928 3075 3197 3132 revelasse
3214 3091 3308 3145 per
3319 3076 3617 3145 Christum,

1940 3171 1987 3235 C
2019 3171 2109 3242 qui
2159 3178 2212 3225 et
2257 3177 2403 3225 retro
2446 3166 2814 3233 absconderit,
2843 3175 2899 3221 et
2950 3181 3044 3237 per
3088 3166 3364 3222 Christum
3412 3168 3667 3232 revela-5

375 3264 511 3334 Quis
529 3264 791 3321 Dominus
809 3264 932 3335 caeli
954 3262 1309 3333 invocabitur,
1329 3264 1418 3335 qui
1442 3280 1547 3321 non
1571 3265 1720 3338 prius
1745 3265 1916 3323 factor
2018 3279 2047 3318 a
2079 3263 2338 3319 Creatore
2376 3259 2688 3321 abscondita
2727 3257 3104 3329 retroluerant,
3161 3258 3439 3328 patefecit;
3488 3275 3621 3331 ergo
3663 3258 3690 3344 ‘r
3730 3248 3733 3251 ’

2016 3356 2126 3427 jam
2150 3355 2389 3427 creatori
2414 3351 2681 3425 negotium
2700 3351 2887 3423 gessit,
2910 3366 2998 3407 res
3018 3352 3135 3422 ejus
3158 3352 3483 3409 edisserens.
3512 3353 3621 3411 Sed

2020 3452 2074 3511 in
2104 3449 2543 3514 destructionem,
2568 3446 2763 3517 inquis,
2803 3447 2879 3505 uti
2914 3447 3214 3503 traduceret
3237 3463 3328 3504 eas
3353 3469 3368 3504 :
3396 3464 3524 3519 ergo
3550 3448 3623 3506 i1-

2020 3546 2085 3607 lis
2131 3543 2434 3613 traduxisse
2476 3543 2753 3609 debuerat,
2787 3542 2980 3612 quibus
3006 3543 3231 3601 Creator
3260 3544 3616 3614 abscondidit,
3682 3542 3691 3614 ς

3676 3350 3698 3567 l

2023 3638 2223 3694 tionem
2251 3636 2641 3707 repromiserit.
2670 3633 2780 3691 Aut
2803 3634 2850 3690 si
2881 3635 3021 3691 Deus
3052 3634 3354 3701 Marcionis,
3395 3653 3458 3693 ea
3501 3652 3627 3708 quae
3650 3611 3690 3671 δ”

2022 3730 2358 3801 sapientibus
2424 3738 2481 3783 et
2548 3726 2931 3798 prudentibus.
2974 3727 3033 3785 Si
3095 3728 3239 3787 enim
3296 3729 3625 3801 benignitate

2023 3823 2282 3888 faciebat,
2332 3822 2440 3878 illis
2480 3829 2596 3878 erat
2638 3823 2842 3894 agnitio
2885 3821 3208 3893 praestanda,
3255 3823 3448 3894 quibus
3504 3826 3623 3879 fuc~

2025 3926 2109 3983 rat
2178 3926 2396 3987 negata;
2455 3930 2560 3971 non
2620 3913 2890 3984 parvulis,
2939 3914 3132 3985 quibus
3205 3914 3336 3970 nihil
3396 3916 3629 3974 Creator

2026 4009 2308 4065 inviderat.
2360 4007 2425 4063 Et
2456 4018 2635 4064 tamen
2666 4021 2836 4077 usque
2880 4006 3078 4073 adhuc,
3128 4016 3278 4079 puto,
3332 4009 3627 4079 probamus

2025 4102 2416 4159 extructionem
2444 4100 2626 4171 potius
2653 4098 2810 4170 chis
2852 4108 2909 4155 et
2952 4098 3349 4169 PrOphetarum
3396 4102 3628 4159 inveniri

2026 4196 2079 4252 in
2137 4194 2352 4251 Christo
2376 4237 2391 4262 ,
2456 4209 2615 4266 quam
2669 4192 3115 4250 deSIructiouem.
3161 4192 3236 4265 (lt)
3292 4192 3481 4250 Omnia
3531 4196 3631 4251 sibi

2028 4289 2216 4345 tradita
2282 4287 2412 4343 dicit
2483 4303 2516 4342 a
2584 4285 2765 4341 Patre.
2826 4286 3027 4343 Credas
3092 4287 3139 4343 si
3206 4287 3478 4345 Creatoris
3542 4298 3633 4346 est

2026 4385 2291 4448 Christus,
2329 4380 2480 4453 cujus
2525 4381 2741 4447 omnia;
2772 4380 2865 4451 qui
2905 4395 3011 4436 non
3060 4381 3253 4435 minori
3302 4396 3364 4437 se
3409 4381 3632 4438 tradidit

2027 4478 2210 4535 omnia
2236 4477 2372 4533 Filio
2401 4480 2644 4541 Creator,
2676 4490 2797 4545 quae
2821 4486 2915 4539 per
2942 4488 3065 4529 eum
3092 4472 3355 4543 condidit,
3390 4490 3485 4546 per
3510 4490 3629 4531 ser.

314 4554 690 4647 gnoscendum
718 4585 826 4627 non
852 4566 1139 4647 suffecerat
1163 4554 1424 4641 sapientia
1452 4581 1611 4643 atquc
1638 4573 1918 4643 prudentia
1942 4570 1999 4634 D
2025 4586 2242 4630 nionem
2290 4584 2447 4629 suum
2494 4568 2723 4627 scilicet.
2765 4567 3055 4634 Caeterum,
3106 4566 3153 4621 si
3201 4567 3632 4638 eperchomenos

316 4665 560 4732 illorum,
602 4664 748 4721 nulla
777 4661 862 4719 via
890 4660 1012 4719 data
1056 4646 1133 4743 ab!
1154 4662 1271 4745 ipso
1296 4679 1391 4735 per
1429 4663 1661 4736 aliquam
1695 4680 1921 4736 operum

316 4757 793 4834 medicationem;
809 4755 895 4811 vel
923 4755 1167 4839 vestigia,
1200 4771 1295 4827 per
1321 4771 1442 4826 quae
1465 4757 1737 4835 sapientes
1763 4770 1924 4830 atque

317 4844 619 4939 prudentes
656 4847 1074 4907 deducerentur.
1131 4849 1445 4931 Quanquam
1476 4851 1617 4923 etsi
1658 4851 1713 4907 in
1745 4851 1923 4923 aliquo

2028 4668 2333 4739 ὶπερχόμενος
2390 4661 2500 4731 ille,
2547 4676 2670 4733 quae
2718 4668 2843 4717 sunt
2884 4658 3064 4716 omnia
3113 4675 3232 4731 qua:
3276 4661 3353 4716 illi
3400 4676 3429 4716 a
3472 4662 3632 4719 Patre

2025 4768 2153 4816 sunt
2193 4756 2425 4813 tradita?
2453 4772 2575 4828 quae.
2621 4762 2746 4811 sunt
2789 4752 3095 4810 Creatoris?
3139 4753 3284 4825 Ergo
3323 4754 3464 4811 bona
3507 4763 3635 4811 sunt

2026 4868 2147 4924 qu:e
2196 4851 2354 4908 Pater
2412 4848 2549 4906 Filio
2598 4846 2847 4914 tradidit;
2894 4856 2950 4904 et
2995 4847 3168 4904 bonus
3208 4845 3321 4918 jam
3380 4845 3630 4918 Greater,

1556 4944 1937 5012 LECTIONES
1977 4945 2387 5013 VABIANTES.

408 5034 462 5088 Il
498 5034 909 5087 Eminentissimaa
933 5034 1074 5085 Pam.

408 5035 430 5088 1
498 5035 909 5087 Eminentissimaa
933 5035 1074 5085 Pam.

316 5100 327 5125 τ
385 5035 465 5165 l2)
500 5097 886 5150 Evacuationetn
906 5098 1050 5148 Pam.
1078 5099 1413 5149 evocationem
1436 5096 1600 5156 Paris.

2094 5043 2168 5108 ('5)
2204 5038 2347 5090 Nunc
2367 5031 2520 5089 Seml.

1679 5184 2240 5245 COMMENTARIUS.

326 5273 544 5341 mtabo,
592 5272 852 5345 quibusvis
888 5271 1166 5327 interdictis
1212 5271 1566 5345 defendamus.
1595 5274 1927 5335 Jttstinianus

328 5354 513 5419 tamen
561 5344 728 5419 Aug:
760 5344 964 5400 dictum
1011 5357 1134 5400 esse
1181 5344 1322 5411 vult,
1391 5347 1543 5419 quasi
1606 5347 1739 5403 inter
1797 5352 1928 5407 duos

330 5416 549 5487 diem.
574 5414 673 5487 .Ls'
696 5415 794 5487 PI!-

398 5486 559 5546 CAP.
571 5482 817 5542 XXV;—
825 5482 902 5557 (θ)
919 5485 1081 5557 Signa
1092 5487 1731 5557 iuentriloquorumNertit
1743 5501 1930 5547 auctor

326 5556 1025 5634 «mg-ﬂwpqmw,
1054 5556 1213 5628 idque
1241 5556 1350 5634 non
1370 5559 1455 5634 hic
1489 5560 1668 5634 modo,
1687 5562 1784 5617 sed
1811 5564 1931 5619 ubi-

599 5629 697 5705 _
718 5628 1078 5705 Hiergttyntus
1122 5630 1280 5705 vertit
1306 5628 1599 5705 Pytltones,
1627 5633 1698 5687 ita
1721 5634 1927 5700 dictos,

735 5708 793 5761 at
818 5692 1019 5755 .lu'ébii
1044 5699 1232 5780 logica,
1259 5692 1405 5770 quod
1423 5692 1686 5772 ﬁngerent
1708 5719 1769 5759 se
1794 5692 1933 5759 Deos

577 5774 637 5834 in
664 5779 860 5831 ventre
903 5778 1060 5844 atque
1092 5768 1215 5830 ideo
1238 5785 1307 5831 ex
1348 5782 1536 5831 ventre
1559 5773 1929 5845 loquerentur,

577 5774 637 5834 in
664 5768 860 5831 ventre
903 5778 1060 5844 atque
1092 5768 1215 5830 ideo
1238 5768 1307 5831 eis
1348 5768 1536 5831 ventre
1559 5773 1929 5851 loquerentur,

2033 5295 2139 5349 quo
2164 5277 2220 5332 ﬁt
2253 5286 2311 5331 ut
2336 5271 2589 5328 mulieres
2616 5269 2921 5343 pythonieae
2945 5270 3337 5342 frequentiores
3355 5270 3485 5329 viris
3513 5273 3635 5332 fue-

2036 5353 2159 5406 rint.
2194 5350 2328 5403 PAII.

2109 5420 2187 5493 (ιι)
2219 5418 2410 5493 Omnia
2436 5414 2750 5493 sibi-tradita
2778 5412 2900 5493 dicit
2945 5428 2977 5464 a
3004 5411 3411 5493 Ριιίοέηρεξιγζίι⁸
3434 5414 3633 5493 iterum

2033 5492 2087 5547 in
2116 5481 2295 5546 verbis
2324 5486 2667 5555 evangelicis.
2707 5483 2873 5555 Atqui
2891 5492 3074 5535 contra
3125 5483 3338 5555 arianos
3384 5481 3551 5555 facit,
3575 5497 3632 5542 et;

2035 5561 2292 5632 quosdam
2338 5550 2719 5632 arianizantes
2754 5550 3072 5632 tradier-inps,
3125 5550 3484 5632 quodmaddit
3520 5550 3631 5610 hic

2034 5619 2241 5698 auctor,
2263 5629 2507 5701 quianon
2538 5626 2719 5701 minori
2738 5640 2794 5701 se
2814 5621 3025 5701 tradidit
3045 5619 3217 5701 omnia
3233 5619 3375 5674 Filio
3393 5620 3625 5701 Crantor.

2035 5690 2240 5760 Eodem
2275 5690 2449 5756 'modo
2524 5698 2685 5752 etiam
2738 5697 2895 5751 iStum
2958 5693 3131 5748 locum
3203 5690 3628 5761 interpretantur

2035 5774 2142 5847 BB.
2172 5773 2404 5834 Hilarius
2429 5778 2483 5831 et
2507 5769 2835 5845 Augustinus
2858 5763 3071 5822 alicubi.
3104 5763 3240 5823 Ptin.
