4020 6286
352 231 461 299 425

1759 226 2225 291 τειιτυιιιΑΝι

3554 219 3714 297 tet

344 361 507 432 cujus
554 359 733 417 omnia
786 357 925 415 bona
982 363 1139 423 sunt;
1187 365 1243 412 et
1287 349 1378 411 ille
1417 350 1530 424 jam
1581 365 1688 408 non
1738 349 1944 415 bonus,
1974 350 2249 412 Amerito
2273 349 2474 410 vidisse
2501 367 2606 410 non
2640 361 2921 425 poterant,
2954 351 3000 410 si
3031 368 3137 409 non
3183 361 3341 410 erant
3378 354 3659 410 consecuti

340 452 431 524 qui
457 451 511 508 in
536 451 707 507 aliena
735 449 872 505 bona
901 447 1131 515 invasit,
1176 454 1237 503 ut
1271 444 1409 503 Filio
1446 443 1717 510 traderet,
1747 442 1950 498 docens

340 542 519 599 alieno
538 542 828 598 abstinere.
857 539 1018 598 Certe
1045 537 1481 596 mendicissimus
1499 577 1515 603 ,
1537 535 1628 608 qui
1654 549 1754 592 nec
1780 533 1948 590 lilium

343 632 486 691 unde
512 633 709 690 ditaret
730 631 956 699 habuit,
998 631 1101 687 nisi
1129 631 1198 688 de
1226 630 1428 687 alieno.
1457 631 1566 685 Aut
1608 627 1655 685 si
1699 626 1836 682 nihil
1883 624 1954 681 de

343 725 616 785 Creatoris
646 726 898 783 traditum
922 735 1003 783 est
1033 724 1083 780 ei
1107 740 1140 781 a
1168 725 1326 780 Patre
1344 764 1360 790 ,
1394 732 1449 780 et
1476 720 1749 793 quomodo
1776 717 1954 774 homi-

343 836 471 877 nem
509 821 785 877 Creatoris
826 819 926 876 sibi
965 817 1241 874 viudicat?
1281 818 1386 873 Aut
1427 815 1474 872 si
1515 815 1662 871 solus
1703 813 1865 870 homo
1904 810 1956 868 ei

344 914 573 971 traditus
600 923 722 980 est;
756 911 935 968 omnia
970 910 1131 966 homo
1162 926 1269 966 non
1314 919 1418 967 est.
1456 908 1735 979 Scriptura
1774 915 1955 960 autem

346 1006 585 1062 omnium
606 1004 768 1060 edicit
794 1001 1135 1058 traditionem
1164 1001 1300 1058 Filio
1319 1000 1539 1057 factam.
1565 997 1682 1055 Sed
1708 996 1810 1055 etsi
1841 1012 1955 1050 out-

347 1098 435 1152 nia
465 1097 531 1152 ad
562 1096 837 1151 hominum
867 1110 1064 1166 genera
1094 1136 1109 1160 ,
1138 1092 1188 1149 id
1213 1102 1298 1152 est
1322 1135 1335 1158 ,
1366 1093 1432 1149 ad
1477 1108 1665 1149 omnes
1714 1090 1959 1145 nationes

350 1187 793 1258 interpretaberis
817 1227 832 1254 ,
862 1196 919 1242 et
946 1186 1041 1241 bas
1070 1185 1208 1242 Filio
1240 1185 1525 1241 tradidisse
1545 1183 1817 1240 Creatoris
1841 1189 1957 1236 est:

351 1280 470 1353 (Ps.
504 1280 571 1348 ll,
599 1281 660 1352 8)
686 1279 835 1336 Dabo
864 1280 952 1335 tibi
985 1288 1153 1351 gentes
1182 1278 1534 1334 Itaaredituteut
1563 1287 1703 1331 tuant
1722 1317 1737 1343 ,
1769 1284 1815 1329 et
1835 1289 1961 1345 pos-

349 1375 622 1431 sessionem
644 1383 783 1429 tuam
810 1373 1050 1428 terminos
1074 1381 1240 1427 terrae.
1277 1374 1384 1427 Aut
1403 1371 1447 1426 si
1474 1370 1630 1425 habet
1659 1378 1713 1424 et
1740 1368 1853 1437 ipse
1874 1365 1963 1422 ali-

351 1482 455 1538 qua
478 1482 574 1523 sua
604 1508 620 1534 ,
666 1482 787 1538 qua:
814 1466 992 1521 omnia
1025 1464 1161 1520 Filio
1187 1464 1424 1518 traderet
1447 1504 1460 1526 .
1494 1462 1699 1533 pariter
1717 1474 1839 1514 cum
1866 1457 1963 1511 ho-

353 1559 500 1615 mine
527 1557 806 1615 Creatoris
822 1596 845 1623 ν,
874 1555 1103 1613 ostende
1131 1570 1296 1611 unum
1325 1552 1540 1625 aliquod
1568 1550 1647 1624 (l)
1674 1567 1739 1607 ex
1786 1549 1964 1605 οιιιιιὶ-

351 1652 492 1718 bus,
527 1652 580 1707 in
627 1650 788 1707 fidem
817 1689 833 1715 ,
882 1650 935 1705 in
985 1649 1328 1719 exemplum;
1376 1661 1445 1701 ne
1474 1654 1579 1700 tam
1619 1643 1810 1698 merito
1856 1657 1964 1697 non

2052 439 2589 515 reprtesentationem
2613 462 2802 504 eorum
2829 463 2950 520 quae
2978 457 3249 520 nunquam
3282 448 3663 519 praedicarant,

2053 538 2157 594 nisi
2183 539 2435 611 quoniam
2458 538 2540 613 (5)
2568 548 2818 612 poterant
2839 540 3038 598 vidisse
3062 582 3077 603 .
3111 540 3202 613 qui
3231 540 3313 614 (ϐ)
3337 542 3431 597 Dei
3461 541 3543 596 sui
3574 557 3666 597 res

2054 644 2187 700 quas
2206 630 2366 686 etiam
2396 632 2851 702 praedicaverunt,
2881 648 2987 690 non
3025 643 3205 690 tamen
3232 633 3516 691 viderant?
3537 634 3668 691 Hau:

2055 733 2234 778 autem
2267 722 2497 781 felicitas
2524 726 2625 781 erit
2666 725 2927 795 aliorum,
2956 726 3049 797 qui
3083 725 3374 794 videbant,
3420 743 3539 798 qua:
3574 726 3668 782 alii

2060 821 2266 869 tantum
2293 814 2738 885 praedicaverant.
2783 816 3023 889 Denique
3062 816 3412 874 ostendemus
3435 860 3451 885 ,
3479 827 3533 873 et
3554 817 3668 889 jam

2058 905 2396 963 ostendimus
2417 948 2434 975 ,
2469 923 2534 965 ea
2564 909 2676 964 visa
2700 909 2751 964 in
2773 907 2989 965 Christo
3013 951 3029 976 ,
3071 923 3194 982 quae
3230 909 3444 965 fuerant
3474 909 3674 980 ιιι-ιιι(ιί-

2059 1006 2177 1053 cata
2203 1014 2218 1064 ;
2246 998 2559 1056 abscondita
2587 1010 2763 1057 tamen
2789 1010 2847 1057 et
2864 1001 2931 1056 ab
2953 999 3085 1072 ipsis
3108 1001 3384 1072 prophetis
3406 1042 3422 1070 ,
3452 1010 3511 1057 ut
3548 1000 3676 1057 abs-

2066 1094 2428 1149 condercntur
2454 1102 2510 1150 et
2531 1109 2565 1149 a
2588 1094 2919 1165 sapientibus
2943 1102 2997 1151 et
3024 1109 3055 1150 a
3084 1093 3436 1165 prudentibus
3461 1093 3670 1150 surculi.

2070 1184 2125 1241 lu
2152 1184 2442 1256 Evangelio
2463 1187 2707 1243 veritatis
2730 1230 2744 1254 ,
2775 1187 2910 1258 legis
2934 1185 3123 1243 doctor
3147 1186 3431 1242 Dominum
3456 1201 3675 1257 aggres-

2063 1292 2195 1334 sus:
2227 1278 2366 1347 Quid
2391 1279 2620 1350 faciens,
2655 1280 2864 1351 inquit,
2897 1280 3051 1335 vitam
3081 1290 3322 1336 wternam
3348 1282 3674 1352 consequar?

2064 1370 2122 1428 In
2154 1372 2408 1429 lueretico
2438 1373 2544 1428 vita
2571 1372 2910 1430 solummodo
2942 1373 3112 1445 posita
3139 1381 3263 1439 est,
3287 1375 3406 1429 sine
3446 1385 3666 1431 acternte

2067 1464 2340 1521 mentione
2363 1507 2381 1533 ,
2410 1474 2464 1520 ut
2490 1463 2679 1522 doctor
2703 1465 2772 1521 de
2797 1480 2859 1523 ea
2888 1466 2995 1520 vita
3032 1465 3275 1522 videatur
3309 1464 3669 1529 consuluisse.

2067 1575 2187 1630 qua:
2218 1558 2269 1614 in
2300 1558 2417 1629 lege
2447 1559 2771 1629 promittitur
2796 1575 2827 1613 a
2874 1558 3128 1615 Creatore
3170 1559 3408 1630 lougtcva
3464 1560 3577 1629 (7);
3615 1567 3676 1616 et

2071 1651 2330 1707 Dominus
2356 1651 2478 1707 ideo
2504 1651 2581 1706 illi
2607 1651 2902 1708 secundum
2934 1652 3105 1723 legem
3137 1667 3454 1724 responsmn
3483 1652 3673 1708 dedis-

353 1743 571 1801 credam
598 1742 720 1814 eius
738 1755 862 1799 esse
892 1738 1069 1797 omni“
1098 1740 1251 1810 cuius
1273 1737 1406 1794 ηίίιίὶ
1437 1735 1594 1792 "ideo
1620 1775 1637 1802 9
1662 1750 1821 1806 quam
1840 1748 1957 1790 “'0’
1987 1743 2038 1805 B
2066 1762 2124 1804 se
2150 1746 2258 1819 (8):
2285 1744 2481 1818 Diliges
2508 1745 2787 1802 Dominum
2817 1744 2984 1801 Deum
3012 1754 3153 1801 tuum
3171 1762 3238 1802 ea:
3257 1755 3359 1802 tota
3382 1746 3535 1802 corde
3560 1756 3672 1814 tuo,

355 1839 462 1894 rito
489 1835 705 1893 credam
731 1875 746 1900 ,
776 1836 936 1891 etiam
964 1849 1086 1905 qua:
1112 1848 1218 1888 non
1252 1830 1409 1887 video
1455 1830 1575 1900 ejus
1605 1844 1724 1885 eSse
1748 1870 1764 1897 ,
1811 1827 1967 1896 cujus

357 1940 483 1986 sunt
507 1929 755 1984 universa
781 1942 900 1998 qua:
935 1925 1115 1980 video.
1145 1922 1251 1980 Sed
1285 1921 1465 1996 (Matt.
1497 1921 1598 1986 XI,
1627 1919 1722 1992 27)
1753 1937 1766 1975 :
1800 1918 1966 1975 Nemo

356 2023 451 2077 scit
463 2020 551 2092 qui
575 2022 643 2076 sit
663 2018 812 2074 Pater
851 2018 952 2074 nisi
977 2016 1169 2083 Filius;
1191 2027 1238 2071 et
1261 2016 1347 2087 qui
1362 2016 1429 2071 sit
1456 2012 1647 2078 Filius,
1670 2013 1767 2069 nisi
1791 2011 1965 2075 Pater,

358 2125 406 2170 et
443 2115 739 2184 cuicumque
769 2110 940 2167 Filius
968 2111 1261 2165 revelaverit
1289 2107 1392 2183 (Ξ).
1422 2108 1600 2178 Atque
1624 2106 1698 2161 ita
1724 2104 1969 2161 Christus

357 2208 597 2277 ignotum
630 2207 796 2260 Deum
822 2204 1052 2276 prtedica
1067 2201 1163 2258 vit.
1202 2200 1279 2274 (τι)
1314 2202 1450 2256 llinc
1479 2200 1621 2256 enim
1660 2208 1717 2255 et
1740 2198 1831 2255 alii
1859 2198 1970 2254 hze-

360 2300 514 2358 retici
539 2298 829 2355 fulciuutur
852 2339 866 2363 ,
900 2304 1237 2367 opponentes
1262 2292 1573 2350 Creatorem
1602 2292 1854 2348 omnibus
1873 2306 1971 2347 no-

361 2401 473 2449 tum
498 2433 515 2459 ,
544 2402 599 2448 et
626 2390 809 2447 lsraeli
833 2430 851 2458 ,
882 2388 1175 2445 secundum
1217 2386 1640 2442 familiaritatem
1667 2425 1683 2451 ,
1711 2394 1767 2441 et
1793 2385 1970 2441 natio-

362 2484 520 2540 nibus
548 2480 852 2539 secuudum
890 2488 1157 2535 naturam.
1187 2478 1256 2534 Et
1282 2476 1556 2550 quomodo
1602 2477 1717 2547 ipse
1747 2485 1973 2532 testatur

364 2593 465 2633 nec
491 2575 676 2633 lsraeli
701 2575 973 2647 cognitum
1015 2588 1075 2629 se
1116 2572 1219 2643 (Is.
1259 2571 1303 2640 Ι,
1336 2570 1392 2644 5)
1427 2588 1440 2625 :
1474 2569 1642 2625 Israel
1671 2575 1850 2624 autem
1896 2585 1975 2624 me

364 2684 468 2724 non
489 2668 725 2740 cognouit
750 2708 765 2733 ,
795 2677 843 2722 et
870 2666 1092 2738 populus
1121 2680 1203 2719 nte
1228 2679 1331 2717 non
1360 2660 1652 2718 intellexit?
1679 2675 1778 2716 nec
1803 2660 1974 2716 natio-

364 2760 522 2816 nibus
549 2756 651 2831 (Is.
678 2755 841 2826 LXV,
867 2756 962 2830 5):
990 2755 1123 2811 Ecce
1151 2755 1285 2810 enim
1314 2769 1406 2808 nec
1442 2753 1507 2808 de
1531 2752 1849 2820 nationibus,
1894 2749 1977 2806 in-

365 2854 521 2927 quit,
554 2852 748 2908 nemo?
774 2852 1001 2922 Propter
1030 2850 1174 2923 quod
1205 2857 1262 2905 et
1290 2848 1414 2904 illas
1435 2846 1770 2903 stillicidium
1801 2844 1977 2901 situla:

366 2946 691 3018 deputavit,
742 2953 800 3002 et
841 2945 1065 3000 Sioncm
1101 2953 1352 3013 tanquam
1403 2939 1677 3012 speculam
1725 2940 1777 2994 in
1821 2939 1977 2995 vinea

366 3038 657 3110 dereliquit
684 3037 781 3107 (Is.
813 3035 1006 3102 LVXI,
1037 3035 1128 3108 16)
1162 3052 1176 3091 :
1212 3032 1345 3091 Vide
1379 3050 1510 3106 ergo
1538 3049 1605 3090 an
1640 3033 1978 3091 ctmlirmatio

2069 1850 2117 1895 et
2147 1855 2210 1895 ea:
2249 1849 2354 1894 tota
2379 1840 2552 1894 animo
2595 1848 2718 1906 tuo,
2776 1847 2823 1892 ct
2883 1838 3000 1894 totis
3028 1838 3213 1893 uiribus
3241 1840 3383 1905 tuis;
3418 1838 3676 1910 quoniam

2070 1931 2139 1987 de
2170 1931 2284 2001 lege
2319 1930 2444 1986 vita:
2480 1930 2870 1987 sciscitabatur.
2919 1931 3026 1988 Sed
3070 1930 3272 1988 sciebat
3312 1932 3496 2003 utique
3540 1931 3679 2002 legis

2071 2022 2295 2094 doctor,
2325 2039 2432 2097 quo
2461 2034 2617 2095 pacto
2650 2025 2813 2081 vitam
2841 2023 3069 2096 legalem
3090 2025 3343 2096 consequi
3377 2037 3589 2096 posset,
3616 2034 3681 2082 ut

2074 2132 2180 2172 non
2206 2116 2274 2173 de
2295 2133 2357 2173 ea
2382 2117 2803 2187 interrogasset,
2825 2116 2977 2187 cujus
3003 2116 3215 2188 regulas
3237 2117 3397 2171 etiam
3423 2116 3674 2185 docebat.

2070 2208 2180 2266 Sed
2208 2208 2332 2281 quia
2358 2219 2414 2264 et
2444 2208 2638 2264 mortui
2662 2208 2772 2279 jam
2803 2208 3207 2265 suscitabanlur
3238 2225 3269 2263 a
3298 2209 3512 2265 Christo
3530 2251 3546 2275 ,
3570 2225 3678 2266 ex-

2073 2300 2363 2358 suscitatus
2389 2300 2456 2356 ad
2491 2315 2643 2370 spem
2675 2312 2894 2357 aeternae
2922 2301 3042 2356 vita:
3079 2315 3173 2371 per
3208 2299 3450 2372 exempla
3480 2300 3680 2356 recidi-

2074 2409 2157 2450 vte
2175 2436 2192 2464 ,
2224 2411 2293 2450 ne
2321 2394 2443 2467 plus
2469 2394 2668 2465 aliquid
2698 2394 3092 2451 observationis
3119 2396 3358 2467 exigeret
3396 2394 3679 2451 sublimior

2076 2501 2202 2559 spes
2233 2486 2349 2559 (9),
2380 2486 2581 2543 idcirco
2610 2487 2879 2543 consuluit
2915 2486 2985 2542 de
3013 2496 3231 2543 aeterna:
3255 2487 3381 2543 vita:
3416 2501 3679 2543 consecu-

2078 2578 2244 2635 tione.
2275 2577 2457 2649 Itaque
2484 2577 2745 2635 Dominus
2782 2588 2840 2633 ut
2884 2593 2985 2634 nec
3023 2578 3140 2650 ipse
3174 2577 3345 2646 alius,
3387 2593 3490 2635 nec
3528 2578 3678 2634 aliud

2078 2683 2276 2724 novum
2301 2667 2539 2725 inferens
2563 2677 2890 2741 praeceptum
2913 2712 2928 2736 ,
2952 2686 3112 2742 quam
3141 2671 3285 2742 quod
3315 2670 3680 2743 principaliter

2077 2759 2143 2816 ad
2170 2774 2385 2816 omnem
2416 2761 2642 2817 salutem
2664 2802 2680 2827 ,
2710 2776 2766 2818 et
2810 2770 3095 2834 utramque
3118 2761 3282 2819 vitam
3314 2764 3475 2833 facit,
3502 2764 3679 2837 ipsum

2077 2863 2241 2926 caput
2264 2854 2313 2910 ei
2338 2855 2471 2926 legis
2489 2856 2714 2926 opponit
2739 2855 3077 2912 omnifariam
3104 2856 3359 2931 diligendi
3392 2858 3680 2915 Dominum

2081 2946 2247 3002 Deunt
2287 2960 2467 3002 suum.
2495 2945 2736 3018 Denique
2755 2989 2770 3014 ,
2800 2946 2846 3002 si
2871 2946 2940 3003 de
2965 2946 3075 3005 vita
3102 2947 3341 3021 longaeva
3363 2958 3419 3006 et
3445 2949 3537 3006 ille
3556 2964 3683 3006 con-

2080 3038 2242 3094 suluit
2262 3079 2279 3104 ,
2310 3046 2365 3094 et
2389 3036 2635 3093 Christus
2674 3036 2952 3108 respondit
2970 3080 2987 3105 ,
3018 3054 3138 3110 qua:
3165 3040 3234 3095 sit
3263 3056 3427 3110 penes
3455 3036 3650 3097 Creato
3669 3069 3683 3082 -

368 3136 441 3192 sit
493 3133 824 3206 prophetica:
881 3132 1030 3188 vocis
1049 3172 1063 3199 ,
1097 3128 1474 3200 exprobrantis
1521 3128 1873 3199 ignorantiam
1924 3126 1976 3181 in
1996 3137 2051 3202 ὀ
2084 3147 2236 3197 rem;
2264 3145 2370 3186 non
2396 3130 2468 3187 de
2496 3138 2697 3186 αξιοι-ιω
2716 3171 2731 3195 ,
2758 3146 2880 3200 quae
2899 3134 2971 3187 sit
2996 3146 3160 3203 penes
3183 3131 3469 3189 Marcionis
3489 3131 3680 3200 Deum,

370 3228 541 3284 Deum
569 3227 858 3281 humanam
883 3264 899 3291 ,
931 3238 1051 3294 qua:
1078 3221 1239 3278 fuerit
1276 3220 1345 3277 ad
1367 3219 1561 3276 Filium
1608 3234 1801 3291 usque.
1844 3218 1977 3274 Nam

372 3326 429 3376 et
456 3317 580 3375 ideo
609 3316 914 3383 subtexuit,
947 3314 1016 3370 ab
1044 3328 1113 3370 eo
1139 3312 1394 3386 cognosci
1409 3313 1653 3378 Patrem,
1683 3310 1768 3367 cui
1812 3310 1980 3368 Filius

371 3417 695 3475 revelaverit
723 3414 824 3488 (Is.
847 3406 1018 3485 XLII)
1040 3429 1053 3467 :
1078 3412 1330 3484 quoniam
1354 3410 1470 3480 ipse
1490 3419 1637 3476 erat,
1668 3408 1759 3480 qui
1787 3408 1981 3478 positus

373 3529 405 3568 a
436 3512 595 3568 Patre
632 3509 944 3564 illuminatio
993 3504 1280 3560 Nationuut
1315 3503 1767 3570 annuntiultatur,
1798 3500 1982 3573 utique

378 3606 491 3662 Deo
514 3601 984 3660 illuminandarutn
1025 3600 1186 3655 etiam
1217 3596 1432 3654 lsraelis
1451 3638 1466 3663 ,
1495 3596 1682 3666 utique
1713 3611 1807 3665 per
1835 3595 1983 3667 agni-

376 3699 579 3754 tionem
605 3696 696 3751 Dei
739 3693 1059 3765 pleniorem.
1102 3689 1178 3745 Ita
1214 3706 1319 3744 non
1357 3686 1642 3760 proﬁcient
1670 3696 1982 3759 argumenta

378 3791 436 3847 in
477 3789 637 3845 fidem
670 3786 766 3843 Dei
795 3784 1055 3853 alterius,
1099 3798 1218 3854 qua:
1245 3780 1486 3838 Creatori
1525 3791 1837 3851 competere
1858 3794 1985 3852 pos-

380 3893 507 3941 sunt
530 3900 547 3951 ;
569 3881 696 3954 quia
723 3894 845 3949 quae
875 3892 980 3933 non
1002 3883 1312 3947 competent
1334 3872 1416 3946 (ὅ)
1436 3871 1676 3928 Creatori
1703 3914 1719 3940 ,
1751 3871 1867 3928 haec
1894 3886 1988 3944 po-

381 3983 564 4035 terunt
592 3976 646 4031 in
674 3972 837 4030 fidem
866 3970 1129 4044 prolicere
1152 3968 1249 4025 Dei
1277 3965 1518 4023 alterius.
1540 3965 1597 4022 Si
1626 3974 1682 4022 et
1709 3967 1989 4037 sequentia

382 4067 639 4138 inspicias
663 4081 676 4120 :
711 4063 856 4120 Beati
875 4060 1014 4118 oculi
1030 4061 1117 4132 qui
1144 4060 1315 4115 vident
1337 4072 1453 4129 qua:
1472 4056 1648 4112 videtis
1672 4071 1690 4111 :
1717 4057 1831 4110 dico
1856 4058 1989 4112 enim

383 4159 521 4216 nobis
545 4200 560 4225 ,
588 4157 709 4229 quia
735 4154 995 4227 propheta:
1025 4168 1127 4209 non
1155 4151 1392 4206 viderunt
1415 4165 1531 4220 quae
1554 4165 1641 4204 vos
1669 4147 1748 4221 (ι)
1776 4149 1990 4216 videtis;

383 4253 454 4310 de
498 4249 767 4322 superiori
813 4260 974 4304 sensu
1021 4242 1392 4309 descendunt;
1437 4243 1574 4300 adeo
1604 4242 1903 4319 neminem,
1932 4248 1995 4298 ut

385 4344 598 4409 decuit,
628 4341 793 4398 Deum
818 4337 1174 4411 cognovisse:
1203 4333 1422 4408 quando
1463 4348 1564 4391 nec
1610 4333 1883 4407 prophetat
1910 4334 1991 4390 vi-

384 4437 592 4495 dissent
618 4449 740 4506 qua:
756 4431 858 4489 sub
874 4430 1093 4487 Christo
1113 4428 1453 4485 videbantur.
1482 4424 1615 4482 Nam
1637 4424 1683 4481 si
1708 4441 1815 4482 non
1842 4440 1994 4482 meus

2083 3222 2355 3295 quomodo
2397 3222 2745 3293 consequitur
2769 3222 3068 3278 aeternam?
3097 3221 3212 3278 Non
3260 3223 3443 3294 utique
3482 3222 3684 3296 codem

2084 3314 2247 3371 modo
2272 3328 2377 3386 quo
2402 3321 2458 3371 et
2486 3314 2804 3386 longaevam.
2834 3316 2940 3372 Pro
2964 3314 3269 3371 diﬂ'crentia
3298 3315 3442 3372 enim
3475 3330 3685 3372 nterce-

2085 3408 2213 3465 dum
2238 3448 2254 3476 ,
2282 3422 2566 3480 operarum
2594 3425 2808 3481 quoque
2836 3408 3103 3465 credenda
3125 3409 3380 3465 distantia
3407 3418 3511 3466 est.
3542 3409 3688 3480 Ergo

2087 3516 2193 3556 non
2221 3516 2289 3557 ex
2319 3499 2606 3558 dilectione
2629 3500 2721 3557 Dei
2750 3501 2827 3556 tui
2849 3512 3210 3573 consequetur
3233 3501 3399 3556 vitam
3426 3511 3686 3558 aeternam

2086 3587 2425 3652 Marcionites
2448 3637 2464 3663 ,
2492 3596 2633 3652 sicut
2670 3595 2961 3668 longtcvam
2993 3593 3221 3652 dilector
3256 3594 3547 3652 Creatoris.
3578 3594 3690 3651 Sed

2088 3687 2246 3759 quale
2272 3696 2356 3742 est
2379 3728 2396 3753 ,
2429 3695 2484 3742 ut
2512 3702 2619 3742 non
2649 3686 2818 3758 magis
2843 3686 3146 3760 diligendus
3174 3688 3275 3748 sit.
3310 3688 3401 3750 aui
3430 3700 3688 3745 teternum

2091 3777 2410 3852 pollicetur,
2443 3781 2487 3836 si
2514 3778 2817 3852 diligendus
2841 3791 2922 3836 est
2961 3782 3052 3852 qui
3080 3781 3375 3854 longaevam
3404 3783 3694 3853 repromit-

2091 3871 2197 3927 tit?
2227 3872 2368 3944 Ergo
2392 3871 2637 3943 ejusdem
2665 3872 2769 3928 erit
2789 3882 3016 3944 utraque
3038 3873 3143 3928 vita
3165 3912 3180 3940 ,
3222 3887 3345 3929 cum
3391 3871 3579 3930 eadem
3606 3881 3696 3929 est

2092 3964 2304 4035 utrique
2326 3962 2448 4019 vita:
2473 3962 2738 4034 captanda
2763 3962 3066 4034 disciplina.
3091 3964 3244 4033 Quod
3265 3962 3490 4022 Creator
3510 3964 3694 4033 docet,

2094 4056 2145 4113 id
2171 4066 2228 4112 et
2250 4054 2468 4112 Christo
2483 4068 2619 4126 opus
2642 4062 2727 4111 est
2755 4053 2900 4128 diligi
2929 4052 3066 4128 (10),
3102 4064 3162 4112 ut
3189 4066 3429 4126 praestet,
3458 4056 3687 4113 interve-

2093 4149 2278 4204 niente
2306 4157 2360 4203 et
2388 4145 2480 4203 hic
2519 4146 2608 4202 illa
2660 4146 3101 4219 praescriptione,
3148 4162 3252 4218 qua
3302 4146 3513 4206 facilius
3550 4148 3699 4220 apud

2095 4255 2217 4296 eum
2241 4238 2473 4296 debeant
2497 4238 2643 4295 credi
2671 4237 2876 4311 majora
2902 4240 3044 4311 apud
3074 4256 3236 4311 quem
3265 4241 3473 4298 minora
3502 4257 3701 4313 praece.

2097 4334 2266 4402 dunt;
2296 4348 2455 4405 quam
2478 4330 2618 4405 apud
2642 4348 2768 4389 eum
2790 4332 2877 4388 cui
2908 4332 3108 4388 nullam
3129 4332 3197 4389 de
3218 4332 3512 4404 majoribus
3533 4333 3702 4391 ﬁdem

2097 4426 2276 4498 aliqua
2298 4424 2507 4480 minora
2533 4432 2992 4496 praeparaverunt.
3021 4422 3231 4482 Viderit
3262 4441 3403 4482 nunc
3446 4426 3491 4482 si
3538 4436 3702 4482 teter-

393 4537 541 4586 esset
565 4526 844 4591 Christus,
876 4537 976 4579 nec
1003 4521 1385 4593 prophetarum
1409 4519 1587 4576 hocin
1616 4518 1736 4575 loco
1762 4519 1993 4577 mentio-
2019 4534 2074 4595 D
2101 4534 2225 4577 nam
2270 4517 2439 4574 nostri
2481 4515 2826 4573 addiderunt.
2870 4515 2983 4573 Hoc
3031 4514 3164 4572 mihi
3208 4517 3342 4574 satis
3386 4525 3507 4583 est,
3553 4518 3703 4589 quod

388 4636 513 4677 nent
535 4619 874 4676 collocasset.
889 4614 1029 4683 Quid
1050 4614 1195 4671 enim
1221 4612 1416 4669 mirum
1432 4611 1478 4670 si
1503 4626 1610 4668 non
1642 4610 1885 4668 viderant
1906 4624 1994 4669 res

391 4712 490 4768 Dei
519 4709 719 4782 ignoti,
743 4716 801 4765 et
821 4717 969 4763 tanto
1000 4716 1122 4777 post
1162 4720 1277 4760 sevo
1322 4704 1590 4761 revelati?
1634 4703 1765 4773 Quae
1809 4712 1991 4760 autem

391 4804 578 4866 fuisset
604 4800 831 4858 felicitas
874 4813 1062 4856 eorum
1102 4798 1193 4869 qui
1224 4806 1352 4854 tunc
1396 4794 1689 4864 videbant,
1734 4811 1856 4866 qua:
1901 4796 1994 4853 alii

2095 4609 2343 4668 Christus
2369 4607 2460 4665 ille
2484 4616 2703 4663 aeternae
2726 4649 2743 4675 ,
2770 4623 2878 4663 non
2908 4607 3082 4679 longa:
3121 4607 3244 4665 vitat
3288 4608 3574 4675 invitator,
3628 4608 3707 4667 de

2095 4704 2337 4775 longaeva
2364 4700 2643 4758 consultus
2671 4715 2832 4772 quam
2871 4700 3221 4772 destruebat,
3269 4716 3376 4758 non
3422 4700 3491 4757 ad
3536 4709 3706 4757 teter-

2097 4811 2220 4853 nam
2248 4793 2429 4867 potius
2448 4791 2761 4850 exhortatus
2780 4801 2866 4850 est
2905 4791 3196 4864 hominem,
3224 4807 3382 4866 quam
3408 4791 3705 4852 inferebat.

1620 4928 1999 4989 LECTIONES
2038 4928 2448 4989 VARIANTES.

477 5055 529 5120 l)
568 5056 798 5119 Aliquem
820 5054 963 5104 Pam.
1368 5110 1379 5121 .
1513 5105 1524 5117 .
1918 5104 1930 5115 .

452 5056 529 5187 in
565 5120 626 5171 Et
646 5120 938 5187 ςμεουιειειιιε
960 5112 1086 5187 ﬁlius
1105 5110 1579 5187 πενριρξηερηιτξξς
1779 5111 1999 5187 truci:-

390 5169 549 5237 rat‘tdo
566 5169 738 5234 Scribit
765 5191 783 5230 :
807 5169 963 5229 Nemo
987 5176 1232 5242 enimscit
1256 5173 1472 5242 Patrem,
1488 5171 1584 5242 nisi
1607 5170 1755 5231 illius,
1773 5177 1827 5222 et
1848 5169 1999 5221 lilium

392 5233 674 5310 nisipater,
702 5242 1063 5310 tat-cuicumque
1087 5237 1214 5289 illius
1235 5233 1555 5289 revelaverit.

457 5304 535 5437 $3";
569 5304 861 5378 competunt
879 5305 1023 5354 Pam.

483 5372 514 5420 4
571 5369 672 5423 Vos
691 5364 822 5420 abest
850 5367 1006 5419 Fran.

2161 5044 2235 5107 (5)
2274 5042 2366 5107 Qui
2385 5040 2507 5107 add.
2532 5042 2677 5094 Pam.

2181 5106 2237 5249 Ξί
2666 5166 2865 5222 abere-

2187 5227 2239 5304 ρ)
2280 5227 2602 5304 Dedjtj'emt.

2187 5291 2679 5419 ῗὸῖδῧῖῖἱὲἓιῖηέὶίῡθὶ
2700 5361 3001 5421 ρεπωμιιω
3022 5354 3134 5408 cod.
3166 5357 3352 5409 Wouw.

1745 5450 2311 5540 murmurantes.

470 5616 549 5691 (ει)
586 5614 719 5691 Hec
899 5608 991 5665 ιιιεί
1016 5603 1237 5691 heretici
1263 5594 2009 5691 f9!€“£’?f!£’::91‘f‘l‘35.929339

403 5664 628 5745 fuerunt
640 5664 817 5756 nitidi
828 5664 1046 5754 propter
1062 5664 1369 5756 frequet'l‘bes
1402 5668 1754 5756 revelatiqnles
1784 5667 1835 5756 in

404 5734 1099 5832 iiii-S'Exjiié'sla‘i'panem
1120 5734 1244 5802 cum
1265 5741 1403 5800 Filio
1418 5734 1838 5805 conl'uudebaut,
1856 5748 2007 5792 cum-

2110 5595 2339 5669 demque
2356 5608 2487 5669 esse
2525 5596 2876 5669 asserebant:
2915 5598 2971 5655 in
3012 5595 3276 5669 ejusmodi
3310 5592 3471 5668 impia
3511 5593 3721 5657 deliria

2112 5665 2330 5741 impegit
2351 5665 2608 5726 Praxeas.
2639 5667 2717 5726 Le
2758 5668 2853 5727 Ps.
