4020 6286
171 6003 356 6153 Β

1754 174 1798 198 \

347 305 456 362 49.5

1453 302 1584 360 LIB.
1625 303 1691 360 IV
1731 301 2092 361 ADVERSUS
2127 303 2554 362 MARCIONEM.

3553 310 3662 367 626

349 418 486 491 Quid
519 461 535 487 ,
581 434 679 474 oro
728 429 782 476 te
806 461 824 488 ,
872 417 1089 476 fecisset
1117 415 1362 474 Christus
1403 415 1674 474 Creatoris
1703 460 1716 483 ,
1767 419 1810 474 si
1859 420 1947 488 qui
1976 421 2028 480 Α
2057 417 2260 487 perdidi
2287 417 2425 489 apttd
2460 417 2623 473 Deum
2654 416 2800 473 illum
2826 455 2843 483 ,
2873 425 2932 472 ut
2977 417 3117 489 apud
3148 433 3268 474 eum
3316 434 3553 491 qumram
3605 436 3661 480 et

351 511 593 568 Creatori
635 512 914 584 diligendo
940 511 1301 568 tedilicaverat
1347 509 1655 576 hominem,
1686 526 1793 566 non
1838 520 1958 567 erat

352 603 683 662 Creatoris?
734 605 914 662 Credo
962 611 1209 675 negasset
1257 603 1583 675 diligendum
1621 603 1954 661 Creatorem.

931 696 1158 753 CAPUT
1198 695 1387 752 XXVI.

400 790 532 846 Cum
573 790 626 846 in
667 789 900 861 quodam
944 789 1064 844 loco
1099 787 1248 859 (Luc.
1288 787 1382 859 XI)
1412 800 1620 847 orasset
1647 789 1712 846 ad
1745 791 1958 847 Patrem

358 880 504 936 illttnt
538 882 902 954 superiorem,
952 879 1084 937 satis
1113 879 1511 949 impudentibus
1558 891 1616 938 ct
1661 885 1961 940 temerariis

355 973 523 1029 oculis
553 973 858 1044 suspiciens
883 973 948 1028 ad
976 973 1172 1030 etelum
1202 970 1472 1030 Creatoris
1501 1014 1516 1040 ,
1547 990 1575 1029 a
1603 991 1709 1047 quo
1740 985 1845 1032 tam
1871 991 1961 1033 as-

356 1082 487 1139 pero
511 1077 568 1122 et
589 1083 738 1123 επινο
762 1109 776 1133 ,
807 1078 856 1123 et
881 1066 1142 1138 grandine
1166 1075 1220 1122 et
1247 1067 1466 1123 fulmine
1494 1067 1753 1138 potuisset
1798 1069 1959 1135 elidi,

353 1160 495 1216 sicut
519 1170 573 1215 et
601 1160 936 1215 Hierusalem
966 1159 1160 1231 suli'ugi
1190 1159 1268 1231 (II)
1299 1160 1367 1215 ab
1395 1175 1460 1216 eo
1490 1161 1699 1230 potuit;
1742 1175 1961 1232 aggres-

354 1266 447 1307 sus
469 1268 596 1308 eum
621 1268 686 1307 ex
719 1251 997 1322 discipulis
1021 1252 1238 1322 quidam
1271 1270 1286 1306 :
1322 1251 1572 1318 Domine,
1605 1253 1810 1325 inquit,
1841 1255 1965 1309 doce

356 1360 448 1399 nos
476 1360 623 1399 orare
643 1386 659 1412 ,
689 1344 820 1398 sicut
848 1354 893 1398 et
926 1343 1006 1416 ('2)
1039 1343 1267 1399 Joannes
1297 1344 1576 1414 discipulos
1604 1361 1722 1400 suos
1750 1346 1919 1400 docuit
1944 1360 1966 1412 ;

354 1436 564 1493 scilicet
593 1437 717 1505 quia
748 1435 909 1490 alium
944 1436 1110 1491 Deum
1135 1436 1290 1491 aliter
1315 1436 1649 1493 existimaret
1675 1437 1961 1493 orandum.

359 1528 476 1585 IIoc
503 1530 592 1600 qui
625 1539 1038 1600 prtcsumpserat
1081 1528 1160 1602 (3)
1188 1571 1203 1596 ,
1251 1530 1400 1602 prius
1446 1539 1530 1587 est
1569 1531 1760 1602 probet
1803 1533 1964 1587 alium

358 1618 532 1677 Deum
563 1621 764 1677 editum
796 1637 825 1676 a
856 1621 1090 1677 Christo.
1141 1621 1314 1678 Nemo
1355 1624 1498 1679 enim
1542 1633 1668 1680 ante
1710 1623 1970 1680 voluisset

359 1727 520 1769 orare
548 1729 741 1777 nosse,
770 1729 931 1783 quam
974 1713 1253 1770 didicisset
1298 1732 1457 1786 quem
1501 1726 1700 1771 oraret.
1732 1715 1898 1787 Igitur
1922 1717 1967 1771 si

2065 510 2334 564 inveniam
2378 510 2401 563 ?
2454 509 2511 566 Si
2567 510 2882 580 sapientiam
2936 519 3097 580 atque
3145 512 3517 580 prudentiam,
3567 514 3663 569 has

2061 601 2286 660 Creator
2313 602 2592 684 abscondit
2619 620 2633 669 ;
2673 603 2812 672 apud
2842 618 2964 658 eum
2991 617 3122 673 ergo
3151 619 3409 674 quierant.
3441 607 3495 661 Si
3527 607 3664 662 salu-

2064 703 2170 749 tem
2196 704 2252 750 et
2274 695 2438 750 vitam
2466 737 2479 760 ,
2524 703 2581 751 ct
2634 695 2732 750 has
2779 696 2919 765 apud
2964 695 3300 751 Creatorem.
3349 697 3491 754 Nihil
3536 701 3660 755 alibi

2063 796 2332 857 qucuretur
2360 797 2417 842 ut
2441 786 2746 842 inveniatur
2772 828 2786 851 ,
2817 802 2974 856 quant
3005 787 3093 842 uhi
3127 787 3277 842 latuit
3304 797 3361 843 ut
3385 803 3658 859 appareat.

2072 881 2280 938 Sicttec
2307 881 2560 937 aliorsum
2580 881 2822 952 pulsabo,
2848 897 3007 952 quam
3025 881 3163 938 unde
3185 897 3302 937 sum
3333 881 3544 938 functus
3561 883 3660 954 (5).

2081 975 2318 1045 Denique
2349 1016 2365 1042 ,
2423 975 2467 1027 si
2518 975 2760 1043 accipere.
2812 982 2867 1028 et
2920 975 3158 1029 invenire
3193 987 3246 1031 et
3289 974 3541 1040 admitti,
3593 976 3668 1031 Ia-

2084 1066 2230 1122 boris
2248 1074 2304 1121 et
2321 1065 2588 1120 instantia:
2606 1065 2810 1120 fructus
2828 1078 2911 1120 εει
2931 1065 3004 1120 illi
3021 1065 3108 1135 qui
3135 1065 3315 1135 petiit,
3334 1066 3666 1138 etqumsirit,

2067 1170 2120 1216 et
2148 1159 2374 1229 pulsavit
2399 1176 2414 1223 ;
2439 1160 2674 1230 intcllige
2691 1158 2807 1216 lucc
2825 1177 2850 1211 a
2865 1158 3120 1216 Creatore
3139 1158 3376 1214 mandari
3398 1171 3453 1216 et
3477 1176 3666 1230 repro-

2067 1250 2496 1308 mitti.llleeuim
2539 1251 2679 1306 Dens
2721 1249 2977 1320 optimus,
3006 1250 3146 1305 ultro
3175 1252 3395 1306 veniens
3434 1251 3500 1307 ad
3533 1269 3668 1322 pra:-

2069 1344 2318 1400 standum
2362 1358 2468 1399 non
2498 1359 2596 1399 suo
2625 1343 2825 1422 homini
2848 1385 2863 1409 ,
2890 1343 3092 1399 nullum
3138 1343 3211 1399 illi
3259 1343 3497 1422 laborem
3526 1387 3541 1413 ,
3569 1361 3669 1401 nec

2073 1437 2388 1492 instantiam
2423 1418 2723 1492 indixisset.
2754 1436 2872 1492 Jam
2899 1435 3040 1492 enim
3071 1451 3177 1492 non
3204 1418 3454 1508 eptittttis,
3487 1439 3533 1493 si
3561 1454 3664 1493 non

2072 1528 2214 1584 ultro
2236 1527 2392 1584 daret
2422 1543 2529 1584 non
2567 1527 2768 1596 petenti
2794 1567 2809 1592 ,
2856 1535 2910 1582 et
2956 1526 3198 1582 invenire
3242 1538 3520 1598 przcstaret
3564 1544 3668 1584 non

2072 1620 2374 1691 quaerenti,
2406 1629 2462 1676 et
2501 1621 2734 1691 aperiret
2787 1635 2892 1675 non
2947 1619 3202 1691 pulsanti.
3247 1621 3469 1676 Creator
3493 1631 3670 1678 autem

2075 1715 2245 1786 potuit
2266 1713 2502 1770 indicere
2529 1713 2627 1768 ista
2655 1729 2748 1783 per
2774 1713 3072 1780 Christum,
3098 1723 3152 1768 ιιι
3173 1714 3293 1785 quia
3316 1713 3676 1785 delinquendo

361 1803 625 1860 didicerat
654 1848 668 1872 ,
702 1806 890 1876 proba.
921 1805 976 1862 Si
1008 1821 1268 1877 nuSquam
1299 1823 1469 1880 usque
1497 1808 1675 1864 adhuc
1723 1809 1919 1880 probas
1944 1849 1960 1874 ,
1994 1816 2040 1876 Β
2072 1810 2233 1863 homo
2262 1807 2563 1862 oll‘etn!erat
2595 1806 2762 1862 Deum
2789 1821 2969 1873 suum,
3002 1805 3310 1873 laboraret,
3342 1816 3398 1863 et
3425 1807 3674 1862 instantia

364 1897 502 1954 scito
530 1898 678 1951 illunt
698 1898 749 1951 in
775 1897 1082 1954 Creatorem
1112 1898 1338 1954 formam
1361 1901 1623 1956 orationis
1652 1901 1972 1972 postulasse,

365 1988 420 2044 in
443 2005 603 2060 quem
651 1991 811 2044 etiam
845 1989 1093 2060 discipuli
1116 1990 1336 2047 Joannis
1363 1993 1606 2047 orabant.
1637 1991 1746 2049 Sed
1771 1993 1892 2063 quia
1924 2001 1980 2049 et

373 2079 614 2136 Joannes
643 2097 837 2136 novum
860 2083 1090 2153 aliquem
1115 2083 1358 2138 ordinem
1389 2084 1648 2140 orationis
1675 2086 1975 2152 induxerat,

377 2171 504 2228 ideo
529 2172 633 2226 hoc
662 2182 716 2227 et
742 2188 769 2225 a
802 2172 1017 2228 Christo
1044 2173 1333 2244 discipulus
1356 2175 1471 2244 ejus
1487 2175 1864 2246 postulandum
1899 2177 1977 2251 (4)

371 2279 480 2321 non
503 2264 772 2321 innnerito
799 2277 1236 2336 prtesumpserat,
1263 2278 1320 2322 ut
1341 2276 1396 2323 et
1417 2267 1492 2322 illi
1507 2266 1574 2323 de
1589 2269 1982 2342 propriomagi-

371 2357 471 2414 stri
498 2357 582 2412 sui
610 2359 855 2413 instituto
881 2400 896 2425 ,
932 2375 1036 2414 non
1083 2359 1247 2414 alium
1271 2400 1288 2426 ,
1333 2359 1428 2415 scd
1469 2360 1626 2416 aliter
1654 2361 1820 2416 Deum
1861 2376 1984 2418 ora-

373 2459 517 2505 rent.
563 2449 797 2504 Proinde
843 2465 942 2506 ncc
986 2447 1232 2505 Christus
1271 2463 1396 2508 ante
1437 2453 1697 2507 orationis
1739 2454 1981 2509 notitiam

371 2541 643 2612 discipulo
674 2541 1023 2606 contulisset,
1052 2559 1210 2613 quam
1243 2544 1333 2600 Dei
1379 2545 1570 2616 ipsius.
1606 2544 1682 2601 Ita
1709 2557 1765 2602 et
1791 2550 1905 2618 ipse
1931 2547 1984 2602 in

381 2649 510 2690 eum
533 2634 716 2689 docuit
746 2635 1080 2704 orationem,
1106 2652 1264 2707 quem
1294 2638 1590 2709 discipulus
1620 2655 1787 2710 usque
1811 2640 1986 2696 adhuc

387 2736 638 2782 noverat.
669 2726 906 2796 Denique
922 2741 1112 2782 sensus
1129 2729 1387 2784 orationis
1403 2745 1558 2800 quem
1584 2731 1751 2788 Deum
1778 2733 1989 2804 sapiant

389 2830 744 2888 recognosce.
771 2816 846 2889 (a)
878 2817 974 2873 Cui
1001 2818 1196 2885 dicam,
1234 2818 1426 2875 Pater?
1455 2821 1516 2877 Ei
1542 2825 1630 2894 qui
1659 2840 1745 2880 me
1769 2828 1989 2881 omnino

382 2923 495 2964 non
522 2908 692 2963 fecit?
720 2924 748 2962 a
775 2925 882 2980 quo
912 2911 1170 2980 originem
1205 2927 1308 2966 non
1340 2913 1530 2968 traho?
1567 2917 1651 2970 An
1669 2919 1718 2972 ei
1759 2918 1848 2986 qui
1898 2933 1984 2973 me

377 3001 639 3057 faciundo
683 3012 736 3057 et
775 3005 1091 3059 instruendo
1137 3006 1454 3076 generavit?
1497 3010 1538 3062 Α
1585 3023 1692 3080 quo
1738 3009 1989 3080 Spiritum

376 3103 618 3148 sanctum
652 3092 730 3164 (ὁ)
766 3097 1028 3163 postulem
1055 3094 1078 3148 ?
1105 3095 1152 3150 A
1191 3112 1296 3166 quo
1340 3113 1438 3153 nec
1464 3099 1751 3154 mundialis
1771 3101 1989 3171 spiritus

2084 1900 2297 1972 petendi
2322 1899 2624 1970 acciperet,
2650 1907 2706 1955 et
2729 1899 3003 1969 qtttcrendi
3033 1901 3294 1956 inveniret
3315 1943 3328 1965 ,
3355 1911 3407 1958 et
3432 1903 3680 1974 pulsandi

2082 1995 2347 2050 introiret.
2389 1992 2481 2049 Sic
2510 2001 2564 2048 et
2591 1993 2866 2063 praemissa
2893 1992 3187 2047 similitudo
3209 2035 3222 2057 ,
3258 2004 3557 2050 nocturnum
3587 2014 3681 2067 pu-

2082 2087 2162 2142 nis
2190 2086 2453 2157 petitorem
2478 2085 2698 2139 amicum
2729 2084 2854 2138 facit
2879 2125 2893 2147 ,
2924 2098 3029 2138 non
3058 2084 3323 2151 alienum;
3354 2096 3407 2140 ct
3451 2086 3521 2138 ad
3550 2088 3680 2140 mni-

2083 2194 2197 2232 cunt
2222 2177 2533 2249 pulsantem,
2563 2193 2669 2231 non
2692 2175 2757 2230 ad
2781 2176 3040 2246 ignotum.
3063 2175 3280 2231 Amicus
3303 2184 3480 2231 autem
3502 2180 3683 2232 ctiam-

2084 2270 2129 2326 si
2153 2269 2377 2325 oﬂ‘endit
2401 2310 2416 2336 ,
2447 2268 2614 2338 magis
2638 2267 2912 2322 Creatoris
2937 2277 3018 2323 est
3046 2266 3226 2333 homo,
3257 2285 3414 2339 quam
3441 2270 3531 2325 [lci
3555 2270 3686 2326 Maro

2085 2362 2274 2418 cionis.
2306 2359 2491 2431 Itaque
2514 2359 2579 2414 ad
2612 2374 2734 2414 eunt
2767 2359 2945 2429 pulsat
2968 2400 2982 2422 ,
3013 2358 3076 2412 ad
3106 2374 3264 2429 quem
3291 2358 3379 2430 jus
3418 2361 3490 2415 illi
3530 2372 3645 2416 erat
3668 2402 3684 2429 ,

2085 2454 2241 2524 cujus
2262 2452 2479 2523 januant
2511 2460 2665 2506 norat
2690 2491 2703 2514 ,
2734 2467 2892 2520 quem
2919 2450 3118 2505 habere
3146 2466 3309 2519 panes
3338 2451 3563 2516 sciebat,
3586 2467 3685 2508 cu-

2087 2546 2302 2603 bantem
2319 2545 2432 2616 jam
2454 2559 2575 2598 cum
2599 2541 2886 2598 infantibus
2903 2558 3041 2614 quos
3063 2544 3207 2596 nasci
3232 2541 3488 2598 voluerat.
3512 2543 3685 2598 Etiam

2088 2639 2230 2711 quod
2285 2654 2406 2694 sero
2439 2637 2716 2708 pulsatur,
2745 2635 3018 2691 Creatoris
3061 2645 3144 2691 est
3165 2644 3394 2704 tempus.
3443 2634 3591 2691 Illius
3637 2646 3693 2690 et

2089 2751 2268 2792 serum
2295 2775 2310 2802 ,
2343 2733 2495 2803 cujus
2519 2730 2774 2785 sacculum
2799 2738 2856 2784 et.
2877 2728 3060 2784 saeculi
3108 2743 3354 2784 occasus.
3397 2729 3477 2783 Ad
3523 2729 3688 2784 Deum

2089 2838 2268 2884 autem
2297 2841 2532 2892 novum,
2563 2837 2724 2879 nemo
2768 2837 2891 2877 sero
2932 2821 3239 2891 pulsasset,
3292 2831 3500 2877 tantum
3546 2822 3689 2893 quod

2092 2921 2498 2975 Iuscescentem.
2519 2915 2743 2971 Crcator
2768 2923 2848 2968 est
2867 2954 2880 2978 ,
2912 2913 3000 2982 qui
3029 2923 3084 2968 et
3104 2913 3324 2982 januam
3354 2913 3484 2967 olim
3511 2912 3691 2968 Natio—

2093 3014 2248 3068 nibus
2269 3010 2531 3066 clauserat
2563 3007 2682 3080 (6),
2719 3021 2838 3076 quas
2862 3005 2990 3060 olim
3020 3005 3328 3076 pulsabatur
3367 3005 3601 3071 Judzeis;
3647 3007 3692 3063 is

2093 3113 2145 3161 et
2173 3102 2382 3171 exurgit
2423 3107 2476 3154 et
2511 3098 2636 3162 dat,
2667 3107 2720 3152 et
2762 3097 2808 3152 si
2848 3096 2958 3167 jatn
2988 3113 3092 3152 non
3137 3099 3284 3167 quasi
3326 3099 3539 3167 amico,
3585 3114 3694 3155 non

382 3186 713 3256 prtestalur?
743 3185 826 3242 An
857 3203 886 3239 τι
925 3202 1030 3257 quo
1060 3187 1188 3242 Iiunt
1219 3190 1377 3244 etiam
1409 3191 1583 3262 angeli
1610 3193 1866 3261 spiritus?
1894 3209 1983 3248 cu-
2013 3205 2058 3268 ο
2093 3191 2702 3264 tamenquasiexlraneo
2721 3188 2921 3243 homini
2943 3188 3057 3255 ,sed
3075 3189 3228 3258 quasi
3244 3190 3690 3261 ntolesto,inquit.

371 3278 468 3350 jus
496 3288 549 3334 et
582 3279 632 3334 in
683 3279 978 3349 primordio
1018 3283 1238 3352 spiritus
1276 3293 1438 3354 strper
1475 3301 1642 3356 aquas
1679 3286 1986 3345 ferebatur?

379 3371 520 3442 Ejus
541 3389 752 3444 regnum
783 3374 980 3444 optabo
1010 3377 1197 3430 venire
1223 3419 1235 3440 ,
1278 3393 1437 3448 quem
1487 3395 1760 3450 nunquam
1809 3397 1986 3453 regem

379 3466 574 3538 gloria:
601 3467 831 3521 audivi?
875 3483 942 3541 an
976 3469 1027 3524 in
1069 3469 1221 3539 cnjns
1261 3486 1420 3526 manu
1456 3474 1616 3528 etiam
1656 3474 1819 3530 eorda
1865 3483 1991 3530 sunt

377 3556 608 3629 regum?
643 3556 718 3630 (c)
748 3558 878 3626 Quis
912 3559 1054 3614 dabit
1085 3561 1213 3614 milti
1261 3580 1441 3632 panem
1469 3564 1856 3635 quotidianum;
1901 3569 1989 3638 qui

380 3665 489 3707 nec
515 3650 719 3720 milium
750 3650 880 3705 mihi
906 3651 1124 3720 condit,
1154 3668 1219 3707 an
1247 3654 1335 3722 qui
1363 3655 1524 3710 etiam
1551 3659 1620 3712 dc
1643 3659 1780 3714 coelo
1798 3675 1990 3730 panem

382 3743 703 3814 angelorum
736 3743 1106 3812 quotidianum
1155 3744 1350 3815 popqu
1387 3761 1488 3803 suo
1530 3751 1815 3818 praestitit?
1863 3752 1994 3820 Quis

383 3834 525 3894 mihi
546 3834 733 3889 delicta
763 3835 978 3890 dimittet
1003 3853 1022 3902 ;
1051 3838 1140 3907 qui
1172 3853 1234 3891 ea
1266 3855 1370 3893 non
1411 3839 1704 3909 judicando
1731 3857 1836 3898 non
1869 3845 1995 3899 reti-

385 3937 486 3986 net
513 3972 526 3995 ,
558 3944 623 3982 an
654 3929 744 3998 qui
774 3929 819 3984 si
851 3943 956 3984 non
997 3929 1296 3996 dimiserit,
1342 3933 1593 3988 retinebit
1647 3942 1706 3988 ut
1747 3935 1995 4004 judicet?

389 4019 479 4094 (εἰ)
505 4019 624 4090 quis
645 4037 746 4074 non
774 4021 902 4074 sinet
927 4037 1018 4075 nos
1043 4021 1227 4075 deduci
1251 4023 1303 4076 in
1333 4024 1654 4079 tentationem
1677 4041 1698 4092 ,°
1725 4041 1882 4096 quem
1911 4041 1997 4098 po—

387 4113 522 4168 terit
544 4120 780 4166 tentator
803 4127 908 4166 non
943 4112 1135 4168 timere
1161 4153 1176 4175 ,
1210 4128 1277 4167 an
1308 4113 1396 4182 qui
1431 4130 1460 4169 a
1493 4116 1790 4186 primordio
1820 4126 1995 4174 tenta-

393 4213 568 4261 torem
598 4204 846 4274 angelum
875 4203 1304 4274 prmdamnavit?
1345 4205 1456 4262 lIoc
1499 4207 1692 4264 ordine
1716 4250 1733 4276 ,
1773 4211 1863 4279 qui
1908 4210 1997 4266 alii

393 4297 510 4354 Deo
535 4297 798 4367 supplicat
829 4305 882 4351 et
911 4311 1020 4367 non
1051 4296 1293 4351 Creatori
1321 4339 1335 4362 ,
1368 4313 1474 4352 non
1501 4309 1620 4354 orat
1658 4301 1810 4355 illttm
1838 4342 1852 4366 ,
1902 4301 1997 4358 sed

393 4388 638 4446 infamat.
673 4387 904 4443 Proinde
943 4403 971 4442 a
1011 4401 1119 4459 quo
1165 4399 1368 4459 petam,
1425 4399 1482 4443 ιιι
1526 4391 1814 4462 accipiam?
1859 4393 1998 4462 apud

394 4496 559 4552 quem
601 4495 856 4551 qutcrnm,
902 4489 958 4534 ιιι
993 4481 1298 4536 inveniunt?
1336 4481 1400 4537 ad
1441 4498 1598 4554 quem
1645 4485 1858 4555 pulsabo
1883 4527 1900 4553 ,
1945 4497 2003 4542 ut

2093 3287 2377 3344 Molestum
2409 3290 2587 3337 autem
2619 3290 2724 3335 tam
2750 3280 2859 3335 cito
2880 3279 3023 3335 Deus
3054 3294 3241 3336 recens
3270 3283 3538 3336 neminem
3587 3283 3693 3351 pati

2093 3379 2282 3451 potuit.
2312 3379 2559 3446 Agnosco
2580 3373 2741 3444 igitur
2769 3381 2823 3427 et
2843 3371 3080 3438 Patrem,
3105 3387 3262 3440 quem
3281 3373 3439 3427 etiam
3457 3373 3698 3443 appellas

2091 3472 2426 3529 Creatorem.
2458 3467 2578 3537 Ipse
2604 3474 2686 3522 est
2711 3466 2802 3534 qtti
2829 3465 2932 3520 scit
2962 3464 3088 3535 quid
3117 3465 3208 3519 lilii
3237 3466 3529 3534 postulent.
3558 3466 3693 3522 Nam

2093 3573 2148 3621 et
2179 3577 2367 3635 panem
2395 3559 2698 3630 petentibus
2744 3557 2814 3613 de
2861 3557 3003 3612 etnlo
3028 3556 3178 3612 dedit
3204 3572 3431 3625 manna,
3472 3569 3529 3613 et
3571 3573 3696 3614 car-

2094 3672 2218 3713 nem
2270 3651 2703 3710 desiderantibus
2743 3648 2922 3704 emisit
2965 3657 3413 3719 ortygomctratn,
3447 3666 3549 3704 non
3585 3666 3699 3705 ser-

2096 3759 2296 3822 pentem
2327 3765 2418 3819 pro
2447 3747 2586 3818 pisce
2605 3786 2620 3812 ,
2655 3760 2746 3797 nec
2777 3743 3032 3812 scorpium
3059 3758 3152 3812 pro
3179 3755 3290 3796 ovo.
3336 3741 3480 3796 Illius
3519 3751 3698 3798 autem
3763 3731 3770 3736 ’

2096 3841 2200 3897 erit
2244 3856 2346 3894 non
2385 3840 2512 3892 dare
2551 3835 2744 3889 malum
2783 3850 2877 3902 pro
2906 3833 3071 3898 bono,
3103 3832 3254 3902 cujus
3278 3840 3565 3902 utrumque
3605 3835 3694 3890 sit.

2097 3932 2364 3990 Craterum
2385 3971 2402 3998 ,
2429 3928 2572 3983 Deus
2593 3923 2877 3981 Marcionis
2899 3937 3002 3978 non
3027 3923 3229 3978 habens
3252 3923 3524 3992 scorpium
3543 3962 3560 3990 ,
3591 3937 3698 3978 non

2101 4035 2314 4098 poterat
2338 4024 2389 4078 id
2411 4038 2472 4080 se
2501 4021 2681 4076 dicere
2703 4034 2807 4074 non
2829 4016 3114 4084 daturum,
3147 4016 3290 4087 quod
3317 4029 3422 4071 non
3447 4016 3699 4083 habebat;

2100 4119 2194 4174 sed
2223 4118 2312 4172 ille
2338 4115 2430 4187 qui
2461 4113 2666 4169 habens
2690 4119 2746 4166 et
2773 4107 3082 4179 scorpium,
3124 4123 3228 4162 non
3265 4107 3377 4162 dat.
3420 4105 3604 4178 Itaque
3646 4120 3703 4165 et

2102 4210 2353 4282 Spiritum
2378 4217 2610 4261 sanctum
2636 4205 2680 4258 is
2701 4202 2880 4266 dabit,
2912 4198 3052 4270 apud
3078 4215 3238 4271 quem
3268 4209 3348 4255 est
3369 4206 3424 4255 et
3446 4214 3551 4254 non
3573 4215 3703 4256 san-

2100 4313 2245 4356 ctus.
2290 4299 2422 4356 Cttttt
2459 4295 2679 4352 snrdunt
2723 4292 3044 4349 dmmonittm
3090 4291 3386 4362 expulisset
3429 4293 3510 4360 (ut
3546 4304 3602 4347 et
3647 4293 3700 4346 itt

2104 4395 2204 4450 ista
2224 4390 2404 4464 spccie
2429 4387 2721 4446 curationis
2743 4386 2909 4441 Esaim
2926 4383 3624 4456 (Is.XX|X.5)occut-risset
3648 4385 3699 4439 in

2108 4485 2426 4545 Beelzebulc
2441 4483 2612 4538 dit-tus
2627 4480 2823 4550 ejicere
2851 4477 3112 4533 dmmonia
3138 4495 3150 4532 :
3185 4477 3246 4531 Si
3267 4492 3360 4546 ego
3381 4516 3396 4542 ,
3421 4475 3591 4546 inquit
3614 4519 3626 4537 .
3649 4480 3703 4532 in

397 4573 662 4643 aperiatur
691 4570 856 4625 mihi?
885 4570 1016 4640 Quis
1045 4571 1203 4627 habet
1252 4573 1449 4644 petenti
1499 4573 1656 4641 dare,
1705 4575 1808 4631 nisi
1845 4577 1999 4648 cujus
2024 4599 2078 4660 Ι)
2105 4577 2398 4636 Beelzebule
2413 4575 2560 4647 ejicio
2574 4570 2961 4639 dtt:nt0ttin,/ilii
2979 4570 3126 4624 vestri
3147 4569 3200 4622 in
3213 4584 3311 4637 quo
3326 4568 3576 4638 ejiciunt?
3593 4569 3703 4625 llac

397 4666 581 4722 omnia
605 4705 621 4732 ,
653 4663 803 4734 cujus
843 4678 962 4720 sum
1009 4663 1171 4720 etiam
1199 4664 1312 4736 ipse
1335 4665 1425 4737 qui
1454 4667 1615 4738 peto?
1644 4667 1781 4737 Quid
1807 4678 1987 4726 autem

2094 4673 2218 4746 quid
2244 4669 2414 4742 magis
2439 4663 2711 4739 portendit
2739 4705 2755 4732 ,
2786 4677 2946 4736 quam
2979 4662 3032 4719 in
3064 4675 3131 4718 eo
3157 4660 3355 4732 ejicere
3377 4674 3458 4729 se,
3488 4661 3540 4717 in
3597 4677 3705 4733 quo

1654 4781 2042 4844 LECTIONES
2081 4780 2499 4844 VARIANTES.

503 4890 547 4965 ι)
583 4891 757 4965 item
777 4889 952 4965 sarisa

493 4893 547 5003 ι)
583 4893 952 5005 amr

467 4893 546 5083 ἔτι
587 4966 1092 5081 satanas...

2198 4895 2248 4960 4)
2284 4891 2698 4960 Expostulandum
2721 4886 2872 4944 Seml.

2198 4899 2225 4948 4
2284 4895 2694 4960 Expostulandum

2172 4895 2252 5086 is;
2289 4957 2506 5030 Fugatus
2526 4954 2694 5006 Paris.

2174 5023 2230 5086 (6
2293 5020 2506 5074 Clusertt
2543 5023 2694 5069 Venet

2174 5020 2252 5090 (6)
2293 5020 2506 5074 Cluserit
2543 5023 2706 5069 Venet.

1737 5130 2298 5189 COMMENTARIUS.

477 5217 635 5276 CAP.
699 5217 886 5274 XXVI.
941 5250 1013 5261 —
1049 5219 1126 5292 (a)
1178 5220 1274 5277 Cui
1303 5222 1472 5277 dicam
1501 5221 1679 5279 Pater.
1713 5224 1880 5280 Recte
1910 5225 2013 5280 hoc

409 5305 580 5348 unum
615 5293 837 5367 Auctor,
883 5295 1006 5362 quia
1036 5294 1135 5347 etsi
1188 5308 1363 5367 graece
1394 5293 1565 5367 hodie
1589 5295 1816 5366 legatur,
1850 5308 2012 5367 πατὴρ

408 5367 598 5436 ἡμᾶννρ
626 5367 674 5416 ἔν
699 5365 1059 5436 vigesima,
1083 5372 1147 5436 et
1169 5365 1435 5436 similiter
1462 5365 1668 5436 syriace
1699 5408 1713 5430 ,
1749 5377 1925 5421 tamen
1957 5365 2009 5421 in

407 5433 595 5506 latinis
630 5433 904 5506 codicibus
938 5451 1055 5506 non
1082 5434 1270 5506 legitur
1299 5433 1548 5506 amplius,
1578 5436 1731 5492 Luae
1758 5436 1821 5500 II,
1852 5453 2010 5506 quam

409 5504 610 5577 Pater;
637 5502 885 5577 suspicor
934 5505 1061 5577 iliud
1100 5502 1274 5576 grtece
1313 5502 1576 5576 atljecttnn
1622 5524 1688 5563 ex
1728 5502 2013 5577 Evangelio

405 5575 650 5648 ξιιμὴωὶ
680 5572 766 5637 VI,
790 5575 1082 5648 secundum
1106 5572 1264 5646 quem
1297 5572 1493 5648 legitur
1523 5579 1615 5632 lib.
1640 5580 1705 5633 de
1728 5572 2011 5648 oratfcap.

408 5646 460 5705 ll
477 5645 644 5717 Patet:
668 5655 838 5717 uoster
860 5647 946 5717 qui
968 5648 1019 5700 in
1047 5645 1184 5700 caelis
1211 5665 1282 5702 es.
1314 5645 1427 5702 Plut

479 5717 560 5792 (ιι)
603 5715 1151 5792 ξρξνὶιιιῃιεηηειιέριι.
1182 5719 1287 5773 Pro
1315 5737 1380 5774 eo
1407 5719 1808 5792 :sanctilicetur
1829 5735 2011 5776 nomen

403 5784 580 5859 tuum,
616 5784 762 5842 iswd
795 5784 1018 5858 Gregor.
1051 5789 1325 5861 Nyssenns
1352 5791 1531 5849 habet.
1560 5791 1726 5848 SeuL.

715 5879 1152 5945 Temenum
1184 5883 1266 5946 II.

2187 5221 2260 5293 (c)
2286 5217 2588 5293 Qttis__dubit
2633 5213 2756 5269 mihi
2805 5230 2990 5293 panem
3033 5211 3406 5293 quotidianum.
3437 5213 3710 5293 Prohibet

2113 5281 2362 5350 nititirmtt
2394 5289 2673 5352 Christus,
2723 5281 2814 5340 ne'
2843 5285 2912 5340 de
2955 5281 3188 5340 crastino
3233 5281 3450 5339 solliciti
3501 5287 3707 5349 simus;

2116 5367 2220 5419 vita
2251 5365 2653 5433 quippe_no_stra
2679 5356 2940 5433 instabilis
2968 5367 3073 5433 est.
3096 5354 3165 5433 Ita
3193 5353 3422 5433 explicat
3447 5355 3613 5433 C_onc.
3642 5357 3708 5410 IV

2115 5421 2290 5490 Tolet'.
2315 5421 2504 5501 enini).
2537 5428 2585 5482 Is
2609 5434 2785 5501 autem
2818 5425 2968 5493 panis
2999 5432 3081 5479 est
3104 5421 3363 5501 Christus,
3401 5435 3460 5501 ut
3487 5427 3714 5501 ipsemet

2118 5507 2210 5559 ait.
2241 5492 2395 5557 Cum'
2414 5510 2591 5554 autern
2634 5497 2764 5550 dixit
2792 5492 2975 5564 partem
3003 5492 3375 5564 quotidianum,
3395 5492 3714 5564 signiﬁcavi;

2123 5575 2494 5630 necessitatem
2517 5562 2898 5640 quamhabent
2920 5565 3161 5640 homines
3181 5562 3301 5640 ejus
3321 5562 3532 5640 auxilii,
3555 5577 3714 5634 atque

2122 5648 2281 5702 etiam
2312 5632 2620 5698 submonuit
2647 5639 2807 5691 vitam
2853 5650 2973 5691 esse
2998 5632 3241 5694 diariant,
3273 5636 3400 5696 gas,»
3439 5636 3562 5690 sim
3600 5632 3714 5704 ὶρη.

2121 5713 2508 5788 “paLnPn.
2621 5779 2632 5788 _
2707 5787 2713 5788 ί
2868 5776 2878 5788 ,
2952 5784 2960 5788 _
3315 5769 3406 5788 λγ,
3481 5773 3492 5785 ,

2193 5769 2276 5860 (ιι)
2309 5786 2435 5854 Quis
2465 5798 2564 5838 non
2587 5779 2714 5836 sinet
2745 5792 2836 5831 nos
2863 5776 2915 5830 in
2945 5771 3261 5828 tentationem
3307 5769 3492 5825 deduci
3518 5775 3542 5827 ?
3578 5772 3718 5830 Sen-

3083 5863 3478 5944 (Quatorze.)
