4020 6286
339 345 443 405 427

1750 314 2208 379 Tl‘lllTULLlANl

3526 299 3630 360 428

340 476 397 523 et
438 463 532 520 ﬁlii
576 461 799 520 eorum?
829 460 883 516 in
906 460 1101 514 virtute
1143 453 1350 528 scilicet
1391 448 1688 507 Creatoris.
1726 445 1858 502 Nam
1900 449 1946 504 si
1974 444 2023 504 Α
2053 464 2283 518 ramum;
2329 457 2470 515 Ecce
2510 454 2808 528 inieqiialis,
2845 461 2899 511 et
2945 453 3061 524 ipse
3107 451 3438 512 inconstans,
3484 447 3639 515 levis,

340 518 601 631 putassic
625 554 1027 626 accipiendum,
1060 552 1120 607 Si
1150 518 1257 622 ιεέιοΧ
1280 549 1333 603 in
1361 543 1656 601 Beelzebule
1693 542 1840 614 ejicio
1869 539 1946 611 (η)

348 652 599 709 dcetnonia
621 649 722 722 (l),
760 648 857 720 ﬁlii
885 647 1035 703 uestri
1058 646 1112 700 in
1140 659 1240 716 quo
1267 643 1291 697 Ρ
1315 639 1468 712 quasi
1511 638 1632 692 illos
1667 634 1949 705 sugillarct

342 750 395 803 in
429 745 742 803 Beelzebule
769 744 1047 814 ejicicntes
1068 783 1082 807 ,
1115 739 1333 795 resistet
1383 734 1476 789 tibi
1518 732 1667 803 prior
1713 743 1903 785 sensus
1928 770 1943 797 ,

344 856 448 895 non
470 853 627 908 posse
646 834 899 892 Satanam
923 831 1091 888 dividi
1119 829 1378 885 adversus
1400 824 1773 893 semetipsum.
1797 820 1948 876 Adeo

342 949 442 989 nec
464 932 535 986 illi
551 932 602 985 in
626 927 943 984 Beelzebule
963 923 1265 995 ejiciebant;
1288 918 1405 985 sed,
1427 927 1482 972 ut
1502 917 1753 981 diximus,
1780 914 1831 968 in
1850 913 1949 967 vir-

344 1035 456 1081 tute
486 1023 756 1079 Creatoris
787 1039 800 1075 :
833 1033 989 1090 quam
1024 1026 1081 1070 ut
1108 1012 1330 1082 intelligi
1383 1007 1602 1071 faceret,
1632 1004 1945 1076 subiungit:

350 1119 499 1187 Quod
517 1119 560 1172 si
576 1132 665 1188 ego
685 1116 738 1170 in
758 1114 914 1184 digito
931 1110 1028 1164 Dei
1043 1108 1240 1179 expello
1261 1104 1535 1171 daemonia,
1559 1115 1744 1173 ergone
1759 1113 1950 1171 appro-

348 1210 606 1283 pinquavit
646 1209 696 1262 in
728 1222 813 1261 vos
842 1219 1053 1276 regnum
1082 1200 1178 1255 Dei
1206 1199 1231 1253 ?
1258 1196 1413 1269 Apud
1444 1196 1776 1251 Pharaonem
1805 1192 1948 1246 enim

349 1282 571 1359 veneﬁci
594 1299 668 1353 illi
692 1296 915 1353 adhibiti
937 1295 1203 1349 adversus
1226 1289 1470 1361 Moysen,
1495 1286 1744 1340 virtutem
1782 1282 1949 1337 Crea-

361 1396 494 1450 toris
534 1392 760 1462 digitum
809 1388 901 1443 Dei
945 1385 1345 1456 appellaverunt
1377 1378 1572 1450 (Exod.
1610 1373 1747 1447 VIII)
1788 1388 1803 1429 :
1853 1371 1953 1426 Di-

352 1489 485 1560 gitus
512 1484 607 1539 Dei
639 1492 710 1537 est
737 1483 864 1547 hoc;
894 1478 1035 1551 quod
1065 1479 1147 1548 (2)
1175 1474 1498 1546 signiﬁcaret
1530 1468 1612 1542 (5)
1640 1469 1799 1525 etiam
1832 1482 1950 1521 mo-

351 1580 551 1645 dicum,
569 1576 955 1632 validissimum
970 1581 1171 1627 tamen.
1192 1569 1300 1624 Hoc
1316 1577 1369 1623 et
1385 1566 1626 1620 Christus
1640 1562 1947 1627 ostendens,

350 1680 833 1736 commemorator,
870 1682 976 1722 non
1006 1665 1317 1718 obliterator
1365 1665 1685 1714 vetustatem
1708 1699 1720 1719 ,
1747 1654 1953 1710 scilicet

350 1780 589 1831 suamm,
611 1766 858 1819 virtutem
880 1751 1208 1829 Deidigitum
1237 1753 1330 1809 Dei
1359 1752 1493 1808 dixit
1515 1766 1618 1804 non
1638 1749 1858 1803 alterius
1875 1747 1954 1800 in-

2049 555 2193 611 aliud
2225 552 2447 620 docens,
2480 549 2624 606 aliud
2654 549 2853 605 faciens
2879 565 2890 601 :
2917 546 3070 617 jubet
3094 543 3239 600 omni
3266 542 3466 615 petenti
3492 540 3643 608 dare,

2050 654 2104 704 et
2135 647 2255 717 ipse
2281 647 2493 715 signum
2529 640 2836 713 petentibus
2862 655 2967 694 non
2998 637 3109 694 dat.
3136 628 3305 692 Tanto
3331 648 3446 690 aevo
3473 634 3648 688 lucem

2051 756 2200 797 suam
2245 739 2314 795 ab
2365 737 2674 795 hominibus
2723 720 3029 798 abscondit,
3071 738 3125 787 et
3167 740 3327 800 negat
3371 728 3650 783 lucernam

2050 832 2429 890 abstruendam
2455 849 2469 898 ;
2499 829 2595 886 sed
2621 828 2908 885 conﬁrmat
2933 839 3093 896 super
3119 821 3499 879 candelabrum
3528 832 3649 889 pro-

2051 926 2377 998 ponendam,
2417 932 2476 979 ut
2517 921 2768 977 omnibus
2794 920 2993 975 luceat.
3034 916 3189 972 Vetat
3221 912 3650 981 remaledicere,

2052 1017 2221 1072 multo
2251 1012 2422 1087 magis
2447 1014 2631 1084 utique
2663 1011 2991 1067 maledicere
3020 1027 3032 1062 :
3065 1016 3117 1063 et
3145 1022 3221 1061 ua:
3243 1004 3436 1075 ingerit
3467 1001 3655 1058 Phari-

2052 1111 2175 1164 saeis
2202 1120 2255 1164 et
2283 1106 2599 1164 doctoribus
2630 1105 2783 1174 legis.
2809 1100 2942 1171 Quis
2969 1109 3052 1157 est
3078 1109 3183 1154 tam
3213 1097 3404 1153 similis
3432 1096 3526 1151 Dei
3550 1094 3655 1151 mei

2053 1201 2319 1269 Christus,
2343 1201 2444 1256 nisi
2468 1200 2671 1271 ipsius?
2687 1198 2841 1270 Smpe
2854 1199 2960 1267 jam
2980 1195 3193 1250 ﬁximus
3208 1191 3308 1265 (6),
3328 1192 3475 1248 nullo
3492 1189 3653 1246 modo

2055 1295 2290 1366 potuisse
2336 1293 2488 1348 illum
2535 1291 2928 1347 dcstructorem
2961 1287 3091 1359 legis
3121 1285 3386 1351 denotari,
3416 1283 3460 1339 si
3487 1283 3652 1336 alium

2057 1385 2222 1441 Deum
2247 1385 2662 1456 promulgasset.
2683 1382 2809 1437 ldeo
2829 1388 2885 1437 et
2905 1389 3031 1435 tunc
3051 1378 3369 1443 Pliarismns,
3394 1374 3483 1448 qui
3507 1375 3656 1429 illum

2056 1488 2272 1535 vocarat
2291 1477 2371 1552 (7)
2393 1478 2458 1532 ad
2483 1477 2784 1548 prandium,
2810 1472 3129 1529 retractabat
3152 1485 3314 1541 penes
3328 1484 3406 1535 se,
3427 1484 3523 1523 cur
3545 1468 3653 1523 non

2055 1574 2203 1647 prius
2232 1573 2429 1627 tinctus
2451 1579 2592 1626 esset
2613 1584 2773 1640 quam
2797 1566 3132 1623 recubuisset
3149 1562 3440 1619 secundum
3460 1563 3656 1632 legem,

2056 1666 2144 1739 qui
2171 1665 2340 1722 Deum
2358 1663 2490 1735 legis
2513 1661 2908 1719 circumferret?
2928 1660 3083 1715 Iesus
3105 1668 3280 1714 autem
3306 1658 3465 1712 etiam
3498 1657 3661 1710 inter-

2058 1766 2301 1828 pretatus
2323 1767 2408 1811 est
2433 1756 2482 1812 ei
2507 1757 2699 1826 legem.
2719 1754 2924 1818 dicens,
2950 1752 3066 1807 illos
3090 1751 3263 1806 colicis
3282 1761 3327 1804 et
3348 1750 3503 1804 catini
3523 1755 3659 1802 cxte-

352 1859 694 1933 tellisendam
717 1899 731 1925 θ
765 1870 921 1927 (illam
952 1853 1067 1924 ejl's
1099 1848 1236 1920 ³1)υά
1267 1861 1425 1919 quem
1468 1845 1572 1900 1100
1618 1852 1734 1900 erat
1773 1842 1955 1915 appel-
1991 1842 2037 1902 B
2065 1850 2203 1903 riora
2224 1848 2524 1913 emundare;
2541 1846 2787 1902 interiora
2804 1856 2971 1901 autem
2989 1847 3215 1917 ipsorum
3233 1842 3500 1916 plenaesse
3517 1842 3657 1914 rapi-

349 1956 477 2011 lata.
526 1952 667 2022 Ergo
707 1962 760 2005 et
807 1959 1031 2016 regnum
1074 1942 1239 2013 ipsius
1287 1937 1829 2009 appmpinquaverat,
1858 1949 1952 1988 cu-

347 2048 438 2119 jus
468 2055 522 2100 et
545 2044 713 2098 virtus
739 2034 1026 2110 digitus(b)
1046 2034 1353 2089 vocabatur.
1382 2030 1572 2086 Merito
1597 2028 1754 2099 igitur
1782 2026 1952 2097 appli-

354 2139 466 2196 cuit
495 2137 559 2192 ad
595 2133 902 2206 parabolam
933 2129 1087 2184 fortis
1118 2127 1261 2182 illius
1291 2122 1506 2191 armati,
1539 2136 1697 2194 quem
1726 2120 1951 2176 validior

352 2233 489 2289 alius
515 2227 805 2300 oppressit,
835 2222 1130 2295 principem
1161 2217 1574 2280 daemoniorum,
1604 2229 1764 2284 quem
1795 2211 1951 2268 Beel-

352 2322 593 2380 zebulem
632 2329 685 2375 et
721 2319 971 2374 Satanam
999 2328 1160 2383 supra
1198 2311 1427 2377 dixerat,
1454 2307 1759 2379 signiﬁcans
1786 2305 1952 2376 digito

354 2417 452 2474 Dei
490 2426 807 2486 Oppressum
829 2453 843 2476 ,
886 2422 995 2464 non
1031 2405 1343 2462 Creatorem
1386 2400 1454 2456 ab
1484 2401 1587 2455 alio
1613 2399 1726 2455 Deo
1754 2398 1947 2453 subac-

353 2521 486 2567 tum.
522 2508 812 2571 Caeterum,
851 2498 1124 2574 quomodo
1163 2496 1337 2552 adhuc
1379 2502 1543 2550 staret
1574 2508 1798 2565 regnum
1826 2491 1947 2561 ejus

353 2603 405 2658 in
437 2600 548 2655 suis
578 2595 842 2663 terminis,
874 2601 930 2650 et
953 2591 1180 2663 legibus,
1208 2598 1262 2645 et
1292 2586 1508 2654 ofﬁciis,
1539 2601 1697 2657 quem
1726 2585 1849 2639 licet
1871 2584 1951 2637 in-

356 2704 506 2764 tegro
537 2688 736 2745 mundo
777 2686 862 2740 vel
899 2685 977 2740 sic
1023 2674 1481 2754 potuissct'videri
1509 2692 1793 2747 superasse
1821 2675 1951 2730 vali-

355 2784 474 2841 dior
501 2782 588 2838 ille
614 2782 754 2835 Deus
775 2774 1082 2843 Marcionis,
1105 2774 1151 2828 si
1173 2788 1280 2828 non
1311 2769 1605 2827 secundum
1639 2770 1808 2840 legem
1835 2767 1952 2838 ejus

356 2880 516 2935 etiam
544 2874 870 2931 Marcionita:
899 2877 1268 2934 morerentur,
1303 2867 1354 2920 in
1402 2875 1597 2921 terram
1641 2862 1948 2929 deﬁuendo,

356 2988 500 3044 sirpe
525 2978 579 3027 et
602 2985 633 3025 a
665 2966 881 3036 scorpio
906 2964 1046 3020 docti
1092 2978 1197 3018 non
1245 2975 1367 3016 esse
1396 2968 1702 3029 superatum
1733 2953 1952 3012 Creato-

357 3081 493 3123 rem.
531 3059 862 3118 Eaxlamabat
899 3056 980 3129 (4)
1009 3056 1194 3111 mulier
1213 3054 1277 3108 de
1302 3052 1448 3107 ttu'ba
1470 3094 1483 3115 ,
1512 3049 1726 3104 Beatum
1755 3060 1953 3104 uterum

358 3161 446 3233 qui
474 3159 622 3213 illum
651 3162 921 3227 portasset,
951 3162 997 3207 et
1026 3151 1183 3205 ubera
1219 3163 1330 3217 qua:
1361 3144 1511 3200 illum
1538 3142 1856 3199 educassent.
1886 3142 1953 3197 Et

2056 1959 2122 1997 na
2148 1951 2195 1996 et
2216 1942 2528 2013 iniquitate:
2558 1951 2613 1997 ut
2649 1940 2977 2011 signiﬁcaret
2998 1940 3334 1993 vasculorum
3372 1936 3661 1992 munditias

2056 2035 2336 2091 hominum
2360 2049 2480 2090 esse
2502 2033 2884 2105 intelligendas
2902 2032 3043 2104 apud
3068 2033 3230 2087 Deum
3258 2048 3270 2083 :
3295 2031 3416 2101 quia
3440 2039 3494 2085 et
3518 2028 3659 2085 Pha-

2055 2128 2246 2181 risaeus
2263 2125 2331 2182 de
2349 2126 2587 2187 homine.
2610 2141 2718 2181 non
2737 2125 2804 2180 de
2821 2124 2990 2180 calice
3018 2124 3185 2187 illoto,
3208 2121 3350 2192 apud
3373 2138 3433 2176 se
3457 2130 3655 2175 tracta-

2054 2229 2225 2277 verat.
2256 2219 2385 2275 Ideo
2416 2221 2691 2286 exteriora,
2722 2219 2914 2289 inquit,
2934 2218 3298 2272 calicislavatis
3321 2259 3335 2283 ,
3357 2215 3408 2271 id
3426 2226 3509 2272 est
3528 2230 3648 2269 car-

2056 2330 2202 2382 nem,
2226 2315 2474 2370 interiora
2500 2318 2671 2369 autem
2696 2318 2868 2368 ‘restra
2900 2329 3002 2367 non
3023 2311 3326 2379 emundatis,
3353 2310 3403 2364 id
3426 2319 3507 2364 est
3532 2307 3649 2363 ani-

2055 2424 2216 2475 mam,
2241 2410 2532 2479 adjicietts:
2564 2407 2750 2463 Nonne
2769 2408 2855 2479 qui
2876 2407 3125 2461 exteriora
3150 2406 3288 2477 fecit,
3326 2404 3379 2459 id
3414 2412 3496 2459 est
3530 2418 3654 2458 car-

2054 2515 2198 2565 nem,
2216 2510 2261 2554 et
2291 2501 2531 2555 interiora
2548 2499 2667 2570 fecit
2688 2542 2703 2566 ,
2723 2498 2774 2552 id
2796 2509 2877 2554 est
2898 2496 3156 2552 animam?
3177 2512 3282 2566 quo
3301 2496 3445 2552 dicto
3462 2503 3644 2566 aperte

2053 2592 2462 2658 demonstravit,
2501 2592 2565 2646 ad
2596 2591 2843 2646 eumdem
2866 2588 3032 2644 Deum
3056 2588 3326 2660 pertinere
3360 2586 3650 2642 munditias

2060 2685 2597 2741 bominis'extcrioris
2620 2694 2675 2740 et
2697 2684 3145 2753 interioris,cujus
3167 2694 3388 2754 uterque
3410 2682 3495 2748 sit,
3525 2696 3664 2752 pras-

2053 2779 2299 2851 ponentis
2324 2779 2743 2835 misericordiam
2765 2793 2869 2832 non
2890 2777 3049 2832 modo
3068 2777 3277 2834 lavacro
3291 2775 3544 2840 hominis,
3563 2774 3657 2831 sed

2055 2878 2213 2930 etiam
2240 2871 2733 2943 sacriﬁcio(Os.Vl,
2752 2872 2805 2943 6)
2820 2870 3122 2941 .Subjungit
3143 2869 3383 2941 enim:(c)
3405 2867 3536 2923 Date
3550 2884 3666 2940 qua:

2065 2966 2262 3021 habetis
2281 2967 2671 3037 eleemosgnam,
2694 2976 2740 3020 et
2757 2965 2927 3018 omnia
2951 2964 3141 3019 munda
3159 2974 3303 3018 erunt
3326 2964 3480 3018 vobis.
3506 2963 3666 3033 Quod

2057 3060 2105 3113 si
2136 3067 2190 3114 et
2215 3059 2351 3113 alios
2389 3068 2567 3129 potest
2598 3058 2735 3113 Deus
2762 3058 3187 3112 misericordiam
3222 3056 3527 3121 mandasse,
3550 3070 3662 3110 non

2058 3134 2233 3206 tamen
2263 3158 2547 3220 antequam
2572 3149 2840 3220 cognitus.
2871 3148 3041 3204 Porro
3074 3160 3125 3205 et
3156 3148 3243 3203 hic
3272 3157 3513 3220 apparet,
3541 3148 3667 3203 illos

358 3252 621 3310 Dominus
653 3266 665 3302 :
706 3246 842 3313 Imo,
880 3243 1011 3298 beati
1053 3242 1140 3309 qui
1184 3253 1464 3295 sermonem
1509 3233 1607 3289 Dei
1649 3234 1886 3299 audiunt,
1915 3241 1960 3288 et
1986 3241 2032 3305 ρ
2066 3260 2174 3299 non
2204 3243 2272 3299 de
2299 3244 2411 3299 Deo
2439 3244 2762 3314 increpitos;
2794 3242 2887 3298 sed
2917 3242 2985 3297 de
3006 3242 3124 3312 ejus
3149 3242 3454 3313 disciplina,
3494 3258 3524 3295 a
3556 3257 3667 3313 quo

360 3344 574 3417 faciunt.
596 3340 730 3409 Quia
755 3348 807 3394 et
821 3344 964 3392 retro
987 3334 1065 3389 sic
1089 3331 1351 3403 reiecerat
1378 3338 1605 3383 matrem
1630 3335 1722 3381 aut
1747 3326 1958 3394 fratres,

360 3438 484 3496 dum
503 3434 774 3491 auditores
792 3442 842 3486 et
864 3429 1214 3484 obsecutores
1230 3423 1323 3480 Dei
1348 3420 1579 3493 praefert.
1607 3417 1735 3474 Nam
1761 3433 1858 3473 nec
1878 3418 1964 3473 hic

361 3537 535 3603 mater
564 3524 850 3582 assistebat
880 3520 976 3576 illi.
1006 3518 1156 3574 Adeo
1180 3530 1279 3572 nec
1306 3524 1450 3570 retro
1475 3520 1783 3582 negaverat,
1808 3519 1865 3565 ut
1896 3525 1963 3566 ne

361 3620 446 3693 (5)
491 3600 601 3674 tum
623 3631 743 3672 cum
768 3613 818 3668 id
841 3626 1027 3667 rursus
1051 3607 1236 3671 audit;
1262 3619 1449 3661 rursus
1470 3602 1696 3674 proinde
1735 3600 1959 3656 felicita-

360 3710 470 3770 tem
488 3711 555 3765 ab
571 3720 726 3764 utero
750 3715 805 3762 et
834 3703 1088 3759 uberibus
1107 3699 1291 3755 matris
1313 3713 1421 3752 sua:
1435 3695 1703 3751 transtulit
1723 3695 1773 3749 iu
1802 3695 1965 3750 disci-

363 3804 558 3877 pulos;
587 3817 616 3857 a
643 3814 749 3874 qua
776 3812 883 3855 non
906 3793 1301 3858 transtulisset,
1335 3792 1379 3846 si
1410 3805 1528 3846 eam
1555 3804 1661 3844 non
1690 3786 1933 3845 haberet.

918 3884 1148 3944 CAPUT
1185 3883 1399 3941 XXVII.

438 3988 577 4047 Alibi
604 3985 746 4043 malo
782 3997 1013 4057 purgare
1043 3997 1162 4052 qua:
1204 3976 1607 4050 reprehendunt
1632 3975 1959 4032 Marcioaitze

365 4084 420 4139 in
446 4079 720 4139 Creatore.
752 4076 853 4133 llic
875 4075 1018 4133 enim
1049 4070 1249 4129 sufﬁcit
1275 4113 1290 4139 ,
1318 4071 1363 4128 si
1390 4085 1452 4127 ea
1480 4070 1533 4126 in
1563 4069 1777 4126 Christo
1807 4084 1961 4140 repe-

2067 3336 2173 3392 illis
2210 3346 2267 3392 et
2310 3337 2531 3409 ﬁgurate
2581 3337 2920 3391 vasculorum
2950 3335 3244 3399 munditias,
3289 3344 3343 3390 et
3385 3335 3671 3391 manifeste

2066 3430 2553 3487 miscricordiarum
2586 3445 2747 3500 opera
2784 3429 3199 3500 imperabantur.
3231 3427 3319 3484 Sic
3348 3436 3402 3483 et
3426 3426 3670 3484 oluscula

2064 3524 2411 3588 decilnantes.
2438 3524 2772 3579 vocationem
2808 3524 2888 3595 (ά)
2922 3534 3098 3578 autem
3130 3522 3544 3579 etdilectioiiem
3570 3520 3670 3577 Dei

2066 3624 2452 3687 praitereuntes
2491 3614 2756 3685 objurgat.
2789 3611 2953 3685 Cujus
2996 3614 3087 3667 Dei
3120 3615 3448 3667 vocationem
3485 3621 3540 3668 et
3585 3610 3673 3667 di-

2065 3706 2369 3770 lectionem,
2401 3704 2500 3759 nisi
2545 3704 2697 3774 cujus
2720 3714 2775 3760 et
2817 3714 2989 3760 rutam
3017 3714 3066 3759 et
3098 3715 3358 3771 mentam,
3399 3720 3464 3759 ex
3497 3704 3673 3761 forma

2064 3797 2223 3869 Legis
2247 3798 2314 3853 de
2340 3797 2560 3854 decimis
2602 3797 2938 3853 oll'erebant?
2968 3797 3161 3852 Totum
3198 3798 3339 3852 enim
3368 3796 3672 3865 exiirobra—

2066 3890 2224 3946 tionis
2249 3892 2348 3947 hoc
2372 3901 2506 3958 erat,
2536 3893 2678 3962 quod
2710 3892 2915 3947 modica
2938 3891 3197 3947 curabant
3221 3908 3237 3957 ;
3268 3891 3316 3944 ei
3345 3891 3548 3959 utique,
3577 3890 3670 3945 cui

2063 3984 2265 4055 majora
2295 3998 2398 4038 non
2429 3984 2773 4049 exhibebant,
2804 3983 3000 4040 dicenti
3036 3984 3053 4051 (
3072 3982 3257 4051 Deut.,
3288 3982 3377 4050 Vl,
3403 3984 3495 4052 5):
3522 3981 3665 4036 Dili-

2062 4092 2148 4149 ges
2186 4074 2465 4130 Dominum
2486 4075 2648 4131 Deum
2678 4085 2819 4131 tuum
2840 4092 2902 4132 ea:
2927 4086 3029 4132 toto
3050 4076 3201 4131 corde
3245 4086 3332 4132 tuo
3386 4074 3465 4149 (8)
3507 4084 3553 4131 ct
3596 4090 3667 4131 ea:

1590 4180 1973 4243 LECTIONES
2012 4187 2420 4247 VARIANTES.

427 4305 504 4374 (1)
540 4304 706 4374 Ejiciq
725 4301 962 4374 daemonia
982 4294 1134 4351 omitt.
1171 4296 1368 4350 Oberth.

2133 4300 2208 4368 (5)
2233 4303 2355 4368 LNec
2376 4312 2489 4357 Jun.

448 4344 503 4434 ii
537 4344 962 4434 mnditia—«ﬂ:
2123 4344 2208 4434 t‘é)’
2233 4344 2650 4434 saansaan.

436 4364 500 4435 ’2)
547 4364 653 4429 ρὐο
677 4364 832 4415 Latin.
1008 4420 1020 4434 ο

425 4374 504 4563 lii
528 4427 1063 4546 saxiferae“-
1090 4431 1238 4475 W-

2145 4364 2178 4417 6
2233 4364 2488 4418 Fiuximus
2507 4371 2650 4419 Pam.

2123 4364 2202 4556 E7;
2242 4428 2639 4503 Vocaret_Paris.
2674 4429 2783 4495 Rig.
2817 4437 2979 4483 Venet.

2149 4491 2181 4541 8
2243 4492 2349 4544 Tuo
2369 4501 2520 4545 onatt.
2545 4492 2697 4546 Seml.

1636 4566 1648 4576 ’
1718 4591 2273 4655 COMMENTARIUS.

368 4716 462 4758 sus
491 4706 614 4764 est,
636 4695 806 4751 Deum
831 4706 930 4747 nos
942 4704 1118 4764 _orare
1164 4703 1234 4745 ne
1275 4701 1371 4743 nos
1402 4684 1682 4741 tentationi
1710 4700 1962 4743 succum.

368 4775 497 4830 bere
528 4762 817 4840 permittat.
846 4764 924 4840 [ιε
941 4762 1037 4840 l’n.

444 4828 541 4916 (of
557 4840 728 4916 Si_ego
748 4837 799 4889 in
840 4831 1107 4916 Beeleebul
1144 4829 1289 4916 ejicio
1330 4829 1604 4916 daemonia:
1659 4828 1773 4916 Etsi
1821 4828 1961 4912 apud

371 4901 586 4971 saucios
617 4901 852 4964 Marcum
883 4914 936 4960 et
964 4903 1161 4958 Lucam
1208 4902 1414 4972 legatur
1463 4901 1747 4959 Beelbebul
1773 4941 1789 4967 ,
1820 4903 1967 4959 vocis

375 5017 554 5062 tamen
573 5010 786 5072 etymun
816 4994 1099 5052 Beelzebul
1123 4974 1608 5072 postulanti???
1645 4991 1967 5072 (lit'elatebub)

374 5079 428 5134 id
457 5084 543 5132 est
574 5064 817 5144 princeps
848 5082 1173 5144 muscarum.
1206 5065 1437 5144 Silenitn
1485 5064 1767 5144 Beelzebul
1795 5064 1965 5144 legis,

374 5157 468 5204 aut
496 5135 690 5201 nomen
742 5135 842 5195 erit
875 5139 1101 5204 ,nullius
1129 5135 1551 5204 significationis,
1600 5136 1690 5188 aut
1735 5135 1970 5190 melioris

372 5187 844 5291 Signini-"esti:
875 5187 992 5291 515i
1005 5187 1418 5291 (Ζέδηῖγιξπίεηλ
1424 5187 1427 5188 ί
1450 5187 1832 5261 habitationem
1846 5187 1968 5276 sig:

372 5277 575 5355 tiilical,
604 5297 658 5342 ct
684 5277 970 5355 aliquando
1012 5277 1337 5355 cit'lttttt._ha
1377 5277 1474 5332 Pu.

445 5361 522 5435 (Ii)
563 5347 800 5435 illuinset
821 5356 976 5435 uirtus
1002 5352 1208 5435 digitus.
1236 5347 1591 5435 Elegattsnilla
1644 5347 1966 5435 interpreta-

373 5419 775 5502 tiovd'igiti'llei,
807 5426 872 5502 de
898 5419 1090 5478 virtute
1108 5431 1167 5502 et
1198 5421 1431 5500 potentia
1463 5419 1586 5483 Dei,
1619 5419 1685 5499 ab
1709 5433 1749 5502 io.
1774 5443 1780 5467 ι
1808 5419 1963 5472 nibus

370 5489 673 5573 usurpatur.
718 5489 849 5573 ill—agi
892 5505 1065 5573 autem
1094 5491 1430 5573 Pharaonis.
1463 5503 1588 5572 cunt
1615 5489 1804 5543 ciuiles
1835 5504 1960 5558 pro-

371 5561 564 5631 dueerc
596 5561 894 5640 nequirent,
928 5566 978 5619 in
1013 5564 1110 5640 Dei
1147 5561 1368 5640 digitum
1406 5561 1813 5640 SClI_'\‘ll;llllt?m,
1843 5574 1962 5626 qua)

370 5629 469 5700 sibi
498 5651 613 5699 erat
636 5629 1033 5706 in'ipediiuettto,
1064 5636 1111 5688 id
1141 5629 1469 5706 reficiebant.
1499 5631 1577 5706 _l.t5
1606 5629 1700 5684 Pu.

437 5703 967 5778 (li\P.XXVll.—(c)
987 5703 1957 5778 Datequa;habetis,elcemosynam,etc;

374 5786 535 5839 Vertit
553 5787 748 5839 Auctor
767 5769 912 5833 recte
935 5769 1044 5847 qua:
1071 5769 1277 5828 (iubetis,
1305 5781 1359 5825 et
1382 5772 1545 5847 Syrus
1578 5769 1873 5847 interp_rt_3_s_:
1910 5769 1963 5823 id

368 5837 623 5930 quodest,
650 5850 790 5926 quod
820 5837 991 5922 graece
1005 5854 1065 5902 τὰ
1086 5849 1262 5914 ενόιτοι,
1278 5857 1341 5898 ac
1364 5841 1406 5895 si
1422 5840 1585 5908 dicat,
1602 5839 1756 5895 sicuti
1782 5837 1961 5894 Theo-

2069 4690 2364 4767 phylactus,
2384 4708 2484 4767 non
2500 4708 2611 4767 quia
2638 4693 2899 4765 rapuistis,
2932 4692 3023 4748 sed
3040 4708 3154 4762 quae
3181 4702 3343 4748 vestra
3370 4702 3487 4748 sunt
3502 4709 3524 4760 ;
3557 4704 3667 4767 quo

2067 4762 2204 4818 adeo
2247 4765 2483 4834 respexit
2512 4762 2775 4835 Vulgatus
2824 4766 3109 4836 interpres,
3156 4767 3502 4827 transferens,
3529 4762 3665 4835 quod

2069 4844 2314 4904 superest,
2349 4837 2540 4906 neinpe
2577 4838 2716 4891 ultra
2754 4838 2994 4908 rapinam
3042 4846 3097 4891 et
3145 4836 3493 4908 iniquitatem.
3545 4838 3667 4906 Quo

2071 4920 2232 4987 s‘eusu
2263 4908 2545 4987 explicato.
2571 4908 2703 4987 nihil
2731 4906 2865 4987 aptis
2889 4918 2971 4987 est
2999 4908 3174 4987 legere
3212 4922 3333 4987 cum
3354 4906 3667 4987 _Erasmq_et

2071 4976 2345 5046 Cajetano,
2369 4979 2502 5032 (latis
2526 4994 2620 5048 pro
2640 4976 2782 5032 dulei
2806 4978 2863 5032 Β.
2884 4977 3180 5048 Cyprianus
3212 4979 3443 5042 interim,
3472 4978 3664 5032 lib.Ill.

2073 5048 2194 5119 adv.
2246 5049 2524 5114 Quirinum
2573 5064 2692 5118 cap.
2728 5051 2779 5113 1,
2814 5060 3059 5103 ttetttt'um
3095 5049 3242 5118 legit,
3286 5066 3458 5119 neque
3501 5052 3664 5104 etiam

2072 5118 2132 5173 Β.
2169 5122 2482 5175 Ambrosius
2512 5120 2562 5175 in
2589 5119 2869 5174 Comment.
2900 5133 2991 5173 aut
3017 5122 3075 5173 Β.
3109 5118 3438 5183 Augustinus
3464 5118 3664 5174 Enclti-

2072 5190 2171 5242 rid.
2203 5204 2319 5258 cap.
2350 5192 2438 5246 75.
2469 5192 2601 5244 (lum
2639 5203 2813 5246 autem
2847 5191 3006 5245 etiam
3048 5190 3294 5245 eumdem
3327 5206 3542 5246 sensum
3572 5205 3662 5245 re-

2071 5261 2248 5332 cipiat,
2287 5271 2340 5313 ιιι
2382 5262 2632 5327 diximtts,
2686 5263 2892 5327 vulgata
2935 5262 3129 5327 versit),
3182 5264 3527 5332 repetenduttt
3578 5269 3666 5317 est

2073 5329 2180 5394 ltic,
2214 5332 2353 5401 quod
2403 5349 2506 5385 non
2557 5335 2719 5387 semel
2772 5333 3021 5398 diximus,
3056 5333 3215 5386 nimis
3248 5329 3490 5388 liberam
3542 5347 3664 5388 esse

2070 5403 2468 5475 castigationem
2490 5404 2674 5458 lsidori
2693 5404 2873 5467 Clarii,
2905 5405 2966 5457 de
2988 5403 3050 5456 iis
3072 5419 3183 5471 qua:
3205 5405 3341 5475 vobis
3364 5413 3658 5475 suppetunt,

2069 5485 2133 5526 ac
2163 5474 2207 5526 si
2243 5474 2405 5527 altera
2429 5474 2816 5545 lectiomiuime
2838 5475 3051 5528 tolerari
3076 5484 3273 5542 posset.
3310 5474 3444 5527 rm.

2141 5565 2217 5635 (ιΙ)
2270 5563 2610 5619 Vocutiouem.
2641 5566 2866 5622 Videtur
2887 5574 3052 5625 κλῆσιν
3085 5565 3439 5634 (vocationem)
3473 5566 3664 5636 legisse

2069 5649 2165 5707 pro
2182 5647 2328 5705 κρίσιν
2359 5637 2685 5707 (judicium).
2703 5639 2784 5691 vel
2817 5640 2987 5703 potius
3012 5652 3074 5689 ex
3092 5636 3346 5706 avrmgclio
3366 5636 3660 5691 Marcionis

2069 5705 2181 5775 (qui
2200 5705 2459 5775 judicium
2490 5705 2717 5777 negabat
2745 5708 2833 5762 Dei
2868 5707 2991 5777 boni
3016 5710 3160 5775 esse)
3187 5705 3472 5776 uSnrpasse
3494 5746 3508 5774 ,
3544 5717 3662 5763 tati-

2068 5774 2226 5844 qttant
2259 5793 2369 5832 rem
2396 5774 2714 5834 confes—2am.
2752 5774 2952 5834 Junius.
3142 5774 3145 5775 ⁷
3314 5774 3328 5801 ί
