4020 6286
337 352 450 410 tea
1459 350 1590 407 LIB.
1633 349 1700 406 Iv
1737 321 2102 408 ADVERSUS
2140 345 2564 404 uxncroaeu.
3553 347 3662 404 450

345 477 450 524 tota
476 469 658 524 anima
679 475 792 536 tua,
837 477 883 522 et
905 482 967 522 ea:
994 467 1107 522 latis
1133 465 1320 521 viribus
1340 466 1458 530 tuis,
1489 467 1574 535 qui
1601 476 1648 520 te
1675 467 1867 522 vocavit
1889 483 1952 521 ea:
1977 467 2031 526 Α
2058 465 2404 534 praeclusuros
2454 463 2580 534 legis
2610 481 2622 518 :
2671 461 2714 517 si
2746 461 2938 529 I‘autor,
2971 461 3082 532 jam
3109 475 3214 518 non
3245 470 3299 516 ct
3327 461 3550 518 :rmnlus
3576 462 3657 518 lc-

345 561 608 634 quypto.
643 561 911 618 Cancrum
937 601 952 629 ,
984 576 1079 615 nec
1111 568 1320 631 tempus
1352 560 1686 628 admisisset,
1717 570 1775 616 ut
1799 559 1953 615 tlhri-
2055 557 2154 628 gis.
2186 555 2289 611 Sed
2321 555 2434 610 lure
2455 554 2633 609 omnia
2659 553 2722 608 ad
2750 551 3118 609 infuscandtnu
3160 554 3466 609 Creatorem
3500 554 3652 624 inge-

348 665 462 709 stus
492 665 600 708 tam
629 669 992 726 prmeoquam,
1023 653 1128 707 imo
1167 665 1273 708 tam
1309 653 1558 708 acerbam
1592 653 1767 708 adlme
1791 653 1954 709 dilec—
2057 649 2206 704 rebat
2231 659 2285 703 ut
2313 665 2534 714 sawum,
2559 663 2680 719 erga
2711 663 2867 718 quem
2913 647 3301 718 delinquentes,
3329 664 3403 702 va:
3426 647 3658 703 habituri

352 745 551 802 tionem
580 746 951 816 expostularet
992 761 1130 800 novo
1153 755 1209 800 et
1234 747 1434 800 recenti
1471 745 1600 813 Deo,
1634 761 1700 800 ne
1726 745 1951 800 dixerim
2057 751 2258 796 essent.
2292 741 2357 796 Et
2383 741 2502 810 quis
2537 755 2736 795 smvum
2769 757 2874 795 non
2905 741 3076 811 potius
3101 741 3310 796 timeret
3341 756 3654 811 provocare,

353 837 591 894 nondum
624 837 802 908 palam
827 837 982 892 laeto.
1009 835 1298 891 Primatum
1320 853 1514 906 quoque
1531 846 1789 906 captantes
1810 838 1952 891 Ioco-
2057 832 2356 889 deiicienda
2391 833 2472 904 (5)
2499 833 2566 886 ab
2593 833 2696 888 eo?
2721 832 2892 888 Tanto
2919 833 3084 904 magis
3111 848 3239 904 ergo
3273 833 3656 890 demerendum

351 948 488 999 non,
518 941 564 984 et
605 931 850 986 honorem
884 929 1265 993 salutationum,
1307 943 1428 984 cum
1473 927 1712 994 incusat,
1753 939 1951 984 sectam
2057 924 2316 992 dolebat,
2359 941 2516 996 quem
2569 924 2862 980 timendum
2905 925 3196 997 ingerebat.
3247 925 3336 982 Sic
3377 927 3660 998 Oportebat

351 1021 624 1080 Creatoris
651 1019 1010 1084 administrat,
1029 1019 1574 1090 ejusmodiprincipes
1597 1019 1951 1075 Sodomorum
2056 1015 2330 1073 Christum
2363 1019 2650 1074 Creatoris.

349 1115 640 1172 archontas
669 1112 992 1184 appellantis
1023 1110 1134 1184 (ls.
1161 1153 1176 1178 ,
1207 1110 1248 1176 l,
1279 1111 1394 1183 25),
1427 1110 1762 1183 prohibentis
1791 1113 1952 1167 etiam
2607 1109 2838 1166 CAPUT
2875 1109 3110 1166 XXVIII.

349 1207 622 1264 conlidere
650 1205 704 1261 in
730 1205 1066 1276 praapositos,
1095 1205 1203 1261 imo
1229 1213 1282 1260 et
1309 1205 1360 1260 in
1393 1214 1562 1260 totum
1593 1205 1953 1260 miserrimum
2129 1199 2317 1258 Merito
2347 1201 2524 1274 itaque
2551 1215 2657 1256 non
2691 1201 2931 1272 placebat
2951 1203 3024 1256 illi
3053 1203 3351 1276 hypocrisis
3373 1203 3662 1260 Pharismo-

350 1299 624 1354 horninem
664 1296 1078 1368 pronuntiantis,
1131 1297 1220 1368 qui
1267 1311 1417 1367 spem
1455 1296 1616 1352 habet
1653 1296 1706 1352 in
1737 1295 1955 1352 homine
2057 1309 2200 1358 rum,
2251 1293 2324 1364 (ὁ)
2357 1293 2510 1349 labiis
2539 1294 2742 1350 scilicet
2769 1295 3058 1350 amantium
3094 1295 3257 1350 Deum
3281 1338 3294 1358 ,
3325 1313 3428 1368 non
3455 1297 3658 1353 corde:

351 1392 472 1465 (Ps.
500 1388 714 1457 CXVII,
746 1389 802 1457 8,
829 1387 918 1462 9).
980 1387 1128 1458 Quod
1173 1388 1221 1444 si
1274 1399 1550 1460 propterea
1591 1396 1711 1460 quis
1741 1391 1954 1446 allectat
2057 1384 3080 1458 Cavete,inqnit(an,XlI)discipulis,a
3100 1390 3343 1460 fermento
3372 1387 3662 1444 Pharist-

348 1483 746 1555 primipatum,
779 1491 836 1536 ιιι
879 1481 946 1536 de
983 1480 1176 1534 ofﬁciis
1215 1480 1443 1536 aliorum
1483 1481 1777 1552 glorietur,
1830 1483 1952 1552 quia
2057 1493 2191 1541 rum,
2221 1477 2362 1546 quod
2390 1487 2470 1532 est
2501 1475 2820 1549 hypocrisis,
2872 1494 2978 1534 non
3021 1479 3324 1548 praedicatio
3365 1481 3658 1536 Creatoris.

253 1609 264 1618 ο
345 1573 526 1632 oflicia
559 1574 725 1630 vetuit
765 1572 1030 1644 ejusmodi
1067 1571 1314 1644 Sperandi
1343 1582 1398 1628 et
1417 1571 1719 1628 eontidendi
1758 1573 1809 1636 in
1853 1573 1952 1628 ho-
2059 1567 2183 1624 Odit
2219 1583 2564 1628 contuutaees
2611 1571 2784 1626 Patris
2814 1571 3009 1635 Filius;
3044 1587 3149 1626 non
3195 1573 3305 1628 vult
3351 1590 3476 1627 suos
3533 1575 3664 1630 tales

343 1667 552 1722 minem
603 1666 843 1738 (Jerem.,
870 1663 1030 1730 XVII,
1063 1665 1096 1720 5
1121 1664 1160 1734 ),
1214 1664 1352 1721 ideal
1381 1675 1434 1719 ct
1483 1662 1566 1736 (I)
1617 1664 1953 1722 affectatores
2059 1665 2291 1719 existere
2333 1666 2383 1720 in
2427 1665 2616 1720 illum:
2659 1683 2763 1720 non
2802 1666 2854 1720 in
2883 1667 3066 1731 alium,
3099 1667 3151 1720 in
3178 1682 3333 1736 quem
3369 1666 3667 1738 hypocrisis

343 1761 746 1831 principatuum
771 1757 1054 1828 increpuit.
1078 1755 1353 1812 Invehitur
1379 1767 1433 1812 et
1460 1757 1512 1810 in
1543 1756 1772 1810 doctores
1815 1759 1953 1826 ipsos
2062 1753 2250 1812 fuisset.
2277 1757 2532 1821 admissa,
2563 1756 2716 1828 cujus
2749 1758 3053 1827 exetuplum
3089 1773 3116 1811 a
3145 1758 3419 1829 discipulis
3445 1775 3666 1815 cavere~
3693 1815 3699 1821 ,

345 1851 495 1924 legis,
555 1850 696 1920 quod
746 1859 1014 1904 onerarent
1061 1845 1192 1902 alios
1243 1846 1648 1916 importabilibus
1694 1849 1948 1915 oneribus,
1981 1861 2030 1922 Β
2060 1859 2162 1902 tur.
2194 1847 2268 1902 [ta
2299 1847 2689 1904 Pharismorum
2715 1849 2958 1918 prohibet
2985 1849 3062 1920 (6)
3091 1855 3392 1920 exemplum
3421 1869 3436 1905 :
3468 1851 3520 1904 iu
3543 1839 3681 1905 cum

343 1957 462 2012 qate
485 1941 585 2014 ipsi
613 1957 674 1994 ne
694 1940 854 2012 digito
875 1939 1077 2010 quidem
1106 1938 1315 2009 aggredi
1343 1938 1590 1994 auderent
1623 1954 1636 1992 :
1666 1943 1769 1994 non
1799 1935 1956 2010 Legis
2061 1940 2379 2011 prohibebat
2425 1942 2554 1997 illud
2595 1943 2800 1997 admitti
2827 1983 2844 2009 ,
2877 1946 2926 1995 in
2959 1957 3117 2012 quem
3148 1943 3496 1999 admittebant
3526 1945 3666 1998 Pha-

345 2051 510 2090 oncra
545 2031 802 2103 sugillans
831 2031 982 2100 quasi
1011 2030 1305 2086 detestalor
1335 2029 1484 2100 ejus:
1515 2029 1784 2101 quomodo
1811 2031 1956 2086 enim
2063 2035 2225 2090 ris:1:i.
2253 2033 2420 2104 Igitur
2462 2035 2712 2106 quoniam
2759 2035 3078 2104 hypocrisin:
3107 2049 3292 2092 eorum
3323 2044 3548 2102 taxarat,
3575 2037 3674 2091 nti-

345 2127 666 2188 detestatur,
691 2121 784 2192 qui
811 2136 932 2176 eum
957 2121 1188 2176 n'iavime
1219 2121 1423 2190 potiora
1454 2119 1585 2192 legis
1629 2129 1956 2192 prieterenn-
2064 2142 2168 2197 q-te
2195 2127 2457 2182 celantem
2489 2127 2696 2182 occulta
2723 2125 2922 2192 cordis,
2957 2135 3012 2184 et
3040 2125 3427 2182 incredulitatis
3464 2141 3670 2184 secreta

350 2231 431 2274 tes
472 2216 781 2280 incusabat,
811 2213 1211 2287 clccuosyuam
1241 2225 1294 2270 et
1321 2215 1652 2270 vocatiOuem
1704 2223 1758 2271 et
1795 2213 1960 2272 di’cc-
2065 2218 2492 2288 supct'licialibus
2540 2215 2735 2272 ofﬁciis
2799 2215 3244 2282 obumbranlcnt;
3299 2232 3415 2288 qum
3465 2218 3672 2274 clavem

350 2309 554 2364 tionem
600 2307 715 2373 Dei,
768 2322 837 2360 ne
863 2307 976 2360 lucc
1006 2304 1218 2374 quidem
1242 2307 1442 2376 gravia,
1486 2305 1680 2360 nedum
1721 2305 1960 2362 decimas
2066 2299 2352 2380 agnitionis
2379 2309 2604 2374 habens,
2631 2324 2730 2364 nec
2758 2307 2838 2380 (7)
2865 2309 2976 2380 ipsa
3008 2309 3284 2376 introiret,
3323 2325 3421 2365 nec
3444 2310 3576 2364 alios
3603 2313 3675 2365 si-

351 2413 620 2464 rutarnm,
653 2408 706 2455 et
737 2397 826 2471 (2)
859 2397 1146 2452 munditias
1168 2400 1464 2454 catiuorum
1487 2398 1512 2453 ?
1537 2399 1824 2466 Cmternm,
1859 2417 1957 2457 cx-
2068 2413 2253 2470 ncret;
2285 2404 2404 2459 ideo
2435 2401 2652 2478 adjicit:
2708 2399 2857 2456 Nihil
2881 2412 3047 2455 autem
3074 2413 3326 2473 opertum,
3382 2405 3518 2474 quod
3572 2421 3672 2459 non

351 2492 622 2550 cusandos
639 2491 816 2562 potius
834 2491 1150 2555 censuisset,
1172 2491 1216 2544 si
1236 2491 1586 2561 importabilia
1611 2505 1824 2565 portare
1854 2509 1960 2550 non
2069 2497 2270 2567 pate/iet
2287 2513 2308 2562 ;
2348 2505 2394 2550 et
2421 2495 2552 2549 nihil
2579 2494 2960 2561 absconditum,
2993 2494 3130 2565 quod
3170 2511 3270 2549 non
3313 2495 3673 2566 dignoscetur;

275 2624 326 2642 ρ-
354 2591 599 2658 possent.
630 2580 735 2638 Sed
757 2597 874 2653 qua:
905 2597 1067 2637 onera
1097 2582 1284 2637 taxat?
1311 2581 1441 2651 Qua:
1467 2583 1564 2654 ipsi
1587 2583 1655 2639 de
1681 2601 1776 2638 suo
1803 2601 1963 2656 exag-
2070 2605 2135 2644 ne
2166 2590 2283 2660 quis
2332 2588 2601 2644 exisﬁmet
2651 2587 2799 2642 illum
2833 2588 2924 2642 Dei
2971 2587 3133 2656 ignoti
3179 2597 3322 2643 retro
3361 2599 3412 2642 ct
3455 2589 3675 2654 occulti,

273 2691 319 2704 ον
353 2676 637 2749 gerabaut,
695 2675 950 2730 docentes
1001 2683 1302 2744 praecepta,
1337 2674 1608 2729 doctrinas
1665 2675 1962 2744 homimnn,
2069 2680 2454 2737 revelationem
2492 2689 2545 2735 et
2582 2680 2976 2752 adagnitionem
3025 2680 3308 2746 intentare,
3351 2696 3471 2736 cum
3508 2681 3679 2752 subji-

353 2768 765 2826 cmnmodormn
798 2784 1014 2823 suorum
1045 2783 1235 2824 caussa
1273 2765 1400 2840 (1.9.,
1433 2768 1494 2834 V,
1529 2769 1642 2838 ‘25),
1679 2771 1966 2840 iungentes
2069 2776 2176 2830 ciat
2225 2776 2384 2830 etiam
2415 2789 2534 2844 qua:
2565 2775 2705 2828 inter
2737 2789 2798 2829 se
2841 2772 3184 2828 mussitareut
3231 2773 3316 2828 vel
3366 2781 3676 2836 tractarent,

355 2867 580 2920 domum
613 2860 678 2917 ad
707 2861 946 2926 domum,
982 2871 1038 2916 ut
1082 2878 1198 2931 quae
1229 2863 1455 2930 proximi
1507 2871 1634 2917 sunt
1671 2863 1962 2930 aulerrent,
2071 2867 2274 2921 scilicet
2307 2879 2470 2934 super
2497 2865 2614 2934 ipso
2641 2865 2920 2920 dicentes:
2957 2863 3056 2918 Hic
3099 2881 3200 2919 non
3249 2864 3458 2936 expellit
3485 2865 3680 2919 clienta-

355 2959 661 3014 clamahtes
695 2954 980 3024 populum,
1021 2961 1262 3008 amantes
1309 2969 1552 3022 munera,
1580 2965 1850 3012 sectantes
1879 2971 1966 3012 re-
2074 2961 2159 3014 nia
2189 2960 2286 3014 nisi
2316 2960 2370 3012 in
2405 2957 2723 3026 Beelzebnle,
2761 2957 2814 3012 in
2859 2967 3104 3027 apertmu
3147 2974 3494 3027 processura,
3519 2965 3573 3012 et
3627 2959 3678 3014 in

360 3049 737 3113 tributionem,
766 3045 1082 3116 diripientes
1104 3045 1334 3115 jndicata
1361 3062 1692 3117 pauperum;
1726 3049 1800 3102 uti
1827 3056 1969 3104 esset
2073 3069 2168 3109 ore
2219 3052 2497 3108 hominum
2549 3051 2719 3105 futura
2744 3093 2759 3119 ,
2793 3067 2858 3106 ex
2911 3051 3184 3119 Evangelii
3232 3052 3680 3122 promulgatione.

303 3151 308 3154 ·
361 3143 471 3198 illis
494 3139 656 3196 vidua
687 3141 738 3194 in
771 3138 1027 3208 rapinam,
1061 3146 1116 3193 et
1144 3139 1374 3208 pupillus
1403 3141 1453 3193 in
1473 3139 1729 3212 praedam.
1762 3141 1836 3196 De
1861 3141 1970 3211 qni-
2077 3145 2280 3202 Deinde
2334 3143 2413 3216 (8)
2487 3159 2778 3200 conversus
2819 3143 2888 3200 ad
2933 3144 3224 3213 discipulos
3277 3143 3444 3200 :Dico
3491 3157 3680 3211 autem,

361 3235 470 3290 bus
493 3233 633 3288 idem
667 3231 848 3286 Esaias
879 3228 1003 3302 (ls.,
1033 3225 1268 3298 XXVIII,
1303 3231 1424 3302 Ii):
1471 3231 1554 3286 Va:
1593 3233 1678 3304 qui
1722 3233 1888 3288 valent
1917 3235 1971 3288 in
2000 3250 2044 3314 ρ
2078 3237 2268 3308 inquit,
2298 3237 2436 3301 vobis
2463 3237 2639 3290 amicis
2666 3237 2789 3290 meis
2827 3235 2932 3308 (9),
2980 3236 3134 3290 nolite
3178 3237 3352 3290 terreri
3387 3237 3450 3291 ab
3490 3238 3560 3291 eis
3601 3237 3689 3308 qni

367 3328 698 3384 Hierusalem
723 3324 824 3398 (ὅ),
858 3335 912 3380 et
931 3341 1116 3380 rursus
1147 3323 1272 3401 (13.,
1304 3325 1392 3394 III,
1415 3326 1471 3396 5)
1501 3345 1512 3379 :
1549 3327 1645 3395 Qui
1671 3343 1758 3382 vos
1797 3338 1974 3399 postn-
2081 3348 2168 3386 vos
2203 3331 2518 3385 solummodo
2545 3329 2772 3384 occidere
2803 3339 3032 3400 possunt,
3065 3346 3156 3383 nec
3184 3339 3294 3398 post
3332 3330 3426 3384 hoc
3453 3331 3610 3384 ullam
3635 3333 3690 3386 in

365 3422 504 3486 lant,
542 3418 870 3473 dominantur
889 3417 1058 3472 vestri.
1080 3417 1178 3482 Qui
1220 3418 1410 3488 magis,
1439 3433 1596 3488 quam
1629 3419 1760 3490 legis
1795 3419 1980 3475 do'cto-
2081 3422 2219 3476 vobis
2240 3423 2420 3476 habent
2449 3430 2765 3492 potestatem.
2819 3419 2924 3476 Sed
2955 3420 3018 3474 iis
3051 3421 3151 3476 erit
3179 3421 3361 3475 ESaias
3393 3422 3693 3492 prtedieens

367 3511 504 3568 res?
549 3509 612 3564 lli
638 3511 682 3564 si
731 3519 786 3566 et
835 3508 1050 3563 Christo
1081 3508 1474 3578 displicebant,
1521 3519 1580 3565 ut
1615 3512 1696 3566 sui
1726 3512 1979 3583 diSpIice-
2082 3515 2210 3590 (15.,
2234 3513 2392 3581 LVII,
2426 3513 2516 3586 1):
2562 3512 2690 3568 Vide
2712 3500 2964 3590 quomodo
2983 3515 3157 3585 justus
3194 3514 3444 3584 aufertur,
3475 3523 3520 3567 et
3545 3529 3692 3568 nemo

368 3609 526 3665 bant.
578 3604 656 3676 (a)
694 3604 896 3660 Aliena:
941 3605 1082 3659 enim
1141 3602 1274 3675 legis
1317 3604 1564 3660 doctores
1610 3622 1714 3661 non
1763 3609 1982 3663 omnino
2083 3608 2320 3663 advertit.
2358 3604 2726 3661 Demonstrabo
2769 3615 2936 3660 autem
2979 3603 3115 3659 vobis
3150 3615 3295 3674 quem
3337 3604 3593 3658 linteatis:
3624 3605 3692 3659 ti-

373 3699 670 3772 pulsassct.
691 3697 798 3750 Cur
824 3679 1004 3752 autem
1032 3711 1108 3750 va:
1131 3695 1351 3751 audiunt
1379 3697 1562 3764 etiam,
1587 3697 1726 3768 quod
1745 3699 1980 3756 aediﬁca.
2085 3710 2215 3756 mete
2239 3715 2368 3765 eum,
2390 3699 2478 3770 qui
2499 3708 2766 3770 postquam
2795 3697 3054 3762 occiderit,
3086 3694 3383 3766 potestatem
3405 3699 3553 3752 habet
3575 3699 3696 3752 mit-

376 3800 506 3849 rcnt
567 3787 842 3860 prophetis
882 3795 1228 3843 monumenta
1277 3787 1610 3860 interemptis
1666 3805 1697 3846 a
1747 3791 1983 3862 patribus
2087 3791 2226 3846 tendi
2255 3791 2306 3845 in
2329 3789 2984 3861 gehennam;Creatorem
3015 3788 3195 3858 utique
3225 3787 3532 3858 significans
3551 3789 3690 3862 (10).

373 3898 594 3948 eorum,
628 3879 784 3936 laude
813 3881 987 3950 potius
1015 3879 1182 3952 digni,
1217 3879 1306 3950 qui
1347 3897 1411 3936 ex
1455 3881 1746 3960 istoopcre
1775 3885 1986 3954 pietatis
2093 3880 2273 3951 Itaque
2299 3881 2411 3935 dico
2432 3880 2590 3946 vobis,
2625 3882 2758 3932 hunc
2791 3879 2977 3933 timete.
3004 3879 3072 3932 Et
3109 3878 3210 3932 hoc
3242 3877 3295 3932 in
3327 3879 3444 3933 loco
3473 3877 3694 3934 sultice-

378 3973 720 4032 testabantur
749 3987 808 4028 se
851 3985 957 4027 non
995 3973 1300 4027 consentire
1333 3970 1482 4026 factis
1509 3983 1754 4043 patrum;
1803 3976 1846 4030 si
1879 3991 1984 4031 non
2090 3985 2174 4032 ret
2224 3973 2375 4041 mihi,
2430 3972 2505 4036 si,‘
2534 3985 2712 4050 'quem
2760 3970 2934 4025 timeri
2979 3969 3154 4040 jubet,
3194 3968 3388 4024 ollendi
3433 3977 3611 4036 vetat;
3641 3977 3699 4024 et

376 4077 503 4124 erat
529 4065 750 4127 zelotes.
789 4063 1000 4135 qualem
1027 4071 1259 4134 arguunt
1295 4061 1641 4128 Marcionita),
1673 4065 1864 4122 delicta
1895 4082 1990 4138 pa-
2090 4080 2248 4138 quem
2284 4062 2480 4120 OIIendi
2511 4072 2675 4130 vetat,
2709 4061 2974 4116 demereri
2995 4060 3172 4130 jubet;
3207 4070 3263 4116 et
3287 4061 3374 4132 qui
3407 4059 3522 4117 hare
3547 4077 3699 4117 man-

372 4171 533 4217 trum
573 4155 641 4212 de
681 4155 804 4211 llliis
845 4155 1146 4226 exigentem
1177 4169 1348 4224 usque
1374 4155 1428 4209 in
1455 4165 1698 4226 quartam
1739 4161 1990 4214 nativita-
2093 4156 2202 4223 dat,
2235 4156 2400 4226 ipsius
2439 4164 2544 4219 est,
2595 4154 2679 4208 cui
2733 4151 2988 4217 timendo,
3033 4161 3212 4207 etnon
3261 4151 3614 4219 olleudcndo,
3647 4160 3704 4209 et;

373 4250 540 4310 tem?
582 4249 752 4316 Quam
798 4259 927 4302 vero
970 4247 1180 4301 clavem
1231 4243 1500 4302 habebant
1539 4247 1668 4320 legis
1719 4250 1990 4320 doetores,
2094 4248 2420 4307 demerendo
2449 4257 2720 4318 procurat.
2773 4243 2878 4300 Sed
2929 4245 3100 4301 habeo
3143 4252 3196 4300 et
3235 4244 3302 4300 de
3352 4246 3702 4315 sequentibus

373 4341 497 4402 nisi
522 4339 1018 4410 interpretationem
1061 4337 1238 4408 legis?
1259 4337 1323 4392 ad
1351 4338 1501 4410 cujus
1527 4340 1849 4397 intellectum
1899 4358 1993 4399 ne-
2096 4358 2308 4400 sumere
2335 4359 2347 4397 :
2381 4341 2507 4394 Dico
2537 4341 2671 4395 enim
2693 4338 2850 4404 vobis,
2888 4336 3066 4392 Omnis
3095 4337 3181 4408 qui
3199 4337 3519 4406 conﬁtebitur
3543 4338 3597 4391 in
3621 4353 3701 4392 me

375 4447 499 4509 que
529 4432 629 4504 ipsi
669 4429 906 4497 adibant,
957 4444 1064 4484 non
1095 4427 1377 4485 credentes
1401 4430 1645 4487 scilicet:
1697 4431 1818 4486 Nisi
1859 4436 2036 4489 cnim:
2099 4453 2270 4498 coram
2313 4433 2634 4501 hominibus,
2666 4431 2943 4502 conﬁtebor
2989 4431 3040 4484 in
3082 4430 3172 4483 illa
3221 4447 3394 4484 coram
3438 4429 3564 4484 Deo.
3599 4429 3704 4497 Qui

377 4523 734 4591 credideritis,
763 4536 864 4576 non
890 4518 1222 4592 intelligetis;
1249 4535 1422 4590 neque
1447 4521 1581 4578 alios
1620 4523 1994 4591 admittebant,
2099 4527 2496 4586 conﬁtebuntur
2519 4533 2697 4580 autem
2738 4524 2790 4578 in
2829 4523 3061 4586 Christo,
3093 4521 3261 4577 occidi
3301 4521 3575 4576 habebunt
3611 4537 3706 4577 co-

383 4617 583 4686 utique
611 4613 868 4668 docentes
909 4610 988 4681 (4)
1031 4615 1292 4682 praecepta
1325 4612 1500 4678 potius
1525 4621 1578 4668 et
1606 4615 1875 4674 doctrinas
1901 4618 1996 4674 ho—
2021 4641 2076 4702 Β
2103 4639 2216 4678 ram
2259 4617 2582 4682 hominibus,
2617 4615 2745 4672 nihil
2769 4617 2948 4686 utique
2973 4613 3432 4684 amplius.pa~suri
3467 4622 3583 4683 post
3611 4629 3705 4669 oc-

387 4710 627 4768 minum.
653 4704 753 4774 Qui
782 4719 910 4776 ergo
933 4718 1034 4760 nec
1063 4704 1208 4774 ipsos
1235 4705 1586 4767 introeuntes.
1614 4723 1711 4764 nec
1737 4710 1860 4765 aliis
1889 4712 2001 4769 adia
2103 4715 2358 4771 cisionem
2373 4712 2574 4767 abillis.
2594 4709 2789 4782 Hi(ll)
2809 4724 2935 4780 ergo
2958 4717 3262 4778 eruntquos
3287 4719 3447 4775 supra
3466 4720 3706 4774 pnemo-

388 4813 514 4861 mm
545 4805 880 4872 praestantes,
915 4795 1244 4865 increpabat,
1276 4796 1602 4874 obtrectator
1621 4801 1899 4860 habendus
1921 4815 2003 4862 est
2107 4819 2217 4874 net,
2262 4824 2331 4864 ne
2359 4807 2576 4862 timeant
2608 4802 2976 4860 tantummodo
2996 4800 3199 4865 occidi;
3228 4799 3348 4854 ideo
3377 4798 3707 4868 prannittens

389 4894 568 4968 tegis,
607 4908 676 4948 an
703 4889 920 4946 fautor?
960 4889 1015 4946 Si
1045 4889 1399 4960 obtrectator,
1423 4891 1634 4962 placere
1658 4895 1926 4954 debebant
1951 4911 2006 4956 et
2107 4920 2214 4960 non
2245 4901 2534 4958 timendam
2557 4900 2906 4968 occisionem,
2931 4907 2986 4954 ut
3001 4898 3342 4968 subjungeret
3390 4893 3709 4978 substruen-

1641 5009 2024 5074 LECTIONES
2063 5014 2476 5076 VARIANTES.

497 5120 548 5200 Ω
589 5121 653 5200 ΞΕ
673 5119 806 5200 (3ἔὲἕέ
828 5115 996 5200 ξ’ξὲξὲ-

2181 5127 2256 5200 ςξζ)
2296 5128 2354 5200 lp
2375 5128 2693 5200 ξηαπ-ξαντα.

495 5183 550 5252 si
587 5183 654 5252 rc
671 5183 996 5252 «narraris-

2295 5190 2491 5252 Dehinc
2521 5191 2662 5252 Eam.

497 5127 548 5188 ι)
589 5127 653 5174 Et
673 5127 806 5172 abest
828 5127 996 5190 Paris.

495 5187 550 5252 ”
585 5183 1002 5298 ιῖἕὲιῗολίἓῖἶῧῑ

465 5127 560 5506 ἓξ

635 5445 691 5486 et
729 5430 840 5490 ibet
853 5429 922 5482 al.

2295 5128 2694 5263 gleiiiifcrfgnmf.

2206 5254 2258 5314 (η
2298 5251 2417 5322 Meis
2439 5263 2492 5324 tu
2514 5248 2627 5300 alus
2649 5246 2795 5318 abest.

2213 5315 2267 5365 l0
2323 5313 2372 5362 Si
2413 5315 2613 5361 mhcaus
2639 5314 2788 5361 onutl.

2211 5317 2291 5439 tt)
2327 5327 2422 5424 IIII:
2443 5371 2620 5440 Rigalt.
2654 5379 2795 5422 Venet

587 5368 922 5486 ﬁliiﬁlii.
941 5364 1162 5434 "“““’”'

204 5550 237 5571 ⁸
1777 5544 2338 5605 COMMENTARIUS.

615 5673 816 5754 4m
841 5671 1394 5754 enimnyiqoctorgs.
1424 5671 1634 5754 Samius
1674 5674 1760 5732 hic
1802 5687 1858 5754 et
1901 5679 2027 5735 alibi
2152 5678 2358 5754 _C.~\P.
2422 5672 2662 5754 XXVIIII.
2724 5701 2795 5711 —-
2845 5666 2943 5752 (b)_
2969 5663 3155 5754 .Laliiis
3202 5659 3736 5754 scilicet“amantium

142 5739 175 5837 ξ
609 5749 863 5837 dot-twqu
889 5739 1178 5837 lggisperiti
1209 5754 1263 5802 et
1288 5739 1534 5817 [diarismi
1562 5747 1810 5808 dicuntur
1834 5751 2028 5823 (graece
2143 5749 2304 5833 Deam
2324 5791 2346 5837 _,
2411 5758 2530 5830 etc.
2571 5745 2800 5837 Elter-am
2833 5739 3741 5837 OCCItICl'IIIlel',WIn?”

415 5801 864 5900 iuga“
1151 5801 1154 5802 ⁷
1223 5801 1231 5802 ί
1289 5801 1305 5817 ⁵
1570 5801 1591 5802 η
1837 5801 2026 5823 “²’“’”
2143 5801 3737 5897 hinni{estsi-tumentemserpielmmu“clavcttlscilicet,

2237 5303 2291 5439 ὑὶ
2323 5312 2613 5424 Ξὶίςηὶίίρδης
2639 5308 2788 5361 omitl.
2815 5303 2970 5360 Seml.

2245 5377 2263 5426 ι
2327 5373 2374 5424 Η
2395 5387 2422 5424 c
2443 5371 2620 5439 Rigalt.
2654 5379 2816 5422 Venet.

2213 5315 2267 5365 10
2323 5315 2372 5362 Si
2413 5315 2613 5361 nilicaus
2639 5315 2788 5361 omitl.
2815 5351 2816 5358 η

2211 5317 2291 5439 tt)
2327 5327 2422 5424 IIII:
2443 5371 2620 5440 Rigalt.
2654 5379 2816 5422 Venet.
