4020 6286
349 363 448 424 451

1769 297 2248 416 TERTULLIANI.

3552 361 3660 422 452

356 482 969 558 dam(l)confessionem
996 497 1008 535 :
1034 477 1103 536 Et
1123 481 1286 536 omnis
1310 479 1395 552 qui
1417 478 1666 552 negauerit
1684 493 1761 532 me
1784 492 1954 531 coram
1981 478 2032 534 A
2060 484 2199 530 tuum
2236 477 2456 546 percutis
2481 477 2506 530 Ρ
2535 476 2604 532 Et
2631 476 2872 548 rejicitnr
2910 475 2977 532 ab
3010 476 3101 532 illo
3133 495 3148 533 :
3175 477 3301 543 Quis
3328 485 3375 534 te
3402 482 3661 534 constituit

352 577 661 644 hominibus,
697 573 1025 646 denegabitur
1063 589 1237 628 coram
1272 571 1418 638 Deo;
1448 572 1516 627 ab
1541 585 1608 627 eo
1638 571 1819 639 utique
1862 568 1951 638 qui

349 669 503 726 illum
529 670 870 725 confitentem
907 667 1249 722 confessurus
1285 664 1494 721 fuisset.
1539 663 1596 720 Si
1636 662 1778 719 enim
1816 675 1950 716 con-

346 762 608 819 fessorem
643 759 1016 823 confitebitur,
1049 760 1163 829 ipse
1191 767 1273 814 est
1313 758 1403 828 qui
1435 765 1490 813 et
1518 764 1828 828 negatorem
1858 769 1952 808 nc-

347 853 516 924 gabit.
551 853 738 918 Porro,
759 853 805 908 si
831 849 1111 908 confessor
1139 860 1244 916 est,
1271 849 1357 904 cui
1389 848 1520 904 nihil
1547 846 1840 902 timendum
1867 852 1951 901 est

346 954 472 1018 post
498 947 845 1013 occisionem,
874 952 1095 1015 negator
1118 943 1220 998 erit
1248 941 1334 998 cui
1365 940 1660 997 timendum
1685 947 1768 995 est
1787 938 1947 994 etiam

345 1050 475 1112 post
516 1050 766 1097 mortem.
805 1038 989 1110 Itaque
1014 1052 1134 1092 cum
1164 1035 1434 1092 Creatoris
1464 1036 1534 1091 sit
1569 1033 1712 1106 quod
1758 1035 1950 1088 timcn-

343 1133 472 1190 dum
503 1143 586 1190 cst
614 1145 732 1204 post
755 1139 1006 1196 mortem,
1035 1129 1296 1202 gehennze
1321 1129 1525 1185 scilicet
1550 1142 1730 1199 pmna,
1765 1135 1821 1182 et
1849 1142 1944 1182 nc-

343 1235 500 1298 gator
523 1241 651 1297 ergo
675 1224 947 1280 Creatoris
973 1232 1076 1279 est.
1097 1222 1152 1279 Si
1173 1230 1352 1277 autem
1383 1229 1439 1277 et
1462 1229 1704 1291 negator,
1734 1229 1788 1274 et
1820 1233 1948 1273 con-

339 1317 535 1384 fessor,
561 1315 653 1387 qui
684 1325 805 1386 post
825 1313 1150 1370 occisionem
1181 1311 1311 1368 nihil
1341 1311 1409 1366 ab
1437 1311 1651 1365 homine
1693 1322 1947 1380 passurus

341 1423 446 1479 est,
478 1427 509 1468 a
538 1412 648 1467 Deo
674 1410 830 1481 plane
857 1422 1112 1480 passurus
1139 1408 1183 1463 si
1217 1415 1455 1477 negaret,
1485 1417 1644 1474 atque
1674 1404 1744 1459 ita
1786 1401 1945 1457 Chri-

340 1515 458 1561 stus
481 1503 754 1562 Creatoris
779 1510 881 1569 est,
921 1500 1013 1572 qui
1051 1499 1288 1556 ostendit
1317 1507 1597 1568 negatores
1628 1509 1754 1550 suos
1777 1493 1942 1550 Crea-

342 1599 477 1654 toris
502 1596 800 1667 gehennam
823 1595 1010 1649 timerc
1037 1591 1254 1648 debere.
1285 1590 1411 1646 Post
1432 1589 1740 1645 deterritam
1769 1588 1945 1658 itaque

339 1690 704 1762 negationem,
731 1687 969 1757 sequitur
999 1693 1055 1741 et
1080 1682 1427 1754 blasphemia:
1459 1679 1808 1736 formidanda:
1850 1678 1945 1733 ad-

337 1783 600 1840 monitio:
637 1781 715 1854 (ο)
748 1780 847 1847 Qui
884 1779 1068 1834 dixerit
1115 1777 1170 1832 in
1209 1777 1373 1846 ﬁlium
1399 1775 1638 1839 hominis,
1667 1774 1944 1829 remittetur

2058 571 2358 642 magistrum
2385 580 2474 625 aut
2512 571 2732 639 iudicem
2756 588 2911 643 super
2937 572 3065 626 nos?
3089 571 3336 626 Christus
3362 589 3492 628 vero
3527 590 3654 644 pos-

2058 663 2254 718 tulatus
2283 677 2311 716 a
2340 661 2569 730 quodam
2593 705 2607 730 ,
2640 671 2699 718 ut
2729 663 2870 718 inter
2917 663 3065 718 illum
3117 674 3172 717 et
3217 663 3436 720 fratrem
3488 666 3655 735 ipsius

2055 755 2122 810 de
2149 755 2233 827 (8)
2278 755 2566 811 dividunda
2627 755 2940 812 htereditate
2990 765 3376 826 componeret,
3436 771 3657 827 cperant

2055 860 2321 917 suam,'et
2354 849 2568 920 quidem
2602 860 2707 904 tam
2733 849 2916 921 proba:
2948 865 3172 916 caussae,
3204 851 3506 921 denegavit.
3537 850 3657 908 Jam

2053 959 2184 1012 ergo
2221 944 2416 1000 melior
2443 943 2652 1016 MOYreS
2697 959 2851 1000 meus
2889 942 3108 1000 Christo
3138 951 3248 1011 tuo,
3278 942 3506 998 fratrum
3540 945 3656 1014 paci

2053 1035 2276 1092 studens
2296 1079 2310 1105 ,
2352 1037 2559 1108 injuriae
2605 1051 2915 1092 occurrens.
2947 1036 3052 1092 Sed
3083 1038 3225 1092 enim
3254 1038 3442 1106 optimi
3466 1047 3518 1094 et
3549 1054 3656 1095 non

2047 1126 2242 1198 judicis
2283 1128 2374 1185 Dei
2413 1128 2661 1184 Christus
2691 1146 2702 1182 :
2740 1128 2867 1194 Quis
2898 1145 2997 1193 me,
3045 1129 3238 1199 inquit,
3258 1130 3490 1200 judicent
3521 1147 3649 1185 cou-

2051 1219 2216 1274 stituit
2245 1236 2399 1290 super
2430 1237 2518 1275 vos
2537 1221 2563 1274 ?
2593 1218 2772 1274 Aliam
2808 1234 2994 1275 vocem
3023 1221 3384 1276 excusationis
3414 1222 3658 1278 il|\'C|lil'0

2053 1329 2158 1368 non
2200 1313 2392 1384 potuit,
2437 1329 2503 1370 ne
2542 1330 2602 1370 ea
2637 1324 2878 1370 uteretur
2904 1329 3006 1386 qua
3034 1314 3310 1385 improbus
3339 1317 3439 1380 vir,
3470 1326 3525 1372 et
3555 1318 3657 1373 imo

2055 1406 2174 1476 pius
2203 1406 2366 1460 frater
2397 1417 2726 1462 assertorem
2781 1393 3065 1476 probitatis
3105 1415 3268 1478 atque
3312 1409 3527 1479 pictatis
3556 1425 3655 1465 ex-

2049 1508 2309 1554 cusserat.
2339 1498 2576 1569 Denique
2605 1499 2846 1570 probavit
2871 1498 3066 1554 malam
3099 1515 3308 1566 vocem,
3336 1501 3532 1555 utendo
3553 1518 3613 1557 ea
3636 1542 3652 1569 ,

2050 1601 2105 1648 et
2151 1592 2351 1647 malum
2399 1591 2631 1657 factum,
2685 1593 2832 1662 pacis
2880 1592 3018 1646 inter
3051 1591 3240 1647 fratres
3269 1594 3656 1664 componenda:

2049 1686 2431 1743 declinatione.
2461 1687 2569 1742 Aut
2597 1686 2852 1755 numquid
2885 1685 3100 1756 indigne
3140 1687 3342 1753 tulerit,
3377 1686 3478 1743 hoc
3511 1687 3655 1744 dicto

2049 1779 2282 1851 fugatum
2306 1778 2549 1852 Moysen?
2566 1778 2794 1851 ideoque
2814 1779 2865 1834 in
2882 1794 3072 1834 caussa
3105 1779 3218 1850 pari
3241 1779 3653 1851 disceptantium

335 1877 452 1943 illi;
480 1876 566 1948 qui
594 1883 766 1929 autem
817 1871 896 1943 (‘2)
939 1871 1121 1926 dixerit
1161 1870 1213 1922 in
1240 1867 1494 1938 Spiritum
1531 1866 1800 1930 Sanctum,
1845 1882 1945 1920 non
1974 1869 2022 1929 B
2051 1870 2317 1936 fratrum,
2351 1871 2518 1926 voluit
2551 1871 2672 1927 illos
2699 1873 3211 1927 commemoratione
3239 1870 3482 1942 ejusdem
3524 1873 3652 1930 dic-i

335 1971 618 2027 remittetur
640 1970 708 2022 ei.
735 1965 886 2034 Quod
919 1965 962 2018 si
989 1964 1098 2034 jam
1131 1961 1379 2017 remissio
1399 1969 1454 2015 et
1483 1958 1714 2015 retentio
1762 1957 1941 2013 delicti

330 2061 566 2134 judicent
591 2061 754 2116 Deum
779 2058 1014 2128 sapiunt,
1039 2055 1206 2126 hujus
1227 2053 1308 2126 (5)
1338 2053 1439 2108 erit
1459 2051 1692 2122 Spiritus
1716 2051 1943 2107 Sanctus

334 2169 446 2211 non
474 2151 948 2224 blasphemandus,
982 2164 1088 2203 non
1121 2145 1396 2203 remissuri
1441 2146 1644 2201 scilicet
1693 2143 1942 2214 blaSphe-

334 2247 530 2312 miam;
553 2247 691 2300 sicut
715 2253 770 2299 et
793 2256 954 2312 supra
997 2255 1101 2296 non
1132 2236 1438 2309 negandus,
1469 2235 1696 2292 occisuri
1737 2234 1942 2290 scilicet

332 2337 496 2395 etiam
520 2339 571 2392 in
605 2337 928 2407 gehennam.
960 2331 1112 2400 Quod
1143 2331 1189 2387 si
1214 2341 1266 2386 et
1288 2329 1672 2400 blasphemiam
1693 2327 1940 2384 Christus

331 2445 365 2487 a
395 2430 649 2487 Creatorc
676 2427 890 2490 avertit,
929 2422 1201 2496 quomodo
1241 2422 1577 2477 adversarius
1612 2421 1660 2476 ei
1711 2421 1937 2485 venerit,

333 2537 445 2580 non
469 2521 600 2578 scio.
637 2523 742 2575 Aut
767 2519 811 2574 si
841 2526 895 2574 et
914 2533 1011 2588 per
1039 2516 1154 2571 hare
1183 2513 1528 2571 severitatem
1549 2513 1665 2582 ejus
1687 2513 1938 2579 infuscat,

333 2631 443 2673 non
467 2613 744 2670 remissuri
791 2610 1200 2682 blasphemiam,
1243 2616 1300 2664 et
1325 2607 1553 2663 occisuri
1579 2607 1738 2662 etiam
1770 2607 1822 2661 in
1847 2622 1941 2678 ge-

334 2710 592 2776 hennam,
625 2715 878 2778 superest
905 2712 964 2760 ut
991 2711 1047 2760 et
1088 2690 1229 2756 illius
1267 2701 1466 2756 diversi
1512 2699 1605 2755 Dei
1643 2701 1858 2770 impune
1886 2707 1942 2754 et

332 2801 566 2873 Spiritus
596 2798 1017 2869 blasphemetur,
1045 2805 1100 2850 et
1137 2791 1382 2849 Christus
1427 2801 1670 2862 negetur,
1709 2801 1763 2846 et
1807 2790 1935 2845 nihil

332 2893 547 2952 intersit
574 2891 642 2948 de
667 2889 813 2946 cultu
843 2889 982 2957 ejus,
1025 2885 1162 2942 dcve
1201 2891 1552 2952 contemptu;
1598 2891 1654 2938 et
1696 2881 1834 2936 sicut
1871 2881 1941 2938 de

331 2993 645 3056 contemptu
684 2982 822 3038 nulla
859 2995 1041 3052 ptena,
1084 2979 1152 3034 ita
1204 2986 1258 3032 et
1311 2975 1380 3032 de
1421 2976 1566 3032 cultu
1613 2976 1755 3031 nulla
1814 2991 1938 3046 spe-

331 3076 501 3135 randa
567 3076 638 3132 sit
693 3087 921 3130 merces.
996 3069 1289 3126 Pcrductos
1330 3069 1435 3140 (4)
1475 3067 1540 3123 ad
1608 3077 1937 3138 potestates,

333 3170 584 3242 prohibet
653 3168 719 3223 ad
760 3163 1232 3236 interrogationem
1295 3163 1530 3234 cogitare
1582 3161 1648 3218 de
1709 3178 1936 3234 respon-

2047 1962 2397 2020 confudissc?
2455 1963 2617 2018 Plane
2661 1963 2756 2018 ita.
2816 1962 2934 2033 ipse
2984 1962 3126 2018 enim
3185 1972 3313 2018 tunc
3371 1963 3545 2019 fuerat
3598 1963 3652 2020 in

2046 2053 2249 2127 Moyse,
2278 2056 2368 2127 qui
2397 2056 2519 2111 talia
2565 2054 2847 2120 audierat,
2878 2055 3097 2125 spiritus
3124 2055 3325 2111 scilicet
3351 2053 3648 2112 Creatoris.

2046 2149 2307 2219 Putojam
2331 2148 2459 2202 alibi
2487 2151 2617 2203 satis
2641 2147 3052 2204 commendasse
3074 2164 3172 2203 nos
3189 2147 3498 2203 divitiarum
3527 2150 3616 2219 glo
3632 2178 3645 2187 -

2047 2242 2179 2296 riam
2204 2240 2448 2296 danmari
2471 2255 2500 2294 a
2526 2241 2634 2295 Deo
2657 2249 2868 2307 nostro,
2889 2240 3032 2309 ipsos
3054 2239 3306 2311 dynastas
3336 2240 3651 2298 detrahente

2045 2332 2115 2389 de
2179 2333 2346 2398 solio,
2412 2342 2466 2388 et
2526 2347 2792 2404 pauperes
2853 2331 3122 2388 allevante
3183 2332 3252 2388 de
3313 2335 3650 2406 sterquiliuii

2047 2425 2166 2495 (Ps.
2197 2425 2356 2490 CXII,
2389 2424 2502 2496 l5).
2554 2426 2636 2481 Ab
2665 2440 2730 2480 co
2761 2441 2888 2496 ergo
2926 2426 3026 2482 erit
3067 2437 3124 2480 et
3173 2425 3420 2496 parabola
3473 2427 3650 2482 divitis

2047 2517 2378 2574 blandientis
2418 2516 2519 2572 sibi
2562 2517 2630 2572 de
2671 2527 2936 2587 proventu
2979 2533 3229 2588 agrorum
3275 2533 3533 2584 suorum,
3563 2519 3647 2572 cui

2046 2609 2186 2665 Deus
2211 2609 2343 2666 dicit
2372 2627 2384 2662 :
2416 2609 2607 2675 Stulte,
2633 2609 2729 2663 hac
2745 2620 2892 2664 nocte
2907 2611 3132 2663 animam
3163 2620 3304 2664 tuam
3330 2623 3593 2682 reposcent
3624 2627 3642 2666 :

2043 2721 2157 2776 qua:
2183 2715 2351 2758 autem
2376 2704 2592 2775 parasti,
2625 2703 2772 2768 cuius
2804 2703 2882 2774 (9)
2914 2703 3103 2758 erunt?
3147 2704 3239 2760 Sic
3279 2703 3510 2776 denique
3552 2720 3647 2762 rex

2045 2796 2114 2852 de
2139 2797 2284 2867 gazis
2307 2804 2362 2852 et
2386 2795 2662 2866 apothecis
2692 2794 3005 2850 deliciarmn
3035 2810 3251 2850 suarum
3283 2795 3422 2865 apud
3453 2796 3647 2852 Persas

2044 2888 2326 2960 gloriatus,
2356 2903 2450 2958 per
2495 2886 2705 2941 Esaiam
2738 2885 2873 2940 male
2900 2885 3102 2941 audivit
3129 2884 3230 2958 (Is.
3266 2885 3536 2959 XXXIX).
3679 2884 3683 2887 ’

2612 2977 2840 3033 CAPUT
2879 2976 3071 3032 XXIX.

2116 3071 2248 3140 Quis
2286 3071 2451 3128 nollet
2477 3087 2663 3128 curam
2693 3087 2791 3127 nos
2817 3087 2981 3144 agerc
3023 3073 3218 3128 animm
3265 3073 3333 3130 de
3378 3075 3520 3130 victu
3545 3116 3561 3142 ,
3590 3083 3646 3131 ct

2045 3169 2288 3239 corporis
2332 3169 2398 3224 de
2437 3168 2663 3234 vesutu,
2693 3168 2793 3222 nisi
2821 3168 2911 3238 qui
2960 3168 3059 3224 ista
3101 3167 3306 3223 homini
3334 3178 3458 3224 ante
3522 3186 3644 3239 pro-

334 3263 524 3319 sionc:
571 3260 790 3316 Sanctus
845 3257 1019 3324 enim,
1062 3254 1266 3325 inquit,
1319 3253 1546 3323 Spiritus
1603 3255 1796 3308 docebit
1850 3271 1935 3309 vos
1963 3261 2007 3325 C
2041 3261 2238 3332 spexit,
2290 3269 2348 3315 ct
2395 3260 2590 3316 eximie
2640 3269 2924 3330 praestans,
2984 3260 3174 3314 merito
3203 3274 3385 3314 curam
3429 3276 3639 3325 eorum,

332 3355 446 3423 ipsa
464 3354 589 3408 hora
613 3351 735 3423 quid
751 3351 916 3421 eloqui
933 3348 1151 3404 debeatis
1163 3344 1268 3421 (ὅ).
1286 3345 1340 3403 Si
1364 3346 1625 3418 ejusmodi
1643 3348 1934 3404 documen-

333 3456 450 3502 tum
495 3443 766 3502 Creatoris
810 3455 922 3510 est,
965 3445 1084 3512 ejus
1127 3441 1230 3496 erit
1283 3448 1336 3494 ct
1388 3452 1738 3510 praeceptum,
1779 3441 1933 3511 cujus

332 3539 611 3611 prmccssit
649 3537 975 3607 exemplum.
1013 3534 1230 3589 Balaam
1265 3532 1550 3604 praphctes
1589 3535 1640 3587 in
1673 3533 1935 3590 Arithmis

336 3630 528 3705 (Num.
562 3629 732 3699 XXII)
789 3628 1079 3683 arcessitus
1121 3641 1150 3678 a
1201 3640 1328 3694 rege
1374 3625 1567 3679 Balach
1600 3623 1667 3679 ad
1711 3625 1934 3681 maledi-

337 3723 565 3780 cendum
597 3719 888 3781 lsraelem,
935 3733 1056 3773 cum
1103 3732 1210 3786 quo
1256 3715 1497 3785 praelium
1543 3713 1743 3779 inibat,
1777 3715 1933 3770 simul

336 3815 539 3888 Spiritu
580 3813 930 3886 implebatur;
971 3827 1078 3866 non
1115 3808 1182 3865 ad
1209 3825 1368 3879 quam
1401 3819 1624 3864 venerat
1673 3809 1933 3866 maledic-

337 3909 560 3974 tionem,
587 3905 683 3962 sed
707 3920 866 3978 quam
904 3905 980 3960 illi
1022 3904 1133 3974 ipsa
1162 3901 1294 3957 hora
1319 3900 1551 3974 Spiritus
1592 3902 1931 3974 suggerebat,

335 3999 766 4058 benedictionem
830 3995 1238 4068 pronuntiabat,
1293 4001 1416 4050 ante
1475 3993 1748 4065 professus
1793 3995 1934 4066 apud

341 4093 560 4150 nuntios
581 4093 756 4163 regios
785 4090 889 4162 (6),
914 4106 1039 4145 mox
1071 4089 1232 4144 etiam
1261 4086 1400 4158 apud
1435 4087 1631 4157 ipsmn,
1657 4089 1708 4142 id
1730 4103 1789 4144 se
1815 4105 1938 4159 pro-

337 4185 707 4242 nuntiaturum
735 4182 874 4250 quod
909 4183 1048 4236 Deus
1075 4180 1152 4235 ori
1184 4179 1302 4251 ejus
1347 4178 1645 4234 indidisset.
1679 4180 1773 4235 fire
1813 4191 1940 4236 sunt

337 4291 494 4333 nova:
513 4274 771 4331 doctrina:
799 4271 928 4328 novi
955 4271 1177 4338 Christi,
1203 4286 1335 4342 quas
1357 4270 1484 4325 olim
1508 4271 1686 4327 tantuli
1712 4271 1934 4330 Creato-

340 4369 418 4426 ris
465 4367 830 4424 initiaverunt.
890 4365 1028 4421 Ecce
1081 4363 1236 4434 plane
1289 4361 1562 4418 diversum
1629 4367 1935 4438 exemplum

340 4461 509 4533 Moysi
537 4472 592 4515 et
616 4457 817 4516 Christi
837 4458 934 4530 (b).
963 4457 1173 4528 Moyses
1197 4454 1492 4512 rixantibus
1511 4455 1765 4515 fratribus
1796 4461 1938 4518 ultro

336 4551 637 4612 intercedit
658 4549 765 4623 (7),
797 4549 1117 4621 injuriosum
1159 4549 1403 4619 increpat
1430 4565 1444 4604 :
1477 4548 1613 4617 Quid
1645 4553 1937 4619 proximum

2043 3364 2294 3426 tanquam
2326 3355 2597 3409 :L‘lliultltll.
2623 3353 2953 3409 liberalitatis
2983 3368 3115 3418 sum,
3154 3353 3399 3423 prohibet
3425 3370 3440 3420 ;
3471 3355 3557 3425 qui
3587 3365 3644 3410 ct

2039 3446 2391 3502 substantiam
2408 3446 2572 3514 ipsius
2585 3446 2770 3500 (mima:
2785 3445 3210 3500 acctimntodavit
3228 3448 3475 3516 potiorem
3502 3464 3640 3513 esca,

2039 3551 2092 3594 ct
2115 3539 2391 3595 materiam
2416 3539 2582 3608 ipsius
2613 3539 2843 3606 corporis
2871 3539 3116 3611 figuravit.
3141 3541 3386 3608 potiorem
3425 3541 3636 3608 tunica;

2038 3633 2190 3703 cujus
2220 3641 2273 3687 et
2301 3633 2436 3686 rorvi
2463 3648 2563 3685 non
2589 3641 2781 3694 serunt,
2815 3646 2904 3685 nec
2933 3641 3146 3698 metunt,
3195 3647 3285 3685 nec
3330 3633 3382 3685 in
3424 3635 3642 3702 apothe-

2039 3741 2125 3779 cas
2147 3723 2395 3790 condunt,
2420 3733 2466 3778 et
2497 3733 2666 3776 tamen
2693 3723 2902 3776 aluntur
2930 3722 2990 3776 ab
3025 3723 3137 3794 ipso
3163 3738 3183 3787 ;
3213 3723 3365 3791 cujus
3391 3733 3445 3778 et
3466 3725 3574 3778 lilio
3594 3733 3643 3777 et

2042 3819 2235 3889 [mnum
2259 3834 2363 3873 non
2389 3826 2584 3884 texunt,
2627 3833 2718 3871 nec
2747 3826 2900 3882 neut,
2944 3825 2991 3870 et
3041 3827 3208 3871 tamen
3247 3817 3528 3872 vestiuntur
3577 3815 3643 3870 ub

2040 3913 2155 3984 ipso
2175 3927 2192 3978 ;
2215 3911 2367 3983 cujus
2407 3919 2460 3964 et
2498 3910 2747 3966 Salomon
2778 3908 3175 3980 gloriosissimus
3202 3925 3292 3962 nec
3322 3909 3428 3963 ullo
3471 3919 3642 3964 tamen

2042 4005 2256 4076 [lancula
2286 4004 2510 4058 cultior?
2547 4002 2818 4058 Caeterum
2846 4001 2979 4056 nihil
3003 4011 3108 4057 tam
3138 4001 3452 4072 abruptutu,
3476 4018 3638 4074 quam

2042 4105 2102 4152 ut
2113 4097 2248 4153 alius
2271 4103 2505 4166 przcstct,
2525 4095 2662 4150 alius
2682 4095 2750 4150 de
2774 4094 3076 4166 pnestantia
3094 4093 3167 4166 (ε)
3186 4092 3302 4164 ejus
3320 4095 3636 4164 εεοιιτρωυ)

2040 4205 2202 4260 agere
2224 4187 2460 4256 mandet,
2487 4195 2541 4242 ct
2565 4187 2781 4259 quidem
2808 4186 3098 4258 derogator
3139 4187 3326 4258 ipsius.
3373 4187 3636 4258 Denique,

2041 4280 2120 4347 si,
2149 4279 2299 4351 quasi
2331 4278 2618 4349 derogator
2660 4277 2933 4334 Creatoris
2955 4318 2971 4344 ,
3004 4291 3112 4332 non
3142 4279 3252 4332 vult
3279 4277 3348 4332 de
3374 4277 3637 4347 ejusmodi

2043 4370 2246 4426 frivolis
2275 4369 2499 4441 cogitari
2525 4409 2540 4435 ,
2575 4367 2643 4424 de
2670 4368 2865 4438 quibus
2908 4383 3006 4422 nec
3033 4367 3184 4422 corvi
3218 4382 3317 4422 nec
3348 4367 3456 4422 lilia
3482 4367 3636 4422 labo-

2041 4473 2183 4530 rent,
2240 4463 2384 4519 ultro
2412 4462 2620 4518 scilicet
2648 4475 2748 4532 pro
2778 4475 2876 4516 sua
2904 4461 3110 4515 vilitate
3137 4459 3418 4530 subjectis,
3470 4459 3630 4530 paulo

2043 4566 2164 4627 post
2203 4554 2423 4626 patebit.
2453 4553 2672 4609 interim
2703 4566 2800 4608 cur
2839 4550 2958 4608 illos
2985 4550 3212 4609 modica:
3236 4549 3363 4607 fidei
3390 4550 3636 4616 incusat,

1629 4665 2008 4731 LECTIONES
2045 4669 2458 4730 VARIANTES.

415 4806 466 4880 1.)
502 4799 1082 4880 §ttsun9ndaeoterth~
1956 4808 2011 4869 D
2101 4805 2171 4880 t9)
2202 4803 2354 4880 ﬁssis
2375 4798 2529 4880 Semi-

412 4864 463 4942 ξ)
502 4866 882 4942 εειυυιεξηίςιυί
906 4867 1048 4916 Pam.
1956 4864 1998 4869 '
2101 4864 2176 4942 l1)
2191 4867 2264 4942 lit
2282 4864 2684 4942 aenae-atem

410 4923 463 4992 3)
506 4929 652 4992 Cujus
680 4923 848 4992 δεητιιῖΔ
2096 4923 2171 4992 (85
2191 4929 2268 4992 De
2284 4923 2443 4980 'omitt.
2478 4935 2640 4979 Venet.

412 4986 466 5064 ἑ)
500 4986 777 5064 reduces
792 4986 886 5064 μισ.
2103 4986 2281 5064 ίῼὶβιιί
2307 4993 2410 5041 uu-

410 5049 462 5118 53
500 5053 806 5118 Eloquamiui
835 5049 904 5104 αι·
2101 5049 2204 5119 (10)
2227 5056 2443 5105 Securos
2465 5050 2660 5108 Oberlh.

1745 5160 2302 5219 COMMENTARIUS.

323 5276 428 5333 hoc
449 5283 553 5342 cst,
587 5268 1084 5342 interpretationem
1114 5265 1339 5342 Iegis,ut
1365 5267 1524 5323 modo
1551 5267 1818 5333 dixit,non
1838 5273 1935 5326 ha-

323 5336 551 5404 hebant.
571 5345 704 5400 Dum
733 5336 882 5398 enim
899 5336 1428 5406 exteriora'qumdam
1452 5342 1823 5408 superstitiose
1843 5344 1939 5397 oh-

326 5418 638 5478 servabant,
662 5408 1176 5484 negligebantqnod
1208 5417 1320 5484 erat
1341 5411 1702 5484 pracipuum.
1724 5412 1800 5467 Le
1835 5413 1932 5470 Pa.

398 5491 477 5560 (a)
528 5486 628 5554 Qui
679 5480 862 5540 dttrcrit
901 5480 1176 5560 influun-
1215 5480 1453 5560 hominis,
1505 5489 1610 5560 etc.
1640 5482 1777 5560 rEtsi
1829 5500 1934 5560 non

320 5549 624 5632 exprimat,
680 5566 854 5632 tamen
911 5549 1323 5632 subintell?gitu_r
1369 5552 1454 5632 ab
1515 5552 1786 5632 Auctore,
1839 5557 1926 5623 qui

319 5619 507 5688 diierit
534 5619 920 5698 blasphemiam,
955 5638 1051 5692 pro
1077 5635 1142 5676 eo
1163 5619 1316 5698 quod
1335 5621 1425 5675 alii
1452 5640 1465 5677 :
1491 5623 1577 5698 qui
1604 5619 1926 5698 blasphema-

317 5705 461 5762 verit.
521 5689 733 5755 tam'ex
761 5689 1154 5770 Crmco'quant
1181 5689 1440 5770 Syriaco,
1491 5691 1645 5746 sicuti
1689 5689 1836 5770 patet
1855 5709 1920 5750 ex

313 5761 494 5828 verbis
515 5768 883 5840 sequentibus,
903 5761 1054 5834 hujus
1083 5761 1174 5816 erit
1205 5761 1413 5830 spiritus
1431 5770 1634 5817 sanctus
1659 5761 1760 5818 non
1785 5763 1922 5819 blas-

310 5839 651 5915 phemandtts.
697 5839 836 5896 Plut.

2117 5270 2198 5345 (ιν)
2255 5271 2460 5344 Moyses
2511 5271 2794 5327 rixantibus
2837 5269 3106 5345 fratribus
3161 5267 3620 5345 ultro'iutercedit.

2042 5339 2260 5399 Fratres
2306 5339 2500 5406 vocat,
2544 5345 2634 5413 qui
2661 5359 2725 5398 ex
2751 5339 2942 5413 eodem
2971 5353 3154 5397 essent
3197 5356 3394 5412 genere
3439 5339 3621 5413 Israel.

2043 5415 2199 5485 paulo
2229 5423 2347 5484 post
2375 5409 2594 5484 proprie
2619 5412 2812 5484 accipit
2836 5455 2849 5474 .
2900 5423 2956 5467 et
2986 5409 3303 5485 injuriosum
3354 5409 3624 5463 transtulit

2042 5483 2144 5539 ima
2166 5483 2297 5540 vace
2325 5483 2486 5556 quod
2519 5500 2692 5556 grtcce
2720 5483 2799 5538 est
2849 5483 3032 5556 Exod.
3055 5483 3118 5546 ll,
3151 5487 3393 5536 ἀδικοῦντι
3417 5496 3510 5556 pro
3534 5495 3622 5544 co,

2040 5557 2127 5624 qui
2163 5552 2407 5625 injuriam
2435 5552 2770 5620 f.tciebat;et
2794 5553 2934 5625 quod
2965 5553 3156 5608 mirum
3193 5563 3292 5616 est,
3326 5552 3568 5625 magistra
3592 5569 3620 5598 ιι

2031 5621 2320 5689 transtulit,
2351 5627 2489 5696 quod
2538 5641 2711 5696 grtece
2737 5621 2823 5680 est
2865 5630 3078 5696 ᾅρχσντα.
3124 5639 3218 5696 pro
3267 5638 3374 5692 quo
3426 5621 3622 5690 ubique

2024 5697 2171 5758 alibi,
2198 5705 2253 5750 et
2281 5695 2515 5765 proprie,
2547 5695 2846 5765 principem.
2874 5695 3010 5750 Pan.

2093 5759 2638 5840 CAP._XXIX.-é-'(c)
2676 5759 2752 5840 De
2778 5765 3090 5840 praestantia.
3122 5760 3432 5840 [nutantia
3481 5759 3618 5817 idem

2023 5835 2110 5893 hic
2132 5836 2398 5907 significat
2421 5852 2484 5894 ac
2513 5835 2806 5910 pr'tcslatio,
2832 5835 3112 5894 exbibitio.
3141 5836 3305 5893 Sena.
