4020 6286
398 303 506 360 455

1473 300 1601 355 LIB.
1642 299 1707 355 lV
1749 295 2111 356 ADVERSUS
2149 292 2576 351 MARCIONEM.

3585 289 3694 347 434

399 421 452 477 id
474 430 558 476 est
581 419 742 490 cujus
775 418 936 475 ﬁdei?
961 417 1151 488 ejusne
1175 431 1333 489 quam
1357 417 1592 474 nondum
1617 428 1863 489 poterant
1882 432 1996 488 pcr-
2023 417 2075 474 A
2100 429 2201 469 non
2227 414 2408 468 sineret
2433 411 2624 482 διηγοάὶ
2654 412 2771 487 (te)
2804 411 3013 467 domum
3033 425 3202 479 suam,
3229 409 3283 466 in
3299 423 3581 482 personam
3593 408 3699 464 dis-

399 514 594 570 l'cclam
641 511 908 567 exhibere
947 510 1092 575 Deo,
1126 518 1329 565 tantum
1356 509 1500 580 quod
1529 509 1705 564 velato
1751 508 1828 581 (l)
1880 523 2001 563 cum

399 608 638 662 maxime
669 603 948 658 discentes
979 618 1124 668 cum,
1153 616 1220 657 an
1250 616 1412 672 quam
1456 600 1560 656 hoc
1587 602 1702 671 ipso
1725 601 1880 656 titulo
1901 600 2000 655 de-

401 697 598 754 bebant
631 695 898 758 Creatori,
921 695 992 748 uti
1030 693 1314 749 crederem
1342 692 1458 749 lucc
1479 693 1627 748 illum
1650 694 1790 747 ultro
1817 692 2000 763 generi

403 789 640 844 luuuano
673 787 1141 851 sumministrare,
1169 801 1272 842 nec
1316 785 1394 858 (2)
1439 785 1507 842 de
1553 785 1634 842 eis
1671 784 2002 856 engitarent?

398 881 532 938 Nam
561 891 615 936 et
641 895 766 936 cum
795 878 1012 950 snbjicit
1031 920 1046 945 ,
1093 879 1201 933 Ita'c
1235 879 1372 933 enim
1404 879 1633 933 nationes
1664 877 1838 932 mundi
1865 892 2003 946 qua:-

401 982 546 1036 runt,
582 986 687 1026 non
716 970 990 1026 credendo
1021 970 1228 1026 scilicet
1264 970 1314 1024 iu
1342 969 1508 1025 Deum
1534 969 1866 1025 conditorem
1888 984 2005 1024 om-

405 1066 553 1121 nium
576 1074 631 1120 et
662 1064 1006 1133 prtebitorem
1033 1062 1135 1136 (5),
1161 1077 1296 1134 quos
1317 1077 1477 1132 pares
1497 1061 1733 1132 gentium
1764 1059 2002 1127 nolebat,

406 1160 461 1214 in
489 1157 738 1214 eumdem
766 1157 932 1214 Deum
966 1159 1206 1212 modicos
1237 1156 1360 1212 ﬁdei
1391 1157 1728 1226 increpabat,
1761 1156 1812 1210 in
1843 1171 2002 1226 quem

403 1265 592 1323 gentes
623 1250 924 1304 incredulas
951 1249 1030 1321 (4)
1065 1250 1304 1305 notabat.
1349 1249 1516 1304 Porro
1547 1264 1669 1304 cum
1700 1256 1756 1304 ct
1783 1248 1998 1320 adjicit,

403 1344 497 1398 scit
539 1352 704 1396 autem
738 1340 898 1395 Pater
939 1357 1069 1409 apus
1109 1357 1216 1396 esse
1243 1343 1352 1395 hac
1383 1340 1522 1395 vobis
1541 1356 1560 1405 ;
1589 1340 1737 1412 prius
1766 1356 2001 1411 qua:ram

403 1450 566 1506 quem
614 1444 819 1502 patrem
871 1432 1094 1502 intelligi
1144 1431 1275 1486 velit
1323 1431 1592 1486 Christus.
1645 1431 1702 1486 Si
1764 1432 2002 1503 ipsorum

403 1525 716 1582 Creatorem
770 1525 1132 1588 demonstrat,
1186 1531 1241 1578 et
1290 1523 1491 1579 bonum
1547 1521 1866 1588 conﬁrmat,
1913 1523 2002 1594 qui

402 1618 508 1672 scit
535 1617 614 1688 (5)
647 1615 774 1688 quid
808 1615 931 1671 ﬁliis
953 1629 1088 1686 opus
1109 1615 1200 1670 sit.
1216 1615 1310 1670 Sin
1335 1615 1497 1669 alium
1517 1613 1684 1668 Deum
1704 1633 1716 1667 :
1734 1615 2005 1684 quomodo

396 1709 506 1765 scil
536 1707 899 1762 necessarium
932 1721 1055 1762 esse
1082 1705 1286 1760 homini
1315 1706 1512 1760 victum
1538 1714 1700 1777 atque
1727 1708 2000 1773 vestitum,

2105 506 2255 577 ponit
2300 506 2589 561 Creatoris.
2633 503 2743 561 Fur
2785 504 2928 560 enim
2974 503 3202 560 Creator
3228 501 3500 574 quomodo
3527 499 3702 556 videri

2107 607 2281 669 potest
2324 598 2583 653 Dominus
2627 599 2793 654 totius
2835 595 3108 652 hominis?
3137 594 3311 651 Nemo
3348 607 3444 650 sua
3491 592 3701 648 furatur

2104 699 2196 745 aut
2237 688 2474 756 suﬁ‘odit,
2503 689 2597 746 sed
2639 689 2732 744 ille
2771 689 2948 759 potius
2973 687 3063 758 qui
3094 687 3148 742 in
3179 686 3352 742 aliena
3378 683 3696 750 descendit,

2106 789 2162 838 ct
2188 781 2456 836 hominem
2487 796 2514 834 a
2544 781 2772 836 Domino
2797 779 2916 850 ejus
2953 778 3172 836 alienat.
3223 777 3413 843 Porro,
3466 791 3588 831 cum
3616 773 3704 830 fu-

2106 889 2220 930 rem
2270 873 2426 929 nobis
2480 871 2752 928 diabolum
2785 871 3120 928 demonstret
3148 868 3302 943 (l3),
3332 868 3484 940 cujus
3513 867 3706 923 horam

2105 967 2267 1020 etiam
2292 967 2344 1020 in
2377 964 2671 1036 primordio
2705 964 2751 1021 si
2783 964 2946 1020 homo
2989 965 3204 1030 scisset,
3234 976 3507 1034 nunquam
3541 961 3609 1016 ab
3632 975 3702 1016 eo

2107 1059 2370 1116 suﬁ‘ossus
2393 1068 2570 1125 esset;
2604 1069 2890 1130 propterea
2919 1057 3072 1128 jubet
3091 1066 3144 1112 ut
3169 1057 3338 1128 parati
3359 1070 3558 1120 sumus,
3579 1054 3706 1125 quia

2107 1169 2331 1225 quonon
2359 1162 2596 1224 putamus
2623 1152 2785 1220 hora,
2814 1150 2986 1206 Filius
3028 1149 3250 1205 hominis
3290 1148 3557 1214 adveniet;
3596 1161 3707 1203 non

2109 1245 2260 1316 quasi
2293 1246 2408 1314 ipse
2458 1244 2530 1299 sit
2569 1244 2672 1308 fur,
2722 1243 2820 1300 sed
2847 1241 3008 1314 judex
3030 1284 3045 1307 ,
3075 1243 3284 1298 scilicet
3310 1255 3496 1297 eorum
3523 1239 3616 1310 qui
3643 1253 3706 1295 se

2110 1352 2215 1393 non
2249 1337 2576 1408 paraverint,
2614 1352 2717 1394 nec
2742 1337 2987 1392 caverint
3015 1336 3209 1391 furem.
3238 1335 3385 1406 Ergo
3408 1334 3454 1389 si
3481 1334 3599 1404 ipse
3620 1341 3706 1389 est

2109 1427 2276 1484 Filius
2310 1428 2562 1496 hominis,
2581 1428 2820 1500 judicem
2846 1438 3024 1496 teneo,
3049 1427 3172 1483 etin
3191 1427 3372 1496 judice
3394 1425 3708 1481 Creatorem

2108 1517 2362 1573 defendo.
2389 1519 2447 1575 Si
2477 1533 2606 1574 vero
2652 1518 2932 1576 Christum
2965 1519 3234 1574 Creatoris
3260 1518 3315 1574 in
3344 1517 3560 1574 nomine
3581 1516 3710 1574 Filii

2109 1611 2328 1666 hominis
2355 1611 2458 1667 hoc
2485 1612 2606 1668 loco
2631 1612 2888 1679 ostendit,
2915 1620 2973 1666 ut
3001 1626 3122 1667 eum
3170 1612 3342 1667 furem
3385 1609 3707 1681 portendat,

2108 1703 2197 1770 qui
2244 1703 2459 1773 quando
2497 1713 2755 1759 venturus
2799 1705 2892 1770 sit,
2946 1704 3283 1774 ignoremus,
3335 1702 3503 1758 habes
3547 1715 3712 1773 supra

404 1817 637 1874 quorum
659 1801 792 1856 nihil
821 1800 1107 1870 praestitit?
1128 1799 1182 1856 Si
1216 1801 1359 1855 enim
1389 1800 1601 1863 scisset,
1635 1800 1994 1870 praestitisset.
2028 1805 2076 1864 Β
2105 1797 2384 1865 scriptum,
2413 1797 2682 1852 neminem
2705 1797 2781 1852 rei
2800 1812 2910 1852 sua:
2932 1795 3102 1852 furem
3126 1810 3247 1852 esse
3279 1814 3292 1851 :
3321 1794 3474 1851 salvo
3499 1803 3554 1852 et
3579 1796 3670 1852 illo
3692 1836 3709 1862 ,

405 1895 696 1962 C:eterum,
741 1896 785 1951 si
817 1896 918 1951 scit
952 1911 1071 1966 qum
1114 1903 1239 1948 sunt
1277 1893 1478 1948 homini
1524 1890 1852 1958 necessaria,
1904 1909 2002 1948 nec

406 1999 582 2045 tamen
616 1989 863 2058 przcslitit
885 2029 900 2052 ,
929 1997 1021 2042 aut
1048 1987 1381 2057 malignitate
1419 1998 1512 2042 aut
1555 1986 1866 2041 inﬁrmitate
1895 2000 2000 2041 nou

411 2083 684 2155 prmstitit.
735 2081 1014 2137 Professus
1043 2089 1224 2135 autem
1253 2077 1557 2134 necessaria
1617 2079 1733 2133 lucc
1776 2079 2000 2146 homini,

406 2177 596 2246 utique
647 2174 784 2229 bona
814 2171 1169 2229 conﬁrmavit.
1217 2171 1355 2226 Nihil
1399 2172 1542 2226 enim
1578 2173 1701 2226 mali
1758 2185 2006 2226 necessa-

333 2288 376 2302 οι
404 2269 566 2322 rium.
603 2266 669 2320 lit
697 2281 802 2320 non
845 2264 1081 2334 eritjam
1125 2263 1457 2334 depretiator
1483 2278 1705 2333 operum
1739 2273 1794 2319 et
1819 2263 1996 2318 indul-

340 2361 706 2432 "genuorum
729 2357 1022 2424 Creatoris,
1065 2365 1123 2412 ut
1147 2355 1289 2426 quod
1316 2371 1478 2425 supra
1517 2355 1739 2422 distuli,
1799 2372 2008 2426 expun-

405 2451 600 2506 xcrim.
633 2449 823 2517 Porro,
855 2449 899 2505 si
927 2464 1047 2520 qum
1087 2447 1396 2504 necessaria
1422 2448 1522 2501 scit
1545 2447 1769 2514 homini,
1792 2447 1928 2502 alius
1955 2457 2010 2504 et

407 2544 768 2614 prospexitet
796 2551 1034 2613 prtestat,
1075 2541 1346 2612 quomodo
1389 2541 1505 2596 haec
1553 2540 1668 2612 ipse
1718 2543 2007 2612 repromit-

405 2636 472 2690 tit
496 2635 605 2707 (6)?
627 2637 706 2690 An
734 2635 801 2690 de
821 2634 995 2690 alieno
1021 2635 1192 2689 bonus
1212 2634 1335 2689 est?
1362 2633 1590 2700 Quaerite
1614 2634 1780 2702 enim,
1815 2635 2009 2706 inquit,

408 2744 627 2798 regnum
655 2726 771 2792 Dei,
805 2735 852 2779 et
888 2726 995 2779 lucc
1020 2725 1160 2780 vobis
1181 2725 1512 2798 adjicientur.
1547 2725 1744 2797 Utique
1780 2727 1848 2782 ab
1871 2727 2007 2798 ipso.

408 2817 568 2888 Quod
611 2819 655 2873 si
683 2819 750 2873 ab
774 2817 913 2888 ipso,
943 2818 1117 2887 qualis
1143 2828 1226 2874 est
1247 2819 1336 2889 qui
1367 2818 1542 2874 aliena
1573 2820 1876 2890 praestabit?
1901 2821 1959 2877 Si
1982 2837 2010 2876 a

409 2911 672 2966 Creatore
702 2909 856 2979 cujus
879 2917 932 2966 et
959 2918 1108 2977 sunt,
1136 2911 1257 2979 quis
1300 2919 1384 2968 est
1429 2911 1519 2980 qui
1563 2911 1736 2967 aliena
1787 2913 2012 2983 promit-

413 3003 534 3060 tat?
561 3006 634 3058 lia
666 3004 708 3058 si
754 3017 920 3073 regno
964 3002 1219 3058 accedent
1251 3002 1353 3075 (7),
1383 3004 1619 3060 secundo
1648 3006 1815 3076 gradu
1863 3008 2018 3062 resu-

415 3096 639 3162 tuenda;
676 3095 792 3166 ejus
842 3106 926 3151 est
964 3096 1229 3152 secundus
1281 3099 1498 3168 gradus,
1530 3100 1684 3169 cujus
1707 3108 1761 3156 et
1785 3102 2014 3171 primus;

2107 1889 2251 1960 quod
2303 1891 2356 1945 in
2403 1900 2664 1961 quantum
2708 1891 3003 1948 timendum
3033 1892 3350 1948 Creatorem
3393 1891 3620 1962 ingerit,
3654 1892 3708 1947 in

2110 1993 2314 2038 tantum
2347 1984 2424 2039 illi
2453 1986 2725 2054 negotium
2757 2000 2943 2055 agens,
2976 1983 3248 2042 Creatoris
3271 1994 3376 2040 est.
3404 1984 3588 2054 Itaque
3613 1985 3700 2038 in-

2111 2079 2401 2149 terroganti
2430 2079 2590 2134 Petro
2619 2079 2672 2134 in
2715 2079 2837 2136 illos
2857 2121 2872 2146 ,
2905 2095 2972 2134 an
3004 2088 3058 2135 et
3102 2080 3155 2135 in
3185 2093 3378 2135 omnes
3399 2077 3709 2150 parabolam

2108 2170 2361 2237 dixisset;
2392 2172 2459 2226 ad
2490 2172 2634 2242 ipsos
2670 2183 2726 2228 et
2751 2173 2818 2227 ad
2846 2177 3130 2229 universos
3156 2173 3244 2243 qui
3276 2171 3534 2227 Ecclesiis
3563 2186 3709 2241 prte-

2111 2263 2271 2318 luturi
2288 2274 2491 2327 essent,
2514 2264 2763 2334 proponit
2776 2273 3015 2320 actorum
3042 2263 3119 2335 (α)
3137 2263 3563 2326 similitudinem,
3579 2276 3712 2333 quo-

2110 2370 2230 2411 rum
2257 2357 2345 2425 qui
2369 2356 2492 2411 bene
2508 2356 2795 2411 tractaverit
2819 2372 3088 2411 conservos
3113 2356 3340 2411 absentia
3365 2354 3569 2410 Domini
3595 2353 3671 2427 (b)
3690 2397 3708 2424 ,

2112 2465 2308 2504 reverso
2325 2466 2383 2504 eo
2400 2450 2632 2505 omnibus
2651 2449 2795 2504 bonis
2809 2459 3164 2522 prwponetur;
3187 2453 3272 2520 qui
3298 2466 3413 2505 vero
3437 2467 3580 2506 secus
3606 2466 3716 2521 ege-

2113 2543 2201 2609 rit,
2224 2559 2420 2598 reverso
2450 2543 2667 2598 Domino
2692 2560 2793 2614 qua
2814 2543 2896 2598 die
2920 2560 3020 2597 non
3044 2544 3312 2613 putaverit,
3335 2544 3462 2598 hora
3484 2560 3584 2613 qua
3608 2559 3713 2598 non

2115 2638 2304 2701 scierit,
2339 2637 2432 2691 illo
2472 2637 2676 2692 scilicet
2720 2636 2831 2692 ﬁlio
2877 2635 3112 2691 hominis
3152 2634 3370 2690 Christo
3407 2635 3704 2700 Creatoris,

2119 2746 2225 2786 non
2279 2731 2415 2796 iure,
2461 2729 2557 2785 sed
2591 2729 2794 2800 judice,
2823 2729 3192 2801 segregubitur,
3234 2738 3281 2783 et
3312 2744 3432 2797 pars
3457 2730 3568 2796 ejus
3596 2743 3714 2781 cum

2119 2821 2412 2892 inﬁdelibus
2440 2831 2670 2891 ponetur.
2704 2823 2937 2878 Proinde
2965 2821 3130 2894 igitur
3155 2831 3248 2877 aut
3273 2830 3328 2876 et
3354 2821 3441 2876 hic.
3465 2819 3706 2891 judicem

2121 2915 2404 2969 Dominum
2449 2916 2688 2985 opponit,
2728 2923 2784 2969 et
2829 2915 2903 2969 illi
2934 2915 3266 2979 catecltizat;
3299 2922 3394 2969 aut
3441 2914 3486 2968 si
3541 2913 3712 2968 Deum
3732 2915 3781 2935 "

2123 3008 2410 3078 optimum,
2439 3005 2546 3076 jam
2577 3015 2632 3061 et
2659 3007 2806 3060 illum
2835 3005 3072 3076 judicem
3118 3005 3371 3071 alﬁrmat,
3421 3005 3548 3060 licet
3573 3003 3716 3058 nolit

2123 3102 2428 3157 Itmreticus.
2460 3099 2790 3172 Temperare
2838 3099 2982 3155 enim
3035 3107 3242 3155 tentant
3287 3099 3432 3155 hunc
3469 3113 3714 3167 sensum,

417 3186 537 3256 ejus
557 3189 1326 3259 victusatquevestitus,cuius
1340 3199 1391 3246 et
1406 3191 1744 3261 regnum.lta
1763 3203 1866 3249 tota
1892 3211 2016 3266 pro-
2040 3196 2086 3258 C
2122 3210 2242 3251 cum
2274 3195 2387 3250 Deo
2415 3193 2531 3264 ejus
2561 3193 2861 3250 vindicatur
2891 3211 2905 3248 :
2937 3193 3090 3264 quasi
3123 3193 3524 3264 tranquillitatis
3553 3193 3624 3248 sit
3652 3201 3710 3248 et

418 3280 605 3336 missio
620 3280 888 3335 Creatoris
903 3289 985 3334 est
1001 3280 1376 3351 parabolarum
1393 3291 1588 3345 status,
1605 3284 2014 3344 similitudinum

418 3375 774 3447 peraquatio,
808 3373 852 3428 si
883 3389 982 3428 nec
1021 3375 1072 3428 in
1107 3373 1187 3448 (8)
1232 3375 1393 3430 alium
1441 3386 1708 3445 spectant,
1741 3395 1897 3450 quam
1930 3383 2014 3438 cui

420 3481 521 3538 per
545 3466 722 3520 omnia
748 3465 1071 3534 pariaveriut
1089 3465 1187 3540 (9).
1214 3466 1267 3521 Id
1297 3467 1410 3538 (10)
1441 3483 1626 3524 sumus
1654 3472 1814 3536 servi,
1846 3473 2019 3529 Domi—

421 3575 552 3615 num
607 3559 748 3614 enim
804 3558 1061 3614 habemus
1119 3561 1306 3615 Deum.
1369 3560 1698 3633 Succingere
1757 3563 2018 3622 debemus

423 3652 659 3718 lumbos,
691 3649 742 3705 id
774 3659 858 3706 est
883 3691 897 3713 .
938 3651 1180 3720 expediti
1209 3667 1332 3708 esse
1359 3653 1427 3708 ab
1456 3653 1856 3724 impedimentis
1887 3657 2018 3713 laci-

423 3747 593 3801 nioszn
619 3747 740 3800 vitae
761 3754 816 3802 et
843 3745 1154 3816 implicitze;
1188 3747 1336 3811 item,
1361 3746 1609 3802 lucernas
1631 3747 1882 3805 ardentes
1927 3750 2024 3806 ha-

425 3837 579 3901 bere,
605 3837 655 3892 id
683 3845 785 3899 est,
816 3847 1028 3892 mentes
1067 3853 1097 3891 a
1129 3837 1232 3892 ﬁde
1271 3853 1549 3906 accensas,
1574 3847 1632 3895 et
1655 3841 1909 3910 operibus
1932 3858 2024 3899 vc-

425 3930 602 3986 ritatis
632 3930 934 3986 relucentes
956 3947 971 3995 ;
991 3938 1152 4000 atque
1181 3932 1250 3986 ita
1284 3941 1597 4002 exspectare
1628 3933 1936 4004 Dominum,
1969 3936 2023 3993 id

427 4037 512 4080 cSt
533 4023 831 4080 Christum.
863 4022 1014 4080 Unde
1055 4023 1408 4080 redeuntem?
1430 4026 1486 4080 Si
1513 4041 1543 4080 a
1572 4026 1772 4096 nuptiis
1805 4045 1818 4083 :
1849 4028 2019 4085 Crea-

431 4119 567 4174 toris
606 4128 724 4183 cst,
753 4119 910 4190 cujus
939 4119 1157 4189 nuptiae.
1193 4117 1248 4175 Si
1287 4136 1394 4174 non
1431 4117 1745 4177 Creatoris:
1780 4138 1880 4179 nec
1910 4127 2026 4195 ipse

428 4210 665 4268 Marcion
714 4212 971 4267 invitatus
1000 4211 1066 4266 ad
1097 4211 1309 4282 nuptias
1338 4211 1488 4279 isset,
1535 4215 1704 4271 Deum
1755 4232 1908 4274 suum
1947 4218 2028 4272 in-

435 4313 595 4360 tuens
627 4303 746 4376 (ll)
795 4303 1179 4359 detestatorem
1209 4305 1540 4374 nuptiarum.
1596 4305 1799 4363 Deiecit
1850 4309 2027 4381 itaque

433 4395 690 4466 parabola
719 4399 771 4449 in
795 4409 1024 4465 persona
1068 4394 1302 4461 Domini,
1337 4395 1381 4450 si
1410 4410 1515 4450 non
1544 4407 1688 4452 esset
1715 4399 1800 4453 cui
1830 4401 2028 4470 nuptiae

433 4495 774 4556 competunt.
803 4485 861 4541 ln
890 4486 1137 4557 sequenti
1163 4500 1378 4556 quoque
1404 4486 1653 4556 parabola
1678 4489 1808 4544 satis
1853 4503 2028 4560 errat,

435 4579 526 4652 qui
555 4579 723 4651 furem
752 4579 920 4648 illum,
949 4580 1096 4650 cujus
1117 4578 1300 4633 harant
1341 4577 1386 4633 si
1430 4587 1574 4650 pater
1598 4579 1822 4648 familias
1861 4584 2029 4652 sciret,

2122 3285 2567 3351 mansuetudinis,
2591 3301 2875 3357 segregare
2912 3285 3252 3342 solummodo
3277 3294 3333 3340 et
3357 3296 3564 3356 partem
3595 3284 3716 3355 ejus

2121 3393 2243 3433 cum
2272 3376 2580 3434 inﬁdelibus
2609 3393 2829 3449 ponere,
2855 3392 2918 3433 ac
2949 3379 2994 3432 si
3026 3393 3130 3432 non
3161 3377 3232 3432 sit
3251 3385 3497 3445 vocatus,
3525 3387 3584 3432 ut
3605 3385 3720 3432 sta-

2121 3469 2199 3526 tui
2240 3484 2339 3524 suo
2391 3468 2651 3534 redditus,
2683 3469 2835 3538 quasi
2882 3485 2991 3524 non
3029 3479 3084 3526 et
3121 3469 3226 3526 hoc
3256 3470 3431 3541 ipsum
3472 3469 3716 3540 judicato

2124 3561 2236 3619 ﬁat.
2263 3563 2535 3618 Stultitia!
2568 3561 2702 3631 Quis
2728 3564 2834 3618 erit
2858 3563 3034 3618 exitus
3061 3574 3462 3636 segregatorum
3482 3565 3506 3618 ‘t
3528 3562 3719 3620 Nonne

2123 3655 2342 3710 amissio
2369 3654 2596 3712 salutis?
2622 3653 2900 3726 Siquidem
2933 3655 3003 3709 ab
3044 3655 3126 3711 eis
3151 3657 3598 3728 segregabuntur,
3626 3653 3721 3723 qui

2124 3748 2352 3803 salutem
2379 3757 2792 3818 consequentur.
2807 3746 2938 3816 Quis
2970 3747 3088 3819 (14)
3113 3747 3274 3817 igitur
3297 3747 3592 3803 inﬁdelium
3609 3754 3720 3800 sta-

2125 3840 2250 3896 tus?
2279 3839 2465 3896 Nonne
2499 3839 2809 3895 damnatio?
2835 3839 2943 3894 Aut
2972 3840 3015 3894 si
3044 3838 3177 3894 nihil
3217 3839 3489 3910 patientur
3539 3830 3781 3907 segre-"

2125 3935 2233 4008 gati
2258 3944 2313 3991 et
2335 3935 2600 4003 inﬁdeles,
2624 3949 2775 4006 atque
2816 3934 2869 3989 in
2911 3933 3134 3990 diverso
3162 3932 3296 3988 nihil
3327 3938 3725 4002 consequentur

2129 4030 2319 4086 retenti
2363 4038 2418 4085 et
2465 4028 2674 4086 ﬁdeles.
2701 4027 2760 4085 Si
2789 4042 2917 4084 vero
2943 4037 3346 4098 consequentur
3373 4025 3602 4081 salutem
3630 4037 3723 4078 re-

2131 4122 2262 4178 tenti
2291 4131 2345 4176 ct
2375 4120 2580 4188 ﬁdeles,
2609 4121 2748 4178 hanc
2777 4121 3030 4176 amittant
3055 4133 3279 4176 necesse
3303 4125 3388 4174 est
3413 4131 3478 4174 ex
3511 4115 3728 4171 diverso

2129 4215 2393 4285 segregati
2441 4223 2499 4269 et
2526 4212 2800 4269 inﬁdeles.
2849 4213 2962 4268 Hoc
3003 4211 3110 4268 erit
3133 4209 3394 4281 judicium
3417 4251 3433 4276 ,
3463 4207 3608 4280 quod
3635 4208 3732 4279 qui

2133 4307 2380 4373 intendit,
2415 4306 2690 4364 Creatoris
2719 4315 2823 4362 est.
2857 4304 3030 4374 Quem
3061 4304 3227 4360 alium
3255 4302 3571 4371 intelligam,
3621 4315 3728 4356 cte-

2131 4400 2334 4456 dentem
2372 4416 2540 4455 seruos
2576 4399 2752 4470 paucis
2794 4408 2882 4452 aut
2911 4397 3085 4452 multis
3113 4395 3304 4468 plagis,
3333 4403 3382 4449 et
3412 4401 3560 4465 prout
3584 4408 3726 4446 cont-

2133 4493 2271 4547 misit
2297 4491 2421 4558 illis,
2446 4494 2517 4545 ita
2541 4501 2588 4546 et
2618 4491 2899 4563 exigentem
2928 4489 2991 4544 ab
3021 4490 3116 4554 eis,
3152 4502 3312 4559 quam
3341 4484 3726 4540 retributorem

2138 4586 2348 4643 Deum?
2376 4585 2475 4642 Cui
2490 4600 2578 4642 me
2601 4584 2757 4642 decet
2778 4582 2897 4658 (l5)
2921 4581 3170 4655 obsequi,
3194 4579 3296 4638 nisi
3319 4575 3737 4637 remunerateri?

1651 4696 2036 4760 LEC'I‘IONES
2074 4701 2491 4761 VARIANTES.

602 4876 680 4927 Ne
721 4877 828 4925 Lat.

528 4813 574 4942 ί(
601 4811 843 4888 ῐξθνειειε
885 4811 988 4864 Lat.

528 4877 556 4925 Ξ
597 4876 704 4942 ρεθ-
721 4877 828 4925 Lat.
972 4939 988 4942 _

528 4813 574 4942 1)
601 4811 843 4888 Revelata
885 4811 988 4864 Lat.

501 4811 574 4999 ἒξ)
595 4876 916 4990 suis...
961 4935 1111 4999 5......

2062 4821 2118 4882 D

2205 4819 2274 4942 (9)
2301 4820 2443 4873 Paria
2467 4821 2716 4891 venerint,
2741 4820 2808 4871 al.

2232 4884 2307 4942 10)
2334 4883 2388 4932 Id
2410 4881 2541 4934 abest
2565 4890 2670 4942 mg.
2699 4885 2808 4935 Vera

2475 4889 2541 4934 est
2565 4885 2670 4948 Rjg.
2699 4885 2867 4935 Venet.

2234 4945 2311 4996 ιιι)
2335 4945 2564 4996 Metuens
2588 4945 2693 4996 Litt.

2291 5009 2312 5259 ἓ

602 4997 1086 5074 incredulosjeml.
2207 4997 2311 5074 l2)
2336 5007 2492 5074 Effudi
2517 5015 2630 5056 Par.

527 5061 578 5122 5)
603 5064 736 5114 Sciat
754 5061 864 5115 cod.
897 5065 1088 5115 Wouw.
2210 5061 2311 5122 MSS
2335 5070 2693 5121 Demonstrarit
2713 5067 2780 5119 al.

530 5126 584 5192 ρ)
607 5126 856 5192 Promittit
898 5128 1041 5192 Ifarn.
1059 5186 1072 5192 _
2206 5126 2311 5192 (14)
2337 5131 2463 5192 Quid
2483 5134 2626 5182 Pam.

533 5186 584 5252 7)
609 5188 862 5252 Accedunt
904 5186 1101 5252 Obertlt.
1425 5213 1447 5232 ι
2211 5186 2312 5252 {15)
2336 5186 2499 5246 Docet
2518 5203 2667 5246 Fran.
2692 5194 2837 5245 Pam.

507 5249 586 5317 (8)
611 5249 666 5303 ln
706 5249 838 5304 abest
858 5251 964 5318 Rig.
999 5256 1160 5303 Venet.

1817 5336 2376 5398 COMMENTARIUS.

525 5451 876 5577 (a)chtorum
915 5450 1320 5508 similitudinem.
1379 5451 1568 5517 Actor,
1599 5449 1651 5506 id
1682 5459 1765 5506 est
1787 5465 2044 5523 procura-

525 5541 560 5577 Γ.
588 5560 604 5576 ι
629 5541 753 5577 EIL.

448 5535 994 5670 ιῗΐίὺῖῗιῖδνυηιᾼῳιὶ
1043 5595 1164 5670 bene
1203 5594 1492 5670 tractaverit
1519 5609 1787 5670 conservos
1817 5592 2046 5670 absent-ia

449 5663 686 5728 Domini,
725 5679 830 5725 etc.
878 5663 1214 5726 Generaliter
1245 5665 1366 5722 bene
1395 5663 1680 5719 tractaverit
1703 5706 1718 5728 ,
1773 5663 2048 5718 transtulit

454 5738 549 5796 hic
563 5739 781 5805 Auctor,
817 5755 914 5812 pro
941 5753 1008 5792 eo
1036 5738 1178 5812 quod
1195 5736 1389 5812 Lucas.
1419 5738 1713 5812 τοῦβιδὸναι
1743 5740 1788 5789 ἐν
1807 5746 1964 5812 ’καιρῷ
1993 5758 2048 5789 το

459 5817 776 5881 σιτομετρινν,
807 5805 908 5868 hoc
937 5818 1020 5866 est
1040 5805 1071 5878 ,’
1087 5811 1221 5865 sicut
1244 5808 1483 5879 vulgatus
1516 5807 1780 5879 interpres
1807 5805 2002 5860 latinus
2033 5824 2045 5858 :

2147 5463 2202 5508 ut
2223 5453 2307 5506 det
2331 5453 2454 5525 illis,
2483 5453 2537 5506 in
2594 5461 2816 5525 tempore
2844 5449 2996 5505 tritici
3022 5458 3326 5525 mensuram.
3354 5437 3512 5525 Quod
3542 5435 3754 5525 (διεὶς-ιιᾲ

2148 5538 2362 5580 omnem
2393 5524 2570 5578 cibum
2601 5510 2884 5592 pertineat,
2932 5531 3108 5575 tamen
3165 5515 3321 5592 nimis
3362 5510 3537 5592 libere
3567 5510 3753 5592 .etiam

2150 5577 2787 5663 hicicaStigavitClarius
2810 5631 2827 5656 ,
2869 5577 3186 5646 aememum.
3229 5577 3533 5654 Oportebat
3566 5581 3749 5663 itaque

2153 5666 2328 5750 potius
2376 5651 2529 5748 suam
2575 5651 2876 5750 versionem
2917 5651 3291 5750 tmncupasse,
3323 5664 3487 5721 quam
3542 5651 3749 5718 vulgati

2154 5732 2458 5810 interpretis
2481 5733 2907 5807 casﬁgationetn.
2939 5732 3071 5787 Pan.
