4020 6286
326 325 434 383 455

1693 319 2158 381 TER'I‘ULLIANI

3517 323 3622 383 436

330 440 635 498 Proclamat
670 440 915 498 Christus
949 448 1071 496 tuus
1104 458 1118 494 :
1148 438 1330 512 Ignem
1367 440 1479 494 veni
1505 439 1701 494 mittere
1725 440 1779 494 in
1809 448 1912 493 ter-
1942 437 1995 497 Α
2019 438 2219 495 Sorech
2246 479 2260 504 ,
2302 438 2441 510 quod
2469 454 2571 495 non
2589 438 2846 510 judicium
2878 434 3120 503 fecisset,
3179 436 3268 493 sed
3315 439 3611 497 clamorem.

329 550 485 599 non;
517 535 607 590 ille
633 527 889 606 optimus,
940 534 1140 588 nullius
1191 532 1451 603 gehennae
1500 530 1798 594 Dominus;
1832 529 1925 600 qui

337 627 495 697 jaulo
520 637 643 680 ante
673 625 984 696 discipulos,
1018 640 1086 679 ne
1113 624 1290 695 ignem
1317 623 1650 695 postularent
1681 622 1926 677 inhuma-

333 720 557 774 nissimo
589 719 787 787 viculo,
821 726 1150 775 coercuerat.
1185 718 1411 785 Quando
1430 719 1527 771 iste
1558 716 1847 772 Sodomam
1870 725 1925 772 et

331 810 683 867 Gomorrham
713 812 896 866 nimbo
938 812 1094 880 igneo
1124 810 1366 865 exussit?
1395 809 1620 876 Quando
1650 818 1922 864 cantatum

330 914 413 958 est
438 922 451 960 :
487 904 631 976 Ignis
660 914 778 958 ante
806 906 968 974 ipsum
993 903 1237 972 prtacedet
1264 902 1366 975 (1),
1395 913 1442 957 et
1470 904 1711 957 cremabit
1752 903 1925 957 inimi-

331 1013 417 1052 cos
445 1000 555 1067 ejus
586 997 703 1070 (Ps.
735 997 918 1061 XCIII,
949 997 1032 1069 '5)?
1059 997 1286 1065 Quando
1329 1005 1385 1052 et
1418 1012 1513 1067 per
1532 996 1670 1052 Osce
1698 997 1925 1052 commi-

335 1100 490 1145 natus
519 1099 602 1145 est
636 1108 649 1145 :
684 1090 862 1160 Ignem
883 1091 1109 1144 emittam
1136 1090 1190 1143 in
1216 1090 1441 1144 civitates
1467 1088 1625 1144 Judte
1654 1088 1919 1163 (0s.VIll,

335 1183 426 1253 H)
449 1182 664 1255 (2)?vel
686 1197 782 1253 per
810 1182 1018 1236 lisainm
1050 1180 1131 1254 (5)
1161 1198 1175 1235 :
1206 1180 1351 1254 Ignis
1378 1183 1564 1237 exarsit
1591 1197 1658 1237 ea:
1684 1181 1925 1252 indigna-

334 1281 468 1330 tione
493 1292 605 1330 mea
627 1275 728 1347 (Is.
756 1274 926 1340 XXX,
954 1275 1076 1346 27)?
1103 1275 1218 1330 Non
1252 1275 1564 1331 mentiatur.
1609 1274 1664 1329 Si
1706 1290 1813 1329 non
1844 1283 1927 1330 est

332 1369 423 1421 ille
453 1368 538 1436 qui
580 1368 649 1422 de
688 1368 822 1423 rubo
857 1382 1071 1441 quoque
1099 1368 1307 1423 ardenti
1332 1383 1517 1423 vocem
1544 1383 1697 1423 suam
1722 1369 1923 1435 emisit,

333 1457 528 1512 viderit.
560 1457 640 1528 (4)
670 1474 829 1526 quem
856 1459 1030 1529 ignem
1064 1459 1471 1529 intelligendum
1502 1460 1790 1516 contendat

334 1553 558 1607 Etiamsi
605 1556 769 1624 tigura
796 1562 879 1609 est
903 1596 916 1617 ,
950 1554 1054 1609 hoc
1098 1554 1216 1622 ipso
1246 1556 1389 1625 quod
1414 1555 1481 1610 de
1503 1569 1627 1610 meo
1656 1555 1927 1611 elemento

331 1654 646 1715 argumenta
678 1645 863 1699 sensui
890 1660 987 1700 suo
1027 1648 1223 1710 sumit,
1266 1661 1418 1702 meus
1448 1655 1552 1714 est,
1587 1649 1675 1719 qui
1701 1647 1768 1701 de
1796 1648 1929 1703 meis

329 1740 515 1792 utitur.
569 1738 718 1793 Illius
759 1739 865 1794 erit
919 1737 1214 1793 similitudo
1243 1739 1401 1807 ignis,
1430 1738 1585 1809 cujus
1626 1748 1679 1795 et
1704 1741 1926 1795 veritas.

2027 532 2127 601 Qui
2150 548 2279 605 ergo
2306 533 2564 588 docuerat
2586 541 2645 587 ut
2670 534 2909 587 facerent
2931 546 2996 585 ex
3031 540 3324 600 percepto,
3359 533 3404 587 is
3431 534 3620 605 exige-

2030 625 2120 680 bat
2148 633 2205 678 ut
2242 622 2482 681 facerent
2511 633 2566 679 et
2589 638 2654 678 ex
2684 622 2929 678 arbitrio.
2962 621 3064 689 Qui
3091 623 3455 680 seminaverat
3476 641 3621 695 prac-

2028 727 2262 786 ceptum,
2295 715 2386 770 ille
2410 725 2463 771 et
2491 715 2899 771 redundantiam
2928 713 3045 784 ejus
3075 714 3317 784 urgebat.
3343 716 3464 771 .Iam
3491 733 3622 774 vero

2029 826 2186 881 quam
2218 811 2505 867 absurdum
2540 820 2597 867 ut
2637 812 2726 867 ille
2766 811 3044 866 mandaret
3065 810 3209 881 just‘e
3236 811 3496 881 judicare,
3534 814 3624 884 qui

2031 905 2196 960 Demn
2224 904 2458 974 judicem
2505 905 2709 974 justum
2763 904 3109 959 destruebat!
3160 903 3292 960 Nam
3325 915 3378 962 et
3399 907 3628 977 judicent

2029 997 2116 1068 qui
2138 998 2285 1050 mittit
2310 998 2362 1050 in
2392 1013 2664 1061 carcerem,
2696 1012 2785 1050 nec
2815 996 2955 1049 ducit
2976 996 3118 1062 inde,
3148 997 3242 1049 nisi
3276 998 3442 1051 soluto
3472 999 3626 1053 etiam

2030 1089 2304 1143 novissimo
2348 1088 2653 1158 quadrante,
2681 1088 2732 1142 in
2765 1102 2992 1158 persona
3038 1086 3312 1143 Creatoris
3360 1089 3631 1145 obtrecta-

2032 1182 2194 1238 tionis
2245 1183 2461 1237 nomine
2503 1180 2795 1237 disserunt.
2856 1181 2936 1236 Ad
2987 1170 3153 1252 quod.
3186 1198 3409 1239 necesse
3455 1183 3630 1240 habeo

2031 1274 2220 1330 eodem
2263 1274 2432 1345 gradu
2480 1289 2784 1330 occurrere.
2829 1273 3284 1344 Quotiescumque
3308 1275 3450 1331 enim
3479 1292 3633 1331 seve-

2033 1367 2166 1421 ritas
2193 1364 2466 1421 Creatoris
2496 1366 2801 1437 opponitur,
2830 1367 3026 1421 totiens
3057 1367 3196 1422 illius
3223 1377 3309 1423 est
3348 1366 3628 1439 Christus,

2034 1460 2119 1513 cui
2150 1472 2246 1529 per
2277 1460 2523 1513 timorem
2550 1457 2690 1527 cogit
2722 1457 3064 1528 obsequium.

2614 1548 2844 1605 CAPUT
2888 1547 3059 1604 XXX.

2107 1642 2469 1712 Quaestionem
2502 1656 2687 1697 rursus
2713 1643 2775 1695 de
2801 1641 3068 1695 curatione
3095 1639 3305 1695 sabbato
3323 1644 3477 1713 facta,
3501 1658 3636 1714 quo-

2039 1736 2200 1791 modo
2212 1732 2463 1789 discussit
2484 1733 2590 1807 :(d)
2613 1732 2940 1805 Unusquique
2954 1742 3171 1788 vestrum
3184 1734 3404 1789 sabbatis
3416 1751 3515 1789 non
3531 1734 3639 1791 sol-

331 1829 450 1898 lpse
479 1830 672 1884 melius
718 1830 1155 1899 interpretabitur
1197 1830 1334 1899 ignis
1382 1829 1535 1885 istius
1582 1829 1916 1901 qualitatem,
1949 1832 1999 1893 B
2026 1831 2094 1885 uit
2123 1829 2606 1883 asinumuutbovem
2622 1844 2771 1882 suum
2792 1844 2823 1880 a
2845 1828 3079 1898 ρνωδερὶ,
3106 1837 3151 1881 et
3169 1827 3307 1881 ducit
3324 1829 3393 1881 ad
3421 1830 3638 1898 potum?

331 1922 592 1989 adjiricns
627 1940 639 1973 :
674 1920 878 1976 Putatis
917 1924 1112 1976 venisse
1140 1938 1219 1976 me
1249 1939 1425 1992 pacem
1479 1924 1675 1978 mittere
1716 1925 1772 1978 in
1824 1934 1921 1979 ter-

329 2013 485 2066 ram?
516 2011 658 2076 Non,
702 2013 816 2066 dico
847 2012 1004 2078 vobis,
1036 2014 1123 2069 sed
1145 2013 1544 2083 separationem.
1577 2014 1654 2087 (a)
1691 2014 1922 2071 Macha-

331 2123 442 2159 ram
470 2106 685 2176 quidem
737 2107 992 2177 scriptum
1039 2116 1154 2172 est;
1207 2106 1282 2182 (b)
1327 2108 1422 2163 sed
1467 2108 1699 2164 Marcion
1733 2125 1923 2166 emen-

330 2197 441 2263 dat,
479 2197 552 2270 (τ)
586 2198 734 2268 quasi
766 2212 869 2256 non
911 2210 967 2255 et
1010 2202 1282 2270 separatio
1330 2217 1465 2272 opus
1505 2202 1574 2257 sit
1618 2204 1920 2260 macharrte.

328 2287 497 2358 Igitur
520 2298 575 2344 et
602 2291 776 2361 ignem
823 2290 1121 2346 eversionis
1150 2291 1401 2369 intendit,
1431 2294 1520 2364 qui
1547 2309 1732 2363 pacem
1761 2311 1925 2365 nega-

329 2382 425 2436 vit.
473 2381 639 2450 Quale
670 2384 935 2453 pra-lium,
972 2384 1078 2439 tale
1123 2393 1178 2440 et
1230 2385 1561 2442 incendium.
1598 2388 1783 2457 Qualis
1812 2405 1926 2444 ma-

329 2474 530 2541 chzera,
579 2475 699 2530 talis
748 2486 803 2531 et
848 2476 1059 2531 ﬂamma
1084 2520 1098 2542 ,
1129 2489 1316 2533 neutra
1344 2494 1646 2551 congruens
1675 2482 1920 2538 Domino.

333 2568 573 2638 Denique
604 2587 616 2622 :
646 2567 945 2633 Dividetur,
988 2570 1193 2639 inquit,
1224 2580 1367 2639 pater
1389 2572 1443 2626 in
1474 2573 1663 2643 ﬁlium,
1699 2584 1745 2629 et
1784 2575 1925 2644 ﬁlius

328 2661 382 2719 in
410 2670 603 2730 patrem
622 2680 642 2729 ;
670 2673 714 2717 et
746 2672 907 2716 mater
927 2663 979 2716 in
1006 2662 1169 2731 ﬁliam
1193 2704 1209 2729 ,
1244 2674 1290 2719 et
1321 2665 1429 2732 ﬁlia
1487 2666 1539 2721 in
1587 2679 1835 2731 matrem;
1878 2679 1923 2723 et

328 2770 490 2809 nurus
518 2754 570 2808 in
608 2772 837 2822 socrum,
871 2765 918 2810 et
952 2772 1126 2811 socrus
1164 2757 1218 2811 in
1263 2775 1474 2813 nurum.
1519 2758 1633 2814 Hoc
1673 2762 1919 2830 praelium

328 2849 472 2902 inter
498 2856 767 2918 parentes,
802 2850 845 2903 si
868 2850 920 2903 in
952 2850 1082 2920 ipsis
1112 2849 1289 2904 verbis
1322 2851 1443 2906 tuba
1469 2853 1663 2907 cecinit
1693 2854 1924 2924 prophe-

330 2949 419 3005 tae,
454 2956 645 2996 vcrcor
670 2958 736 2997 ne
764 2942 1014 2998 Nioba-as
1047 2943 1248 3016 (Mirh.
1277 2944 1386 3002 VII.
1438 2946 1507 3018 6)
1540 2946 1759 3002 Christo
1786 2948 1923 3004 Mar-

327 3024 499 3080 cionis
528 3027 850 3096 praedicarit.
903 3028 967 3083 Et
1014 3028 1136 3084 ideo
1177 3030 1470 3101 hypocritas
1502 3034 1881 3102 pronuntialntt
1906 3077 1920 3100 ,

325 3119 440 3173 caeli
465 3120 668 3190 quidem
696 3130 742 3173 et
774 3133 921 3175 terra:
974 3124 1158 3193 faciem
1205 3122 1494 3194 probantes,
1551 3134 1749 3196 tempus
1805 3143 1923 3181 vero

2029 1923 2172 1995 Ergo
2202 1922 2495 1979 secundum
2530 1921 2891 1977 conditionem
2934 1920 3090 1990 chis
3120 1928 3403 1989 opt-ratus,
3440 1921 3634 1991 Legem

2026 2018 2382 2083 continuavit,
2407 2014 3081 2084 nondissolvit,jubentem
3100 2015 3300 2069 nullum
3334 2029 3466 2083 opus
3496 2014 3635 2080 Iieri,

2028 2111 2129 2167 nisi
2154 2111 2295 2182 quod
2330 2112 2479 2165 licret
2509 2107 2864 2164 omnianimm
2897 2105 2992 2179 (e),
3013 2116 3213 2176 quanto
3246 2107 3421 2177 potius
3450 2106 3639 2162 huma-

2027 2204 2135 2259 me?
2151 2202 2528 2258 Parabolarum
2548 2200 2952 2272 congruentiam
2970 2198 3166 2267 ubique
3182 2214 3535 2269 rerognoscor
3551 2200 3632 2272 (6)

2029 2297 2267 2366 exigere.
2299 2293 2481 2349 Simile
2508 2304 2580 2347 est
2609 2308 2817 2364 regnum
2845 2289 2967 2357 Dei,
3003 2290 3194 2361 inqttit,
3228 2308 3387 2362 grano
3417 2292 3635 2361 sinapis,

2027 2390 2164 2458 quod
2189 2387 2383 2450 accepit
2419 2385 2588 2453 homo,
2621 2396 2667 2439 et
2711 2383 2971 2439 seminavit
2996 2383 3049 2436 in
3090 2384 3235 2436 horto
3264 2399 3376 2436 suo.
3422 2383 3551 2449 Quis
3583 2384 3637 2437 iu

2029 2495 2255 2550 persona
2281 2477 2513 2533 hominis
2541 2475 2952 2547 intelligendus?
2985 2474 3176 2546 Utique
3201 2475 3329 2530 Chri
3362 2483 3479 2530 tus:
3510 2476 3637 2546 quia

2028 2571 2155 2625 licet
2182 2570 2481 2635 Marcionis,
2516 2568 2654 2623 [ilius
2681 2567 2916 2621 hominis
2944 2576 3027 2622 est
3066 2568 3260 2626 dictus.
3309 2567 3398 2637 qui
3429 2570 3638 2637 acrrpit

2028 2677 2059 2716 λ
2090 2663 2243 2717 Patre
2272 2677 2454 2717 semen
2486 2662 2656 2731 regni,
2686 2675 2990 2716 sermonem
3019 2660 3220 2713 scilicet
3260 2659 3549 2730 Exangehi,
3580 2668 3638 2715 ei.

2029 2757 2311 2811 seminavit
2351 2756 2403 2810 in
2436 2756 2589 2810 horto
2618 2770 2735 2820 suo,
2771 2754 2951 2824 utique
2983 2754 3033 2807 in
3074 2752 3298 2817 mundo,
3336 2765 3460 2822 puta
3491 2768 3637 2810 nunc

2031 2852 2083 2907 iu
2113 2851 2345 2906 homine.
2372 2850 2477 2906 Sed
2510 2865 2627 2903 cum
2655 2849 2707 2903 in
2729 2861 2827 2903 SttO
2856 2848 3009 2902 horto
3034 2846 3249 2912 dixerit,
3284 2862 3381 2901 nec
3405 2847 3635 2902 mundus

2030 2951 2206 2998 autem
2240 2957 2338 2997 nec
2367 2942 2525 2996 homo
2554 2941 2693 2995 illius
2720 2942 2808 3001 sit,
2841 2939 2933 2993 sed
2967 2938 3269 3002 Creatoris;
3310 2954 3437 3008 ergo
3463 2940 3551 3009 qui
3581 2940 3635 2995 in

2029 3048 2183 3089 Suum
2223 3035 2522 3101 semiuarit,
2556 3048 2653 3089 nec
2697 3032 2774 3104 (7)
2816 3030 3037 3087 Creator
3068 3030 3382 3086 ostenditur.
3419 3034 3525 3085 Aut
3563 3031 3633 3099 si,

2033 3141 2089 3185 ut
2119 3131 2260 3185 hunc
2300 3130 2544 3198 laqueum
2577 3126 2823 3186 evadant.
2859 3126 3227 3181 converterint
3258 3124 3487 3207 hominis
3512 3140 3634 3195 per-

323 3211 456 3264 illud
485 3228 584 3264 non
614 3213 965 3277 dinosceutes;
1006 3230 1113 3283 quo
1154 3215 1359 3270 scilicet
1388 3215 1692 3285 adimplens
1735 3219 1917 3273 omnia
1948 3223 1993 3286 ρ
2029 3238 2214 3278 sonam
2264 3237 2292 3275 a
2333 3220 2572 3284 Christo,
2631 3220 2693 3273 in’
2734 3218 3002 3271 hominem
3053 3216 3400 3286 accipientem
3446 3231 3631 3270 semen

326 3316 448 3370 qurc
473 3317 635 3375 super
656 3304 798 3372 ipsos
822 3303 1036 3358 fuerunt
1064 3307 1367 3373 prtetlicata,
1398 3322 1497 3362 nec
1519 3308 1675 3363 aliter
1694 3310 1919 3379 docens,

327 3392 586 3451 debuerat
607 3395 1148 3466 OQIIOSt'i.Ca‘.iCI'llm,
1174 3399 1297 3468 quis
1327 3409 1505 3467 posset
1535 3400 1651 3469 ejus
1679 3410 1920 3471 tempora

328 3500 510 3551 nosse,
559 3487 710 3557 cujus
745 3504 840 3556 per
864 3504 983 3558 quae
1012 3489 1262 3559 probaret
1303 3504 1408 3545 non
1441 3490 1705 3547 habebat?
1729 3493 1921 3550 Merito

329 3578 619 3645 exprobrat
647 3581 830 3645 etiam,
860 3580 998 3650 quod
1012 3582 1214 3650 justum
1240 3598 1342 3635 non
1362 3585 1687 3654 ascmetipsis
1712 3586 1918 3651 iudica-

326 3681 458 3727 rent.
488 3671 627 3726 Olim
663 3672 764 3727 ltoc
806 3672 1023 3728 mandat
1063 3688 1160 3752 per
1209 3673 1523 3729 Zachariam
1551 3675 1737 3747 (lactt.
1772 3678 1916 3745 VIII,

327 3762 418 3835 Iti)
472 3781 483 3818 :
525 3764 732 3818 Justum
769 3765 1030 3834 judicium
1073 3774 1118 3820 et
1163 3766 1480 3836 pacatorium
1524 3768 1768 3839 iudicate.
1818 3772 1920 3827 Per

328 3857 650 3913 Hieremiam
694 3858 906 3929 (.Ierem.
938 3857 1103 3919 XXII,
1126 3857 1183 3931 5)
1212 3876 1223 3911 :
1260 3851 1435 3915 Facite
1452 3861 1710 3932 judicium
1735 3873 1781 3918 et
1802 3867 1920 3936 jus-

277 4004 284 4013 _
323 3950 506 4006 titiam.
542 3952 643 4006 Per
697 3952 904 4007 Esaiam
957 3951 1058 4024 (Is.
1093 3952 1132 4020 l,
1168 3952 1265 4018 t7;
1296 3951 1362 4007 V.
1409 3952 1465 4026 b)
1501 3971 1512 4009 :
1541 3953 1778 4012 Jttdicutc
1817 3976 1917 4029 pu-

327 4044 474 4115 pillo,
514 4054 563 4101 et
594 4046 875 4116 iustiﬁcata
920 4046 1161 4114 viduam;
1208 4048 1475 4117 itnputans
1525 4050 1686 4105 etiam
1745 4053 1915 4109 vincte

2028 3315 2199 3386 regni,
2242 3324 2296 3370 et
2337 3312 2686 3368 semiuantem
2718 3310 2771 3364 in
2803 3306 2961 3363 horto
2990 3305 3170 3361 cordis
3213 3306 3330 3368 sui;
3376 3321 3474 3360 nec
3518 3307 3632 3375 ipsa

2027 3410 2247 3465 materia
2276 3407 2363 3462 alii
2398 3405 2680 3461 conveniet
2706 3418 2864 3475 quam
2885 3399 3150 3456 Creatori.
3180 3399 3350 3467 Quale
3378 3410 3458 3454 est
3486 3400 3631 3454 enim

2027 3511 2084 3557 ut
2131 3500 2387 3557 lenissimi
2431 3499 2522 3554 Dei
2566 3512 2789 3567 regnum
2820 3494 3085 3565 signiticet
3124 3508 3307 3548 semen
3341 3491 3444 3565 (8),
3485 3492 3631 3563 quod

2025 3596 2186 3650 etiam
2233 3592 2421 3664 iudicii
2480 3591 2661 3647 fervor
2718 3590 3016 3659 lacrymosa
3068 3586 3383 3641 austeritate
3434 3586 3628 3642 subsc-

2025 3686 2207 3757 quitur
2253 3683 2376 3758 (9)?
2419 3683 2493 3761 De
2537 3679 2783 3752 sequenti
2826 3679 2983 3748 plane
3022 3677 3370 3731 similitudine
3414 3693 3627 3746 vereor,

2026 3794 2093 3833 ne
2157 3778 2292 3831 torte
2340 3774 2560 3829 alterius
2623 3772 2717 3827 Dei
2764 3787 2931 3841 regno
2985 3769 3288 3841 portendat.
3338 3769 3629 3825 Fcrmcnto

2022 3869 2165 3926 enim
2197 3867 2526 3939 comparavit
2552 3864 2709 3928 illud,
2739 3878 2842 3918 non
2875 3861 3098 3934 azymis.
3130 3875 3249 3932 quae
3280 3858 3627 3916 familiariora

2021 3970 2148 4016 sunt
2180 3958 2442 4015 Creatori.
2475 3955 2731 4027 Congruit
2758 3962 2812 4008 et
2838 3952 2954 4008 hzec
2979 3951 3282 4020 conjectura
3310 3951 3625 4007 mendican-

2024 4056 2164 4112 tibus
2211 4059 2545 4123 argumenta.
2591 4048 2774 4120 Itaque
2821 4056 2876 4103 ct
2922 4060 3024 4119 ego
3063 4049 3352 4100 vanitatem
3393 4044 3626 4103 vanitate

1531 4164 1915 4226 LECTIONES
1953 4167 2369 4229 VARIANTES.

414 4278 459 4340 t)
484 4278 730 4331 Procedet
746 4272 894 4329 'Ptmt.

406 4340 454 4405 2)
474 4342 657 4391 Jutluzae
679 4341 828 4405 Seml,
1134 4403 1143 4405 Α
1164 4372 1167 4375 λ

406 4402 468 4471 3),
482 4405 781 4471 Hieremiam
807 4402 902 4471 leg.
927 4411 1062 4467 Jun,
1089 4403 1273 4457 diserta
1313 4403 1459 4456 verba
1478 4410 1667 4459 exstant
1691 4406 1918 4464 Jeremite

316 4463 674 4655 ξῖὶξξῐίιιρτίε
690 4526 839 4581 Seml.

320 4612 323 4617 ν
376 4593 433 4655 (5
481 4593 757 4649 (lautumias
773 4593 899 4653 Pani

320 4612 323 4617 ν
376 4593 454 4656 (5)
481 4593 757 4649 (lautumias
773 4593 916 4653 Pani.

2110 4287 2160 4346 6)
2184 4285 2543 4348 Recognoscite
2568 4283 2670 4333 Lat.

2110 4351 2161 4399 7i
2183 4350 2287 4399 Nec
2308 4348 2456 4398 omitt.
2480 4349 2621 4396 Pam.
3286 4364 3289 4369 -

2087 4351 2137 4402 t7
2183 4351 2287 4399 Nec
2308 4351 2456 4398 omitt.
2480 4351 2621 4396 Pam.
3286 4364 3289 4369 -
3436 4400 3448 4412 ο

2086 4351 2161 4477 (8)
2183 4411 2434 4477 Signiticet
2469 4419 2647 4459 semen
2685 4418 2780 4458 non
2814 4402 2955 4456 habet
2993 4405 3136 4458 Pam.
3180 4401 3280 4455 Sed
3319 4407 3392 4454 est
3428 4414 3478 4453 ut
3501 4401 3615 4454 cod.

2024 4485 2434 4601 "gguiludic‘ium
2488 4534 2692 4585 fervoris
2743 4532 3023 4597 lacrymosae
3061 4528 3395 4592 attsteritates,
3435 4528 3614 4591 subse-
3656 4562 3671 4569 η

1936 4580 1989 4640 1)
2014 4580 2555 4663 quaesiuimus:

1686 4698 2247 4764 COMMENTARIUS.

393 4816 469 4889 (a)
502 4816 811 4889 Macarei-am
860 4816 1063 4889 quidem
1109 4815 1353 4889 scriptum
1384 4823 1476 4889 est.
1506 4813 1566 4889 In
1604 4814 1895 4888 Evangelio

317 4886 523 4943 scilicet
549 4888 851 4950 Marcionis.
887 4888 987 4943 hoc
1013 4897 1115 4952 est,
1143 4887 1303 4945 Lucae
1332 4901 1360 4941 α
1388 4886 1656 4943 Marciane
1684 4886 1894 4943 adulte-

315 4968 452 5013 rato.
481 4959 790 5028 Cujusmodi
822 4960 1166 5026 Evangelium
1202 4974 1493 5028 provocare
1518 4972 1579 5013 se
1605 4958 1734 5013 dicit
1763 4960 1896 5015 Ter-

318 5030 568 5107 tullianus
613 5030 950 5107 i_nitio_ltnjus
984 5031 1123 5098 libri,
1155 5040 1211 5085 ut
1237 5046 1303 5087 ex
1328 5044 1393 5086 eo
1423 5030 1541 5107 ipso
1569 5029 1895 5089 Marcionem

313 5104 595 5157 convincat
622 5102 860 5157 insanim.
890 5102 1009 5159 th.
1446 5102 1451 5107 '
1710 5144 1715 5147 ς

388 5172 469 5245 (1))
501 5174 607 5229 Sed
635 5174 895 5229 ,Μωτὶοη
935 5172 1185 5229 emendat.
1240 5173 1454 5239 Etenim
1507 5169 1681 5241 Lucas
1731 5171 1899 5244 dixit,

308 5246 637 5316 διαμερισμόν.
671 5246 790 5302 ῐὶιο.

387 5315 463 5388 (ρ)
499 5317 660 5385 Quasi
683 5335 784 5372 non
828 5326 875 5372 et
903 5316 1157 5381 separatio
1182 5331 1313 5385 opus
1351 5315 1415 5369 sit
1453 5317 1741 5377 machaerre.
1793 5318 1898 5375 Eo-

313 5387 624 5454 que’sensu
674 5389 883 5443 dixerat
932 5388 1216 5443 Matthzeus
1268 5394 1509 5457 μάχαιρον
1534 5388 1676 5456 quod
1727 5387 1899 5444 Lucas

315 5461 648 5529 διαμερισμόν,
663 5460 837 5528 utjam
855 5475 986 5515 vana
1010 5459 1081 5513 sit
1102 5457 1388 5529 Marcioms
1402 5528 1405 5529 γ
1418 5460 1468 5512 iu
1490 5458 1685 5513 Lttcam
1700 5474 1886 5515 emen-

312 5527 476 5584 datio.
502 5527 740 5593 llujusce
762 5541 938 5586 autem
971 5546 1075 5584 non
1108 5529 1348 5584 meminit
1378 5528 1729 5598 Epiphanius.
1767 5531 1883 5587 Ilio.

383 5599 880 5667 CAP.XXX.——(d)
914 5601 1266 5667 Unusquisque
1289 5609 1505 5653 vrstrum
1536 5600 1753 5653 sabbatis
1786 5618 1888 5656 non

312 5673 455 5725 solvit
486 5674 703 5729 asinum.
731 5672 833 5728 etc.
862 5673 1003 5728 Istud
1031 5674 1109 5737 (in
1135 5686 1242 5738 quo
1262 5671 1433 5738 solum
1459 5670 1526 5721 ab
1549 5670 1666 5724 aliis
1688 5673 1888 5727 Auctor

312 5740 508 5813 diiiert,
538 5742 719 5813 legens
738 5745 957 5797 sabbatis
976 5737 1335 5813 pt'oqsabbata)
1371 5755 1474 5813 non
1494 5741 1625 5813 ursit
1658 5742 1888 5813 Epipha-

313 5810 452 5879 nius,
477 5812 568 5869 sed
586 5809 808 5887 (confut.
829 5815 922 5887 '59)
940 5809 1067 5867 illud
1079 5809 1429 5880 Christiquod
1443 5812 1680 5879 sequitur
1695 5809 1714 5867 ἐ
1728 5809 1878 5868 Hanc

1999 4833 2165 4895 autem
2180 4823 2341 4891 ﬁliam
2357 4822 2758 4895 Abralue,qua_m
2770 4818 2995 4895 attigavit
3020 4818 3344 4895 Satanasiex
3360 4830 3466 4895 quo
3480 4830 3609 4895 pro-

1999 4894 2106 4958 hat,
2125 4886 2393 4950 Christum
2418 4910 2536 4949 esse
2559 4886 2798 4963 ejusdem
2822 4886 2934 4955 hei,
2962 4893 3113 4958 cujus
3127 4886 3420 4963 Abraham.
3443 4886 3611 4963 quue

1996 4980 2063 5037 eo
2078 4967 2265 5037 magis,
2281 4967 2353 5021 uti
2369 4966 2563 5037 (contui
2576 4959 2703 5037 [40)
2725 4963 3083 5037 prosequitur,
3103 4960 3426 5037 quodhetiatu‘
3444 4959 3612 5037 resei-

2009 5020 2462 5113 deratf’ill'udsuh
2492 5020 2843 5113 lineml'iujus
2870 5020 2987 5102 cap.
3018 5020 3608 5113 Lach-Canuvideritis

2008 5108 2286 5173 Abraham,
2325 5108 2475 5162 Isaac
2502 5117 2548 5161 et
2576 5102 2763 5171 Jacob,
2788 5116 2835 5159 et
2862 5120 3035 5158 omnes
3066 5102 3336 5172 prophetas
3363 5102 3414 5154 in
3436 5117 3606 5173 regno

2006 5176 2122 5241 Dei,
2159 5171 2342 5247 legens
2396 5178 2674 5238 duntaxat.
2718 5192 2832 5231 cum
2870 5191 3042 5231 omnes
3068 5171 3242 5247 ’justos
3279 5171 3508 5247 uideritis
3547 5172 3604 5227 in

2003 5266 2163 5379 siquo
2209 5244 2321 5305 Dei.
2356 5250 2430 5305 Ita
2465 5248 2607 5320 quod
2654 5252 2853 5304 Auctor
2882 5244 3087 5311 omisit,
3134 5246 3223 5307 ille
3273 5244 3382 5300 fere
3420 5254 3598 5313 urget.

2077 5339 2126 5375 υ.
2156 5322 2316 5381 Marc.
2350 5322 2486 5377 Pan.

2077 5339 2126 5375 υ.
2156 5337 2316 5377 MIN‘C.
2351 5337 2486 5377 I’AI.

2077 5339 2126 5375 υ.
2156 5338 2316 5387 Marc.
2351 5338 2486 5377 I’All.

2077 5394 2154 5464 (e)
2188 5392 2406 5448 Nullum
2437 5396 2563 5462 Opus
2589 5390 2722 5464 ﬁeri,
2752 5388 3180 5464 nisi_qttod_ﬁeret
3218 5385 3356 5440 omni
3382 5384 3596 5441 animm.

1992 5458 2110 5518 Iam
2135 5458 2509 5519 annotavimus
2532 5458 2831 5515 versionem
2856 5458 2995 5514 LXX
3022 5459 3398 5526 interpretum,
3429 5470 3592 5523 quam

1991 5535 2315 5601 sequebatur
2353 5534 2735 5593 Tertuliianns,
2785 5532 2889 5585 alio
2935 5529 3092 5583 modo
3138 5542 3291 5601 posse
3336 5527 3589 5601 intelligi,

1990 5596 2083 5669 qui
2106 5621 2225 5658 cum
2257 5606 2469 5671 ingenio
2499 5618 2688 5673 grmt‘m
2734 5602 2945 5673 littgttzt!_
2969 5611 3024 5653 et
3068 5599 3456 5673 signiﬁcatione
3486 5596 3586 5673 he:

1991 5667 2185 5745 braica:
2230 5667 2469 5730 lectionis
2501 5667 2682 5745 inagis
2728 5667 3027 5729 conveniat.
3067 5669 3196 5724 Vide
3244 5670 3295 5722 in
3345 5683 3459 5737 cap.
3520 5667 3591 5722 12

1990 5744 2145 5817 hujus
2175 5746 2316 5804 libri.
2348 5746 2480 5803 Enn.
