4020 6286
184 6026 457 6149 ιιι,

402 347 513 408 ιδτ
1437 348 1566 405 LIB.
1608 348 1679 407 IV
1716 347 2077 407 ADVERSUS
2116 348 2542 408 MARCIONEM.
3612 352 3716 409 458

402 462 707 533 depellam,
741 461 1202 518 termentationem
1242 475 1453 533 quoque
1492 478 1789 535 congruere
1828 463 2011 519 dicens
2038 464 2091 524 A
2116 466 2385 522 sceuderit
2414 468 2629 525 subito:
2658 475 2861 525 tantum
2891 468 3031 541 quod
3061 469 3426 537 innotescens,
3442 469 3550 541 jam
3577 470 3716 525 invi-

404 569 577 627 regno
604 554 901 620 Creatoris,
931 554 1056 626 quia
1097 563 1218 624 post
1248 554 1392 609 illam
1435 555 1678 612 clibanus
1706 557 1792 613 vel
1831 557 2018 613 furnus

404 647 674 720 gehennm
692 656 966 719 sequatur.
985 648 1202 715 Quoties
1231 647 1406 703 adhuc
1427 663 1486 704 se
1506 649 1741 720 judicem
1763 650 2017 717 ostendit,

406 750 465 797 et
511 743 562 795 in
614 740 799 810 judice
844 739 1189 796 Creatorem!
1242 741 1465 808 Quoties
1517 743 1701 811 utique
1745 742 1922 812 ejecit,
1967 752 2020 798 et

407 832 633 889 damnat
658 832 989 903 rejiciendo!
1021 833 1168 887 Sicut
1190 832 1275 886 hic
1300 848 1547 904 quoque:
1579 832 1705 889 Cum
1724 836 2016 901 surrexerit,

408 926 601 997 inquit,
632 936 776 998 pater
806 926 1030 997 familias
1069 926 1170 999 (l).
1202 927 1337 995 Quo,
1384 928 1486 982 nisi
1518 944 1626 999 quo
1663 928 1799 984 dixit
1835 929 2022 985 Esaias

409 1017 540 1090 (Is,
572 1018 632 1083 ll,
666 1019 795 1089 19):
834 1018 963 1073 Cum
991 1022 1267 1074 surrexerit
1309 1022 1649 1076 comminuere
1684 1023 1912 1077 terram?
1957 1023 2022 1077 Et

408 1110 613 1165 cluserit
671 1111 892 1177 ostium;
946 1109 1126 1180 utique
1170 1112 1520 1168 excludendis
1567 1115 1796 1185 iniquis,
1831 1116 2023 1186 quibus

409 1201 732 1272 pulsantibus
776 1203 1131 1271 respondebit:
1160 1203 1350 1259 Nescio
1375 1206 1514 1259 unde
1542 1207 1689 1261 sitis?
1726 1207 1792 1262 Et.
1836 1222 2023 1262 rursus

407 1296 819 1351 enumerantibus
863 1297 999 1366 quod
1037 1312 1208 1350 coram
1246 1295 1337 1351 illo
1364 1296 1577 1366 ederint,
1628 1306 1675 1351 et
1718 1298 1947 1362 biberint,
1977 1308 2024 1353 et

406 1385 464 1441 in
514 1387 697 1458 plateis
749 1403 923 1441 eorum
972 1387 1217 1452 docuerit,
1265 1389 1505 1460 adficiet:
1556 1389 1798 1444 Recedite
1862 1405 1893 1463 ᾳ
1942 1406 2024 1444 me

406 1498 583 1536 omnes
621 1482 845 1552 operarii
891 1480 1208 1553 iniquitatis:
1249 1481 1351 1536 illic
1394 1483 1488 1536 erit
1526 1485 1674 1553 ﬂetus
1723 1491 1768 1537 et
1814 1484 2024 1554 [render

409 1573 657 1628 dentium.
693 1573 835 1629 Ubi?
868 1572 1022 1629 Foris
1047 1575 1273 1640 scilicet,
1302 1575 1390 1629 ubi
1437 1584 1593 1631 erunt
1633 1576 1856 1643 exclusi,
1886 1577 2025 1632 ostio

407 1664 561 1722 cluso
578 1665 645 1719 ab
661 1680 747 1719 eo:
767 1681 895 1736 ergo
911 1666 1014 1720 erit
1029 1680 1206 1736 poena,
1229 1685 1257 1722 a
1275 1683 1380 1737 quo
1395 1668 1449 1721 tit
1463 1668 1698 1722 exclusio
1717 1670 1765 1723 in
1784 1683 2019 1739 poenam,

409 1771 534 1813 cum
569 1757 827 1811 videbunt
865 1757 1041 1828 justos
1071 1759 1406 1815 iutroeuntes
1451 1761 1502 1814 itt
1543 1777 1766 1832 regnum
1816 1762 1932 1829 Dei,
1964 1778 2024 1820 se

2123 566 2267 621 tans;
2293 565 2497 613 tantum
2520 560 2662 630 quod
2690 561 2940 627 invitans,
2959 561 3070 632 jam
3092 562 3144 616 in
3162 562 3468 618 convivium
3496 575 3716 632 cogens;

2121 649 2583 707 eamdemfaciens
2613 652 2797 707 horam
2836 652 3106 719 etettaudi,
3133 664 3187 708 et
3231 652 3297 708 ad
3337 667 3546 709 coenam
3585 651 3720 707 iuvi-

2122 743 2289 798 tandi.
2325 744 2594 800 Excusant
2621 760 2680 800 se
2706 745 2972 800 invitanti.
3005 743 3060 800 Si
3102 744 3169 800 ab
3195 745 3301 799 alio
3332 746 3469 812 Deo,
3503 743 3717 811 merito,

2122 839 2245 908 quia
2284 838 2463 894 subito
2491 838 2715 893 invitati.
2747 837 2801 894 Si
2840 853 2946 893 non
2979 836 3195 906 merito,
3225 853 3352 907 ergo
3392 852 3491 892 nec
3520 835 3718 892 subito.

2118 932 2180 990 Si
2206 940 2381 989 autem
2413 947 2517 987 non
2547 931 2724 987 subito
2753 930 2989 996 invitati;
3022 945 3150 1001 ergo
3178 945 3210 985 a
3247 929 3521 995 Creatore,
3557 943 3586 983 a
3614 942 3721 999 quo

2125 1026 2273 1081 olim.
2304 1024 2467 1095 Cujus
2509 1023 2740 1094 denique
2784 1023 3188 1079 deelinaveraut
3216 1022 3548 1076 vocationem
3595 1031 3722 1075 tunc

2124 1121 2298 1190 primo
2326 1119 2567 1173 dicentes
2595 1116 2662 1171 ad
2693 1117 2961 1171 Aaronem
2994 1113 3214 1189 (Exod,
3247 1096 3463 1178 XXXI],
3494 1111 3547 1185 l)
3571 1130 3584 1167 :
3612 1109 3723 1164 Fac

2125 1211 2268 1266 nobis
2298 1212 2437 1273 deos,
2469 1209 2557 1281 qui
2586 1216 2809 1278 priceant
2839 1207 3015 1273 nobis;
3055 1214 3217 1277 atque
3244 1204 3441 1262 exinde
3467 1203 3594 1275 (ls.,
3627 1202 3720 1270 Vl,

2127 1302 2256 1372 10):
2284 1302 2421 1356 Aure
2447 1302 2707 1356 audientes
2741 1307 2791 1354 et
2821 1316 2921 1353 non
2952 1299 3234 1365 audientes,
3255 1297 3592 1352 vocationem
3619 1296 3724 1352 sci-

2126 1393 2252 1449 licet
2303 1393 2430 1459 Dei;
2476 1394 2565 1463 qui
2612 1389 3068 1462 pertineutissime
3115 1389 3180 1443 ad
3232 1392 3368 1444 hanc
3413 1388 3719 1459 parabolam
3746 1399 3796 1419 "

2127 1502 2222 1557 per
2239 1484 2562 1541 Hieremiam
2586 1485 2825 1556 (Jerem.,
2845 1482 2940 1548 XI,
2963 1482 3088 1556 40):
3114 1482 3314 1549 Audite,
3342 1482 3529 1552 inquit,
3554 1497 3724 1536 vocem

2129 1596 2312 1644 meam,
2336 1588 2383 1633 et
2404 1595 2491 1633 ero
2507 1579 2642 1633 vobis
2663 1579 2715 1631 in
2740 1578 3034 1643 Dominum,
3060 1586 3103 1630 et
3125 1592 3211 1630 vos
3234 1574 3358 1629 mihi
3374 1576 3426 1629 in
3454 1575 3722 1645 populant;

2128 1682 2174 1726 et
2216 1670 2348 1725 ibitis
2383 1672 2437 1724 in
2466 1669 2695 1724 onmibus
2742 1669 2834 1723 viis
2873 1669 2997 1722 meis
3035 1682 3377 1739 quascumque
3416 1666 3723 1722 mandavero

2127 1764 2284 1819 vobis.
2320 1762 2459 1818 Ecce
2504 1762 2745 1817 invitatio
2778 1762 2890 1816 Dei.
2935 1760 3001 1815 Et
3048 1777 3151 1815 non
3193 1760 3485 1820 audierunt.
3534 1761 3725 1830 inquit,

407 1864 540 1906 vero
564 1850 791 1907 detineri
825 1850 976 1906 foris.
1011 1856 1048 1906 Α
1084 1854 1226 1923 quo?
1271 1853 1329 1909 Si
1365 1870 1391 1906 a
1436 1853 1717 1922 Creatore,
1764 1858 1882 1927 quis
1922 1859 2022 1912 erit
2052 1861 2099 1922 B
2128 1866 2174 1911 et
2201 1872 2300 1911 non
2328 1854 2650 1910 adverterunt
2680 1870 3036 1909 uuremsuam.
3068 1853 3499 1931 Eccevrecusatio
3526 1853 3726 1922 populi.

408 1957 542 2013 ergo
572 1944 716 1997 intus
746 1944 1011 2014 recipiens
1033 1945 1208 2014 justos
1248 1946 1300 1999 in
1344 1947 1606 2016 regnum?
1648 1947 1790 2001 Deus
1821 1948 2011 2002 bonus.

411 2034 552 2103 Quid
579 2047 708 2106 ergo
737 2035 861 2090 illuc
884 2035 1150 2104 Creatori,
1182 2047 1237 2090 ut
1280 2038 1408 2092 furis
1442 2038 1677 2094 detineat
1701 2041 1751 2093 in
1780 2055 2014 2109 poenam,

412 2144 552 2200 quos
593 2129 933 2185 adversarius
976 2130 1093 2200 ejus
1139 2132 1387 2197 exclusit,
1443 2132 1812 2201 suscipiendos
1856 2149 1883 2186 a
1926 2149 2015 2200 se,

410 2225 601 2294 utique
630 2225 798 2295 magis
829 2226 878 2279 iu
910 2225 1204 2280 adversarii
1236 2226 1435 2282 bilem?
1479 2227 1583 2283 Sed
1615 2238 1670 2282 et
1712 2227 1801 2282 ille
1838 2229 2021 2284 exclu-

413 2331 573 2374 surus
592 2317 823 2386 iniquos,
843 2317 974 2371 sciat
999 2320 1179 2388 utique
1201 2320 1511 2385 Creatorem
1535 2319 1656 2373 illus
1678 2317 2020 2376 detenturum

413 2408 468 2464 in
503 2422 738 2479 pmnam,
777 2420 869 2463 aut
900 2426 1006 2465 non
1037 2411 1172 2466 sciat
1209 2420 1441 2480 oportet.
1478 2411 1639 2482 Ergo,
1673 2422 1764 2467 aut
1804 2415 2023 2469 nolente

414 2518 483 2559 eu
511 2502 915 2568 detinebantur,
948 2512 1000 2558 et
1022 2505 1196 2558 minor
1225 2514 1306 2559 est
1335 2504 1427 2559 illo
1455 2506 1545 2575 qui
1568 2504 1791 2569 detinet,
1825 2504 2023 2562 cedens

358 2664 372 2670 _
416 2598 467 2654 ei
497 2598 717 2662 nolens;
748 2605 839 2652 aut
867 2598 911 2651 si
956 2598 1070 2652 vult
1096 2598 1167 2653 ita
1201 2598 1335 2665 ﬁeri,
1372 2600 1485 2670 ipse
1514 2600 1583 2654 ita
1612 2598 1911 2654 faciendum
1939 2599 2024 2669 ju-

414 2690 635 2758 dicavit,
668 2702 722 2746 et
752 2704 856 2745 non
887 2691 988 2746 crit
1032 2690 1225 2746 melior
1253 2692 1526 2758 Creatore,
1559 2692 1672 2762 ipse
1716 2701 1900 2747 auctor
1942 2690 2023 2753 in:

416 2781 596 2837 lamiae
652 2782 946 2838 Creatoris.
994 2782 1120 2838 Haec
1167 2784 1210 2837 si
1261 2784 1402 2838 nulla
1451 2784 1656 2839 ratione
1702 2784 2022 2850 consistunt,

416 2885 476 2929 ut
517 2875 653 2931 alius
699 2876 910 2945 punire,
958 2876 1096 2931 alius
1140 2876 1374 2932 liberare
1418 2877 1689 2943 credatur,
1723 2877 1880 2932 unius
1923 2878 2027 2932 erit

419 2978 530 3023 tam
570 2968 828 3039 judicium
877 2984 1034 3039 quam
1083 2976 1137 3024 et
1187 2984 1446 3040 regnum;
1501 2979 1555 3024 et
1593 2969 1715 3024 dum
1760 2971 1910 3024 unius
1953 2979 2028 3024 est

419 3070 711 3130 utrumque,
742 3061 827 3130 qui
855 3069 903 3115 et
937 3060 1160 3131 judicat,
1189 3060 1457 3115 Creatoris
1489 3068 1590 3115 est.

992 3152 1222 3210 CAPUT
1274 3152 1469 3208 XXXI.

2121 1949 2228 2005 Sed
2264 1949 2495 2004 abierunt
2534 1950 2586 2003 in
2614 1950 2676 2003 iis
2703 1964 2815 2021 qua:
2854 1949 3217 2018 concupierunt
3261 1947 3414 2004 corde
3450 1964 3542 2003 suo
3567 1947 3725 2003 male.

2123 2046 2315 2116 Agrum
2346 2044 2467 2113 emi,
2510 2052 2556 2098 et
2597 2044 2742 2098 boves
2784 2051 3031 2096 mercatus
3059 2058 3193 2109 sum,
3236 2051 3283 2095 et
3330 2057 3540 2096 uxorem
3581 2039 3726 2095 duxi.

2124 2136 2194 2207 Et
2221 2136 2399 2192 adhuc
2430 2136 2623 2207 ingerit
2654 2135 2892 2210 (Jerem.,
2929 2134 3039 2200 VII,
3079 2132 3174 2207 24)
3203 2154 3217 2191 :
3265 2134 3331 2189 Et
3361 2135 3503 2189 emisi
3531 2135 3601 2188 ad
3644 2151 3730 2190 vos

2124 2246 2297 2285 omnes
2349 2231 2570 2300 famulos
2627 2245 2765 2283 meos
2830 2227 3138 2299 Prop/telas.
3192 2227 3291 2284 Hic
3350 2228 3453 2284 erit
3496 2227 3730 2297 Spiritus

2122 2324 2350 2379 Sanctus
2393 2323 2699 2377 admonitor
2740 2323 3107 2388 convivarum,
3139 2321 3226 2378 die
3273 2332 3326 2377 et
3356 2331 3484 2378 ante
3526 2323 3725 2377 Ιυοθςιι.

2126 2414 2194 2469 Et
2242 2431 2341 2470 non
2378 2415 2540 2469 audiit
2574 2416 2795 2484 populus
2839 2432 2994 2481 meus,
3044 2425 3089 2470 et
3119 2432 3221 2470 non
3264 2415 3477 2470 intendit
3521 2415 3732 2470 auribus

2127 2510 2252 2570 suis,
2299 2517 2346 2563 et
2387 2507 2650 2563 obduravit
2683 2507 2868 2563 collum
2910 2524 3079 2563 suum.
3114 2507 3226 2562 Hoc
3268 2517 3326 2562 ut
3369 2507 3732 2581 patrifamilias

2125 2602 2472 2658 renuntiatum
2517 2610 2610 2668 est,
2643 2612 2809 2656 motus
2851 2612 2968 2655 tunc
3010 2600 3190 2665 (bene
3236 2600 3374 2669 quod
3421 2608 3475 2655 et
3515 2607 3728 2665 motus;

2129 2705 2284 2766 negat
2327 2694 2473 2750 enim
2519 2693 2755 2747 Marcion
2787 2693 2990 2748 moveri
3026 2694 3191 2748 Deum
3223 2706 3402 2757 suum,
3434 2692 3501 2745 ita
3545 2700 3598 2746 et
3630 2690 3731 2745 hoc

2128 2804 2282 2842 meus
2322 2786 2461 2857 est),
2509 2787 2720 2839 mandat
2758 2786 2820 2839 de
2865 2786 3045 2856 plateis
3091 2794 3137 2839 et
3174 2785 3295 2839 vicis
3324 2784 3537 2838 civitatis
3565 2787 3731 2854 facere

2128 2877 2508 2933 subiectionem.
2537 2875 2829 2932 Videamus
2859 2892 2926 2930 an
2967 2892 3034 2932 eo
3074 2891 3236 2931 sensu
3279 2892 3385 2946 quo
3411 2891 3595 2930 rursus
3637 2891 3734 2945 per

2130 2969 2452 3026 Hieremiam
2481 2967 2719 3042 (Jerem.,
2749 2967 2816 3035 II,
2846 2966 2939 3038 51)
2965 2986 2976 3021 :
3014 2966 3281 3038 Numquid
3311 2968 3534 3021 solitudo
3563 2971 3733 3033 factus

2131 3050 2242 3117 sum
2269 3062 2443 3116 domui
2470 3060 2724 3115 Israelis?
2763 3069 2851 3115 aut
2899 3070 3035 3114 terra
3076 3060 3128 3113 in
3155 3058 3404 3114 incultum
3444 3058 3682 3113 derelicta
3705 3059 3731 3113 ?

2133 3157 2183 3212 id
2211 3167 2315 3222 est,
2343 3153 2608 3225 Numquid
2648 3169 2753 3208 nou
2802 3153 2973 3208 habeo
3010 3166 3144 3224 quos
3173 3152 3419 3223 allegant,
3449 3160 3542 3205 aut
3587 3150 3729 3205 unde

492 3247 573 3300 Ad
616 3246 888 3316 prandium
919 3248 996 3301 vel
1034 3247 1102 3300 ad
1153 3263 1347 3301 caenam
1392 3246 1576 3316 quales
1622 3245 1792 3299 vocari
1835 3245 2023 3315 jubet?
2049 3252 2095 3316 C
2126 3248 2389 3321 allegant?
2415 3248 2665 3316 Quoniam
2693 3246 2820 3300 dixit
2843 3245 3061 3315 populus
3085 3261 3244 3312 meus,
3277 3242 3396 3299 Non
3418 3244 3642 3297 venimus
3663 3242 3732 3296 ad

417 3342 618 3412 Quales
636 3341 938 3397 ostenderat
960 3357 1057 3413 per
1080 3341 1291 3397 Esaiam
1314 3340 1437 3413 (Is.,
1470 3338 1649 3406 LVIII,
1672 3337 1729 3411 7)
1758 3357 1769 3392 ;
1789 3338 1863 3412 (α)
1891 3338 2029 3393 Con-

408 3434 589 3506 fringe
616 3450 798 3508 panem
837 3444 977 3488 tuum
1022 3434 1284 3500 esurienti,
1316 3444 1361 3487 et
1407 3432 1686 3499 mendicos,
1716 3441 1763 3487 et
1791 3433 1879 3502 qui
1921 3433 2031 3487 sine

418 3538 548 3585 tecto
574 3538 713 3591 sunt,
747 3527 904 3583 induc
948 3529 1002 3582 in
1036 3529 1245 3582 domum
1271 3537 1448 3591 tuam;
1486 3526 1574 3597 qui
1605 3524 1812 3580 scilicet
1841 3525 2031 3580 huma-

419 3621 607 3676 nitatis
651 3620 802 3674 iatius
838 3619 1009 3673 vicem
1052 3619 1351 3674 retribuere
1395 3629 1499 3671 non
1545 3617 1766 3685 possint.
1799 3616 1945 3670 Ilauc
1984 3615 2029 3670 si

419 3712 668 3770 Christus
695 3712 901 3781 captari
947 3720 1115 3776 vetat,
1160 3713 1211 3765 in
1254 3711 1655 3765 resurrectione
1685 3725 1803 3765 eam
1846 3725 2030 3780 repro-

420 3803 664 3871 mittens,
687 3799 958 3858 Creatoris
978 3811 1062 3858 est
1089 3802 1278 3869 forma,
1305 3803 1389 3858 cui
1416 3816 1527 3857 nOu.
1551 3802 1762 3872 placent
1788 3810 2032 3857 amantes

421 3914 671 3965 munera,
712 3907 983 3954 sectantes
1027 3896 1459 3952 retributionem.
1507 3896 1682 3951 Etiam
1731 3896 2033 3951 invitatoris

422 3996 678 4068 parabola
706 3997 791 4050 cui
822 3995 989 4064 magis
1013 3994 1147 4062 parti
1171 3993 1704 4063 occurrat,‘expeude
1727 3991 1826 4065 (9.).
1861 3986 2032 4047 Homo

421 4086 634 4161 quidam
662 4088 778 4159 fecit
823 4102 1037 4153 caenam,
1080 4096 1127 4140 et
1166 4086 1359 4139 vocavit
1390 4084 1593 4139 multos.
1628 4083 1821 4156 Utique
1863 4099 2034 4141 cmnte

423 4190 676 4255 paratura
700 4182 822 4236 vita:
850 4191 1066 4236 mternac
1093 4179 1428 4235 saturitatem
1454 4177 1661 4249 ﬁgurat.
1690 4179 1817 4234 Dico
1837 4180 2031 4249 primo,

422 4285 713 4333 extraneos
743 4282 797 4330 et
827 4272 1028 4330 nullius
1068 4274 1207 4345 juris
1235 4272 1429 4329 afﬁnes
1457 4272 1666 4329 invitari
1710 4273 1779 4329 ad
1820 4289 2032 4330 cumam

422 4385 535 4427 non
580 4369 795 4434 solere;
828 4377 975 4425 certe
1001 4366 1211 4423 facilius
1241 4369 1416 4423 solere
1441 4367 1767 4424 domesticos
1795 4376 1849 4423 et
1879 4367 2033 4423 fami-

420 4462 608 4520 liares.
641 4462 782 4530 Ergo
806 4460 1077 4516 Creatoris
1103 4467 1187 4514 est
1218 4459 1495 4525 invitasse,
1528 4458 1595 4513 ad
1624 4451 1780 4528 quem
1806 4459 2036 4537 pertiue

421 4553 559 4613 bant
600 4553 691 4624 qui
722 4552 1108 4619 invitabantur,
1140 4559 1194 4606 et
1225 4566 1320 4621 per
1349 4550 1518 4605 Adam
1549 4565 1651 4621 qua
1683 4550 1948 4617 homines,
1981 4561 2036 4607 et

2135 3352 2200 3398 te.
2230 3342 2412 3414 Itaque
2436 3340 2580 3396 misit
2605 3339 2670 3395 ad
2696 3340 2830 3394 alios
2849 3338 3141 3402 vorandos,
3168 3352 3233 3392 ex
3250 3336 3437 3392 eadem
3461 3336 3633 3390 adhuc
3659 3336 3734 3389 ci-

2134 3437 2319 3492 vitate.
2356 3433 2559 3489 Dehiuc
2581 3434 2703 3488 loco
2729 3433 3054 3499 abundante,
3079 3431 3334 3501 praecepit
3357 3432 3518 3485 etiam
3541 3430 3608 3484 de
3629 3429 3730 3484 viis

2133 3539 2187 3587 et
2217 3529 2433 3600 sepibus
2472 3527 2674 3597 colligi,
2708 3526 2760 3583 id
2797 3536 2898 3595 est,
2928 3540 3025 3581 nos
3046 3524 3158 3597 jam
3204 3524 3272 3581 de
3303 3525 3570 3579 extraneis
3599 3539 3730 3595 gen-

2135 3624 2305 3688 tibus;
2354 3621 2438 3676 illa
2472 3621 2677 3676 scilicet
2702 3619 3060 3681 annulatione,
3095 3634 3195 3688 qua
3241 3618 3291 3671 in
3320 3616 3732 3671 Deuteronomio

2139 3715 2337 3789 (Deut.,
2380 3714 2600 3779 XXXII,
2640 3713 2735 3786 20)
2763 3732 2775 3765 τ
2806 3714 3040 3767 Avertam
3069 3713 3251 3785 faciem
3278 3727 3438 3765 meant
3474 3710 3538 3765 ab
3564 3710 3654 3775 eis,
3684 3720 3731 3764 et

2136 3807 2423 3863 monstrabo
2452 3809 2574 3879 quid
2600 3806 2704 3863 illis
2736 3807 2789 3861 in
2818 3806 3123 3869 novissimis,
3155 3804 3208 3860 id
3236 3814 3318 3859 est
3356 3803 3490 3858 alios
3516 3817 3733 3873 posscs-

2135 3916 2290 3956 suros
2320 3901 2492 3955 Iocnm
2539 3915 2726 3955 eorum
2754 3917 2767 3953 :
2797 3898 3037 3969 quoniam
3083 3898 3315 3970 genitura
3358 3912 3592 3966 peruersa
3635 3905 3728 3962 est,

2137 3994 2234 4064 filii
2272 3994 2324 4046 in
2352 3993 2529 4064 quibus
2559 3991 2686 4062 ﬁdes
2727 4008 2826 4045 non
2854 4001 2946 4044 est.
2975 3988 3068 4044 Illi
3106 3988 3395 4044 obwmulati
3426 3998 3543 4041 sunt
3571 4003 3652 4042 me
3679 3988 3730 4040 in

2137 4103 2237 4142 non
2266 4084 2396 4152 Deo,
2430 4094 2475 4138 et
2506 4091 2901 4156 prouocauerunt
2922 4083 2977 4136 in
3001 4081 3131 4135 iram
3156 4081 3208 4134 in
3237 4080 3390 4135 idolis
3416 4079 3544 4143 suis;
3570 4088 3615 4133 et
3639 4094 3730 4149 ego

2137 4179 2478 4235 obazmulabor
2520 4195 2603 4232 eos
2646 4177 2840 4231 innon
2868 4175 3094 4240 natione,
3134 4174 3187 4228 in
3226 4174 3430 4228 natione
3473 4171 3735 4238 insipienti

2138 4273 2420 4349 provocabo
2466 4288 2549 4327 eos
2602 4272 2656 4325 in
2705 4270 2871 4333 iram;
2926 4267 2979 4322 itt
3022 4266 3176 4322 nobis
3227 4266 3452 4332 scilicet,
3506 4278 3732 4335 quorum

2138 4382 2288 4439 spem
2333 4367 2410 4437 (5)
2441 4363 2611 4421 Judaei
2652 4370 2865 4434 gerunt,
2920 4359 2991 4433 (b)
3038 4361 3106 4417 de
3129 4375 3231 4432 qua
3272 4361 3390 4417 illos
3423 4367 3731 4430 gustaturus

2139 4471 2296 4533 negat
2327 4461 2584 4515 Dominus
2623 4479 2638 4517 :
2669 4457 2909 4513 derelicta
2948 4455 3106 4511 Sione
3148 4453 3276 4526 (ls.,
3308 4454 3348 4518 Ι,
3389 4453 3444 4524 8)
3493 4461 3732 4524 tanquam

2137 4554 2343 4625 specula
2370 4553 2423 4607 in
2448 4553 2592 4607 vinea
2618 4559 2663 4606 et
2690 4551 2743 4605 in
2781 4546 3128 4604 cucum‘erario
3156 4549 3351 4611 casula,
3384 4554 3734 4617 posteaquam

420 4662 528 4722 per
556 4647 743 4703 Patres
773 4661 876 4718 qua
903 4643 1130 4709 Iudaici,
1174 4661 1279 4699 non
1309 4644 1425 4715 ejus
1451 4644 1517 4700 ad
1548 4660 1705 4715 quem
1738 4660 1913 4716 neque
1941 4660 2036 4701 na-
2060 4654 2114 4714 1)
2140 4655 2195 4703 et
2220 4645 2563 4701 novissimam
2595 4643 2650 4698 in
2676 4642 2890 4699 Christo
2932 4641 3013 4714 (4)
3043 4639 3414 4696 invitationem
3446 4638 3731 4694 recusavit.

424 4748 550 4795 tura
598 4736 965 4809 pertinebant,
1001 4751 1173 4804 neque
1218 4735 1587 4806 praerogativa.
1632 4734 1853 4801 Dehinc,
1904 4736 1949 4791 si
1993 4735 2039 4791 is

424 4830 597 4889 mittit
638 4828 705 4885 ad
732 4830 1008 4896 convivas,
1055 4829 1144 4898 qui
1184 4842 1393 4884 cenam
1439 4829 1676 4897 paravit;
1717 4828 1797 4884 sic
1826 4842 2039 4900 quoque

423 4922 704 4983 Creatoris
719 4930 992 4985 estcoena,
1012 4921 1099 4991 qui
1121 4920 1264 4975 misit
1283 4919 1349 4975 ad
1371 4914 1627 4975 convivas
1650 4918 2037 4989 admonendos,

424 5026 558 5075 ante
580 5016 690 5088 jam
734 5024 954 5070 vocatos
980 5030 1079 5087 per
1109 5014 1315 5079 Patres,
1339 5012 1708 5070 admonendos
1736 5022 1915 5070 autem
1943 5030 2039 5085 per

424 5110 766 5183 Prophetas:
802 5123 910 5164 non
937 5110 1026 5177 qui
1054 5109 1325 5164 neminem
1358 5092 1567 5163 miserit
1594 5106 1659 5162 ad
1688 5107 2035 5177 monendum,

423 5220 536 5269 nec
567 5203 659 5278 qui
689 5202 824 5259 nihil
850 5203 998 5274 prius
1023 5202 1194 5274 egerit
1216 5200 1283 5257 ad
1312 5200 1634 5271 vocandum,
1663 5200 1756 5258 sed
1805 5203 1921 5272 ipse
1940 5204 2034 5260 de-

2138 4738 2274 4808 Quid
2303 4754 2369 4795 ex
2397 4737 2500 4793 hoc
2524 4736 2712 4793 ordine
2734 4734 3029 4793 secundum
3061 4732 3440 4804 dispositiones
3461 4740 3514 4799 et
3544 4730 3738 4800 prtedi-

2138 4834 2379 4888 cationes
2420 4830 2693 4887 Creatoris
2730 4827 3062 4885 recensendo
3099 4834 3409 4895 competere
3436 4834 3611 4894 potest
3638 4823 3733 4890 illi,

2139 4931 2292 4998 cujus
2318 4941 2417 4983 nec
2446 4927 2687 4982 ordinem
2716 4924 2896 4987 habet,
2928 4937 3028 4978 nec
3052 4920 3457 4991 dispositionem
3486 4917 3549 4972 ad
3583 4932 3738 4989 para-

2140 5022 2277 5079 bolae
2325 5020 2798 5090 conspirationem,
2842 5016 2933 5087 qui
2976 5024 3142 5069 totum
3187 5024 3322 5082 Opus
3360 5010 3527 5064 semel
3577 5006 3736 5063 fecit?

2142 5115 2248 5170 Aut
2276 5128 2395 5185 qum
2418 5112 2523 5168 erit
2550 5111 2717 5180 prima
2742 5107 2952 5164 vocatio
2973 5107 3112 5176 ejus,
3136 5114 3190 5160 et
3212 5117 3331 5173 quae
3350 5100 3587 5156 secundo
3611 5109 3734 5155 actu

2139 5204 2474 5261 admonitio?
2492 5203 2629 5258 Ante
2647 5200 2846 5257 debent
2868 5199 2961 5254 alii
2981 5211 3259 5263 excusare,
3282 5202 3465 5265 postea
3483 5192 3577 5249 alii
3601 5207 3732 5249 con-

1652 5316 1941 5374 LECTION
1950 5319 2032 5379 ES
2070 5321 2488 5380 VARIANTES.

520 5412 577 5465 1)
596 5409 815 5463 Familia:
836 5411 983 5462 Pam.

540 5472 577 5539 ι)
598 5472 845 5539 Expende
861 5475 1006 5524 Plan.

2204 5417 2279 5544 £5;
2307 5415 2536 5487 Speciem
2559 5414 2664 5464 Lat.
2955 5470 2967 5481 _

2226 5478 2256 5527 4
2300 5477 2542 5527 Christum
2563 5477 2705 5527 Pam.
2732 5483 2883 5526 Fran.
2908 5481 2964 5524 Ri

2226 5474 2276 5540 4)
2300 5474 2542 5527 Christum
2563 5477 2705 5527 Pam.
2732 5483 2883 5526 Fran.
2908 5474 3015 5540 Rig.
3041 5474 3164 5524 Par.

1810 5562 2366 5622 COMMENTARIUS.

502 5655 678 5731 CAR.
700 5654 899 5713 XXXI.
913 5685 991 5731 —_:
1006 5653 1094 5731 (ενι)Δ
1105 5644 1388 5731 Corifringe
1409 5670 1592 5731 panem
1615 5661 1755 5731 tuum
1776 5658 2032 5719 esurienti,

320 5748 331 5767 ·
428 5727 783 5793 ατηρηάὶεος.
809 5735 914 5800 etc.
942 5726 1246 5799 MendiCus',
1281 5741 1378 5797 pro
1393 5742 1500 5798 quo
1534 5727 1785 5799 angatus
1829 5746 2030 5800 egenos,

430 5802 561 5875 sive
576 5803 815 5875 πτεθκοῦςο
858 5799 995 5875 ΡΨ-

506 5870 591 5949 (b)
638 5869 719 5928 De
752 5886 852 5942 qua
892 5871 1010 5926 illos
1048 5878 1335 5941 gustaturos
1377 5879 1524 5941 negat
1556 5869 1824 5926 Dominus.
1874 5870 2035 5927 Docet

2139 5659 2253 5714 haec
2282 5656 2647 5724 interpretatio
2678 5655 2983 5727 repudiatos
3009 5653 3080 5709 ob
3105 5645 3460 5727 pervicaciam
3488 5648 3727 5727 Iudaeos,

2140 5717 2579 5798 Christianosque
2629 5728 2695 5783 ad
2733 5717 2960 5791 coenam,
2991 5717 3171 5798 seuit}
3212 5717 3464 5789 explicat,
3508 5720 3574 5776 ad
3602 5721 3727 5778 vitae

2140 5803 2372 5859 cmlestis
2401 5796 2732 5858 saturitatem
2760 5807 2995 5855 vocatos.
3026 5796 3103 5855 Ia:
3132 5796 3227 5852 Pa.
