4020 6286
288 4265 315 4391 i

326 332 436 390 459

1743 326 2212 386 TERTULLIANI

3519 334 3632 396 MO

327 447 561 503 venisse.
595 447 745 504 Nunc
784 458 962 505 autem
990 447 1192 520 pariter
1218 456 1501 518 utramque
1545 454 1749 519 partem
1779 446 1918 500 invi-
1947 447 1997 506 A
2023 446 2092 502 de
2133 463 2352 502 nummo
2393 447 2616 515 dictum,
2661 465 2731 507 ne
2775 451 2898 524 quis
2936 453 3209 509 existimet
3233 453 3287 509 in
3325 466 3632 510 mammona

325 553 442 599 tare
469 544 630 609 venit,
653 543 721 598 de
743 544 974 608 civitate,
1003 542 1069 598 de
1097 541 1335 613 sepibus,
1362 542 1619 596 adversus
1645 539 1921 611 speculum

327 635 615 705 parabolas.
662 635 770 690 Nec
812 635 1121 705 potestiam
1148 634 1458 691 fastidiosos
1479 633 1743 704 judicare,
1788 649 1924 705 quos

334 741 601 797 utinquam
648 737 794 781 retro
840 727 1118 791 invitavit,
1150 742 1288 796 quos
1310 742 1430 781 cum
1461 725 1694 782 maxime
1734 741 1924 798 aggre-

325 817 488 873 ditur.
520 820 624 872 Aut
648 817 694 874 si
723 817 791 873 de
845 818 1021 873 futuro
1048 833 1141 874 eos
1163 817 1368 888 judicat
1399 826 1803 889 contemptores
1832 833 1925 873 vo-

323 912 588 966 cationem
613 928 628 977 ;
670 925 800 980 ergo
837 921 892 967 et
917 911 1304 966 subiectionem
1345 911 1465 966 loco
1492 926 1678 967 eorum
1705 926 1769 966 ex
1795 926 1926 982 gen-

326 1003 470 1058 tibus
521 1003 589 1058 de
639 1002 820 1060 futuro
870 1003 1160 1074 portendit.
1213 1003 1376 1060 Planc
1425 1003 1490 1058 ad
1541 1003 1642 1058 hoc
1687 1003 1926 1061 secundo

325 1105 583 1151 venturus
608 1105 694 1150 est
723 1106 780 1150 ut
807 1094 1053 1165 gentibus
1085 1094 1358 1164 prmdicet.
1390 1094 1458 1149 Et
1493 1095 1536 1150 si
1565 1107 1820 1150 venturus
1844 1103 1928 1151 est

324 1199 524 1254 autem,
553 1197 680 1259 puto
710 1204 814 1244 non
843 1189 994 1259 quasi
1020 1200 1307 1244 voeaturus
1335 1187 1511 1244 adhuc
1529 1189 1804 1256 convivas,
1831 1189 1924 1243 sed

317 1281 431 1350 jam
459 1281 838 1336 collocaturus.
872 1282 1079 1338 Interea
1102 1281 1190 1352 qui
1217 1297 1387 1338 omna:
1411 1282 1563 1338 istius
1591 1282 1924 1338 vocationem

324 1373 377 1426 iu
408 1373 486 1444 (l)
512 1373 731 1429 caeleste
767 1373 1069 1429 convivium
1099 1374 1468 1444 interpretaris
1494 1375 1751 1444 Spiritalis
1780 1385 1928 1430 satu-

324 1464 500 1520 ritatis
551 1475 606 1521 et
649 1464 1022 1536 jucunditutis,
1097 1476 1368 1522 memento
1431 1479 1486 1521 et
1540 1466 1616 1538 (a)
1682 1476 1927 1522 terrenas

324 1557 711 1626 promissioues
737 1557 844 1612 viui
875 1567 929 1612 et
957 1559 1062 1614 olei
1091 1569 1146 1616 et
1189 1558 1462 1624 frumenti,
1505 1568 1561 1615 et
1601 1560 1770 1631 ipsius
1797 1561 1929 1617 civi-

327 1650 472 1717 tatis,
502 1666 656 1722 teque
681 1650 736 1706 in
765 1651 1022 1722 Spiritalia
1053 1651 1265 1722 [igurari
1307 1667 1337 1708 a
1365 1651 1640 1708 Creatore.

885 1742 1112 1801 CAPUT
1161 1743 1378 1800 XXXII.

2027 541 2340 599 Creatorem
2388 543 2817 615 intelligendum,
2864 555 2921 602 et
2962 546 3238 603 Christum
3282 561 3312 602 a
3359 547 3635 604 Creatoris

2029 633 2149 690 illos
2189 636 2450 691 servitute
2478 651 2788 693 revocasse.
2836 638 3014 706 Quid?
3047 654 3190 694 nunc
3219 637 3393 709 potius
3431 654 3499 694 ex
3531 638 3636 696 hoc

2027 725 2196 793 disce,
2227 743 2388 782 unum
2436 743 2468 783 a
2505 728 2723 785 Christo
2755 731 2920 786 Deum
2967 741 3269 787 ostensum.
3305 732 3446 788 Duos
3488 733 3634 788 enim

2027 819 2274 874 dominos
2300 821 2620 888 nominavit,
2651 821 2818 878 Deum
2836 832 2890 878 et
2914 839 3299 890 mammonam,
3319 822 3635 880 Creatorem

2027 921 2084 968 et
2109 927 2405 967 nutumum.
2435 913 2692 984 Denique,
2717 931 2818 970 non
2837 917 3045 984 potestis
3071 914 3174 971 Deo
3195 919 3381 971 servire
3403 931 3422 971 :
3447 915 3635 987 utique

2028 1004 2098 1069 ci,
2144 1005 2228 1060 cui
2277 1005 2484 1060 sâ€˜crvire
2515 1005 2865 1077 videbantur;
2896 1017 2942 1062 et
2981 1023 3309 1076 mammonae,
3355 1008 3440 1063 eui
3468 1009 3639 1079 magis

2029 1095 2454 1151 desdnabantur.
2511 1097 2666 1164 Quod
2711 1099 2754 1153 si
2804 1099 2922 1170 ipse
2961 1100 3125 1154 alium
3165 1115 3228 1156 se
3275 1108 3479 1170 ageret,
3528 1116 3638 1156 non

2032 1187 2167 1242 duos
2208 1187 2482 1256 dominos,
2516 1189 2612 1245 sed
2664 1200 2774 1246 tres
2819 1191 3265 1248 demonstrasset.
3306 1191 3374 1246 Et
3413 1190 3640 1248 Creator

2030 1280 2173 1335 enim
2209 1279 2486 1348 Dominus,
2515 1284 2638 1352 quia
2665 1282 2829 1338 Deus.
2862 1283 2930 1339 Et
2960 1285 3143 1356 utique
3170 1285 3340 1355 magis
3364 1283 3637 1352 dominus,

2031 1390 2190 1445 quam
2221 1389 2579 1445 mammonas;
2613 1379 2892 1449 magisque
2924 1379 3315 1445 observandus,
3341 1395 3444 1450 qua
3471 1381 3640 1451 magis

2030 1457 2301 1524 dominus.
2352 1469 2530 1538 Quare
2567 1481 2654 1526 est
2694 1473 2861 1536 enim,
2915 1479 2970 1526 ut
3015 1471 3106 1542 qui
3153 1487 3514 1527 mammonam
3543 1471 3642 1527 do-

2033 1560 2235 1614 minum
2263 1560 2492 1626 dixerat,
2537 1570 2591 1616 et
2638 1576 2760 1617 cum
2791 1563 2900 1616 Deo
2933 1562 3206 1632 iunxerat.
3234 1577 3363 1618 vere
3390 1563 3628 1633 ipsorum

2031 1649 2306 1706 dominum
2349 1661 2571 1719 taceret,
2617 1653 2672 1710 id
2721 1664 2807 1709 est
2850 1654 3189 1710 Creatorem?
3231 1656 3338 1710 Aut
3374 1655 3634 1728 numquid

2034 1745 2264 1801 tacendo
2309 1760 2397 1812 eo,
2430 1747 2700 1803 concessit
2723 1746 3070 1804 serviendum
3102 1749 3152 1803 ei
3179 1763 3323 1816 esse,
3356 1747 3400 1802 si
3431 1748 3645 1803 solum-

402 1834 557 1891 Ovem
601 1846 646 1892 et
677 1838 973 1892 drachmam
1012 1839 1266 1909 perditam
1303 1840 1416 1911 quis
1458 1839 1705 1910 requirit?
1741 1839 1931 1898 Nonne
1959 1841 2008 1902 B
2037 1837 2198 1892 modo
2264 1836 2367 1892 sibi
2435 1845 2493 1893 et
2546 1852 2870 1893 mammonae
2931 1837 3147 1908 negavit
3199 1853 3361 1909 posse
3413 1837 3646 1894 serviri?

329 1928 420 2000 qui
453 1929 726 2002 perdidit?
757 1931 889 1998 Quis
931 1941 1110 1986 autem
1155 1931 1424 2002 perdidit?
1462 1931 1652 1988 Nonne
1695 1935 1785 2004 qui
1834 1933 1929 1988 ha-

327 2019 476 2076 buit?
504 2021 634 2088 Quis
661 2037 790 2078 vero
819 2022 1041 2078 habuit?
1085 2022 1276 2079 Nonne
1305 2023 1459 2094 cujus
1490 2023 1623 2089 fuit?
1668 2023 1723 2082 Si
1771 2025 1931 2096 igitur

331 2111 494 2168 homo
520 2130 626 2169 non
655 2115 877 2172 alterius
915 2126 1000 2172 est
1041 2131 1152 2184 res,
1197 2133 1357 2188 quam
1396 2116 1702 2184 Creatoris;
1736 2118 1780 2175 is
1805 2135 1927 2174 eum

328 2204 534 2274 habuit,
565 2207 719 2279 Cujus
763 2207 879 2263 fuit.
910 2208 962 2263 Is
1001 2209 1249 2278 perdidit,
1299 2209 1389 2280 qui
1429 2210 1634 2266 habuit.
1666 2211 1716 2266 Is
1752 2211 1930 2282 requi-

329 2299 472 2364 sivit,
527 2300 617 2369 qui
665 2299 917 2371 perdidit.
945 2299 998 2356 Is
1026 2301 1249 2367 invenit,
1280 2301 1372 2372 qui
1399 2302 1668 2372 quatsivit.
1706 2303 1755 2358 Is
1782 2304 1932 2359 exul-

335 2393 485 2457 tavit,
509 2395 600 2464 qui
619 2394 839 2449 invenit.
868 2393 940 2448 ltu
967 2395 1245 2465 utriusque
1270 2396 1539 2466 parabolae
1556 2407 1928 2468 argumentum

335 2493 491 2541 vacat
516 2487 658 2540 circa
685 2501 830 2551 eum,
857 2486 1012 2557 cujus
1043 2503 1148 2543 non
1187 2496 1271 2543 est
1297 2487 1413 2544 ovis
1444 2504 1621 2560 neque
1644 2490 1929 2560 drachma,

331 2578 386 2635 id
416 2589 498 2636 est
535 2580 715 2636 homo.
748 2581 864 2636 Non
905 2581 1049 2637 enim
1086 2581 1339 2653 perdidit,
1383 2584 1509 2655 quia
1549 2600 1656 2639 non
1706 2584 1929 2652 habuit;

333 2686 433 2727 nec
479 2672 783 2743 requisivit,
811 2673 936 2744 quia
982 2689 1088 2728 non
1134 2674 1520 2744 perdiditpnec
1559 2675 1782 2743 invenit,
1809 2677 1932 2748 quia

332 2777 434 2818 nec
483 2764 796 2835 requisivit;
865 2779 963 2820 nec
1021 2766 1300 2832 exultavit,
1356 2767 1480 2836 quia
1533 2783 1642 2822 non
1707 2767 1931 2824 invenit.

331 2859 510 2926 Atque
559 2855 695 2911 adeo
742 2855 816 2928 (b)
874 2857 1118 2912 exultare
1171 2857 1314 2914 illius
1361 2869 1444 2914 est
1495 2859 1564 2914 de
1623 2861 1934 2930 poenitentia

335 2949 653 3019 peccatoris,
685 2950 734 3004 id
763 2959 866 3018 est,
899 2951 968 3006 de
1012 2951 1200 3022 perditi
1245 2953 1671 3024 rcwperatione,
1717 2956 1805 3026 qui
1877 2971 1937 3012 se

335 3041 607 3112 professus
634 3050 717 3099 est
737 3041 866 3099 olim
891 3043 1033 3100 male
1057 3047 1354 3115 peccatoris
1381 3046 1748 3118 paenitentiam
1776 3063 1934 3120 quam

336 3143 591 3190 mortem.

870 3225 1098 3287 CAPUT
1149 3231 1389 3288 XXXIII.

407 3319 610 3388 Quibus
640 3320 839 3376 duobus
870 3322 1091 3379 demittis
1117 3334 1274 3396 neget
1302 3340 1458 3397 posse
1486 3327 1683 3393 sei-viri,
1712 3328 1832 3399 quia
1853 3329 1931 3383 al-

337 3422 499 3468 terum
518 3413 711 3483 o/Tendi
729 3417 792 3471 sit
813 3433 1028 3485 necesse,
1053 3419 1270 3474 alterunt
1291 3419 1515 3493 defendi,
1543 3422 1656 3492 ipse
1671 3423 1931 3489 declarat,

342 3507 504 3562 Deum
545 3523 851 3580 proponens
893 3523 949 3567 et
980 3529 1341 3569 mammonam.
1392 3514 1596 3572 Deinde
1635 3515 1710 3589 (Îµ)
1759 3533 1933 3573 mam-

339 3615 555 3655 monam
579 3617 738 3672 quem
764 3601 986 3675 intelligi
1011 3605 1157 3672 velit,
1184 3606 1228 3660 si
1252 3606 1595 3676 interpretem
1618 3623 1720 3663 nou
1745 3609 1933 3676 babes,

337 3691 408 3746 ab
439 3693 555 3761 ipso
582 3703 733 3761 potes
753 3693 983 3749 discere.
1012 3695 1321 3752 Admonens
1348 3698 1490 3752 enim
1523 3715 1642 3764 nos,
1673 3699 1742 3755 de
1769 3716 1937 3758 amou-

345 3781 546 3839 laribus
585 3783 836 3856 suffragia
885 3786 1040 3842 nobis
1089 3787 1395 3858 prospicere
1441 3790 1818 3858 amicitiarum,
1853 3809 1936 3848 se-

339 3875 563 3930 cundum
589 3879 718 3932 servi
746 3878 888 3933 illius
907 3879 1234 3950 exemplum,
1263 3881 1349 3951 qui
1374 3881 1438 3936 ab
1475 3890 1594 3937 actu
1633 3893 1935 3954 summotus,

341 3968 624 4023 dominicas
651 3971 900 4027 debitores
924 3971 1188 4028 diminutis
1216 3972 1296 4046 (â€˜2)
1330 3973 1646 4032 cautionibus
1673 3975 1858 4032 revelat
1885 3980 1939 4033 in

341 4059 621 4115 subsidium
650 4063 763 4116 sibi.
800 4061 866 4116 Et
895 4080 1004 4135 ego,
1041 4065 1241 4135 inquit.
1275 4065 1390 4121 dico
1418 4067 1576 4134 vobis,
1623 4069 1775 4140 facite
1803 4070 1941 4126 vobis

343 4155 535 4210 amicos
580 4156 643 4210 de
671 4173 958 4212 mammona
999 4158 1303 4228 injustitiae;
1351 4159 1420 4215 de
1448 4175 1670 4216 numtno
1714 4162 1939 4231 scilicet,

344 4249 410 4303 de
456 4263 563 4318 quo
604 4257 658 4303 et
699 4264 888 4304 servus
929 4251 1040 4306 ille.
1082 4250 1364 4320 Î¹Î¹á¿„Ï…ÎµÎ¹á½¶Î¹á½·á½·Îµ
1402 4254 1546 4309 enim
1573 4263 1846 4311 auctorem
1887 4267 1944 4312 et

345 4339 738 4416 dominatorem
771 4342 930 4397 totius
957 4343 1137 4418 sreculi
1161 4358 1456 4418 nummum
1487 4347 1970 4424 sci._t_n_u_s_t_)tn_neÂ§;_

344 4430 441 4486 Cui
475 4431 778 4488 lamulalam
803 4434 989 4491 videns
1020 4416 1408 4492 Pharisaeorum
1425 4416 1942 4510 cupiditatemraiud-

348 4525 605 4579 mcntavit
633 4524 769 4579 hanc
807 4526 1127 4582 sententiam
1151 4526 1268 4600 (tl):
1303 4527 1424 4583 Non
1456 4532 1663 4600 potestis
1691 4531 1798 4588 Deo
1835 4550 1942 4589 ser-

2032 1928 2132 1994 Ita,
2164 1943 2286 1983 cum
2328 1945 2490 1984 unum
2523 1929 2688 1984 Deum
2738 1929 2889 1999 ponit
2919 1930 3290 1985 nominaturus
3331 1938 3387 1986 et
3423 1929 3647 1986 Creato-

2032 2037 2168 2087 rem,
2200 2021 2243 2075 si
2267 2020 2401 2076 alius
2437 2031 2581 2076 esset
2610 2021 2751 2091 ipse,
2782 2020 3090 2076 Creatorem
3118 2020 3434 2087 nominavit;
3465 2036 3628 2092 quem

2031 2113 2306 2170 dominum
2336 2114 2452 2169 sine
2475 2115 2581 2170 alio
2611 2114 2724 2170 Deo
2769 2129 2875 2170 nou
2919 2115 3114 2185 posuit.
3169 2116 3238 2169 Et
3277 2113 3403 2170 illud
3465 2116 3647 2186 itaque

2032 2204 2316 2272 relucebit,
2353 2203 2623 2278 quomodo
2646 2205 2886 2261 dictum:
2931 2205 2991 2261 Si
3045 2207 3098 2260 in
3125 2222 3415 2260 mammona
3441 2207 3637 2278 injuste

2034 2297 2210 2368 fideles
2239 2314 2341 2351 non
2368 2297 2627 2364 extitistis,
2675 2297 2813 2368 quod
2839 2313 3014 2352 verum
3041 2307 3112 2352 est
3141 2297 3252 2365 quis
3278 2298 3418 2352 vobis
3442 2298 3648 2354 credet?

2034 2389 2090 2446 In
2117 2405 2336 2446 nummo
2364 2390 2567 2445 scilicet
2595 2391 2815 2458 injusto,
2847 2403 2951 2444 non
2993 2389 3045 2444 in
3069 2378 3349 2456 'Creatore,
3379 2405 3535 2457 quem
3584 2398 3643 2447 et

2035 2481 2268 2538 Marcion
2293 2483 2495 2551 justum
2524 2481 2668 2536 facit.
2702 2479 2768 2536 Et
2790 2481 2833 2536 si
2855 2482 2907 2534 in
2931 2481 3098 2536 alieno
3124 2481 3300 2550 fideles
3333 2481 3521 2536 inventi
3541 2499 3648 2539 non

2036 2576 2174 2642 estis,
2201 2574 2338 2646 quod
2368 2590 2535 2628 meum
2561 2583 2633 2628 est
2674 2575 2788 2644 quis
2841 2572 2923 2644 (5)
2973 2573 3116 2627 dabit
3163 2573 3344 2630 vobis?
3400 2573 3647 2633 Alienum

2037 2668 2180 2724 enim
2227 2666 2388 2722 debet
2426 2680 2546 2722 esse
2592 2680 2624 2718 a
2660 2665 2832 2721 servis
2876 2665 2999 2733 Dei,
3049 2665 3190 2735 quod
3246 2664 3499 2735 injustum
3540 2674 3647 2723 est.

2036 2760 2258 2818 Creator
2281 2769 2484 2828 autem,
2515 2758 2787 2829 quomodo
2835 2757 2919 2828 (4)
2960 2757 3164 2814 alienus
3185 2768 3300 2814 erat
3329 2757 3642 2830 Pbarisaeis,

2039 2855 2289 2927 proprius
2332 2855 2474 2910 Deus
2516 2852 2754 2909 Judaicm
2777 2851 2995 2922 gentis?
3031 2852 3086 2907 Si
3116 2866 3250 2922 ergo
3277 2851 3390 2906 haec
3421 2866 3527 2907 non
3553 2867 3648 2908 ca-

2040 2946 2171 3002 dunt
2203 2946 2255 3001 in
2279 2944 2625 3011 Creatorem,
2665 2942 2760 2999 sed
2799 2944 2849 2999 in
2881 2956 3239 2998 mammonam
3263 2983 3278 3010 ,
3327 2943 3449 3012 quis
3495 2944 3652 3001 vobis

2039 3039 2227 3097 credet
2267 3037 2410 3108 quod
2457 3038 2636 3092 verius
2679 3035 2800 3092 est?
2853 3046 2908 3092 et
2961 3037 3082 3107 quis
3125 3036 3278 3091 vobis
3323 3036 3472 3092 dabit
3506 3037 3651 3108 quod

2043 3148 2220 3189 meum
2251 3129 2377 3188 est?
2402 3129 2517 3186 Non
2545 3137 2719 3200 potest
2746 3130 2898 3200 quasi
2919 3128 3054 3183 alius
3092 3128 3295 3183 dixisse
3323 3131 3389 3184 de
3416 3129 3645 3187 alterius

1957 3230 2002 3294 C
2037 3229 2131 3286 Dei
2155 3227 2345 3300 gratia.
2391 3225 2544 3282 Tunc
2567 3227 2710 3284 enim
2750 3224 3023 3282 videretur
3050 3225 3363 3293 itadixisse,
3391 3226 3434 3280 si
3466 3225 3640 3281 eosin

2034 3321 2386 3386 Creatorem,
2413 3334 2519 3375 non
2565 3320 2616 3373 in
2666 3333 3024 3374 mammonam
3069 3317 3311 3375 inï¬deles
3371 3316 3630 3383 notando,

2038 3431 2133 3486 per
2157 3411 2424 3470 Creatoris
2453 3412 2776 3467 mentionem
2803 3408 3176 3467 distinctiones
3207 3410 3421 3467 fecisset
3451 3410 3542 3465 Dei
3570 3410 3648 3464 al-

2049 3505 2236 3571 terius,
2283 3519 2389 3560 non
2431 3503 2772 3559 commissuri
2822 3519 2974 3558 suam
3023 3503 3300 3559 veritatem
3347 3501 3654 3558 infidelibus

2039 3595 2327 3652 Creatoris.
2363 3595 2645 3664 Quomodo
2688 3605 2815 3652 tunc
2864 3597 3088 3651 alterius
3139 3595 3307 3653 videri
3361 3604 3553 3667 potest,
3603 3596 3653 3652 si

2041 3701 2146 3744 non
2177 3688 2246 3743 ad
2287 3688 2388 3743 hoc
2413 3698 2760 3759 proponatur,
2792 3697 2848 3743 ut
2882 3703 2911 3741 a
2943 3694 2997 3743 te
3033 3687 3100 3745 de
3127 3703 3232 3759 qua
3261 3688 3437 3759 agitur
3487 3702 3650 3759 sepa-

2042 3780 2234 3836 retur?
2261 3780 2316 3837 Si
2341 3790 2522 3836 autem
2563 3793 2618 3837 et
2655 3780 3018 3852 justiticantes
3047 3795 3106 3836 se
3129 3795 3313 3837 coram
3343 3779 3652 3838 hominibus

2043 3873 2336 3942 Pharisrci,
2364 3890 2513 3945 spem
2560 3873 2824 3931 mercedis
2869 3873 2924 3930 in
2972 3875 3189 3932 homine
3231 3874 3535 3946 ponebant,
3561 3875 3657 3932 illo

2043 3983 2138 4023 eos
2188 3982 2350 4023 sensu
2401 3949 2730 4038 increpabat,
2781 3982 2888 4039 quo
2935 3976 2991 4024 et
3043 3968 3301 4038 pr0pheta
3353 3967 3656 4024 Hieremias

2044 4061 2284 4133 (Jerem.,
2324 4059 2493 4126 XVII,
2523 4060 2579 4132 5)
2607 4079 2619 4116 :
2651 4062 2723 4131 (e)
2775 4059 2933 4116 Miser
2963 4061 3132 4125 homo,
3158 4061 3242 4134 qui
3264 4077 3404 4131 spem
3429 4061 3576 4116 habet
3599 4063 3658 4117 in

2045 4154 2264 4209 homine.
2306 4152 2362 4210 Si
2387 4161 2442 4209 et
2467 4153 2649 4224 adjicit
2678 4169 2692 4207 :
2727 4153 2836 4208 Scit
2873 4163 3041 4207 auten;
3071 4151 3214 4208 Deus
3255 4152 3413 4208 corda
3449 4162 3612 4208 vestra
3634 4169 3659 4221 ;

2046 4245 2190 4301 illius
2231 4246 2322 4303 Dei
2351 4246 2460 4302 vim
2486 4243 2981 4312 commemorabat,
3015 4245 3107 4317 qui
3138 4244 3417 4301 lucernam
3448 4260 3506 4300 se
3532 4259 3662 4316 pro-

2047 4340 2360 4407 nuntiabat,
2389 4347 2719 4395 scrutantem
2765 4352 2924 4395 renes
2947 4346 3003 4395 et
3027 4337 3210 4394 corda.
3261 4338 3319 4394 Si
3349 4337 3658 4408 superbiam

2049 4435 2254 4506 tangit:
2287 4433 2437 4502 Quod
2466 4433 2659 4489 elatum
2713 4442 2786 4488 est
2813 4433 2954 4502 apud
2999 4432 3248 4499 homines,
3296 4447 3534 4504 perosum
3586 4439 3663 4487 est

2051 4527 2184 4596 Deo,
2212 4527 2425 4584 Esaiam
2455 4527 2743 4599 ponitante
2762 4526 2948 4581 oculos
2973 4524 3183 4598 (Is.,Il,
3217 4522 3307 4596 12)
3333 4543 3345 4580 :
3376 4523 3497 4578 Dies
3525 4524 3664 4580 enim

349 4615 452 4668 vire
487 4625 532 4670 el
570 4633 893 4672 mammona.
940 4617 1246 4675 Irridehant
1291 4619 1525 4690 denique
1554 4622 1810 4680 Pharisaei
1857 4641 1951 4696 pe.
1977 4635 2031 4695 D
2061 4619 2268 4676 Domini
2296 4618 2530 4686 sabaoth,
2557 4620 2612 4674 in
2639 4634 2838 4674 omnem
2858 4616 3278 4672 contumeliosum
3293 4625 3339 4670 et
3360 4614 3657 4684 superbum,

348 4707 520 4763 cunize
539 4707 737 4778 cupidi,
767 4709 911 4780 quod
936 4709 1328 4767 intellexissent
1350 4711 1555 4771 scilicet
1579 4729 1939 4772 mammonam

2043 4717 2098 4771 in
2118 4731 2316 4771 omnem
2343 4713 2608 4770 sublimem
2635 4723 2683 4769 et
2712 4714 2902 4769 elatum
2923 4728 2943 4780 ;
2983 4720 3030 4768 et
3055 4711 3196 4767 humi
3206 4711 3488 4768 liabuntur.
3525 4707 3664 4767 Pus-

1581 4825 1961 4890 LECTIONES
2003 4828 2416 4888 VARIAN'Iâ€˜ES.

415 4935 487 4994 (t)
513 4936 566 4987 In
589 4934 719 4988 abest
742 4935 838 4988 uult
863 4935 1088 4991 Ciaccon.

414 4999 486 5065 (2)
509 4999 748 5051 Diminuit
763 5003 907 5052 Pam.

2133 4945 2184 5010 á½…)
2209 4944 2339 5010 Estis
2361 4957 2524 5010 meum
2545 4945 2654 5010 quis
2676 4943 2829 5010 Semt.

2133 4945 2184 5010 5)
2209 4945 2339 4995 Estis
2361 4957 2524 4996 meum
2545 4945 2654 5007 quis
2676 4945 2829 4996 Semt.

2111 4945 2186 5073 Î¾Î¹)
2209 5007 2504 5059 Autearalio
2525 5008 2669 5058 modo
2693 5006 2841 5058 Rhea.

1717 5090 2277 5150 COMMENTARIUS.

425 5197 503 5269 (Ï„Î¹)
542 5197 792 5274 Terrenas
833 5199 1192 5274 promissione:
1207 5201 1343 5274 Quini
1384 5209 1432 5256 et
1469 5202 1585 5258 olei.
1616 5203 1812 5274 Quales
1849 5205 1942 5262 ha-

357 5271 554 5326 bentur
582 5270 880 5336 smpissime
916 5272 968 5326 in
996 5270 1178 5328 Veteri
1205 5271 1568 5330 Testamento.
1598 5270 1674 5331 Li:
1702 5277 1797 5331 Pa.

423 5342 577 5398 CAP.
598 5341 1004 5418 _X}_(_Xll.-_â€”_(b)
1029 5343 1278 5398 Exultare
1302 5345 1440 5398 illius
1465 5357 1536 5400 est
1566 5347 1630 5402 de
1653 5348 1946 5418 paenitentia

357 5415 652 5487 peccatoris.
677 5414 790 5487 Non
815 5414 972 5470 video
995 5429 1092 5469 cur
1123 5425 1396 5485 tantopere
1421 5431 1481 5471 se
1495 5414 1731 5487 torqueat
1763 5419 1948 5473 Pame-

356 5487 457 5540 lius
483 5485 884 5540 uthuuclocum
901 5487 1147 5556 explicet.
1163 5488 1294 5559 Cum
1322 5488 1464 5542 enim
1484 5485 1794 5559 angelorum
1823 5504 1944 5546 esse

357 5560 429 5612 ait
456 5574 517 5610 ex
546 5566 797 5612 contextu
842 5559 1169 5629 evangelica,
1222 5557 1446 5628 ideoque
1491 5557 1578 5615 hic
1619 5561 1727 5616 Deo
1762 5559 1943 5616 tribuit

358 5629 502 5699 quod
539 5629 606 5682 de
631 5629 837 5698 angelis
863 5628 1061 5682 dictum
1100 5640 1184 5684 est
1209 5671 1222 5686 .
1262 5629 1503 5683 attendat
1532 5631 1723 5687 sedulo
1762 5648 1830 5686 ne
1859 5645 1947 5686 se-

361 5703 492 5754 riem
537 5699 804 5754 sermonis
830 5699 1172 5766 interturhet,
1201 5700 1604 5769 disjuugatque;
1662 5717 1782 5756 nam
1813 5702 1947 5756 ordo

357 5780 410 5844 et
436 5787 627 5844 sensus
647 5769 836 5844 facilis
862 5779 965 5833 est,
1001 5770 1066 5824 de
1095 5786 1160 5844 eo
1187 5770 1279 5840 qui
1321 5768 1452 5822 dixit
1487 5768 1504 5840 (
1534 5771 1643 5827 Deo
1668 5770 1902 5844 scilicet)
1930 5791 1944 5831 :

356 5839 409 5894 Îœ
417 5843 499 5897 alo
526 5840 866 5912 paenitentiam
891 5843 1186 5912 peccatoris,
1209 5839 1371 5912 quam
1396 5850 1627 5900 mortem.
1667 5843 1746 5900 LE
1772 5844 1870 5902 Î¡Î·.

2114 5205 2266 5262 CAP.
2283 5204 2525 5261 XXXIII.
2545 5235 2618 5246 --
2635 5204 2712 5276 (c)
2740 5203 3089 5258 Mammonam
3111 5218 3257 5276 quem
3278 5201 3489 5270 intelligi
3514 5201 3659 5260 velit.

2045 5278 2195 5345 Quod
2225 5278 2404 5334 Punici
2428 5276 2610 5332 dicunt
2640 5275 2932 5342 mammoo,
2964 5276 3152 5329 Latine
3177 5275 3382 5328 lucrum
3411 5281 3657 5330 vocatur.

2048 5353 2276 5418 August.
2306 5350 2481 5404 Serm.
2513 5347 2710 5403 XXXV
2738 5347 2805 5402 de
2831 5346 2992 5402 Verb.
3030 5346 3183 5418 Dom.
3213 5345 3332 5401 th.

2123 5415 2202 5488 ('d)
2229 5420 2562 5474 Ammentauit
2583 5419 2713 5472 hanc
2737 5419 3055 5472 sententiam.
3078 5416 3144 5472 Ut
3163 5417 3394 5488 jaculum
3416 5415 3655 5471 intorsit.

2056 5487 2213 5545 Varie
2265 5492 2517 5546 scribitur
2563 5492 2614 5544 in
2667 5489 2816 5545 MSS.
2872 5493 3178 5551 Amentum,
3235 5487 3553 5542 Admeutum
3605 5498 3667 5543 et

2049 5563 2412 5617 Atntuctttum.
2433 5561 2677 5616 Grtecum
2696 5570 2777 5615 est
2792 5564 2955 5629 á¼„Î¼Î¼Î¹.
2979 5560 3176 5615 IlIc.â€”-
3192 5559 3248 5612 Id
3269 5567 3370 5623 est,
3390 5557 3666 5629 jaculattts

2049 5644 2152 5699 est,
2184 5633 2394 5687 emisit:
2425 5634 2492 5687 ab
2517 5643 2753 5700 amento,
2784 5627 2925 5701 quad
2948 5631 3118 5684 lorum
3147 5630 3424 5699 signiï¬cat,
3454 5627 3669 5684 deduc-

2051 5715 2161 5758 tum
2197 5705 2413 5757 verbum
2442 5714 2736 5760 amentarc.
2768 5703 2944 5758 Rat-1N.

2122 5773 2198 5844 (Îµ)
2244 5775 2400 5828 Miser
2426 5774 2574 5828 homo
2603 5776 2687 5845 qui
2713 5791 2853 5844 spem
2879 5771 3043 5826 habet.
3077 5779 3180 5824 etc.
3230 5765 3660 5845 De_buitâ€˜diccre

2049 5836 2382 5914 maledictus,
2410 5859 2532 5902 nam
2562 5836 2750 5920 graece
2764 5855 2847 5904 est
2872 5848 3247 5916 á¼Ï€Î¹ÎºÎ±Ï„ÎµÏÎµÎ½Ï„Î¿Ï‚.
3291 5838 3368 5896 Le
3407 5836 3506 5894 Pa.
