4020 6286
330 329 440 395 443
464 360 469 367 ί
1751 326 1949 386 TERTI

2058 325 2210 383 .lANl
3522 326 3629 384 444

334 448 683 510 conﬁrmatur
708 446 888 505 abillo
914 447 1143 520 Moyses,
1167 463 1233 504 ex
1256 446 1446 504 eodem
1469 446 1621 503 titulo
1638 445 1928 516 prohibens
1952 446 2007 504 A
2032 443 2191 499 bente
2215 460 2280 500 ex
2303 443 2392 499 illa
2424 442 2610 512 filiam,
2642 452 2699 500 et
2722 444 2805 501 vel
2830 458 2897 501 eo
2926 444 3143 501 nomine
3164 445 3385 513 illicite;
3413 461 3479 503 ex
3510 446 3634 502 libi-

335 540 639 612 repudium,
667 555 775 612 quo
803 551 856 597 et
880 539 1146 611 Christus,
1176 541 1219 595 si
1247 543 1518 596 inventum
1547 538 1706 596 fuerit
1735 540 1787 594 in
1814 555 1931 594 mu-
2035 535 2195 604 diuis,
2221 551 2326 591 non
2353 550 2423 591 ex
2459 535 2901 607 legis-instinctu;
2931 551 2993 592 ac
3019 546 3304 608 propterea
3333 538 3630 609 propheten

337 633 469 701 licre
520 633 785 703 negotium
838 633 1183 702 impudicum.
1237 633 1368 688 Nam
1419 642 1472 687 et
1528 632 1580 687 in
1644 632 1931 702 Evangelio
2032 644 2245 701 quoque
2274 636 2597 685 assertorem
2619 628 2750 700 legis
2787 628 3080 685 occiderat.
3134 628 3245 685 Hoc
3287 629 3416 683 mihi
3464 629 3633 686 disse-

337 722 569 779 Matthzei
598 720 839 794 (Matthu
871 721 938 790 V,
970 722 1063 796 52)
1090 741 1102 777 :
1139 723 1241 789 Qui
1269 723 1533 788 dimiserit,
1560 724 1750 794 inquit,
1797 740 1932 778 uxo-

335 831 442 871 rem
465 832 610 870 suam
634 825 816 885 prteter
836 833 1069 872 caussam
1094 818 1350 884 adulterii,
1380 817 1506 889 facit
1534 835 1645 872 eam
1674 818 1932 873 adultera.

335 907 383 963 ri
404 922 424 972 ,'
444 916 591 979 atque
619 908 691 964 ita
715 908 791 980 (l)
821 910 1021 964 adulter
1048 919 1277 965 censetur
1310 918 1356 964 et
1391 909 1500 977 ille,
1548 912 1635 981 qui
1673 911 1933 966 dimissam

338 1018 371 1055 α
399 1000 506 1055 viro
548 1001 767 1057 dux-erit.
799 1000 1082 1067 Caeterum,
1125 1013 1322 1073 praeter
1347 1018 1411 1056 ex
1441 1016 1631 1058 caussa
1661 1003 1931 1068 adulterii,

340 1106 440 1147 nec
466 1091 689 1151 Creator
713 1093 1005 1165 disjungit,
1055 1094 1195 1166 quod
1225 1094 1342 1166 ipse
1386 1095 1590 1150 scilicet
1636 1095 1933 1165 conjunxit,

339 1185 529 1244 eodem
568 1187 699 1253 alibi
745 1186 929 1258 Moyse
980 1190 1336 1245 constituente
1381 1187 1559 1260 (Deut.
1587 1231 1600 1254 ,
1633 1188 1807 1255 XXII,
1840 1189 1933 1261 28)

338 1293 463 1351 eum
494 1280 583 1350 qui
614 1278 713 1353 (a)
746 1295 811 1337 ex
842 1283 1244 1351 compressione
1283 1282 1684 1338 matrimonium
1715 1282 1934 1349 fecerat,

341 1391 447 1433 non
480 1393 639 1449 posse
666 1378 937 1439 dimittere
964 1395 1183 1436 uxorem
1234 1382 1283 1435 in
1325 1396 1485 1437 omne
1524 1390 1751 1451 tempus.
1784 1380 1937 1449 Quod

339 1468 385 1525 si
415 1483 485 1525 ex
514 1468 766 1526 violentia
795 1480 1038 1526 coactum
1084 1472 1482 1527 matrimonium
1510 1472 1692 1540 stabit,
1738 1480 1939 1543 quanto

341 1560 509 1632 magis
540 1576 607 1616 ex
633 1563 1005 1618 convenientia
1033 1563 1434 1619 voluntarium?
1463 1565 1601 1620 sicut
1629 1575 1683 1619 et
1709 1564 1940 1635 pt'0phe-

2034 726 2205 779 ruisse
2248 723 2509 793 proﬁciet,
2547 722 2707 777 etiam
2759 720 2840 796 (6)
2887 722 3220 794 subsequens
3262 732 3632 793 argumentum

2035 816 2214 872 divitis
2267 814 2407 885 apud
2455 815 2653 872 inferos
2701 814 2949 881 dolentis,
3002 826 3057 871 et
3105 816 3354 887 pauperis
3401 817 3454 871 in
3513 817 3635 873 sinu

2040 907 2266 965 Abrahae
2320 908 2723 977 requiescentis.
2775 907 2909 962 Nam
2958 916 3012 963 et
3051 907 3199 973 illud,
3252 920 3511 978 quantum
3567 907 3637 962 ad

2037 1003 2330 1073 Scriptum
2358 1001 2697 1073 superﬁciem
2721 1042 2737 1067 ,
2766 1001 2942 1057 subito
2969 1002 3301 1074 propositum
3327 1011 3431 1068 est,
3460 1015 3636 1073 quan-

2041 1109 2150 1153 tum
2178 1098 2244 1153 ad
2271 1097 2619 1153 intentionem
2665 1110 2874 1163 sensus,
2901 1104 2955 1151 et
2984 1096 3157 1166 ipsum
3207 1094 3444 1151 cohaeret
3487 1088 3637 1149 men-

2041 1193 2172 1248 tioni
2197 1192 2418 1249 Joannis
2443 1191 2839 1257 maletractati,
2871 1196 2927 1245 et
2951 1189 3261 1261 suggillatui
3296 1187 3377 1260 (7)
3412 1186 3638 1243 Herodis

2039 1287 2179 1343 male
2229 1285 2463 1342 meritati
2523 1283 2629 1358 (8),
2684 1283 2958 1355 utriusque
3032 1285 3234 1340 exitum
3307 1283 3635 1346 deformans,

2041 1380 2269 1438 Herodis
2297 1388 2580 1445 tormenta,
2604 1387 2661 1433 et
2680 1378 2903 1435 Joannis
2930 1378 3206 1448 refrigeria
3231 1395 3245 1443 ;
3279 1386 3336 1432 ιιι
3358 1377 3469 1448 jam
3493 1376 3641 1432 andi-

2041 1485 2124 1530 ret
2150 1472 2419 1528 Herodes:
2447 1470 2519 1544 (c)
2552 1470 2751 1526 Habent
2776 1471 2884 1525 illic
2901 1469 3112 1542 Moysen
3133 1480 3179 1524 et
3201 1468 3501 1540 Prop/tetas,
3525 1468 3643 1522 illos

2042 1566 2276 1620 audiant.
2332 1563 2441 1620 Sed
2506 1563 2740 1618 Marcion
2781 1563 3038 1618 aliorsum
3085 1562 3257 1634 cogit,
3299 1561 3507 1617 scilicet
3559 1558 3642 1631 (9)

343 1653 430 1717 tia:
470 1651 550 1726 (2)
596 1654 908 1710 auctoritate
949 1654 1131 1727 (Μαίη
1160 1654 1221 1722 ll,
1252 1654 1346 1727 15)
1380 1674 1393 1710 :
1428 1655 1648 1712 Uxorem
1660 1658 1940 1728 jnventutis
2045 1667 2322 1726 utramque
2370 1653 2673 1709 mercedem
2703 1654 3001 1719 Creatoris,
3041 1654 3156 1709 sive
3205 1651 3478 1717 tormenti,
3530 1651 3646 1706 sive

344 1755 443 1801 tua:
474 1762 573 1801 non
603 1746 814 1806 dimitte.
845 1747 1020 1804 Habes
1050 1748 1224 1819 itaque
1248 1748 1519 1804 Christum
1544 1750 1685 1804 ultro
1717 1752 1939 1821 vestigia
2046 1751 2304 1821 refrigerii
2332 1750 2472 1819 apud
2505 1748 2726 1815 inferos,
2759 1747 3083 1804 determinat
3130 1744 3249 1818 (10)
3297 1745 3376 1800 eis
3414 1744 3644 1815 positam
3682 1749 3705 1789 τ

345 1837 541 1909 ubique
570 1839 838 1894 Creatoris
868 1840 1162 1907 ineuntem,
1189 1850 1293 1895 tam
1327 1842 1377 1896 in
1404 1844 1758 1912 permittendo
1789 1859 1943 1926 l'cpll:
1972 1838 2023 1899 B
2049 1844 2140 1915 qui
2166 1843 2294 1913 Legi
2324 1853 2379 1899 et
2400 1842 2681 1912 Prophetis
2705 1838 3026 1903 obedieriut,
3066 1836 3262 1893 Christi
3291 1851 3423 1891 vero
3465 1844 3522 1890 et
3551 1834 3645 1890 Dei

345 1929 469 1999 dio,
524 1947 681 2002 quam
713 1933 763 1987 iu
796 1933 1146 2002 prohibendo.
1196 1934 1371 1991 Habes
1417 1936 1577 1991 etiam
1636 1938 1943 2007 nnptiarum’

346 2037 561 2093 quoquo
592 2024 727 2081 velis
769 2034 1190 2096 prospectorem,
1221 2042 1352 2099 quas
1384 2043 1482 2084 nec
1524 2030 1764 2099 separari
1809 2030 1939 2098 vult,

347 2115 686 2185 prohibendo
716 2117 1019 2187 repudium,
1053 2133 1153 2173 nec
1184 2134 1304 2175 cum
1334 2122 1538 2176 macula
1579 2121 1784 2189 haberi,
1820 2133 1944 2179 tunc

347 2209 709 2280 permittendo
761 2211 1071 2268 divortium.
1119 2213 1391 2269 Erubesce
1432 2229 1537 2269 non
1586 2217 1938 2288 conjungens,

347 2316 484 2373 quos
514 2298 634 2359 tuus
662 2320 874 2375 quoque
899 2304 1145 2361 Christus
1167 2309 1465 2376 conjunxit.
1489 2308 1761 2366 Erubesce
1781 2309 1942 2365 etiam

348 2394 661 2465 disjungens
685 2396 802 2451 sine
827 2411 892 2452 eo
919 2398 1134 2463 merito,
1164 2412 1271 2468 quo
1296 2396 1523 2470 disjungi
1551 2402 1716 2456 voluit
1744 2410 1798 2457 et
1825 2410 1947 2458 tuus

348 2485 615 2545 Christus.
649 2488 828 2544 Debeo
855 2504 995 2546 nunc
1024 2499 1078 2546 et
1108 2491 1236 2546 illud
1262 2492 1548 2547 ostendere
1567 2534 1583 2560 ,
1625 2493 1765 2548 unde
1811 2495 1949 2551 hanc

350 2582 668 2637 sententiam
713 2581 991 2638 deduxerit
1031 2583 1310 2651 Dominus,
1352 2601 1526 2654 quove
1561 2586 1836 2642 direxerit.
1874 2587 1948 2643 Ita

350 2673 495 2729 enim
547 2673 755 2743 plenius
804 2675 1104 2741 constabit,
1160 2691 1283 2731 eum
1333 2691 1439 2733 non
1488 2677 1553 2732 ad
1600 2677 1815 2751 Moysen
1856 2679 1957 2735 de-

354 2765 666 2822 struendum
693 2777 968 2836 spectasse
998 2783 1091 2837 per
1112 2767 1320 2838 repudii
1342 2771 1757 2840 propositionem
1774 2773 1951 2828 subito

354 2858 762 2930 interpositam;
793 2861 912 2931 quia
943 2876 1043 2917 nec
1071 2863 1246 2917 subito
1273 2863 1581 2934 interposita
1612 2875 1715 2933 est,
1747 2865 1951 2923 habens

2046 1938 2127 1993 sui
2153 1937 2425 1992 cmlcstem
2450 1933 2635 1990 dctinit
2666 1932 2781 2004 (ll)
2810 1932 2983 1987 sinum
3004 1940 3058 1985 et
3081 1941 3312 2001 portum.
3335 1926 3650 1999 Responde-

2048 2032 2243 2091 bimus,
2274 2038 2329 2085 et
2358 2028 2459 2084 hac
2489 2028 2601 2098 ipsa
2629 2027 2893 2096 scriptura
2935 2026 3240 2080 revincente
3281 2022 3467 2079 oculos
3507 2022 3649 2091 ejus,

2048 2138 2170 2194 qua:
2199 2122 2261 2176 ab
2291 2121 2467 2193 inferis
2506 2118 2619 2192 (ιε)
2651 2118 2910 2173 discernit
2952 2116 3171 2171 Abrahae
3206 2116 3373 2170 sinum
3413 2113 3649 2185 pauperi.

2048 2216 2209 2272 Aliud
2238 2216 2379 2270 enim
2416 2213 2603 2279 inferi,
2635 2221 2691 2266 ut
2719 2220 2844 2280 puto
2865 2249 2883 2278 ,
2911 2208 3051 2263 aliud
3078 2222 3291 2279 quoque
3318 2204 3547 2262 Abrahae
3573 2204 3654 2259 si-

2050 2324 2171 2364 nus.
2199 2306 2279 2379 (ά)
2308 2306 2439 2362 Nam
2468 2313 2520 2361 et
2544 2319 2785 2375 magnum
2812 2303 2888 2357 ait
2911 2299 3244 2357 intercedere
3266 2296 3382 2372 (l3)
3405 2298 3655 2367 regiones

2052 2400 2183 2457 istas
2236 2396 2571 2469 profundunt,
2618 2404 2673 2450 et
2721 2395 3000 2450 transitum
3055 2395 3303 2463 utrinque
3344 2388 3652 2461 prohibere.

2053 2492 2160 2550 Sed
2190 2507 2289 2549 nec
2310 2492 2595 2547 allevasset
2620 2488 2770 2544 dives
2795 2488 3001 2553 oculos,
3029 2496 3083 2542 et
3106 2484 3321 2557 quidem
3347 2483 3414 2538 de
3444 2482 3653 2552 longiu-

2052 2604 2181 2661 quo,
2205 2589 2305 2643 nisi
2332 2589 2384 2641 in
2411 2584 2709 2657 superiora,
2730 2592 2787 2639 et
2814 2582 2881 2637 de
2905 2579 3198 2637 altitudinis
3221 2577 3531 2648 longinquo.
3557 2590 3659 2647 per

2055 2680 2371 2753 immensam
2402 2677 2547 2733 illam
2577 2674 2881 2731 distantiam
2910 2670 3248 2728 sublimitatis
3286 2676 3341 2723 et
3377 2665 3663 2739 profundi-

2058 2776 2200 2831 tatis.
2235 2772 2387 2828 Unde
2433 2778 2659 2840 apparet
2698 2766 2927 2838 sapienti
2970 2764 3183 2835 cuique,
3232 2762 3321 2834 qui
3368 2757 3662 2831 aliquando

2056 2868 2272 2939 Elysios
2300 2864 2550 2931 audierit,
2580 2875 2700 2919 esse
2729 2860 2960 2932 aliquam
2998 2857 3221 2913 localem
3249 2853 3660 2911 determinatio-

2029 2976 2347 3031 -nem,qu:e
2389 2958 2539 3013 sinus
2572 2956 2712 3011 dicta
2761 2954 2832 3010 sit
2884 2950 3150 3016 Abrahae,
3199 2949 3268 3004 ad
3324 2945 3664 3019 recipiendas

3684 2955 3747 2982 ,ο

354 2952 587 3058 radicem
625 2953 913 3058 exneadem
939 2954 1161 3010 Joannis
1192 2958 1482 3058 mentione.
1528 2958 1765 3017 Joannes
1808 2963 1951 3018 enim
2029 2976 2347 3031 onem,qu:e
2389 2958 2539 3013 sinus
2572 2956 2712 3058 dicta
2761 2954 2832 3010 sit
2858 2952 3150 3058 lAbrabac,
3199 2952 3268 3055 ad
3308 2952 3664 3058 recipiendas
3684 2955 3912 3058 Em”,

353 3044 647 3100 “tandem
689 3043 976 3108 Hewdcm'
1019 3050 1161 3116 quo“
1202 3047 1460 3104 adversus
1498 3050 1669 3121 ιοεθηι
1726 3068 1953 3109 uxorem
2057 3057 2264 3111 animas
2318 3052 2549 3108 filiorum
2597 3048 2747 3120 ejus,
2799 3047 2961 3102 etiam
3009 3058 3075 3099 ex
3123 3040 3445 3106 nationibus,
3491 3036 3666 3109 patris
3693 3036 3920 3104 CW”
3878 3036 3934 3085 ⁷,

355 3134 534 3191 fratris
575 3138 654 3191 sui
704 3135 938 3193 defuncti
968 3138 1231 3210 duxisset.
1265 3140 1509 3198 habentis
1538 3144 1699 3199 filiam
1740 3161 1806 3201 ex
1839 3135 1950 3214 illa,
2057 3148 2260 3203 scilicet
2319 3143 2608 3198 nmltarum
2667 3139 2939 3194 nationum
3006 3137 3058 3191 in
3133 3134 3363 3190 Alnahm
3436 3145 3663 3188 censum
3682 3122 3918 3214 μητρὶ

357 3229 489 3302 (non
515 3230 646 3285 alias
678 3231 778 3286 hoc
821 3200 1186 3301 permittente,
1220 3235 1327 3290 imo
1355 3232 1411 3291 et
1451 3238 1796 3307 praecipiente
1840 3200 1954 3311 lege
1980 3238 2025 3302 C
2058 3237 2483 3311 depulandarum
2508 3276 2523 3297 ,
2576 3242 2631 3290 et
2686 3247 2751 3289 ex
2811 3230 2998 3287 eadem
3053 3228 3190 3295 fide,
3236 3242 3339 3297 qua
3396 3234 3449 3282 et
3490 3200 3877 3284 libra-"3f"t

359 3320 565 3393 (Deut.,
592 3322 784 3395 XXV),
816 3323 891 3396 (ὁ)
932 3340 1089 3396 quam
1115 3327 1159 3381 si
1186 3325 1352 3382 frater
1390 3328 1609 3385 illiberis
1635 3330 1948 3398 decesserit,

358 3422 474 3470 uta
503 3414 667 3471 fratre
697 3417 862 3485 ipsius
890 3424 945 3471 et
991 3432 1058 3472 ex
1104 3427 1252 3473 costa
1299 3418 1467 3489 ipsius
1504 3432 1822 3492 supparetur
1869 3423 1950 3497 (5)

359 3523 545 3566 semen
575 3509 672 3581 illi)
702 3510 975 3580 conjectus
1006 3512 1057 3566 in
1086 3526 1356 3567 carcerem
1408 3513 1599 3582 fuerat,
1649 3516 1717 3571 ab
1762 3517 1952 3572 eodem

359 3601 570 3659 Herode
600 3601 679 3675 (4)
711 3604 1048 3672 postmodum
1080 3614 1134 3659 et
1152 3607 1382 3662 occisus.
1412 3607 1572 3664 Facta
1614 3610 1774 3680 igitur
1800 3627 1954 3667 men-

361 3696 507 3751 tione
540 3695 781 3762 Joannis,
815 3697 1105 3765 Dominus,
1135 3707 1191 3755 et
1228 3700 1411 3771 utique
1457 3716 1740 3759 successus
1779 3706 1956 3762 exitus

357 3787 498 3858 ejus,
519 3788 818 3844 illicitorum
842 3792 1302 3847 matrimoniorum
1324 3802 1378 3847 et
1392 3793 1636 3850 adulterii
1659 3795 1855 3867 ﬁguras
1874 3796 1958 3873 (5)

359 3880 627 3952 jacnlatus
674 3891 759 3937 est
808 3883 859 3938 in
909 3883 1215 3948 Herodem;
1265 3884 1565 3941 adulterum
1607 3888 1961 3956 pronuntians

359 3975 521 4033 etiam
548 3973 637 4046 qui
665 3975 939 4032 dimissam
961 3991 990 4031 a
1018 3977 1129 4031 viro
1154 3976 1400 4043 duxerit;
1430 3993 1536 4050 quo
1563 3982 1732 4051 magis
1777 3983 1964 4053 impie-

363 4076 525 4123 tatem
557 4068 783 4126 llerodis
810 4080 1082 4133 oneraret,
1112 4072 1201 4140 qui
1230 4086 1334 4126 non
1361 4072 1542 4128 minus
1588 4086 1758 4131 morte
1802 4093 1961 4147 quam

362 4158 588 4231 repudio
615 4160 890 4217 dimissam
916 4177 945 4217 a
972 4162 1089 4218 viro
1135 4162 1396 4229 duxerat;
1441 4174 1495 4220 et
1538 4164 1641 4221 hoc
1667 4166 1831 4224 fratre
1859 4170 1954 4226 ha-

2056 3336 2180 3390 ham
2249 3333 2363 3388 Deo
2402 3329 2665 3395 credidit,
2711 3325 2855 3381 nullo
2907 3318 3009 3380 sub
3060 3322 3187 3393 jugo
3240 3321 3403 3393 legis,
3451 3333 3552 3376 nec
3605 3317 3666 3374 in

2056 3430 2208 3500 signo
2271 3421 2713 3481 circumcisiouis.
2763 3419 2893 3475 Eam
2961 3418 3138 3487 itaque
3191 3416 3503 3487 regionem,
3583 3407 3667 3467 si.-

2057 3535 2184 3576 num
2232 3518 2353 3574 dico
2400 3515 2666 3578 Abrahm,
2695 3514 2796 3569 etsi
2837 3526 2942 3566 non
3007 3510 3324 3573 cmlestem,
3379 3506 3667 3563 sublimio-

2057 3627 2172 3669 rem
2233 3620 2411 3666 tamen
2482 3606 2706 3671 inferis,
2748 3604 2961 3660 interim
3018 3600 3356 3672 refrigerium
3410 3598 3669 3671 praebitu-

2065 3723 2181 3765 ram
2209 3704 2493 3760 animabus
2517 3703 2782 3773 justorum
2810 3740 2827 3765 ,
2857 3699 3032 3754 donec
3051 3694 3444 3752 consummatio
3482 3707 3668 3750 remm

2066 3800 2514 3858 resurrectionem
2558 3794 2799 3850 omnium
2867 3790 3203 3863 plenitudine
3252 3787 3515 3845 mercedis
3569 3803 3671 3844 ex-

2067 3903 2265 3966 pungat
2296 3909 2311 3957 ;
2346 3900 2470 3946 tunc
2496 3888 2803 3960 apparitura
2852 3884 3059 3941 cmlesti
3115 3882 3472 3954 promissione
3503 3893 3667 3952 quam

2066 3985 2301 4042 Marcion
2332 3999 2430 4038 suo
2449 3981 2565 4055 (ll)
2594 3978 2828 4033 vindicat
2854 4018 2868 4041 ,
2900 3978 3051 4048 quasi
3083 3970 3189 4030 non
3216 3972 3522 4029 aCreatore
3542 3986 3671 4041 pro-

2067 4081 2378 4151 mulgatam.
2409 4076 2488 4132 Ad
2506 4088 2664 4145 quam
2686 4087 2952 4127 ascensum
2997 4085 3145 4124 suum
3196 4067 3442 4123 Christus
3491 4065 3668 4135 ludiﬁ-

2069 4183 2149 4228 cat
2186 4175 2240 4228 in
2268 4173 2470 4237 caelum,
2502 4167 2799 4226 secundum
2828 4168 2991 4221 Amos
3028 4163 3237 4236 (Amos,
3264 4160 3337 4217 IX
3367 4201 3384 4230 ,
3414 4159 3449 4217 6
3475 4157 3668 4233 );υῑί-

1591 4277 1971 4343 LECTIONES
2008 4285 2425 4344 VARIANTES.

426 4388 499 4455 (1)
519 4389 590 4455 [ta
607 4387 757 4455 omitt.
782 4384 934 4441 Seml.
960 4400 1101 4455 aeque
1129 4390 1214 4452 ita,
1240 4391 1361 4441 Par.
1389 4399 1538 4443 Fran.

450 4452 489 4503 2⁷
524 4453 785 4517 Prophetas
809 4455 912 4504 ιηι.
1020 4452 1035 4455 “

519 4516 887 4589 ἓυιιβεξνπθψς
910 4518 1052 4589 ἔφη·

449 4579 500 4645 ρ)
519 4579 718 4645 Herode
743 4578 1118 4645 οηιὶαηοὸενιή.

448 4640 499 4721 ἐξ)
524 4641 703 4751 Figura
728 4646 868 4692 Pam.
893 4640 1096 4706 fulgara,
1124 4642 1343 4695 Ciaccon.

450 4705 502 4751 bl
526 4704 567 4751 Α
643 4717 789 4751 mser.
817 4702 967 4751 Seml.

450 4705 502 4775 ρ)
525 4702 599 4775 ed
643 4702 789 4775 inser:
812 4702 967 4775 §eml-

450 4765 501 4831 7)
523 4766 781 4830 Suggillati
804 4771 946 4819 Pam.

1950 4470 1953 4471 ν
1983 4403 2037 4463 D

2126 4401 2207 4524 ἐξ)
2233 4401 2445 4473 Maritati
2468 4401 2592 4452 Par.
2620 4398 2814 4460 irritati,
2833 4402 2948 4447 Jtm.

2181 4464 2198 4524 )
2227 4464 2290 4515 Ut
2309 4478 2458 4516 mser.
2480 4458 2677 4515 Uberth.
2715 4520 2724 4524 Α

2154 4464 2208 4576 9))
2227 4464 2290 4515 Ut
2309 4464 2458 4516 inser.
2470 4464 2677 4543 .Uberth.

2154 4530 2169 4601 ε
2189 4531 2231 4601 .)_
2260 4530 2573 4601 ρρεεηιηιιιει
2593 4520 2742 4601 senu-

2154 4584 2232 4649 11)
2258 4590 2470 4640 Deliniat
2495 4584 2646 4639 Seml.

2154 4652 2232 4709 12)
2258 4653 2325 4701 Ad
2350 4650 2534 4702 inferos
2558 4649 2755 4702 Oberth.

2156 4713 2231 4765 15)
2258 4715 2395 4765 Inter
2417 4712 2567 4764 Seml.

2156 4717 2209 4764 15
2258 4715 2395 4765 Inter
2417 4713 2567 4764 Seml.

2154 4713 2234 4841 14)
2259 4774 2584 4841 Christoadd.
2613 4770 2858 4826 Ciaccon.’

1735 4876 2297 4940 COMMENTARIUS.

364 4988 668 5070 sententia,
695 4989 785 5059 qui
814 4988 916 5045 etsi
946 5004 1041 5070 per
1060 5004 1121 5047 se
1150 4990 1289 5046 mala
1319 5005 1406 5070 res
1454 4997 1617 5070 esset_
1646 4991 1954 5070 divortium,
2059 4999 2302 5070 impurus
2334 4998 2493 5053 homo
2518 5005 2880 5070 plaga-et;st
2908 4997 3117 5070 angat”,
3153 4991 3245 5070 μς
3284 4990 3381 5070 Dn.

366 5068 542 5115 tamen
570 5075 782 5135 exque
808 5077 909 5135 per
958 5062 1174 5134 Moysen
1223 5062 1543 5135 peririissum
1595 5064 1711 5124 fuit,
1754 5064 1957 5135 justum

365 5142 525 5201 atque
569 5131 779 5205 licitum
802 5131 967 5188 fuisse
996 5131 1197 5188 volunt.
1231 5134 1427 5188 Verum
1458 5134 1502 5189 si
1524 5131 1806 5205 sequentia
1834 5135 1958 5191 dili-

363 5212 555 5274 genter
598 5203 973 5276 inspicientur,
1017 5205 1144 5259 illud
1184 5206 1359 5261 Solum
1383 5203 1696 5276 intelligitur
1738 5208 1960 5276 permis-

366 5289 508 5341 sum,
538 5276 583 5330 si
626 5274 883 5346 inventum
910 5277 1060 5345 fuerit
1100 5278 1153 5330 in
1191 5278 1403 5331 nmliere
1441 5274 1697 5345 negotium
1735 5274 1960 5346 impudi-

365 5362 502 5413 cum,
518 5362 617 5417 pro
648 5362 756 5417 quo
781 5344 1094 5402 facit’etiam
1125 5348 1403 5418 prophetia
1425 5344 1773 5411 Malachiaell,
1802 5344 1960 5417 quam

365 5432 495 5473 mox
544 5419 672 5488 citat
711 5418 861 5488 juxta
909 5418 1052 5473 LXX
1083 5438 1096 5473 :
1128 5435 1339 5474 uxorem
1385 5419 1666 5488 juventutis
1713 5429 1813 5473 tute
1860 5436 1959 5474 non

366 5487 733 5561 dimittes._Cui
762 5490 881 5545 addi
915 5499 1125 5561 potest,
1156 5490 1297 5559 quod
1325 5487 1520 5543 ibidem
1548 5489 1820 5561 subiungit
1840 5505 1962 5558 pro-

368 5560 564 5632 pheta:
601 5559 709 5632 sed
736 5562 779 5614 si
800 5559 930 5616 odia
950 5562 1140 5615 habens
1169 5562 1442 5632 dimiseris,
1471 5576 1601 5621 eam,
1629 5559 1764 5614 dicit
1786 5560 1965 5615 Denti-

369 5630 466 5687 nus
485 5630 621 5686 Deus
640 5631 807 5688 Israel
827 5676 841 5700 ,
860 5634 1051 5695 aperiet
1068 5635 1302 5705 impietas
1331 5630 1663 5705 cegitationes
1684 5641 1817 5685 tuas.

1475 5703 1605 5753 l‘tut.

443 5773 519 5840 (a)
565 5777 661 5839 Qui
692 5792 752 5829 ea:
778 5776 1149 5836 compressione
1178 5774 1554 5828 matrimonium
1596 5775 1803 5835 fecerat.
1847 5772 1964 5826 Vini

369 5842 569 5904 illatam
597 5857 688 5902 aut
715 5856 959 5917 stuprum
987 5848 1179 5916 innuit,
1213 5847 1265 5901 in
1293 5843 1490 5914 quibus
1507 5857 1602 5898 seu
1628 5842 1841 5902 adulter
1872 5857 1968 5900 seu

2137 5063 2217 5144 (h)
2261 5069 2427 5136 Quam
2450 5071 2493 5125 si
2518 5063 2679 5142 '[rater
2699 5068 2926 5131 illiberis.
2954 5065 3107 5136 Quod
3146 5063 3666 5190 Gl‘tEClSLQESlpinatc.

2138 5211 2214 5286 (c)
2257 5212 2457 5286 Habent
2478 5212 2597 5286 illic,
2614 5211 2826 5283 Moysen
2862 5192 3264 5286 et_Pr9phetas.
3302 5149 3663 5286 Adgidirmu-

2064 5278 2207 5352 cto‘r,’
2235 5286 2361 5361 ittie.
2394 5285 2459 5339 ad
2497 5278 2753 5357 majorem
2798 5278 3081 5361 emphasin
3104 5319 3120 5344 ,
3153 5292 3347 5348 nempe
3391 5278 3443 5332 in
3497 5291 3666 5361 sxum-

2065 5347 2201 5429 goga
2250 5347 2598 5423 Jndaeorum,
2634 5369 2757 5409 nam
2787 5347 2961 5424 neque
3012 5350 3172 5405 etiam
3216 5347 3412 5419 gra-ee,
3455 5347 3663 5421 syriaco

2066 5437 2159 5482 aut
2228 5429 2386 5483 latine
2458 5428 2678 5490 legitur,
2762 5439 2935 5490 neque
2997 5423 3157 5477 etiam
3227 5418 3368 5490 apud
3431 5417 3668 5490 Ejllpllﬂ'

2066 5428 2159 5482 aut
2228 5429 2386 5483 latine
2458 5428 2678 5496 legitur,
2762 5439 2935 5495 neque
2997 5428 3157 5477 etiam
3227 5428 3368 5490 apud
3432 5428 3665 5499 Enipea.

2066 5500 2212 5553 nium
2238 5502 2326 5568 qui
2360 5495 2709 5569 (confutJS)
2756 5495 2927 5569 etiam
2949 5491 3085 5569 istud
3131 5490 3387 5569 adversus
3435 5489 3665 5544 Marato-

2069 5584 2190 5625 nem
2239 5560 2536 5640 retorquet,
2569 5560 2784 5641 Moysen
2811 5574 2865 5621 et
2897 5560 3188 5634 Prophetas
3236 5561 3659 5683 inipug’nantetn.

3426 5646 3519 5691 ut.

2143 5711 2222 5784 (d)
2272 5711 2406 5784 Nam
2454 5718 2500 5764 et
2543 5704 3249 5784 magnumnituintercedere
3287 5670 3514 5784 regiae;
3539 5702 3666 5756 istas

2070 5771 2403 5856 prefundum,
2435 5789 2604 5853 χάσμα
2628 5771 2650 5851 ξ
2673 5779 2816 5853 quod
2842 5777 2932 5833 alii
2961 5776 3144 5831 dixere
3187 5771 3369 5849 chaos.
3395 5771 3516 5828 lito.
