4020 6286
379 325 488 384 με

1494 325 1625 383 LIB.
1665 323 1734 383 IV
1772 323 2136 385 ADVERSUS
2171 325 2596 384 MARCIONEM.

3583 326 3690 385 ΗΒ

381 455 488 511 que
513 440 635 496 suis
661 483 678 506 ,
704 439 799 496 ubi
827 448 908 496 est
962 449 1017 497 et
1070 440 1212 498 locus
1249 447 1470 497 teternus
1495 482 1510 506 ,
1563 441 1630 497 de
1657 455 1763 510 quo
1817 439 1982 498 Isaias
2009 449 2062 505 Α
2093 441 2299 516 (laetu,
2329 442 2374 498 Il
2401 485 2416 508 ,
2443 443 2478 499 8
2503 443 2525 512 )
2551 461 2564 498 :
2602 442 2706 510 Qui
2747 444 2964 518 tetigerit
2989 459 3097 512 vos,
3127 459 3190 499 ac
3208 444 3254 500 si
3281 443 3534 518 pupillam
3554 445 3688 502 oculi

383 533 482 603 (Is.
514 531 767 598 XXXIII,
803 533 932 602 I4):
963 533 1093 600 Quis
1114 534 1450 588 annuntiabit
1476 533 1627 589 vobis
1649 535 1812 590 locum
1836 544 1982 590 teter-

377 644 538 694 nam,
565 627 668 682 nisi
693 627 901 682 scilicet
923 627 1167 684 Christus
1214 629 1468 684 incedens
1513 629 1564 684 in
1590 629 1837 700 justitia,
1898 631 1980 686 Io-

379 735 547 791 quens
576 721 721 774 viam
755 730 990 788 rectam,
1026 720 1152 777 odio
1186 721 1387 778 habens
1439 722 1754 795 iniustitiam
1780 735 1832 780 et
1876 725 1981 780 iui-

382 815 642 884 quitatcm
669 811 866 882 ?Quod
893 813 938 868 si
977 822 1212 869 mternus
1262 815 1412 870 locus
1460 817 1854 887 repromittitur
1882 859 1898 884 ,
1929 825 1984 874 et

381 919 644 960 ascensus
703 905 754 958 in
791 907 986 961 malum
1016 907 1312 962 :editicalur
1360 924 1388 962 a
1419 908 1678 965 Creatore
1701 953 1716 976 ,
1760 913 1983 980 promit—

379 1004 524 1052 tente
548 997 713 1052 etiam
737 1011 921 1052 semen
955 997 1184 1052 Abralne
1205 999 1350 1054 velut
1371 1000 1552 1056 stellas
1578 1002 1700 1057 coeli
1720 1004 1977 1068 futurum,

378 1090 564 1158 ttique
582 1087 654 1144 ob
676 1093 958 1146 coalescat
1000 1091 1410 1160 promissionem
1438 1135 1451 1158 ,
1484 1093 1627 1147 salva
1655 1109 1718 1150 ea
1750 1096 1978 1164 promis-

375 1179 530 1236 sione
551 1222 565 1244 ,
594 1180 673 1250 (η)
705 1195 803 1236 cur
830 1197 934 1238 non
969 1183 1146 1253 capiat
1164 1185 1340 1239 sinum
1378 1177 1608 1241 Abrahae
1637 1185 1742 1242 dici
1770 1195 1980 1258 tempo~

39 1293 345 1374 πεδιάς
377 1273 490 1374 rate
519 1273 736 1374 aliquod
759 1275 1056 1374 enin-tarum
1083 1273 1769 1374 ﬁdeliumreceptaculum,
1793 1280 1844 1334 in
1865 1295 1972 1352 quo

379 1367 492 1438 jam
524 1367 818 1424 delinietur
849 1368 1010 1424 I'uturi
1033 1369 1241 1440 imago,
1273 1369 1346 1442 (ὁ)
1369 1385 1432 1425 ac
1463 1369 1540 1446 (l)
1573 1372 1800 1429 candida
1829 1390 1978 1445 qua:—

374 1459 502 1515 datn
535 1461 815 1534 utriusque
837 1461 1024 1531 judicii
1055 1463 1450 1534 prospiciatur?
1487 1464 1796 1521 Admonens
1845 1483 1981 1538 quo-

379 1570 493 1628 que
542 1571 638 1610 vos
684 1555 1009 1622 haereticos,
1066 1557 1192 1611 dum
1247 1557 1299 1612 in
1321 1559 1424 1612 vita
1470 1560 1637 1625 estis,
1682 1559 1900 1632 Moysen
1927 1569 1983 1617 et

371 1647 669 1720 prophetas
735 1664 898 1704 unum
949 1649 1116 1704 Deum
1148 1649 1500 1720 praedicantes
1523 1650 1830 1707 Creatorem
1859 1693 1874 1718 ,
1927 1659 1982 1708 et

375 1756 542 1794 unum
589 1740 862 1795 Christum
921 1740 1277 1811 praedicantes
1333 1742 1484 1813 ejus,
1515 1751 1567 1798 et
1592 1744 1978 1815 utrumqneju-

2091 537 2188 590 mei
2212 547 2407 608 tangat.
2435 537 2576 593 Idem
2595 553 2786 594 sensus
2806 537 3050 610 ejusdem
3078 547 3160 594 est
3187 557 3200 593 :
3231 548 3548 610 peccantem
3581 538 3688 596 t‘ra-

2087 629 2393 700 tremjubet
2415 629 2609 700 corripi
2643 647 2657 697 ;
2687 629 2828 702 quod
2861 631 2950 699 qtti
2981 646 3088 685 non
3119 629 3339 698 fecerit,
3373 633 3556 704 utique
3587 632 3690 689 de-

2071 718 2240 789 'liquit
2264 763 2278 788 ,
2311 730 2398 776 aut
2431 721 2642 776 exodio
2668 723 2856 778 volens
2899 721 3118 778 fratrem
3149 723 3204 778 in
3255 723 3456 778 delicto
3492 738 3673 794 perse-

2090 829 2276 868 verare
2301 855 2315 878 ,
2349 823 2441 868 aut
2485 829 2548 870 ex
2573 814 2884 884 acceptione
2904 829 3148 884 pcrsotue
3169 856 3183 880 ,
3215 829 3439 884 parcens
3477 816 3525 870 ei
3545 833 3572 881 ;.
3591 815 3690 870 ιω-

2085 909 2219 965 hens
2240 910 2521 966 Liviticum
2546 909 2751 983 (Levit.,
2782 910 2913 966 XIX
2934 953 2948 975 ,
2983 909 3074 982 I7)
3105 929 3116 964 :
3154 909 3278 964 Non
3305 910 3444 966 odies
3475 914 3689 984 fratrem

2087 1012 2227 1057 tuum
2256 1003 2307 1057 in
2335 1006 2505 1058 animo
2551 1013 2636 1058 tuo
2661 1046 2674 1069 ,
2725 1002 3041 1057 traductione
3064 1002 3336 1057 traducens
3363 1001 3446 1075 (6)
3497 1003 3678 1072 promi-

2085 1113 2222 1150 mum
2247 1097 2624 1164 tuum;ulique
2649 1107 2701 1152 et
2720 1097 2936 1152 fratrem
2970 1113 2985 1162 ;
3019 1106 3065 1152 et
3110 1112 3212 1150 non
3261 1113 3429 1151 sumes
3475 1106 3682 1168 prapter

2084 1189 2228 1244 illum
2254 1189 2514 1246 delictum.
2544 1190 2652 1246 Nec
2679 1191 2870 1246 mirum
2897 1190 2940 1244 si
2974 1191 3044 1245 ita
3090 1190 3246 1246 docet
3281 1231 3296 1256 ,
3346 1191 3436 1260 qui
3487 1204 3677 1261 peCOra

2085 1297 2296 1352 quoque
2327 1281 2510 1338 fratris
2540 1283 2612 1336 tui
2641 1325 2655 1348 ,
2687 1284 2730 1337 si
2753 1283 2986 1338 errantia
3020 1284 3072 1338 in
3103 1283 3187 1338 via
3229 1283 3525 1349 inveneris,
3559 1300 3682 1352 pro-

2086 1371 2234 1429 hibet
2260 1374 2525 1443 despicias
2561 1372 2962 1448 (Exod.XXlll,
2993 1374 3079 1444 4),
3109 1391 3215 1446 quo
3271 1376 3446 1432 minus
3490 1390 3552 1432 ea
3589 1392 3677 1432 rc-

2085 1464 2248 1522 ducas
2267 1464 2418 1522 fratri
2451 1475 2540 1522 tuo
2573 1465 2648 1538 (7)
2681 1484 2696 1534 ;
2727 1466 2924 1522 nedum
2976 1465 3146 1536 ipsum
3193 1465 3313 1523 sibi.
3337 1465 3443 1523 Sed
3487 1475 3543 1523 et
3590 1483 3675 1521 ve-

2085 1560 2222 1614 niant
2252 1559 2341 1615 des
2365 1560 2516 1632 fratri
2537 1561 2588 1615 in
2617 1569 2664 1614 te
2699 1559 3010 1628 delinquenti
3051 1559 3224 1629 jubet,
3274 1559 3428 1615 etiam
3470 1561 3675 1630 septies.

2084 1651 2278 1706 Parum
2323 1650 2494 1721 plane.
2522 1653 2649 1708 Plus
2678 1662 2759 1709 est
2789 1653 2934 1708 enim
2955 1651 3094 1721 apud
3110 1652 3442 1718 Creatorem,
3464 1653 3552 1723 qui
3583 1667 3682 1710 nec

2085 1743 2300 1798 modum
2329 1745 2530 1807 statuit,
2580 1745 2631 1799 in
2661 1743 2925 1806 inﬁnitum
2953 1744 3306 1815 pronuntians
3333 1741 3678 1817 (Levit.XlX,

375 1831 598 1898 dicinm,
625 1847 800 1904 preme
830 1842 884 1888 et
903 1834 1092 1888 salutis
1117 1845 1358 1898 :eterntte,
1392 1836 1531 1905 apud
1563 1836 1974 1914 nnicmchnm
2007 1841 2056 1900 B
2085 1835 2175 1907 I8)
2205 1853 2217 1887 :
2248 1833 2447 1890 Fratris
2477 1836 2689 1890 malitia:
2721 1853 2912 1890 memor
2934 1852 2997 1890 ne
3033 1837 3103 1892 sis
3129 1851 3148 1900 ;
3197 1834 3304 1891 Nec
3341 1833 3420 1908 (8)
3475 1835 3675 1906 petenti
3729 1885 3741 1898 ,

379 1928 646 1998 positum,
677 1927 767 1997 qui
791 1927 1002 1982 occidat
1025 1938 1079 1982 et
1105 1927 1358 1983 viviﬁcet.
1395 1929 1526 1996 Imo,
1559 1931 1732 2000 inquit
1762 1973 1776 1994 ,
1811 1934 1978 1986 nostri

375 2019 474 2076 Dei
501 2019 712 2076 tnonela
752 2023 818 2075 de
847 2019 986 2078 caelo
1013 2064 1026 2085 ,
1061 2030 1170 2077 non‘
1197 2021 1414 2094 Moysen
1442 2031 1498 2080 et
1548 2025 1978 2094 prOpItetasjus-

373 2113 445 2167 sit
473 2110 646 2167 audiri
667 2153 682 2176 ,
714 2111 808 2167 sed
839 2113 1154 2168 Christum:
1187 2112 1236 2167 Η
1248 2130 1342 2167 nnc
1363 2114 1555 2168 audite.
1586 2114 1792 2170 Merito.
1825 2115 1978 2172 Tunc

371 2205 519 2261 enim
545 2205 773 2276 apostoli
804 2206 936 2260 satis
956 2206 1066 2275 jam
1098 2207 1376 2262 audierant
1399 2207 1615 2280 Moysen
1647 2216 1702 2262 et
1749 2208 1980 2278 pr0plte—

377 2305 494 2363 tas,
526 2299 620 2369 qui
646 2298 819 2354 secuti
848 2307 1002 2353 erant
1029 2299 1298 2354 Christum
1321 2341 1336 2364 ,
1367 2299 1639 2354 credendo
1697 2300 1860 2372 Moysi
1925 2309 1982 2357 et

376 2389 680 2462 prophetis.
709 2389 818 2446 Nec
869 2392 1009 2464 enim
1049 2393 1346 2462 accepisset
1376 2391 1456 2464 (2)
1506 2392 1696 2448 Petrus
1748 2393 1975 2452 dicere:

376 2481 458 2536 Tu
488 2499 540 2536 es
566 2480 798 2538 Christus
832 2525 853 2556 ,ι
899 2492 1187 2554 antequam
1239 2483 1538 2540 audivisset
1563 2495 1616 2540 et
1661 2477 1980 2542 credidisset

371 2574 544 2646 Moysi
582 2585 632 2630 et
663 2575 960 2646 prophetis,
1013 2590 1040 2629 a
1071 2577 1266 2646 quibus
1325 2577 1456 2632 solis
1510 2577 1686 2634 adhuc
1731 2579 1978 2637 Christus

377 2667 821 2724 annuntiahantr.
851 2668 976 2724 quc
1007 2670 1168 2739 igitur
1199 2669 1332 2748 tides
1376 2685 1562 2726 eorum
1595 2670 1862 2728 meruerat
1889 2715 1902 2736 ,
1924 2683 1980 2729 ut

372 2761 538 2816 etiam
556 2775 689 2816 voce
703 2761 907 2818 celesti
924 2760 1356 2830 conﬁrmaretur,
1379 2764 1598 2832 jubente
1617 2763 1764 2818 ilimn
1781 2765 1971 2831 audiri,

372 2870 536 2924 quem
553 2868 686 2926 ergo
710 2864 1059 2926 agnoverant,
1090 2856 1515 2928 evangelisantem
1540 2873 1735 2929 pacem,
1759 2874 1976 2929 evange-

370 2949 612 3004 lizantem
661 2949 814 3016 bona,
844 2951 1233 3005 annuntiztntem
1288 2952 1454 3006 locum
1483 2961 1758 3014 attentum,
1811 2953 1977 3020 (ediﬁ-

368 3051 573 3096 eantem
593 3041 698 3096 illis
711 3058 972 3096 ascensum
1001 3059 1149 3096 suum
1175 3043 1228 3096 in
1247 3043 1426 3097 caelum
1445 3043 1495 3116 (1
1505 3043 1972 3113 s.Lll,7;XXXIII,

369 3134 463 3199 H;
483 3135 597 3187 Am.
629 3132 730 3200 IX,
755 3133 834 3207 6).
857 3135 1010 3206 Apud
1033 3133 1234 3190 inferos
1254 3147 1431 3192 autem
1455 3135 1522 3192 de
1540 3138 1618 3193 eis
1641 3138 1840 3192 dictum
1865 3148 1969 3208 est;

2085 1941 2202 1982 eam
2231 1936 2454 1996 praestes
2487 1927 2740 1993 mandat,
2764 1927 2860 1983 sed
2886 1937 3080 2004 etnon
3111 1929 3329 1998 petenti.
3361 1927 3477 1983 Non
3535 1928 3678 1983 enim

2085 2017 2256 2073 dones
2294 2017 2553 2074 olfensam
2580 2020 2692 2075 vult
2715 2061 2730 2083 ,
2761 2019 2855 2074 sed
2883 2019 3240 2096 obliviscaris.
3285 2019 3394 2076 Lex
3440 2019 3680 2090 leproso-

2085 2130 2202 2168 rum
2236 2113 2421 2183 (Leuit.
2445 2115 2565 2170 XIII
2597 2124 2640 2170 et
2669 2115 2810 2187 XIV)
2840 2125 3054 2187 quant-te
3097 2116 3167 2171 sit
3223 2115 3680 2187 interpretationis

2084 2223 2208 2278 erga
2233 2208 2439 2276 species
2467 2209 2632 2278 ipsius
2658 2209 2770 2263 vitii
2803 2249 2818 2276 ,
2850 2220 2906 2264 et
2928 2208 3336 2277 inspectationis
3365 2207 3564 2262 summi
3587 2221 3677 2262 sa-

2083 2301 2338 2365 cerdotis,
2371 2309 2613 2356 nostrum
2637 2302 2740 2356 erit
2765 2302 2941 2366 scire;
2971 2300 3277 2366 Marcionis,
3310 2301 3673 2355 morositatem

2097 2394 2233 2466 legis
2251 2409 2525 2465 opponere
2551 2437 2565 2460 ,
2594 2404 2652 2448 ut
2679 2404 2732 2448 et
2755 2393 2840 2449 hic
2865 2393 3132 2448 Christum
3177 2393 3427 2448 tantulum
3457 2391 3576 2463 ejus
3601 2393 3681 2447 af-

2086 2485 2263 2540 ﬁrmet
2285 2485 2702 2556 prmvenientem
2733 2485 2989 2541 solemnia
3008 2485 3140 2555 legis
3157 2486 3316 2540 etiam
3337 2485 3389 2540 in
3404 2485 3680 2539 curatione

2083 2577 2253 2632 decem
2282 2576 2598 2648 leprosorunt
2622 2618 2637 2642 ,
2663 2592 2788 2648 quos
2815 2575 3164 2630 tantummodo
3217 2577 3292 2630 ire
3325 2575 3504 2644 jussos
3543 2585 3599 2630 ut
3625 2591 3680 2629 se

2083 2668 2398 2724 ostenderent
2413 2666 2754 2723 sacerdotibus
2779 2665 3192 2740 (Luc.XV|I),in
3221 2665 3398 2720 itinere
3419 2666 3672 2738 purgavit,

2081 2763 2198 2817 sine
2221 2771 2360 2816 tactu
2381 2762 2493 2831 jam
2523 2771 2576 2816 et
2597 2761 2714 2816 sine
2737 2761 2924 2826 verbo,
2957 2760 3112 2815 tacita
3158 2765 3440 2828 potestate.
3491 2768 3546 2812 et
3565 2759 3676 2812 sola

2081 2857 2393 2920 voluntate;
2424 2853 2574 2924 quasi
2605 2867 2826 2908 necesse
2855 2852 2943 2916 sit,
2975 2851 3142 2906 semel
3175 2850 3532 2906 remediatore
3557 2849 3674 2904 Iau—

2080 2963 2306 3018 guorum
2334 2956 2387 3001 et
2409 2947 2656 3000 vitiorum
2684 2945 2998 2999 annuntiato
3021 2942 3238 2998 Christo
3265 2984 3281 3010 ,
3323 2951 3379 2998 et
3405 2941 3471 2997 de
3518 2941 3678 2996 etfac-

2082 3040 2222 3095 tibus
2245 3039 2468 3110 probato
2497 3081 2512 3106 ,
2545 3038 2612 3094 de
2639 3037 2986 3109 qualitatibus
3029 3035 3362 3092 curationum
3415 3044 3678 3090 retracta-

2082 3133 2158 3188 ri:
2187 3143 2277 3188 aut
2307 3133 2621 3188 Creatorem
2644 3131 2695 3186 in
2723 3129 2938 3185 Christo
2968 3128 3034 3183 ad
3083 3128 3252 3198 legem
3277 3126 3558 3200 provocari
3585 3143 3598 3180 :
3630 3127 3674 3181 si

369 3225 579 3280 Habent
607 3227 715 3282 illis
741 3226 952 3300 Moysen
977 3239 1024 3283 et
1050 3218 1346 3300 prophetas,
1374 3231 1589 3285 audiant
1641 3231 1758 3287 illos
1816 3231 1970 3305 (Luc.
2001 3233 2046 3296 C
2081 3225 2208 3298 quid
2237 3225 2394 3280 aliter
2421 3239 2580 3296 quam
2618 3224 2733 3294 lege
2777 3221 3022 3277 lliSliMil
3049 3263 3062 3288 .
3104 3220 3218 3290 ipse
3237 3219 3460 3291 Pcl'fCCil
3493 3239 3506 3276 ε
3551 3234 3674 3275 Cum

363 3317 515 3384 XVI,
540 3317 795 3390 29);qui
826 3335 934 3375 non
954 3320 1280 3388 credebant,
1332 3322 1416 3379 Vel
1463 3323 1552 3394 qui
1601 3338 1698 3379 nec
1749 3326 1972 3379 omnino

367 3409 456 3464 sic
480 3394 793 3466 credebaut‘
805 3425 928 3466 esse
953 3422 1074 3480 post
1100 3423 1326 3470 mortem
1346 3415 1610 3486 superhim
1643 3414 1970 3481 divitiarum,

360 3510 420 3558 et
447 3501 637 3573 gloriae
667 3503 983 3560 deliciarum
1012 3505 1272 3576 supplicia
1311 3508 1625 3562 annnntiata
1647 3524 1675 3562 a
1709 3509 1892 3582 Moyse
1917 3518 1972 3566 et

360 3594 682 3665 prephetis:
717 3594 930 3652 decreta
958 3607 1137 3652 autem
1167 3598 1236 3651 ab
1263 3613 1330 3654 eo
1351 3598 1482 3666 Deo,
1513 3601 1602 3670 qui
1635 3597 1655 3672 (
1685 3601 1770 3655 l’s.
1807 3600 1966 3668 CXII,

361 3685 398 3741 6
434 3683 539 3752 )de
562 3675 756 3742 tltrouis
779 3687 986 3757 deponit
1029 3688 1274 3758 dynastas
1293 3732 1308 3757 ,
1337 3700 1384 3744 et
1425 3691 1489 3744 de
1515 3691 1799 3746 sterculinis
1825 3693 1843 3758 (
1874 3693 1909 3748 ὅ
1939 3693 1960 3760 )

357 3783 531 3836 elevat
555 3784 746 3856 inopes.
779 3784 853 3840 Ita
879 3800 999 3841 cum
1027 3788 1276 3858 utrinque
1307 3789 1754 3857 pronuntiationis
1773 3788 1952 3845 diver-

358 3871 501 3929 sitas
562 3883 834 3946 competat
883 3875 1172 3948 Creatori,
1202 3893 1308 3934 non
1339 3880 1442 3935 erit
1481 3879 1818 3938 divinitatum
1850 3892 1964 3938 sta-

363 3963 568 4020 tuenda
615 3964 888 4034 distantia,
925 3969 1016 4025 sed
1037 3970 1270 4040 ipsarum
1301 3972 1668 4028 materiarum.

899 4061 982 4118 CA
995 4061 1127 4120 PU'I‘
1178 4063 1272 4118 XX
1285 4063 1400 4121 XV.

432 4150 741 4209 Conversus
786 4152 982 4210 ibidem
1004 4155 1071 4211 ad
1097 4155 1393 4226 discipulos
1441 4155 1592 4230 (Luc.
1637 4156 1826 4232 XVII),
1885 4173 1962 4215 ua:

348 4239 489 4296 dicit
510 4249 515 4254 ’
538 4245 738 4298 auctori
783 4245 1142 4301 seandalorum
1185 4263 1205 4302 :
1252 4249 1512 4319 expedisse
1531 4249 1608 4321 (4)
1631 4251 1676 4304 ei
1727 4251 1772 4305 si
1800 4261 1948 4308 natus

348 4351 457 4390 non
481 4336 662 4408 fuisset
687 4377 702 4402 ,
730 4348 821 4393 aut
871 4342 918 4395 si
971 4341 1162 4396 m’olino
1218 4359 1348 4398 saxo
1377 4344 1446 4398 ad
1474 4345 1658 4400 collum
1735 4346 1960 4418 deligata

349 4427 704 4498 praeipitams
765 4440 892 4490 esset
937 4432 991 4486 in
1051 4435 1401 4504 profundunt,
1453 4451 1604 4504 quam
1681 4451 1842 4490 unum
1897 4454 1961 4492 ea:

351 4521 462 4576 illis
487 4523 739 4589 modicis,
769 4524 952 4596 utique
1005 4524 1280 4597 discipulis
1320 4527 1436 4598 ejus
1466 4570 1482 4594 ,
1539 4529 1952 4586 scandalizasset.

2079 3319 2234 3374 aliter
2281 3319 2464 3390 utique
2487 3317 2746 3373 Dominus
2773 3316 2853 3388 (9)
2886 3331 2978 3387 per
3016 3316 3364 3384 semetipsum
3395 3322 3671 3385 Operctur,

2077 3414 2188 3470 sive
2231 3428 2327 3483 per
2371 3411 2560 3467 Filium
2595 3453 2610 3478 ,
2643 3411 2800 3466 aliter
2826 3425 2920 3482 per
2963 3400 3250 3480 prophetas
3285 3405 3514 3464 famulos
3543 3421 3670 3464 suos

2077 3507 2324 3561 maximae
2351 3503 2465 3576 (I0)
2489 3487 2806 3558 documenta
2825 3503 3035 3558 virtutis
3055 3511 3107 3556 et
3132 3501 3442 3574 potestatis;
3471 3516 3589 3572 qua:
3612 3509 3672 3555 ut

2075 3597 2303 3652 clariora
2335 3604 2390 3651 et
2415 3595 2705 3660 validiora,
2736 3609 2838 3664 qua
2879 3593 3113 3664 propria,
3143 3592 3344 3648 dis-tare
3385 3605 3416 3646 a
3456 3591 3670 3648 vicariis

2075 3690 2154 3744 I'as
2181 3699 2280 3744 est.
2315 3687 2420 3745 Sed
2449 3687 2711 3760 ejusmodi
2735 3699 2783 3742 ct
2806 3685 2929 3742 alibi
2953 3685 3064 3756 jam
3086 3683 3225 3740 dicta
3271 3693 3400 3740 sunt
3430 3724 3446 3751 ,
3479 3685 3532 3740 in
3573 3684 3669 3738 tio-

2072 3792 2324 3839 cumento
2375 3783 2674 3856 superiore.
2737 3781 2884 3836 Nunc
2935 3783 3037 3836 etsi
3072 3778 3322 3850 praefatus
3365 3789 3487 3846 est,
3533 3778 3666 3834 ntul-

2071 3887 2148 3932 tos
2175 3887 2292 3931 tunc
2317 3877 2475 3947 fuisse
2501 3875 2728 3945 leprosos
2758 3874 2900 3945 apud
2927 3873 3171 3929 Israelent
3201 3873 3254 3927 in
3301 3873 3477 3928 diebus
3525 3871 3666 3928 Heli-

2067 3972 2155 4028 δαδὶ
2183 3971 2444 4042 prop/cette
2471 4012 2484 4034 ,
2513 3979 2558 4023 et
2582 3969 2829 4022 neminem
2853 3983 3029 4022 eorum
3083 3975 3356 4038 purgatum
3397 3965 3496 4020 nisi
3517 3963 3664 4019 Naa-

2068 4063 2395 4135 numSyrum
2427 4061 2582 4134 (Luc.
2615 4059 2703 4125 IV,
2737 4060 2834 4131 27)
2860 4075 2874 4114 :
2906 4074 3011 4114 non
3043 4059 3224 4130 utique
3253 4058 3370 4130 (II)
3405 4073 3662 4114 numerus

2067 4157 2226 4213 faciet
2243 4155 2308 4210 ad
2334 4153 2695 4210 differentiam
2721 4152 2965 4214 deorum,
2989 4151 3041 4208 in
3066 4150 3485 4206 destructionem
3499 4149 3662 4206 Crea-

2070 4253 2219 4317 toris,
2252 4263 2412 4305 unum
2443 4247 2812 4314 remediautis,
2837 4257 2887 4302 et
2919 4245 3286 4316 praelationem
3314 4243 3432 4316 ejus
3455 4243 3542 4315 qui
3561 4243 3660 4300 de-

2064 4359 2180 4401 cent
2211 4343 2534 4399 etnundarit.
2561 4343 2690 4410 Quis
2737 4341 2880 4398 enim
2905 4339 3169 4395 dubitabit
3201 4339 3379 4408 plures
3421 4339 3658 4409 potuisse

2063 4435 2240 4492 curari
2270 4435 2337 4489 ab
2366 4433 2557 4505 eo,qui
2582 4449 2744 4488 unum
2768 4441 3030 4494 curasset,
3054 4445 3211 4500 quam
3233 4429 3304 4484 ab
3325 4429 3416 4484 illo
3441 4428 3652 4492 decem,

2061 4529 2150 4601 qui
2194 4542 2482 4598 numquam
2529 4534 2673 4579 retro
2719 4523 2928 4579 unum?
2971 4521 3077 4578 Sed
3132 4520 3230 4576 hac
3249 4535 3372 4576 cum
3424 4519 3658 4575 maxime

350 4611 584 4670 Aistima
663 4615 826 4688 quale
885 4618 1204 4688 supplicium
1278 4621 1638 4676 comminatur
1711 4623 1786 4676 illi
1837 4621 1936 4696 (5).
1974 4635 2028 4695 ι)
2061 4620 2491 4692 pronuntiatione
2551 4615 2901 4672 difﬁdentiam
2953 4612 3170 4669 Israelis
3223 4613 3306 4668 vel
3348 4610 3654 4682 superbiam

348 4701 464 4760 Nec
515 4707 656 4761 enim
683 4708 820 4762 alius
871 4707 1158 4764 ulciscatur
1205 4712 1516 4767 scandalum
1557 4713 1948 4790 discipulorum
2057 4716 2274 4789 pulsat;
2303 4713 2443 4784 quod
2467 4728 2588 4768 eum
2628 4709 2785 4766 multi
2826 4717 3006 4766 essent
3042 4708 3151 4763 illic
3170 4705 3402 4778 leprosi,
3428 4713 3484 4761 et
3533 4720 3655 4776 pro-

359 4800 502 4871 ejus.
549 4803 800 4872 Agnosco
853 4803 1014 4875 igitur
1074 4815 1129 4861 et
1177 4805 1414 4876 judicent
1446 4849 1460 4872 ,
1491 4819 1546 4864 et
1609 4809 1704 4864 illo
1757 4807 1952 4866 affectu
2056 4809 2246 4880 phetes
2276 4823 2380 4861 non
2403 4806 2652 4866 deesset,
2687 4804 2846 4858 etiam
2867 4801 3011 4857 edito
3061 4799 3387 4855 documento
3417 4839 3433 4866 ,
3483 4791 3644 4852 nemo

339 4883 798 4966 iaroauntiantem
829 4895 898 4952 de
917 4912 1044 4954 cura
1075 4913 1316 4968 suorum,
1347 4915 1452 4973 quo
1481 4910 1536 4958 et
1561 4899 1786 4960 Creator
1812 4912 1956 4962 retro
2057 4899 2451 4958 decucurrisset
2475 4897 2544 4954 ad
2571 4899 2736 4952 Deum
2761 4903 3070 4966 operantem
3107 4892 3160 4948 in
3210 4891 3508 4964 prephetis.
3544 4889 3648 4962 igi-

1577 5015 1871 5076 LECTION
1877 5017 1956 5076 ES
1993 5013 2409 5074 VARIANTES.

405 5103 482 5180 l1!
505 5100 740 5180 ἔξιθι-.
778 5167 864 5180 .._.
899 5179 923 5180 η
979 5165 1082 5180 -.κη
1132 5179 1138 5180 ί
1960 5117 1964 5120 ’

2212 5103 2488 5180 ξιξιιοῠρηιξις.
2515 5101 2709 5156 Oberl/t.

18 5231 20 5236 ι
50 5200 65 5265 Ι
399 5165 480 5304 {2)
505 5163 746 5240 Caepisset
771 5167 950 5242 genus
974 5165 1196 5218 Ciaccon.
2115 5163 2186 5292 (3';
2212 5170 2286 5220 Ne
2317 5171 2483 5241 γεηςι,
2601 5229 2610 5240 ο
2756 5227 2766 5238 .

18 5237 21 5304 ί
45 5268 63 5304 ι
505 5227 1004 5304 ﬁterqtnltnns_Pmn.
2113 5231 2448 5304 (9A_A_l_ter_utt
2477 5229 2708 5304 l_)onunns
2728 5239 2835 5276 swe
2860 5227 2962 5277 Lat.

421 5289 480 5355 ι)
503 5289 804 5355 ξῃιιέιιὶεεει
822 5292 946 5344 Par.

2113 5289 2216 5355 (ιο)
2241 5294 2452 5345 Maxime
2478 5290 2578 5355 Rig.

415 5235 478 5294 τῦ)
505 5235 841 5292 Stet-quintius
863 5235 1004 5280 Pam.
2135 5235 2186 5292 9)
2212 5235 2354 5282 Alter
2379 5235 2448 5280 uti
2477 5235 2612 5278 Domi

415 5277 458 5343 ΐι
503 5289 804 5352 Ειιιθίὶἱεεει
822 5292 946 5344 Par.
2142 5296 2216 5354 ιο)
2241 5294 2452 5345 Maxime
2478 5290 2578 5355 Rig.

415 5349 454 5405 Β
503 5351 594 5404 Ille
618 5353 724 5404 Lat.
1859 5379 1863 5384 -
2133 5359 2214 5420 11)
2239 5357 2303 5408 Ει
2323 5355 2440 5406 add.
2461 5351 2612 5405 Seml.

415 5415 456 5482 [6
503 5411 611 5472 Non
635 5414 870 5468 traduces
890 5416 1022 5467 Sent.
1041 5427 1136 5466 non
1161 5415 1290 5469 abest
1311 5420 1455 5471 Pam.
1764 5421 1771 5428 '

400 5411 480 5500 (Β)
503 5411 611 5472 Non
635 5414 870 5468 traduces
890 5416 1022 5467 Sent.
1041 5427 1136 5466 non
1161 5415 1290 5469 abest
1311 5420 1455 5471 Pam.

1714 5503 2277 5564 COMMENTARIUS.

2027 5629 2252 5692 quamet
2286 5615 2610 5692 palrtundici
2637 5615 2822 5692 rapiat.
2859 5613 3028 5692 littus.
3145 5680 3157 5692 _
3218 5678 3248 5692 μ
3285 5678 3315 5689 __
3384 5679 3419 5692 η
3518 5679 3550 5692 κ

2109 5691 2188 5764 (Ιι)
2221 5691 2292 5745 At:
2329 5678 2797 5764 eandidaqnmdant
2833 5683 3105 5764 utriusque
3381 5679 3621 5764 (ἷτὶίιάῖιίέξ

2028 5751 2127 5834 pro
2155 5751 2251 5832 ἐμω
2299 5751 2793 5834 ctexspeciatipne.
2833 5754 3004 5811 Vestis
3023 5751 3138 5808 erat
3183 5751 3481 5822 petitorum
3507 5789 3524 5817 ,
3570 5759 3630 5808 ut

2025 5827 2602 5908 supra'annotavituus.
2650 5827 2822 5886 Busa.

399 5611 490 5686 in}
509 5611 618 5674 (iur
635 5617 937 5686 non‘eapiat
960 5617 1127 5669 sinum
1158 5615 1378 5670 Abt-alta:
1405 5617 1526 5672 diei.
1565 5616 1674 5674 Iloc
1702 5617 1922 5674 verbum

329 5687 390 5747 in
421 5687 797 5756 “verioribus
825 5701 973 5758 stt-pe
1003 5687 1104 5754 iant
1145 5686 1296 5740 nohis
1324 5690 1576 5744 occurrit.
1605 5687 1806 5744 Sensus
1839 5691 1923 5746 hic

325 5763 466 5832 est;
501 5773 596 5832 cur
625 5773 726 5814 uau
757 5761 919 5832 possit
942 5759 1052 5832 diti
1064 5759 1206 5812 sinus
1235 5760 1483 5820 Abt'tt/ttL’.
1515 5761 1687 5832 tentpl.
1711 5773 1814 5817 etc.
1844 5764 1924 5818 sic

318 5831 384 5894 In
411 5831 484 5890 de
517 5827 736 5890 Restm.
759 5827 934 5887 carnis
963 5844 982 5884 :
1009 5827 1221 5886 Terram
1289 5841 1538 5901 sanctam,
1583 5827 1921 5906 paradisum,
