4020 6286
369 312 477 370 M7

1781 294 2247 358 TERTULLIANI

3559 295 3669 354 MB

373 435 460 483 tur
483 467 500 492 ,
530 425 783 497 quoniam
814 425 933 497 ipse
952 430 1069 481 erat
1096 421 1442 479 authenticus
1472 418 1714 493 pontifex
1739 418 1837 475 Dei
1862 418 1954 472 Pa-
1994 416 2049 473 Α
2073 425 2161 470 tua
2201 425 2248 471 te
2265 413 2464 470 saluum
2494 415 2638 488 fecit,
2666 412 2814 469 audit
2842 430 2858 481 ;
2886 412 3007 485 quia
3039 411 3381 469 intellexerat
3404 425 3582 468 veram
3612 426 3675 468 se

375 519 473 576 tris
493 562 509 586 ,
539 519 772 590 inspexit
802 518 924 571 illos
951 515 1244 572 secundum
1271 514 1404 585 legis
1428 528 1687 570 arcanum
1711 553 1727 579 ,
1768 510 1972 582 signiﬁ-

376 612 554 670 cantis
579 610 851 666 Christum
881 623 1003 664 esse
1025 623 1211 664 verum
1243 607 1659 679 disceptatorem
1701 614 1756 661 et
1785 604 1973 660 clima-

378 713 553 760 torem
586 700 941 757 humanarum
966 700 1323 755 macularum.
1350 698 1457 756 Sed
1482 710 1537 755 et
1562 697 1781 769 quodin
1809 697 1976 752 maui-

378 795 515 869 feStp
542 795 641 851 fuit
669 795 835 866 legis,
868 794 1164 865 princepit;
1197 795 1305 850 Iste
1351 792 1601 875 ostendite
1625 808 1711 848 vos
1735 791 1977 848 sacerdo-

379 889 532 945 tibus.
563 890 672 945 Cur
690 930 706 958 ,
739 889 783 943 si
815 888 936 943 illos
956 899 1083 943 ante
1108 897 1224 943 erat
1251 886 1683 943 emundaturus?
1735 886 1818 941 An
1839 900 1970 956 qua-

383 981 430 1038 si
458 981 595 1053 legis
622 981 805 1037 illusor
826 1022 841 1047 ,
866 991 924 1034 ut
948 980 1001 1034 in
1025 979 1216 1034 itinere
1240 979 1443 1035 curatis
1488 978 1800 1034 ostenderet
1825 1018 1841 1044 ,
1889 976 1973 1031 ni-

386 1072 463 1130 hil
488 1088 609 1131 esse
625 1074 795 1145 legem
825 1088 946 1129 cum
979 1072 1109 1143 ipsis
1135 1071 1543 1128 sacerdotibus?
1577 1070 1642 1126 Et
1663 1071 1847 1140 utique
1897 1068 1975 1123 vi-

383 1165 527 1222 derit
553 1207 569 1234 ,
602 1166 645 1220 si
675 1165 760 1220 cui
784 1175 888 1220 tam
927 1165 1202 1236 opiniosus
1227 1163 1497 1220 videbitur
1543 1162 1809 1218 Christus.
1866 1161 1976 1217 lmo

383 1257 624 1331 digniora
654 1267 780 1313 sunt
812 1257 1210 1329 interpretanda
1229 1298 1244 1324 ,
1269 1264 1325 1313 et
1344 1256 1731 1327 fideijustiora.
1755 1252 1888 1311 Ideo'
1911 1254 1977 1310 il-

383 1348 468 1407 Ios
495 1349 819 1406 remediatos
842 1392 857 1413 ,
889 1365 991 1419 qua
1024 1349 1318 1406 secundum
1350 1350 1520 1420 legem
1545 1349 1679 1421 jussi
1733 1349 1882 1404 abire
1910 1347 1977 1402 ad

384 1436 732 1508 sacerdotes,
757 1440 1111 1496 obaudierant
1138 1458 1150 1495 :
1183 1455 1357 1510 neque
1386 1441 1530 1496 enim
1572 1439 1834 1496 credibile
1856 1448 1972 1503 est,

384 1531 683 1588 emeruisse
710 1530 1029 1587 medicinam
1054 1546 1082 1585 a
1112 1530 1450 1587 destructore
1479 1531 1633 1602 legis,
1670 1532 1983 1587 observato-

384 1638 474 1680 res
503 1623 654 1693 legis.
679 1622 782 1679 Sed
815 1638 911 1679 cur
938 1624 1164 1693 pristino
1191 1624 1406 1694 leprOSt)
1434 1623 1571 1679 nihil
1630 1622 1734 1679 tale
1786 1637 1979 1694 prame-

383 1715 503 1787 pit't
531 1715 654 1786 quia
679 1728 781 1770 nec
806 1715 1030 1770 Elisznus
1076 1715 1214 1787 Syro
1239 1714 1513 1781 Naaman;
1555 1727 1611 1771 et
1660 1724 1838 1770 tamen
1871 1731 1977 1769 non

2080 510 2190 564 Deo
2219 507 2580 580 omnipotenti
2609 507 2941 563 oblationem
2963 548 2978 571 ,
3007 506 3299 578 gratiarum
3328 504 3537 561 scilicet
3567 519 3661 561 ac-

2081 605 2279 660 tionem
2308 646 2323 668 ,
2353 602 2492 675 apud
2515 617 2701 659 verum
2754 601 3013 673 templum
3056 609 3112 656 et
3139 615 3322 656 verum
3364 598 3673 670 pontificem

2079 698 2194 767 ejus
2222 696 2496 753 Christum
2521 696 2700 752 facere
2727 695 2947 752 debere.
2972 693 3080 752 Sed
3110 710 3208 750 nec
3258 693 3518 750 Phariszci
3548 708 3675 764 pos-

2079 801 2203 848 sunt
2232 790 2404 846 videri
2435 789 2506 846 de
2548 790 2770 845 alterius
2801 788 2897 845 Dei
2928 802 3097 857 regno
3117 786 3455 842 consuluisse
3485 785 3674 842 Domi-

2081 900 2208 941 num
2239 927 2254 951 ,
2287 883 2502 956 quando
2540 890 2823 939 venturum
2855 882 2944 946 sit,
2977 880 3232 951 quamdiu
3260 880 3398 935 alius
3433 896 3464 934 a
3492 878 3678 935 Chris-

2081 986 2136 1033 to
2173 977 2350 1033 cditus
2382 978 2519 1032 Deus
2559 992 2666 1031 non
2692 984 2811 1031 crat
2838 1016 2854 1041 ,
2900 987 3001 1030 nec
3021 972 3113 1029 ille
3139 972 3208 1028 de
3240 971 3466 1027 alterius
3510 986 3678 1043 regno

2080 1069 2448 1142 respondisse,
2472 1083 2631 1140 quam
2654 1067 2723 1123 de
2750 1066 2908 1136 cujus
2928 1064 3338 1121 consulebatur.
3364 1062 3489 1119 Non
3514 1064 3675 1135 venit,

2081 1163 2273 1235 inquit,
2297 1178 2511 1233 regnum
2534 1159 2629 1216 Dei
2648 1176 2763 1215 cum
2784 1158 3131 1214 observatione
3155 1174 3173 1224 ;
3200 1173 3287 1213 nec
3312 1156 3511 1225 dicunt,
3538 1155 3676 1212 Ecce

2081 1256 2184 1318 hic,
2209 1272 2321 1312 ecce
2347 1256 2477 1320 illic;
2507 1254 2637 1309 Ecce
2658 1254 2790 1309 enim
2810 1268 3025 1324 regnum
3054 1249 3149 1305 Dei
3174 1252 3309 1305 intra
3327 1266 3413 1305 vos
3428 1260 3498 1305 est
3518 1247 3676 1321 (Luc.

2084 1348 2247 1413 XVII,
2261 1346 2450 1419 20,21)
2462 1386 2475 1401 .
2492 1345 2624 1415 Quis
2641 1360 2746 1401 non
2762 1344 2833 1399 ita
2850 1342 3310 1414 interpretabitur,
3326 1341 3463 1395 intra
3478 1355 3565 1395 vos
3576 1348 3676 1409 est,

2083 1442 2135 1497 id
2157 1440 2307 1497 estin
2329 1441 2571 1506 manu,in
2597 1447 2860 1507 potestate
2877 1435 3129 1503 vestra,si
3147 1435 3449 1499 audiatis,si
3467 1432 3678 1490 faciatis

2085 1535 2178 1590 Dei
2200 1532 2555 1605 prmceptum?
2570 1530 2724 1601 Quod
2747 1532 2791 1587 si
2816 1530 2868 1586 iu
2898 1538 3171 1602 praecepto
3196 1539 3278 1585 est
3302 1528 3394 1584 Dci
3423 1543 3674 1598 regnum,

2085 1641 2324 1698 propone
2353 1624 2513 1697 igitur
2548 1636 2737 1681 contra
2758 1666 2774 1692 ,
2803 1622 2880 1696 (ὁ)
2911 1622 3210 1680 secundum
3269 1631 3484 1677 nostras
3528 1620 3676 1676 anti-

2086 1719 2288 1783 theses,
2315 1717 2571 1791 Moysen.
2601 1726 2658 1773 et
2684 1731 2789 1771 una
2841 1714 3108 1772 sententia
3160 1722 3264 1770 est.
3324 1711 3678 1784 Prwceptum,

385 1804 591 1861 idcirco
618 1821 725 1861 non
752 1814 869 1862 erat
896 1804 1188 1862 Creatoris.
1216 1806 1357 1862 Satis
1406 1806 1690 1875 reSpondi;
1740 1805 1834 1861 sed
1884 1804 1974 1875 qui
2004 1808 2052 1869 B
2081 1812 2251 1885 inquit
2273 1811 2448 1880 (Deut.
2478 1808 2873 1881 ΧΧΧΛι-η),
2897 1808 3149 1864 excelsum
3173 1824 3275 1862 non
3298 1815 3392 1874 est,
3413 1822 3505 1862 nec
3529 1807 3684 1879 longe

385 1899 656 1967 credidit,
689 1900 939 1970 intelligit
958 1901 1119 1955 etiam
1152 1900 1310 1956 altius
1359 1899 1579 1971 aliquid.
1618 1900 1771 1955 Disce
1818 1898 1979 1970 igitur

386 2001 443 2048 et
466 2006 676 2048 causas.
705 1991 773 2047 In
797 1992 1051 2048 Samaria:
1072 1993 1356 2064 regionibus
1377 2006 1465 2048 res
1490 1992 1750 2062 agebatur
1769 2033 1784 2057 ,
1837 1990 1978 2047 unde

391 2096 576 2141 eratet
605 2101 735 2139 unus
760 2086 959 2139 interim
983 2102 1046 2139 ex
1071 2086 1303 2156 leprosis.
1332 2084 1573 2140 Samaria
1606 2094 1782 2141 autem
1814 2084 1981 2140 desci-

387 2187 538 2234 verat
566 2177 635 2233 ab
685 2177 912 2244 lsraele,
945 2179 1145 2234 ltabens
1175 2178 1410 2233 schisma
1436 2178 1566 2234 illud
1587 2194 1653 2234 ex
1679 2178 1866 2234 decem
1900 2176 1978 2250 (i)

386 2269 653 2334 tribubus,
686 2287 821 2342 quas
850 2272 1062 2328 avulsas
1112 2287 1208 2342 per
1248 2272 1468 2327 Achiam
1502 2270 1840 2343 prophetam,
1872 2272 1982 2326 col-

388 2360 661 2420 locaverat
690 2363 832 2436 apud
876 2363 1174 2419 Samariam
1203 2363 1494 2420 Jeroboztm
1521 2362 1613 2434 (Ill
1643 2362 1775 2435 Reg.
1830 2362 1903 2418 XI
1933 2372 1979 2418 et

389 2453 553 2527 XVI).
587 2456 693 2512 Sed
721 2466 775 2512 et
800 2457 934 2512 alias
963 2471 1177 2527 semper
1198 2457 1297 2513 sibi
1321 2457 1596 2527 placentes
1621 2456 1981 2514 crautSama-

392 2548 557 2605 ritaui
589 2547 657 2603 de
680 2548 955 2603 montibus
985 2557 1039 2604 ct
1074 2549 1248 2619 puteis
1271 2559 1519 2619 patrum;
1549 2549 1704 2629 sicut;
1711 2550 1764 2604 in
1806 2549 1983 2604 Evan-

391 2640 537 2712 gelio
562 2640 786 2696 Joannis
809 2639 992 2713 (Joan.
1023 2640 1116 2712 IV)
1143 2642 1479 2698 Samaritana
1514 2642 1599 2697 illa
1631 2643 1682 2697 in
1712 2642 1984 2714 colloquio

391 2732 607 2790 Domini
626 2734 765 2805 apud
793 2743 1009 2804 puteum
1036 2752 1050 2788 :
1086 2734 1284 2808 No.42)
1312 2747 1366 2791 tu
1392 2740 1558 2808 major
1571 2737 1670 2803 sis,
1688 2746 1743 2792 et
1762 2746 1981 2793 canora.

388 2822 457 2882 El
479 2839 666 2880 rursus
706 2843 721 2880 2
753 2824 937 2880 Patres
964 2832 1122 2881 nostri
1149 2828 1200 2880 in
1233 2829 1328 2881 ἱειο
1350 2838 1518 2883 ηιοηιε
1544 2828 1905 2890 adoraverunt.
1937 2839 1983 2883 ει

384 2932 473 2973 vos
497 2917 665 2973 dicitis
711 2918 831 2989 quia
860 2918 1230 2990 Hierosolymis
1257 2930 1455 2991 oportet
1476 2922 1714 2977 adorare.
1764 2920 1945 2994 Itaque
1963 2964 1979 2990 ,

385 3009 476 3079 qui
504 3018 558 3064 et
583 3024 678 3079 per
714 3012 879 3066 Amos
909 3010 989 3083 (5)
1014 3010 1215 3082 (Amos,
1248 3010 1344 3078 VI,
1373 3012 1431 3083 1)
1456 3054 1472 3079 ,
1517 3010 1605 3067 Va:
1654 3012 1849 3067 dixerit
1888 3013 1980 3078 eis,

388 3098 467 3174 (α)
514 3102 602 3173 qui
652 3102 967 3172 conﬁderent
995 3103 1075 3175 (4)
1123 3105 1176 3158 in
1223 3114 1391 3159 monte
1443 3103 1738 3171 Samariaa;
1772 3103 1882 3175 jam
1929 3114 1985 3161 et

2081 1923 2115 1959 a
2143 1915 2210 1959 te.
2244 1902 2366 1958 Non
2403 1912 2477 1957 est
2513 1902 2568 1956 in
2596 1900 2722 1957 caelo
2751 1941 2768 1966 ,
2817 1909 2872 1954 ut
2920 1901 3062 1955 dicas
3091 1915 3110 1954 :
3139 1899 3266 1967 Quis
3314 1898 3548 1954 ascendet
3592 1898 3682 1971 (8)

2081 2000 2134 2054 in
2162 1997 2340 2053 caelum
2365 2040 2381 2059 ,
2405 2006 2451 2051 et
2473 1995 2688 2065 deponet
2719 1992 2797 2066 (9)
2827 1994 2970 2049 nobis
2996 1992 3131 2049 illud
3154 2035 3169 2056 .
3194 2002 3242 2048 et
3291 1992 3524 2048 auditum
3545 1992 3685 2048 illud

2084 2091 2331 2164 faciemus
2355 2090 2380 2144 ἵ
2407 2103 2497 2142 nec
2519 2087 2655 2142 ultra
2684 2103 2820 2141 mare
2842 2096 2936 2154 est,
2966 2095 3022 2140 ut
3044 2085 3186 2142 dicas
3218 2100 3237 2141 :
3270 2085 3396 2154 Quis
3424 2086 3683 2157 transfre-

2082 2180 2207 2236 tubit
2258 2190 2303 2235 et
2327 2189 2488 2234 sumet
2532 2178 2663 2233 illud
2694 2178 2859 2243 nobis,
2898 2187 2946 2232 et
2982 2177 3214 2231 auditum
3238 2178 3369 2232 illud
3389 2177 3632 2249 faciemus
3655 2176 3686 2231 ?

2090 2275 2259 2347 Prope
2311 2286 2359 2330 te
2386 2283 2460 2329 est
2486 2273 2693 2329 uerbum
2716 2312 2732 2339 ,
2760 2273 2814 2326 in
2839 2288 2927 2328 ore
2947 2281 3059 2336 tuo.
3089 2272 3206 2326 etin
3232 2270 3387 2325 corde
3411 2280 3521 2338 tuo,
3551 2280 3600 2326 et
3623 2271 3687 2327 in

2083 2366 2315 2422 manibus
2340 2367 2441 2421 tuis
2465 2369 2632 2437 facere
2651 2364 2803 2420 illud.
2830 2363 2943 2420 Hoc
2981 2362 3106 2427 erit,
3149 2361 3272 2417 Non
3296 2361 3399 2426 hic,
3429 2378 3521 2416 nec
3544 2362 3683 2430 illic;

2083 2477 2198 2516 ecce
2225 2460 2362 2515 enim
2380 2459 2518 2513 intra
2555 2473 2643 2512 vos
2664 2466 2739 2513 est
2769 2472 2985 2529 regnum
3015 2455 3126 2510 Dei.
3156 2453 3225 2510 Et
3276 2470 3344 2512 ne
3388 2469 3686 2527 argumen-

2084 2563 2226 2611 tctur
2253 2551 2475 2607 audacia
2504 2549 2753 2606 haeretica
2779 2590 2794 2614 ,
2823 2549 2893 2606 de
2921 2564 3089 2620 regno
3118 2546 3395 2604 Creatoris
3420 2590 3436 2613 .
3464 2548 3534 2605 de
3560 2564 3678 2620 quo

2084 2644 2468 2703 consulebatur
2494 2684 2510 2709 ,
2543 2658 2648 2699 non
2674 2643 2744 2699 de
2761 2657 2859 2697 suo
2882 2641 3230 2712 reSpondisse
3257 2644 3337 2700 eis
3368 2643 3682 2713 Dominum,

2083 2738 2360 2809 sequentia
2382 2736 2673 2792 obsistunt.
2705 2734 2901 2791 Dicens
2923 2736 3095 2801 enim,
3121 2733 3314 2790 Filium
3346 2734 3566 2792 hominis
3584 2753 3689 2794 an-

2085 2842 2131 2886 te
2152 2832 2312 2885 multa
2340 2831 2448 2900 pati
2482 2870 2498 2895 ,
2562 2837 2609 2883 et
2647 2827 2908 2897 reprobari
2954 2836 3208 2898 aportere,
3237 2837 3356 2883 ante
3399 2828 3682 2884 adventant

2085 2943 2259 2989 ruunt,
2288 2924 2340 2981 in
2366 2938 2473 2994 quo
2499 2931 2555 2979 et
2575 2937 2798 2994 regnum
2838 2919 3267 2977 substantialiter
3313 2920 3645 2977 revelabitur
3666 2961 3686 2989 ,

2089 3035 2247 3076 suum
2278 3016 2515 3075 ostendit
2536 3026 2592 3073 ot
2618 3030 2841 3087 regnum
2867 3014 2935 3071 de
2961 3029 3070 3086 quo
3112 3012 3469 3084 responderat
3492 3055 3509 3077 .
3535 3014 3691 3086 quod

2089 3113 2370 3184 passiones
2389 3119 2444 3167 et
2468 3108 2873 3181 reprobationes
2897 3107 3064 3177 ipsius
3093 3104 3459 3178 exspectabat.
3485 3106 3693 3178 Repro-

389 3194 565 3267 ipsam
594 3197 879 3254 restituere
929 3197 1216 3268 dignatus,
1262 3197 1332 3255 de
1360 3197 1621 3253 industria
1648 3240 1664 3265 ,
1698 3200 1851 3269 jubet
1899 3214 1989 3254 os—
2015 3192 2061 3254 C
2095 3205 2209 3261 bari
2249 3214 2430 3260 autem
2459 3202 2666 3258 habens
2690 3209 2747 3258 et
2776 3210 2962 3272 postea
3005 3201 3226 3273 agnosci
3280 3210 3332 3255 et
3380 3202 3583 3256 assumi
3636 3211 3694 3259 et

393 3289 618 3345 tendere
645 3305 704 3346 se
730 3291 1133 3359 sacerdonbus,
1164 3294 1347 3363 utique
1374 3292 1465 3363 qui
1493 3305 1601 3347 non
1647 3301 1834 3358 erant,
1881 3292 1984 3347 nisi

400 3382 499 3437 ubi“
522 3391 579 3437 et
609 3383 903 3455 templum;
935 3383 1226 3456 subjicicns
1253 3383 1572 3440 Samaritam
1599 3382 1821 3451 Judazo,
1853 3399 1985 3453 quo-

392 3475 535 3533 niam
566 3491 632 3530 ex
653 3474 853 3531 Judreis
883 3476 1031 3532 salus
1053 3474 1311 3532 Israelita:
1339 3486 1393 3531 et
1415 3475 1696 3531 Samaritae
1718 3476 1824 3546 (5).
1854 3474 1986 3530 Tota

395 3567 542 3625 cnim
566 3568 854 3637 promissio
873 3568 1032 3623 tribui
1059 3567 1210 3623 Judzt!
1250 3567 1499 3623 Christus
1526 3566 1656 3630 fuit;
1683 3577 1741 3623 ut
1788 3568 1991 3623 scirent

394 3661 785 3733 Hierosolymis
807 3676 927 3716 esse
950 3669 1006 3716 et
1031 3660 1341 3716 sacerdotes
1369 3668 1425 3716 et
1452 3660 1711 3731 templum
1734 3702 1749 3726 ,
1794 3669 1850 3715 et
1876 3675 1990 3715 ma-

397 3756 590 3812 tricem
622 3754 934 3825 religionis,
967 3763 1022 3810 et
1051 3753 1274 3822 fontem,
1304 3769 1411 3809 non
1464 3762 1714 3824 puteum,
1777 3754 1988 3811 salutis.

400 3846 471 3905 Et
501 3846 642 3913 ideo,
667 3855 727 3902 ut
752 3847 886 3904 vidit
912 3848 1193 3919 agnovisse
1220 3847 1340 3904 illos
1371 3850 1541 3918 legem
1574 3848 1652 3918 (ϐ)
1683 3847 1991 3921 Hierosoly-

398 3942 503 3999 mis
526 3943 957 4014 eXpuugcudam,
984 3958 1050 3998 ex
1069 3942 1173 3999 (ide
1192 3942 1303 4014 jam
1323 3943 1694 4014 justitleaudos
1716 3944 1834 3999 siue
1863 3944 1994 4015 legis

393 4037 585 4094 Ordine
616 4037 953 4091 remediavit.
990 4036 1145 4093 Unde
1171 4047 1226 4093 et
1255 4054 1419 4093 unum
1446 4038 1597 4093 illum
1651 4039 1887 4095 solutum
1911 4040 1990 4113 (7)

396 4143 462 4184 ex
491 4127 680 4184 decem
708 4169 723 4195 ,
757 4144 1052 4185 memorem
1082 4129 1280 4184 divina:
1305 4132 1494 4200 gratiae
1537 4132 1835 4189 Samariten
1890 4132 1993 4186 mi-

395 4232 579 4286 ratus,
609 4235 717 4276 non
741 4222 958 4277 mandat
987 4222 1182 4277 offerre
1211 4239 1406 4280 munus
1444 4239 1509 4280 ex
1542 4224 1720 4296 Lege;
1751 4226 1876 4296 quia
1908 4241 1998 4280 sa-

398 4314 468 4369 tis
494 4315 605 4383 jam
637 4312 904 4369 obtulerat
934 4355 949 4380 ,
979 4313 1207 4383 gloriam
1239 4315 1348 4371 Deo
1375 4316 1645 4379 reddens,
1673 4318 1774 4373 hoc
1795 4328 1854 4372 et
1882 4318 1992 4372 llo-

397 4408 549 4464 mino
573 4406 788 4463 volente
819 4407 1161 4478 interpretari
1191 4407 1391 4479 legem.
1449 4410 1518 4464 Et
1560 4420 1737 4466 tamen
1765 4411 1850 4466 cui
1884 4411 1995 4467 Deo

397 4501 626 4572 gratiam
679 4499 912 4557 reddidit
950 4500 1272 4566 Samarites,
1322 4504 1537 4572 quando
1584 4522 1685 4562 nec
1725 4506 1994 4565 lsraelitcs

2089 3297 2297 3363 extolli,
2328 3296 2491 3353 etiam
2519 3295 2692 3366 ipsum
2738 3293 2961 3349 verbum
3009 3292 3314 3364 reprobari,
3343 3293 3470 3350 inde
3494 3292 3694 3351 decer-

2090 3388 2196 3461 psit
2227 3386 2367 3459 (i0),
2393 3386 2484 3443 ubi
2515 3387 2566 3442 in
2599 3386 2795 3456 lapidis
2842 3386 3128 3458 aenigmate
3143 3396 3373 3456 utraque
3420 3387 3685 3445 revelatio

2090 3480 2210 3550 ejus
2236 3479 2374 3551 apud
2404 3478 2569 3535 David
2602 3477 2721 3541 (Ps.
2753 3477 2962 3545 CXVII,
2994 3477 3091 3552 ΩΙ)
3120 3480 3455 3547 cauebatur;
3505 3482 3683 3553 prima

2093 3574 2448 3640 recusabilis,
2502 3572 2742 3629 secunda
2793 3571 3173 3629 honorabilis:
3220 3572 3418 3644 Lapis,
3466 3574 3685 3646 inquit,

2092 3683 2238 3738 quem
2258 3666 2650 3737 reprobaverunt
2686 3664 3021 3734 aediﬁcantes,
3042 3665 3140 3720 iste
3163 3665 3330 3736 {actus
3353 3675 3428 3721 est
3451 3667 3507 3720 in
3527 3676 3685 3739 caput

2094 3758 2295 3829 anguli.
2349 3758 2395 3812 Α
2438 3756 2661 3812 Domino
2709 3762 2904 3830 factum
2930 3757 3145 3813 esthoc.
3171 3754 3377 3813 Vanum
3414 3758 3583 3824 enim,
3643 3757 3692 3815 si

2096 3850 2424 3906 credidimus
2452 3852 2618 3906 Demn
2642 3849 2711 3906 de
2749 3849 3075 3906 contumelia
3121 3856 3214 3906 aut
3269 3849 3436 3920 gloria
3482 3850 3694 3907 scilicet

2095 3943 2324 4013 alicujus
2351 3942 2700 4014 praedicasse,
2743 3953 2800 3999 ut
2829 3957 2935 3998 non
2964 3942 3087 4014 (ll)
3141 3956 3266 3999 eum
3322 3940 3690 4013 portenderet,

2097 4052 2257 4110 quem
2277 4047 2328 4091 et
2352 4038 2405 4092 iu
2430 4036 2624 4108 lapidis
2649 4078 2664 4103 ,
2696 4045 2752 4091 et
2783 4036 2836 4090 in
2871 4044 3039 4106 petra:
3065 4073 3081 4098 ,
3111 4042 3168 4090 et
3213 4034 3267 4090 in
3298 4035 3496 4090 montis
3524 4033 3691 4105 Iigura

2097 4128 2199 4205 (Is.
2237 4128 2374 4197 VIII,
2403 4129 2458 4200 4)
2492 4129 2838 4200 portenderet
2860 4126 3003 4201 (li).
3032 4126 3136 4184 Sed
3166 4126 3212 4183 si
3249 4126 3316 4182 de
3337 4142 3434 4182 suo
3457 4126 3695 4198 loquitur

2099 4222 2353 4290 adventu,
2375 4237 2471 4278 cur
2497 4238 2619 4278 eum
2646 4222 2836 4278 diebus
2865 4220 2979 4277 Noe
2998 4228 3054 4277 et
3093 4219 3233 4276 Loth
3288 4229 3566 4291 comparat
3614 4227 3693 4276 leo

2103 4321 2200 4376 tris
2229 4328 2285 4376 et
2324 4319 2599 4376 atrocibus
2630 4318 2770 4373 Deus
2796 4326 2852 4373 et
2899 4316 3038 4372 lenis
3063 4324 3119 4372 et
3144 4314 3336 4371 mitis?
3377 4314 3490 4370 Cur
3507 4314 3697 4372 admo-

2102 4423 2195 4471 net
2224 4414 2536 4470 meminisse
2561 4411 2747 4468 uxoris
2776 4410 2913 4466 Loth
2939 4451 2955 4476 ,
2982 4425 3103 4481 quae
3152 4416 3476 4486 pratceptum
3524 4404 3692 4463 Crea-

2105 4507 2240 4563 toris
2288 4524 2394 4562 uon
2446 4507 2664 4579 impune
2707 4501 3133 4573 contempsit,si
3190 4515 3441 4556 noncum
3480 4499 3688 4572 judicio

397 4592 563 4648 alium
591 4593 759 4650 Deum
807 4607 975 4665 usque
1000 4592 1175 4648 adhuc
1203 4593 1512 4651 didicisset?
1537 4596 1636 4654 Cui
1662 4596 1751 4652 alii
1782 4639 1796 4665 ,
1827 4616 1987 4670 quam
2017 4584 2071 4644 D
2099 4601 2245 4657 venit
2272 4600 2715 4655 viudicaudorum
2743 4605 3134 4669 praeceptorum
3160 4609 3379 4651 suorum
3404 4595 3429 4650 ’1
3455 4594 3629 4649 Etiam
3647 4592 3696 4649 si

397 4684 485 4741 cui
508 4699 695 4744 omnes
724 4685 1004 4743 remediati
1043 4695 1189 4742 retro
1231 4701 1264 4742 a
1293 4685 1560 4745 Christo?
1603 4688 1730 4744 Ideo
1758 4732 1772 4754 ,
1832 4690 1991 4749 Fides

2097 4692 2331 4749 vindicat
2358 4700 2417 4748 ut
2441 4700 2498 4748 et
2520 4691 2613 4750 ille
2639 4733 2656 4761 ,
2686 4693 2731 4748 si
2768 4688 2975 4763 judicat
3021 4702 3111 4747 me
3137 4727 3157 4757 ,
3207 4700 3319 4745 non
3370 4684 3554 4745 debuit
3590 4698 3689 4756 per

1624 4801 2005 4867 LECTIONES
2049 4786 2468 4867 VARIANTES.

518 4914 532 4976 )
559 4913 747 4965 Novem
788 4913 986 4970 Obertft.

521 4981 538 5040 )
561 4977 635 5029 Ne
655 4976 809 5040 Seml.

522 5039 536 5102 )
564 5040 735 5091 Isaiam
752 5039 898 5093 Rhcn.

519 5106 536 5165 )
560 5103 814 5155 Conﬁdent
841 5110 1004 5157 Venet.

486 5167 536 5230 ὅ)
558 5166 873 5230 Samaritana:
902 5171 1066 5230 Venet.

465 5226 534 5293 (6)
561 5227 747 5294 Legem
770 5229 882 5281 illos
895 5226 1048 5284 Seml.

463 4914 509 4974 (1

461 4975 515 5041 (2

462 5042 516 5102 (5

462 5103 513 5227 ii

2183 4983 2235 5038 8)
2262 4986 2496 5037 Ascendit
2518 4983 2671 5038 Seml.

2184 5047 2237 5113 9)
2254 5047 2479 5113 Deponit
2498 5048 2697 5113 Oberth.

2164 5109 2269 5240 (
2290 5109 2551 5224 1Igitcerpsit
2661 5179 2670 5190 ‘

2164 5174 2267 5301 ita)
2296 5175 2670 5288 Ρὲῗιὲιξιῗεῗ-’ξιὶ

2197 5232 2267 5302 12')
2296 5235 2627 5288 Porteuderat
2643 5232 2838 5288 Oberth.

2126 4944 2132 4952 ι
2183 4924 2210 4975 7
2257 4923 2425 4975 Solum
2455 4924 2703 4975 Wouwer.

2183 4987 2215 5035 8
2262 4986 2496 5037 Ascendit
2518 4983 2671 5038 Seml.

2184 5051 2216 5099 9
2262 5047 2697 5113 DeponitOberth.

2189 5113 2211 5162 1
2254 5109 2639 5163 lExcerosital.

1775 5339 2331 5402 COMMENTARIUS.
2403 5354 2414 5367 ’

466 5454 1005 5528 CAP.XXXV.—(a)
1024 5452 1126 5521 Qui
1138 5449 1521 5528 conﬁderentin
1535 5463 1700 5528 monte
1719 5455 1996 5512 Samaria.

398 5528 687 5585 Ilistoriam
721 5527 864 5583 illius
890 5524 1385 5597 sch'ismatis__s_upra
1411 5526 1607 5597 attigit,
1640 5527 1692 5580 in
1732 5543 1838 5597 quo
1873 5529 1999 5583 Hie-

396 5602 618 5658 rohoam
644 5598 834 5654 decem
868 5600 1039 5653 tribus
1069 5595 1139 5651 ab
1159 5593 1280 5649 aliis
1335 5593 1549 5651 avulsas
1572 5593 1868 5652 Samariam
1902 5598 2000 5653 de-

395 5672 567 5737 duxit,
592 5669 680 5725 ubi
711 5686 801 5725 rex
827 5679 1040 5724 creatus
1069 5676 1174 5721 est.
1203 5664 1441 5732 Reliqua:
1466 5666 1608 5732 dum,
1636 5682 1827 5736 nempe
1850 5667 2002 5724 Iudae

397 5753 452 5798 et
475 5740 781 5810 Benjamiu,
808 5739 910 5796 sub
937 5739 1220 5795 Roboamo
1247 5737 1759 5805 permanserunt.“
1773 5738 2005 5797 refertur

397 5812 462 5871 ιιι
489 5809 624 5885 [ιρι.
649 5809 727 5867 ιε
757 5811 855 5868 ρει.

2172 5458 2255 5531 (b)
2284 5459 2580 5531 secundum
2610 5467 2808 5531 nostras
2830 5452 3440 5531 autithesesAutitheses
3469 5468 3689 5531 compe-

2103 5524 2255 5598 gerat
2284 5530 2515 5586 Mareiuu
2538 5532 2588 5584 in
2615 5530 2806 5598 quibus
2843 5529 3013 5597 legem
3056 5524 3227 5598 Mosis
3279 5525 3571 5598 Evangelio
3597 5524 3697 5598 op-

2106 5595 2356 5669 ponebat.
2402 5595 2762 5656 Tertullianus
2799 5595 2929 5655 alias
2958 5597 3255 5653 autitheses
3305 5595 3369 5649 iis
3420 5596 3690 5669 opposuit,

2106 5665 2161 5727 in
2213 5673 2404 5743 quibus
2454 5673 2624 5744 legem
2678 5678 2918 5728 veterem
2969 5683 3088 5725 cum
3157 5665 3679 5792 novaLgogciliabat.

3449 5752 3504 5791 ιι.
