4020 6286
370 342 477 407 449

1447 348 1576 406 LIB.
1618 348 1684 405 tv
1725 343 2092 405 onnnsus
2131 332 2553 406 MARCIONEM.

3572 346 3682 409 430

372 465 489 536 ejus
512 463 843 521 documenta
879 461 1113 519 formare
1138 476 1303 534 quem
1347 461 1615 532 destruit,
1658 479 1726 520 ne
1766 464 1855 519 ille
1880 477 1966 518 me
1991 464 2046 525 A
2071 463 2236 518 cere?
2293 462 2605 520 Reseiditne
2656 461 2901 519 Christus
2972 460 3148 534 priora
3198 471 3466 535 praecepta
3490 506 3505 531 ,
3568 463 3678 522 rion

374 556 611 612 formare
638 556 908 611 videatur.
941 554 998 611 Si
1034 570 1163 611 vero
1193 564 1248 611 et
1275 554 1360 612 hic
1396 571 1500 611 non
1523 556 1590 611 de
1613 572 1709 610 suo
1736 555 1972 626 loquitur

377 646 636 716 adventu,
668 647 765 704 sed
787 647 855 703 de
878 646 1042 718 judtei
1100 643 1297 703 Christi
1326 688 1340 713 ,
1388 657 1763 718 exspectemus
1810 648 1970 702 etiam

374 754 520 796 nunc
547 755 615 796 ne
636 738 766 810 quid
787 738 855 795 de
877 753 976 795 suo
998 739 1272 810 praedicet,
1293 738 1440 795 illum
1468 739 1682 796 interim
1708 754 1828 795 esse
1853 754 1971 796 cre-

366 829 554 888 dentes
581 872 597 898 ,
630 844 795 902 quem
823 831 968 887 omni
991 830 1113 887 loco
1145 830 1425 903 prmdicat.

914 963 1143 1023 CAPUT
1190 964 1435 1022 XXXVI.

438 1077 571 1134 Nam
622 1086 678 1134 et
700 1077 888 1135 orandi
935 1081 1360 1151 perseverantiam
1411 1088 1459 1135 et
1488 1077 1783 1136 instantiam
1810 1076 1962 1151 (Luc.

363 1171 556 1247 XVIII)
582 1172 863 1242 mandans,
889 1174 1197 1245 parabolam
1214 1175 1400 1238 iudicis
1426 1176 1594 1246 ponit,
1614 1173 1968 1229 coactiaudire

363 1265 571 1322 viduam
595 1308 611 1333 ,
668 1266 913 1321 instantia
971 1275 1020 1320 et
1079 1268 1453 1337 perseverantia
1498 1267 1963 1337 interpellationum

366 1357 507 1424 eius.
532 1355 676 1427 Ergo
689 1355 923 1429 iudicem
945 1355 1114 1413 Deum
1132 1357 1369 1413 ostendit
1412 1357 1696 1421 orandum,
1739 1371 1844 1413 non
1870 1372 1961 1424 se,

358 1448 406 1505 si
431 1464 539 1505 non
563 1449 680 1520 ipse
722 1459 807 1506 est
829 1448 1016 1520 judex.
1042 1448 1148 1505 Sed
1175 1448 1469 1520 subiunxit,
1500 1454 1760 1522 [acturum
1804 1449 1964 1504 Deum

357 1542 642 1597 vindictam
675 1542 947 1597 electorum
972 1558 1202 1598 suorum.
1250 1541 1306 1597 Si
1331 1557 1462 1613 ergo
1494 1541 1609 1613 ipse
1649 1543 1753 1598 erit
1770 1542 1958 1613 judcx,

355 1636 450 1708 qui
467 1647 520 1694 et
534 1635 751 1692 vindex.
775 1634 1083 1692 Creatorem
1110 1651 1239 1709 ergo
1254 1636 1528 1692 meliorem
1561 1638 1726 1692 Deum
1770 1636 1960 1708 proba-

355 1729 458 1798 vit,
489 1745 649 1800 quem
677 1730 976 1787 electorum
1004 1745 1225 1787 suorum
1250 1730 1587 1785 clamantium
1602 1731 1670 1785 ad
1683 1731 1961 1785 eumdieac

356 1820 782 1877 noctevindicem
800 1822 1055 1878 ostendit.
1084 1822 1363 1889 Ettamen,
1386 1837 1510 1879 cum
1527 1821 1787 1893 templum
1804 1820 1960 1877 Crea-
1990 1861 2039 1921 Β
2067 1820 2220 1902 ηαυεῖ
2250 1849 2338 1903 ,ξω

355 1913 491 1969 toris
505 1912 731 1979 inducit,
754 1913 958 1970 etduns
992 1913 1279 1969 adorantes
1309 1913 1519 1970 diversa
1547 1922 1726 1970 mente
1758 1913 1962 1969 descri-

352 2005 434 2063 bit
451 2007 781 2064 Pharisazum
809 2007 862 2062 in
892 2008 1163 2078 superbia.
1192 2006 1540 2064 Publicauum
1558 2007 1610 2062 in
1636 2006 1958 2072 humilitate;

292 2120 339 2142 ηο
360 2099 596 2171 ideoque
646 2100 878 2157 alterum
927 2101 1306 2169 reprobatum,
1336 2102 1562 2157 alterum
1610 2102 1959 2173 justifieatum

353 2190 704 2249 descendisse
720 2191 1091 2265 (Luc.XVIIl);
1110 2193 1294 2264 utique
1306 2194 1548 2250 docendo
1562 2209 1663 2264 qua
1680 2194 1959 2265 disciplina

350 2286 426 2343 sit
440 2286 725 2353 orandum,
742 2303 864 2343 eum
893 2295 950 2342 et
970 2286 1058 2343 hic
1070 2287 1329 2344 orandum
1345 2289 1641 2355 constituit;
1659 2308 1685 2344 a
1702 2304 1808 2363 quo
1821 2291 1959 2346 rela-

351 2381 459 2436 turi
483 2390 666 2437 essent
686 2395 804 2437 eam
828 2380 1014 2437 orandi
1033 2381 1392 2452 disciplinam,
1411 2384 1524 2439 sive
1540 2385 1957 2457 reprobatrieem

351 2472 645 2543 superbiae,
671 2473 789 2529 sive
810 2473 1234 2545 justifieatricem
1259 2473 1840 2533 humilitatis.Alterius
1863 2477 1959 2534 Dei

353 2565 877 2636 nectetnplum,nec
901 2575 1165 2635 oratores,
1196 2581 1298 2623 nec
1332 2565 1594 2638 judicium
1625 2570 1840 2624 invenio
1866 2584 1960 2641 pe-

336 2658 453 2714 ‘nes
471 2657 770 2727 Christum,
802 2660 902 2716 nisi
931 2660 1225 2718 Creatoris.
1257 2660 1335 2734 (a)
1362 2662 1513 2717 illum
1553 2662 1707 2733 jubet
1733 2662 1960 2720 adorare

352 2748 413 2805 in
444 2748 768 2818 humilitate,
788 2760 846 2807 ut
870 2752 1219 2809 allevatorent
1246 2753 1548 2821 humilium;
1567 2770 1673 2811 non
1689 2756 1739 2811 in
1762 2771 1957 2827 super-

350 2841 463 2906 bia.
480 2851 534 2897 ut
553 2841 945 2901 destruetorem
960 2846 1333 2917 superborum.
1350 2846 1520 2915 Quem
1534 2849 1697 2904 alium
1718 2848 1956 2905 adoran-

350 2933 481 2990 dum
512 2935 644 2992 mihi
670 2937 931 2994 ostendit?
957 2954 1059 3009 qua
1081 2938 1509 3011 disciplina?qna
1536 2940 1658 3012 spe?
1679 2940 1956 2998 Neminem

349 3026 564 3097 opinor.
581 3026 716 3084 Nam
745 3037 799 3086 et
822 3044 981 3101 quam
1007 3028 1187 3086 docuit
1207 3032 1787 3100 orationem,Creatori
1829 3049 1956 3105 pro-

349 3117 598 3177 bavimus
617 3121 1089 3177 convenirc.Aliud
1105 3131 1190 3177 est
1204 3122 1246 3177 si
1269 3122 1429 3179 etiam
1456 3122 1666 3180 adorari
1692 3141 1793 3197 qua
1820 3126 1959 3182 Deus

353 3211 591 3280 optimus
619 3220 673 3268 et
698 3212 839 3268 ultro
885 3212 1059 3268 bonus
1113 3227 1220 3269 non
1250 3214 1382 3271 vult.
1434 3215 1540 3272 Sed
1571 3218 1688 3287 quis
1711 3218 1955 3288 Optimus,

355 3306 460 3361 nisi
496 3322 668 3372 unus,
715 3306 888 3379 inquit
930 3305 1274 3364 Deus?-Non
1316 3309 1468 3379 quasi
1507 3324 1571 3364 ex
1627 3310 1837 3365 duobus
1860 3312 1963 3366 diis
1989 3302 2034 3365 C
2069 3331 2082 3385 ί

349 3412 519 3454 unum
549 3399 808 3470 optimum
839 3399 1172 3468 ostenderit;
1220 3402 1317 3459 sed
1347 3417 1509 3458 unum
1538 3418 1660 3460 esse
1690 3405 1952 3475 Optimum

352 3490 530 3546 Deum
574 3490 783 3558 solum,
840 3492 931 3563 qui
975 3493 1055 3548 sic
1082 3509 1221 3549 unus
1251 3496 1321 3550 sit
1368 3496 1639 3566 optimus,
1672 3513 1775 3567 qua
1807 3500 1956 3564 solus

355 3574 527 3632 Deus.
569 3574 640 3631 Et
685 3577 871 3648 utique
913 3578 1184 3657 optimus,
1213 3580 1303 3650 qui
1337 3581 1470 3651 pluit
1495 3597 1662 3652 super
1698 3584 1875 3654 justos
1899 3595 1955 3641 et

347 3670 620 3741 injustas,
661 3679 717 3727 et
759 3671 929 3728 solem
973 3687 1129 3728 suum
1168 3674 1302 3729 oriri
1340 3674 1467 3731 facit
1513 3690 1676 3747 super
1701 3677 1872 3734 bonos
1900 3688 1955 3736 et

296 3772 322 3815 γ
347 3760 549 3826 malos,
565 3761 838 3817 sustinens
853 3772 909 3817 et
937 3762 1092 3820 alens
1112 3765 1376 3835 etjuvans
1401 3766 1563 3823 etiam
1588 3768 1949 3828 Marcionitas.

349 3851 593 3925 Denique
631 3854 987 3928 interrogatus
1014 3857 1082 3912 ab
1107 3857 1203 3913 illo
1231 3858 1461 3929 quodam
1488 3876 1501 3914 :
1534 3862 1827 3936 Praeceptor
1854 3882 1951 3938 ap-

347 3943 495 4013 time,
520 3946 643 4017 quid
665 3946 860 4017 faciens
887 3949 1044 4003 vitam
1070 3958 1316 4006 aeternam
1348 3951 1614 4023 passidebo
1638 3954 1664 4008 .9
1714 3956 1786 4013 De
1808 3973 1918 4029 pra)
1935 3991 1948 4001 —

346 4039 526 4111 ceptis
564 4040 840 4098 Creatoris
867 4058 936 4099 an
978 4059 1041 4101 ea
1088 4046 1272 4112 sciret,
1308 4047 1360 4103 id
1391 4059 1473 4106 est
1497 4049 1720 4120 faceret,
1750 4069 1948 4124 expos-

285 4137 325 4155 ⁶
346 4129 558 4194 tulavit.
588 4131 655 4189 ad
698 4134 1110 4191 eontestandum
1159 4140 1444 4209 praeceptis
1484 4141 1761 4199 Creatoris
1786 4145 1948 4200 vitam

342 4223 556 4296 acquiri
579 4225 982 4296 sempiternam.
1011 4228 1253 4299 Cumque
1279 4229 1367 4284 ille
1396 4231 1772 4304 principaliora
1805 4252 1952 4306 qna:—

343 4328 456 4387 que
474 4314 801 4374 affirmasset
814 4317 1130 4376 observasse
1153 4335 1214 4376 se
1239 4322 1309 4378 ab
1329 4321 1689 4380 adolescentia
1712 4344 1725 4380 :
1756 4327 1948 4398 Unum,

342 4405 554 4478 inquit,
583 4408 673 4462 tibi
725 4409 884 4464 deest.
922 4408 1109 4466 Omnia
1137 4429 1470 4486 quaecumque
1507 4416 1662 4472 habes
1689 4419 1849 4474 vende
1867 4462 1880 4487 ,
1904 4433 1951 4476 et

342 4498 419 4554 da
441 4500 773 4572 pauperibus,
800 4511 848 4556 et
875 4502 1081 4559 habebis
1123 4505 1418 4561 thesaurum
1464 4509 1517 4563 in
1544 4508 1668 4566 ctelo
1689 4552 1705 4580 ,
1736 4522 1784 4567 et
1814 4515 1946 4582 veni,

346 4608 562 4661 aequem
588 4610 688 4649 me.
738 4596 853 4667 Age
877 4595 1137 4665 Marcion,
1188 4613 1483 4672 omnesque
1515 4601 1626 4672 jam
1666 4606 1951 4664 commise-

342 4696 516 4742 rones
540 4692 597 4741 et
619 4685 920 4745 coodibiles
959 4688 1077 4760 ejus
1105 4688 1364 4762 haeretici,
1395 4692 1523 4765 quid
1568 4695 1834 4753 audebitis
1859 4699 1946 4756 di-

2076 554 2381 622 occidendi,
2413 571 2523 611 non
2549 554 2910 619 adulterandi,
2936 570 3043 609 non
3075 555 3312 624 furandi,
3348 571 3454 611 non
3483 556 3678 612 falsum

2077 646 2328 713 testandi,
2369 647 2626 719 diligendi
2660 660 2864 718 patrem
2892 658 2946 703 et
2976 647 3243 704 matrem?
3286 652 3368 704 An
3400 650 3480 721 (l)
3505 658 3560 706 et
3589 650 3677 705 illa

2073 739 2326 807 servavit,
2360 749 2415 797 et
2441 741 2582 811 quod
2614 742 2820 805 deerat,
2873 741 3109 811 adjecit?
3138 756 3461 813 quamquam
3488 752 3543 797 et
3575 745 3677 799 hoc

2073 841 2400 904 praeceptum
2429 833 2728 903 largitionis
2764 835 2815 889 in
2847 848 3049 904 egenos
3094 835 3292 905 ubique
3315 833 3566 891 diﬂ‘usum
3597 835 3669 890 sit

2072 924 2124 979 in
2155 923 2295 996 Lege
2334 933 2389 980 et
2420 924 2724 995 Prophetis,
2756 926 2830 980 uti
2853 926 3274 996 gloriosissimus
3305 928 3396 984 ille
3420 928 3675 984 observa-

2072 1026 2157 1072 tor
2181 1028 2573 1091 praeceptorum
2596 1008 2871 1090 pecuniam
2887 1020 3056 1075 multo
3071 1020 3371 1076 chariorcm
3398 1022 3674 1078 habiturus

2072 1113 2465 1170 traduceretur.
2498 1116 2713 1171 Salvum
2761 1124 2845 1172 est
2890 1114 3048 1186 igitur
3073 1127 3126 1171 et
3164 1115 3268 1171 hoc
3296 1117 3348 1172 in
3380 1117 3672 1189 Evangelia

2068 1201 2283 1269 (Matth.
2310 1205 2379 1273 γ,
2412 1206 2528 1275 17),
2556 1204 2678 1262 Non
2709 1208 2818 1261 veni
2847 1207 3117 1262 dissolvere
3146 1206 3331 1280 Legem
3357 1219 3404 1263 et
3430 1208 3665 1281 PrOphe-

2066 1304 2165 1363 tas,
2194 1295 2286 1351 sed
2309 1298 2477 1368 potius
2506 1296 2805 1368 adimplere.
2831 1296 3001 1377 Simul
3031 1308 3084 1355 et
3111 1309 3306 1355 caetera
3335 1301 3670 1358 dubitatione

2065 1386 2352 1453 liberavit,
2398 1390 2794 1446 manifestaudo
2839 1390 2996 1445 unius
3026 1406 3148 1447 esse
3190 1403 3242 1447 et
3273 1393 3363 1449 Dei
3392 1405 3670 1450 nomenct

2065 1480 2292 1550 Optimi,
2324 1489 2380 1536 et
2403 1481 2565 1536 vitam
2589 1492 2871 1548 teter-nant,
2899 1493 2953 1540 et
2982 1483 3293 1539 thesaurum
3326 1486 3378 1540 in
3414 1487 3585 1554 caelo,
3613 1498 3669 1544 et

2065 1572 2413 1644 semetipsum
2440 1591 2455 1639 ;
2486 1575 2638 1646 cujus
2668 1584 2931 1646 prmcepta
2961 1577 3259 1647 supplendo
3287 1587 3342 1633 et
3368 1594 3664 1635 conserva-

2070 1663 2223 1719 vitet
2271 1668 2459 1721 auxit:
2516 1667 2808 1722 secundutn
2853 1665 3129 1722 Miclneam
3177 1684 3390 1741 quoque
3419 1670 3521 1727 hoc
3548 1671 3666 1728 loco

2063 1759 2533 1829 recognoscendos
2554 1802 2568 1825 ,
2614 1760 2880 1817 dicentem
2917 1760 3102 1835 (Mich.
3135 1762 3222 1829 Vl,
3253 1762 3344 1834 8):
3374 1763 3436 1819 Si
3459 1782 3664 1819 annun-

2377 1852 2527 1904 homo
2564 1852 2688 1921 quid
2728 1851 2936 1918 bonum,
2978 1862 3066 1907 aut
3094 1855 3216 1925 quid
3258 1865 3367 1910 ate
3420 1855 3671 1913 Dominus

2067 1941 2303 2010 exquirit.
2333 1956 2486 2012 quam
2509 1946 2677 2014 facere
2693 1943 2971 2014 judicium,
3001 1944 3217 2017 diligere
3238 1946 3662 2017 misericordiam,

2065 2042 2112 2085 et
2137 2042 2379 2102 paratum
2404 2050 2515 2089 esse
2537 2036 2677 2106 sequi
2708 2034 2986 2092 Dominum
3008 2036 3174 2093 Deum
3196 2042 3381 2095 tuum?
3412 2042 3478 2096 Et
3505 2043 3668 2099 homo

2062 2125 2205 2181 enim
2237 2110 2483 2181 Christus
2509 2128 2832 2183 annuntians
2855 2130 2981 2200 quid
3012 2131 3080 2185 sit
3109 2130 3306 2186 bonum
3330 2148 3344 2197 ;
3377 2132 3658 2191 scientiam

2065 2218 2235 2290 legis:
2269 2217 2556 2291 Prwcepta,
2587 2221 2778 2291 inquit,
2819 2223 2919 2278 scis
2943 2224 2969 2278 ?
2999 2222 3176 2280 facere
3200 2224 3499 2296 judicium:
3534 2226 3667 2282 Ven-

2062 2308 2149 2375 de,
2200 2308 2388 2381 inquit,
2444 2327 2559 2382 qua:
2582 2311 2771 2378 habes;
2815 2314 3041 2386 diligere
3074 2315 3155 2389 (τὶ)
3184 2318 3612 2375 misericordiam
3646 2340 3661 2378 :

2062 2397 2132 2455 Et
2148 2400 2236 2468 da,
2256 2401 2447 2472 inquit,
2465 2405 2669 2474 egenis;
2699 2416 2942 2477 paratum
2960 2424 3081 2464 esse
3109 2411 3185 2465 ire
3200 2411 3282 2483 (3)
3308 2426 3429 2467 cum
3449 2414 3662 2487 υεομ).

2063 2493 2132 2549 Et
2156 2495 2287 2562 veni,
2318 2495 2510 2567 inquit,
2540 2514 2746 2570 sequere
2771 2516 2866 2555 me.
2913 2501 3045 2557 Tam
3094 2503 3343 2560 distincta
3374 2504 3521 2562 fuita
3550 2509 3663 2579 pri-

2061 2590 2275 2647 mordio
2300 2590 2485 2647 Judaea
2515 2608 2653 2664 gens
2679 2610 2776 2666 per
2822 2596 2990 2652 tribus
3020 2606 3074 2653 et
3104 2599 3333 2670 populos
3356 2609 3408 2656 et
3438 2599 3665 2657 familias

2061 2692 2116 2738 et
2143 2683 2358 2752 domos,
2387 2696 2447 2741 ut
2491 2703 2651 2742 nemo
2698 2688 2856 2745 facile
2880 2690 3116 2763 ignorari
3151 2692 3218 2749 de
3245 2709 3442 2765 genere
3463 2698 3666 2768 potuis-

2061 2784 2165 2843 set,
2186 2772 2266 2850 (b)
2300 2779 2381 2833 vel
2412 2776 2482 2835 de
2511 2781 2823 2837 recentibus
2844 2785 3190 2855 Augustianis
3213 2789 3464 2846 censibus
3489 2789 3665 2849 adhuc

2061 2874 2188 2922 tunc
2224 2867 2452 2951 fortasse
2480 2871 2857 2941 pendentibus.
2886 2875 3047 2933 Jesus
3076 2888 3256 2934 autem
3283 2879 3570 2939 Marcionis
3600 2895 3655 2939 ct

2063 2968 2220 3015 natus
2250 2977 2358 3017 non
2408 2963 2778 3034 dubitaretur,
2809 2969 2900 3039 qui
2935 2968 3100 3026 homo
3130 2970 3447 3042 videbatur;
3480 2977 3663 3048 utique

2061 3069 2164 3124 qua
2192 3069 2300 3111 non
2342 3066 2496 3112 natus
2522 3057 2721 3113 nullam
2746 3069 2994 3131 potuerat
3013 3066 3226 3133 generis
3254 3065 3339 3120 sui
3367 3066 3417 3120 in
3450 3068 3662 3138 publico

2063 3145 2313 3203 habuisse
2342 3148 2605 3216 notitiam,
2641 3149 2714 3223 (ε)
2745 3154 2840 3208 sed
2880 3164 2998 3210 erat
3029 3172 3165 3212 unus
3190 3158 3353 3229 aliqui
3383 3159 3651 3231 deputan-

2068 3239 2169 3295 dus
2188 3256 2253 3295 ex
2278 3241 2364 3305 iis,
2395 3243 2484 3313 qui
2511 3259 2729 3316 quoquo
2753 3246 2912 3302 modo
2944 3248 3109 3318 ignoti
3136 3249 3488 3308 habebantur.
3525 3254 3660 3312 Cum

2088 3330 2232 3402 gitur
2259 3342 2675 3404 praetereuntem
2707 3337 2858 3395 illum
2877 3355 3053 3398 carens
3073 3342 3328 3411 audisset,
3359 3360 3455 3401 cur
3482 3350 3663 3404 excla-

2056 3425 2223 3480 mavit
2250 3443 2265 3480 :
2290 3425 2416 3482 Jesu
2448 3429 2525 3498 ﬁli
2553 3428 2719 3485 David
2738 3474 2752 3498 ,
2782 3434 3020 3489 miserere
3063 3437 3179 3504 mei,
3214 3438 3315 3494 nisi
3363 3441 3484 3511 quia
3511 3440 3654 3498 ﬁlius

2059 3514 2246 3582 David,
2280 3517 2332 3573 id
2363 3526 2466 3584 est,
2496 3534 2569 3576 ex
2600 3520 2800 3578 familia
2834 3524 3003 3580 David
3046 3541 3154 3583 non
3198 3538 3401 3586 temere
3429 3530 3658 3602 deputa-

2055 3605 2230 3675 batur,
2258 3623 2353 3679 per
2383 3619 2609 3667 matrem
2630 3623 2685 3670 et
2710 3614 2925 3682 fratres,
2952 3618 3040 3689 qui
3068 3618 3357 3691 aliquando
3383 3638 3447 3679 ex
3472 3626 3660 3682 notitia

2056 3701 2242 3771 utique
2269 3705 2570 3761 annuntiati
2622 3706 2671 3761 ei
2724 3706 2953 3765 fuerant.
2982 3709 3088 3767 Sed
3116 3715 3468 3772 antecedentes
3496 3717 3663 3774 incre-

2055 3794 2245 3864 pabant
2273 3811 2484 3864 cwrum,
2517 3799 2589 3852 uti
2620 3809 2826 3856 taceret.
2881 3801 3102 3870 Merito,
3157 3808 3409 3877 quoniam
3440 3810 3659 3880 quidem

2056 3885 2476 3955 vociferahatur,
2533 3904 2638 3945 non
2683 3892 2807 3961 quia
2838 3892 2906 3948 de
2934 3893 3096 3951 David
3131 3896 3243 3952 filio
3271 3901 3655 3958 mentiebatur.

2055 3976 2164 4034 Aut
2182 3975 2316 4032 doce
2335 3978 2671 4050 increpantes
2699 3984 2821 4040 illos
2833 3987 3025 4054 scisse,
3046 3989 3187 4059 quod
3208 3990 3363 4048 Jesus
3389 4009 3496 4050 non
3517 4006 3663 4053 esSct

2056 4068 2199 4126 filius
2228 4069 2418 4136 David,
2463 4081 2520 4128 ut
2547 4074 2746 4131 idcirco
2784 4076 3056 4134 silentium
3088 4096 3233 4137 caeco
3259 4083 3518 4144 indixisse
3542 4104 3662 4146 crc-

2053 4159 2269 4217 dantur.
2332 4162 2437 4219 Sed
2494 4165 2592 4221 etsi
2643 4166 2891 4234 duceres,
2946 4170 3158 4228 facilius
3202 4162 3324 4231 illos
3383 4177 3661 4249 ignorasse

2053 4256 2598 4328 prtesumeretur(5),
2631 4273 2789 4330 quam
2822 4261 3109 4320 Dominum
3134 4264 3322 4322 falsam
3356 4269 3408 4324 in
3437 4285 3497 4326 se
3520 4289 3660 4344 pra:-

2052 4342 2374 4402 dicationem
2403 4349 2672 4405 sustinere
2702 4352 2962 4422 potuisse.
3006 4352 3110 4411 Sed
3135 4359 3345 4428 patiens
3375 4342 3657 4435 Dominus;

2054 4449 2161 4491 non
2194 4446 2370 4493 tamen
2425 4442 2778 4497 conlirmator
2830 4449 3055 4515 erroris,
3087 4449 3196 4504 imo
3224 4450 3387 4508 etiam
3417 4454 3660 4514 delector

2050 4529 2352 4598 Creatoris;
2400 4543 2457 4588 ut
2504 4551 2609 4591 non
2673 4538 2818 4608 prius
2874 4540 3011 4597 hanc
3056 4544 3351 4602 caecitatem
3407 4547 3641 4607 hominis

2053 4619 2193 4675 illius
2217 4623 2567 4694 enubilassct,
2620 4643 2687 4684 ne
2708 4629 2850 4685 ultra
2887 4630 3072 4688 Iesum
3124 4635 3291 4691 filium
3317 4638 3481 4697 David
3505 4642 3652 4698 exis-

1970 4699 2285 4810 Dﬂtimaret.
2349 4718 2593 4790 Atquin,
2650 4736 2719 4779 ne
2763 4725 3077 4795 patientiam
3132 4728 3249 4802 ejus
3278 4731 3606 4794 infamaretis
3639 4780 3656 4810 ,

1585 4786 1971 4856 LECTIONES
2012 4802 2427 4893 VARlANTES.

517 4953 691 5021 Dilige
713 4955 864 5010 Seml.

409 4890 493 5083 ξὲιξ

413 5019 468 5081 (3
516 4970 747 5071 Para‘tum
768 5022 826 5083 si,

413 5016 492 5083 (ὅ)
516 5016 747 5071 Paratum
768 5022 828 5084 si,
858 5020 1031 5086 inquit,
1056 5020 1135 5074 ire
1157 5020 1356 5076 Oberth.

2120 4917 2193 5046 is
2218 4917 2721 5041 ἕβξέςειξεξπιξιιεη

1740 5114 2304 5187 COMMENTARIUS.

397 5192 1417 5295 ,ἓὲΡ·,ΞΞΧ³ΞἫ.-..ῖ.(³ὶἐξιιεηιρειίξει
1445 5202 1955 5295 αξιοτςιῖε,ίει,.¹ιςιηξίο

371 5265 538 5335 litate,
575 5278 680 5324 etc.
730 5265 1155 5327 Alludere'mihi
1187 5265 1397 5329 vid'etur
1437 5275 1504 5329 ad
1555 5276 1687 5333 illud
1716 5265 1952 5340 Christi:

356 5339 725 5428 eniniitmi‘se
773 5341 1008 5428 huittiliqt
1054 5343 1397 5428 adlevabitur,
1434 5356 1496 5428 et
1534 5349 1622 5428 qui
1671 5354 1960 5428 se.ea:altat

358 5408 752 5493 inutiliaﬁtur;
785 5417 909 5493 sive
926 5413 992 5467 ad
1018 5413 1161 5493 aliud
1192 5408 1392 5493 cantici
1432 5408 1610 5493 Maria;
1640 5438 1655 5475 :
1711 5408 1960 5493 Deposuit

354 5488 589 5562 potentes
615 5480 680 5539 de
706 5482 985 5562 s_ede_(hnc_
1012 5489 1276 5562 esthenitn
1304 5486 1616 5562 destruere)
1649 5500 1694 5546 et
1722 5480 1961 5551 exultavit

354 5548 792 5627 (sige_ail_evavit)
822 5548 1060 5627 humiles.
1094 5556 1230 5611 Pan.

2058 5223 2445 5316 gensustuisse
2468 5226 2715 5316 videntur
2727 5231 3104 5316 subhugusto.
3133 5236 3515 5316 EtSeptimius
3545 5246 3660 5316 ipse

2060 5292 2195 5377 libro
2221 5295 2466 5377 adversus
2490 5297 2722 5377 lumnas,
2784 5292 3097 5377 addubitare
3137 5292 3659 5373 vidét'di-‘S'R'éti.'i§‘1

2064 5364 2474 5447 tus’adscri‘ptns
2507 5369 2665 5425 fuerit
2692 5364 2878 5447 censui
2909 5378 3084 5431 statim
3108 5389 3164 5432 ut
3188 5364 3344 5438 natus

2249 5432 2474 5517 Sederat
2492 5456 2621 5517 unus
2649 5443 2808 5517 aliqui
2837 5446 3156 5517 deputandus
3179 5432 3353 5516 eis

2254 5521 2350 5593 pro
2368 5509 2573 5593 aliquis,
2601 5521 2661 5593 nt_
2686 5503 2747 5593 .ili
2804 5503 3060 5593 principio
3087 5518 3178 5572 lib.
3207 5503 3480 5593 geniali;

2070 5575 2614 5660 discipulusSensus
2639 5581 2732 5660 _hic
2759 5575 2838 5637 est
2857 5626 2871 5648 ,
2900 5575 3001 5660 erit
3028 5596 3180 5660 terra:
3203 5575 3660 5660 utilisfiétiiii};

771 5620 781 5627 '
924 5628 934 5638 ·
1260 5631 1272 5642 ο
1349 5630 1361 5643 -
1527 5633 1540 5645 υ
2074 5620 2385 5644 “·’“’ν·1’“““’·
2414 5620 2614 5635 υνυυιω
2644 5620 2732 5636 "Iv
2759 5620 2838 5637 νῦ·
2857 5626 2871 5648 ο
2900 5620 2948 5641 GI
2963 5620 3001 5640 ιι
3028 5620 3180 5641 ιυιιιιῖ
3203 5620 3344 5649 suum
3413 5620 3490 5651 \‘Cl
3522 5620 3658 5654 lllllls

431 5620 1632 5731 ἐξὲξ-Ἧι)ιξιιξξθξξιέτίνξιδηςξὲετρξδ
1653 5634 1823 5731 adhuc
1845 5647 1963 5694 tunc
2066 5647 2292 5731 quilibet
2324 5663 2355 5703 e
2386 5649 2539 5704 turba
2561 5691 2573 5713 ,
2607 5653 2720 5706 sive
2767 5669 2903 5709 unus
2951 5656 3020 5711 de
3058 5658 3260 5725 multis,
3309 5636 3450 5731 (ιάοά
3482 5669 3658 5725 Gra'ci

351 5694 1157 5777 [orassependentihns._Tttne,
1182 5700 1233 5755 id
1254 5711 1498 5777 est,_cum
1527 5704 1731 5777 diceret
1760 5722 1958 5777 caecus,

350 5762 803 5838 Jesttﬁli'ﬂanid.
836 5762 1225 5838 Pendentibus,
1257 5762 1463 5830 scilicet
1494 5776 1690 5831 tabulis
1719 5762 1956 5836 census;

349 5836 656 5907 ιιὶιιίηιω.
704 5840 844 5898 sicut
887 5853 1050 5913 supra
1096 5836 1430 5915 notavimus,
1473 5846 1614 5904 haud
1642 5849 1812 5907 semel
1850 5851 1957 5907 acti

2064 5715 2248 5843 diem}:
2270 5724 2319 5772 ἐκ
2342 5727 2426 5776 τοῦ
2449 5728 2624 5779 πολλοῦ
2655 5727 2832 5794 δῆμον,
2857 5728 2939 5780 καὶ
2958 5744 3048 5784 τῶν
3070 5715 3260 5787 «suae,
3284 5715 3466 5795 si:

2065 5805 2171 5843 τῶν.
2251 5804 2378 5843 BEN.

2065 5805 2171 5843 τῶν.
2205 5804 2378 5847 [illi-3N.
