4020 6286
376 304 475 361 431

1796 301 2258 360 TICRTULLIANI

3569 298 3677 357 45?.

379 418 585 495 nec-(l)
616 419 780 477 ullam
809 419 1070 477 rationem
1103 418 1549 476 dissimulationis
1580 417 1656 473 illi
1689 417 1970 489 afﬁngerc-
1999 424 2046 482 Α
2083 416 2430 490 Conjringim,
2463 416 2655 489 inquit,
2687 433 2872 489 panem
2903 426 3044 473 tuum
3076 418 3352 485 esurienti;
3380 426 3553 473 etnon
3578 419 3677 471 Im-

382 511 473 587 lis,
501 530 598 570 nec
630 512 796 568 lilium
843 512 1007 568 David
1057 514 1345 583 negaretis,
1374 511 1808 567 manifestissime
1840 527 1971 566 con-

381 606 613 661 ﬁrmavit
642 606 768 662 czrci
819 606 1273 678 prtedieationem,
1305 613 1360 660 ct
1390 607 1500 675 ipsa
1540 606 1974 660 remuneratione

380 697 684 764 medicinae,
733 706 789 753 ct
842 698 1148 754 testimonio
1193 697 1333 752 ﬁdei.
1380 696 1555 760 Fides.
1598 697 1787 766 inquit,
1820 707 1905 749 tua
1928 706 1973 749 te

379 789 577 843 salvum
602 790 743 860 fecit.
769 788 906 858 Quid
933 791 1010 843 vis
1031 806 1229 846 etccum
1271 789 1602 845 credidisse?
1641 788 1724 843 Ab
1749 787 1854 842 alio
1885 788 1971 856 (2)

383 882 493 938 Deo
522 882 869 939 descendisse
889 884 1070 940 Jesnm
1092 883 1156 938 ad
1189 873 1542 954 dejectionem
1568 885 1645 951 (⁸5)
1665 880 1972 936 Creatoris?

377 976 443 1032 ad
471 976 890 1034 destructionem
923 976 1082 1047 Legis
1108 986 1163 1032 et
1212 976 1650 1047 Prophetarum?
1688 991 1792 1028 non
1820 974 1968 1028 illum

376 1083 520 1134 esse,
572 1072 661 1141 qui
706 1086 770 1126 ex
824 1070 1001 1125 radice
1046 1070 1198 1126 Jessc
1235 1078 1288 1125 et
1333 1085 1396 1124 ex
1438 1067 1613 1123 fructu
1665 1066 1967 1121 hnnborum

385 1161 552 1216 David
580 1150 951 1218 destinabatur
978 1161 1096 1235 (Ps.
1126 1161 1508 1231 CXXXII,II),
1540 1175 1805 1215 cmeorum
1831 1174 1969 1230 quo-

373 1270 480 1324 quc
523 1256 940 1312 remunerator?
979 1255 1085 1311 Sed
1128 1255 1362 1310 nondum
1394 1263 1520 1325 puto
1549 1253 1813 1324 ejusmodi
1845 1262 1971 1307 tunc

373 1350 502 1404 (εειιυί
533 1357 706 1416 erant,
734 1350 907 1421 qualis
950 1350 1208 1417 Marcion,
1238 1358 1297 1404 ut
1337 1349 1451 1403 hree
1484 1347 1643 1402 fuerit
1671 1348 1800 1402 caeci
1830 1346 1968 1402 illius

372 1441 531 1507 ﬁdes,
563 1457 665 1513 qua
718 1442 1010 1498 crediderit
1043 1445 1097 1497 in
1141 1457 1275 1499 voce
1297 1484 1313 1509 ,
1363 1440 1489 1495 Jesu
1536 1441 1614 1510 ﬁli
1647 1440 1830 1494 David.
1864 1439 1967 1509 Qui

373 1534 476 1590 huc
505 1550 566 1592 se
614 1547 667 1591 et
688 1537 937 1607 cognovit
958 1578 974 1604 ,
1008 1546 1063 1592 et
1104 1536 1171 1592 ab
1212 1535 1461 1591 omnibus
1491 1534 1737 1604 cognosci
1769 1530 1846 1603 (s)
1879 1546 1971 1585 vo-

372 1627 503 1694 luit,
535 1628 692 1683 ﬁdem
743 1629 995 1697 hominis,
1029 1630 1127 1684 etsi
1177 1629 1367 1683 melius
1391 1626 1655 1682 oculatam
1679 1668 1692 1690 ,
1721 1626 1820 1679 etsi
1853 1623 1966 1680 veri

372 1719 590 1776 luminis
608 1732 936 1791 compotem,
963 1722 1229 1776 exteriore
1250 1734 1466 1792 quoque
1495 1719 1699 1773 visione
1724 1717 1964 1782 donavit,

2080 509 2249 564 beutes
2302 521 2525 577 tectum,
2581 512 2641 565 in
2683 511 2889 566 domum
2936 523 3075 565 luant
3107 512 3370 575 indueito;
3416 510 3515 564 hoc
3551 524 3675 566 cum

2081 606 2329 659 maxime
2362 606 2570 676 agebat,
2604 616 2886 675 exceptum
2919 605 3080 660 domo
3105 621 3199 661 sua
3233 619 3459 677 pascens
3491 604 3676 660 Domi-

2078 714 2226 751 num.
2259 696 2324 751 Et
2351 697 2547 751 nudum
2573 697 2617 752 si
2641 698 2847 763 videris,
2867 699 3116 769 contegito
3136 713 3155 763 ;
3178 700 3278 753 hoc
3300 712 3419 752 cum
3444 696 3678 751 maxime

2082 789 2448 859 promittebat,
2480 789 2535 844 in
2564 790 2743 844 omnia
2772 789 3154 845 misericordiae
3198 803 3360 859 opera
3389 787 3671 843 dimidium

2075 885 2390 939 substantiae
2420 882 2687 948 oIl'erens;
2713 886 2793 954 (α)
2819 881 3123 939 dissolvens
3147 882 3522 937 violentiorum
3550 896 3680 938 con-

2076 987 2341 1031 tractuum
2372 977 2615 1031 obnexus
2672 976 2781 1046 (7),
2821 984 2876 1030 et
2926 974 3202 1030 dimittens
3251 975 3585 1031 conﬂictatos
3623 975 3675 1030 in

2074 1070 2463 1140 laxamentum,
2501 1081 2553 1127 et
2573 1086 2790 1128 omnem
2814 1070 3271 1142 conscriptionem
3301 1072 3538 1142 iniquam
3556 1071 3675 1127 dis-

2073 1164 2275 1234 sipans,
2303 1163 2533 1238 dicendo
2557 1181 2571 1219 :
2606 1163 2672 1217 Et
2700 1164 2743 1218 si
2769 1165 2851 1218 cui
2881 1165 3004 1235 quid
3034 1179 3123 1234 per
3148 1165 3463 1220 calumniam
3488 1164 3674 1236 eripui,

2074 1257 2426 1328 quadruplum
2449 1257 2629 1312 reddo.
2669 1256 2854 1326 Itaque
2886 1256 3184 1312 Dominus:
3217 1256 3390 1312 Hodie
3412 1299 3428 1321 ,
3464 1257 3634 1328 inquit
3658 1297 3679 1325 ,

2072 1352 2213 1405 salus
2239 1351 2355 1405 huic
2381 1351 2577 1405 domui.
2618 1349 3015 1405 Testimonium
3036 1349 3215 1415 dixit,
3256 1351 3510 1405 salutaria
3553 1364 3679 1407 esse

2072 1459 2190 1514 qua:
2216 1452 2543 1513 praeceperat
2569 1441 2859 1512 prophetes
2879 1441 3177 1497 Creatoris.
3196 1441 3329 1497 Cum
3354 1457 3483 1495 vero
3511 1441 3672 1499 dicit:

2086 1536 2232 1591 Venit
2254 1537 2387 1592 enim
2412 1535 2457 1589 F
2458 1536 2576 1591 ilius
2598 1535 2816 1590 hominis
2841 1533 3038 1590 solrum
3058 1538 3222 1604 facere
3239 1534 3377 1604 quod
3399 1535 3548 1606 periit
3570 1533 3675 1605 (8),

2073 1630 2184 1701 jam
2240 1644 2347 1684 non
2402 1628 2671 1684 contendo
2706 1642 2831 1682 eum
2872 1629 3088 1682 venisse
3125 1637 3182 1680 ut
3225 1629 3438 1681 salvum
3473 1626 3680 1683 faceret

2073 1720 2216 1792 quod
2268 1721 2527 1791 perierat,
2583 1722 2739 1788 cujus
2785 1720 2978 1784 fuerat,
3020 1727 3076 1774 et
3119 1720 3203 1773 cui
3253 1721 3487 1788 perierat
3532 1717 3679 1789 quod

376 1832 431 1875 ut
458 1826 511 1877 ct
561 1832 662 1873 nos
688 1815 923 1887 regulam
954 1816 1218 1886 simulque
1253 1813 1552 1869 mercedem
1586 1812 1707 1867 fidei
1734 1812 1972 1867 discore-
2002 1817 2050 1877 Β
2079 1814 2287 1868 salvum
2331 1822 2557 1868 venerat
2589 1812 2804 1879 facere;
2852 1812 2949 1867 sed
2993 1812 3049 1866 in
3093 1811 3314 1867 alterius
3359 1814 3679 1881 quaestionis

375 1934 515 1974 ntus.
540 1916 642 1983 Qui
670 1914 784 1968 vult
812 1911 999 1967 videre
1028 1908 1236 1974 Jesum,
1272 1907 1437 1961 David
1467 1905 1633 1959 ﬁlium
1657 1902 1844 1958 credat
1873 1919 1971 1974 per

371 2009 598 2078 virginis
622 2020 865 2061 censum.
913 2004 1014 2069 Qui
1046 2018 1152 2056 non
1180 2001 1250 2056 ita
1276 1999 1502 2063 credet,
1554 2013 1659 2053 non
1691 1997 1874 2052 audiet
1901 1996 1969 2052 ab

372 2101 503 2156 illo:
538 2099 694 2154 Fides
724 2109 811 2152 tua
854 2107 902 2152 te
927 2097 1128 2151 salvum
1171 2094 1310 2165 fecit.
1362 2095 1536 2162 Atque
1578 2092 1647 2146 ita
1679 2105 1854 2146 caecus
1880 2104 1966 2145 re-

371 2192 643 2258 manebit,
698 2206 859 2246 ruens
913 2189 963 2243 in
1014 2187 1359 2251 antithesim,
1413 2194 1655 2240 ruentem
1704 2191 1759 2237 ct
1797 2183 1965 2252 ipsam

279 2328 287 2336 .
370 2285 701 2340 antithesim.
752 2282 843 2338 Sic
872 2281 1014 2336 enim
1045 2295 1220 2335 ctecus
1261 2293 1461 2333 circum
1492 2275 1762 2332 deducere
1808 2275 1965 2330 solet.

376 2395 395 2427 ι
445 2375 573 2430 Nam
604 2379 649 2430 si
678 2372 966 2444 aliquando
997 2372 1061 2443 (ll
1091 2369 1218 2444 Reg.
1247 2370 1310 2441 V)
1346 2370 1597 2424 Davidem
1642 2369 1695 2423 in
1728 2382 1966 2438 recupe-

379 2487 398 2521 ε
449 2471 657 2523 ratione
679 2467 859 2523 Sionis
909 2465 1245 2520 offenderant
1290 2462 1782 2524 czecircsistentes,
1827 2474 1963 2531 quo-

378 2578 398 2611 r
448 2561 624 2615 minus
651 2559 1023 2614 admitteretur
1062 2576 1081 2609 ι
1125 2557 1216 2627 (in
1241 2556 1461 2625 ﬁguram
1519 2554 1698 2624 populi
1745 2550 1969 2622 proinde

375 2653 527 2717 (neci,
569 2665 677 2706 non
704 2649 989 2705 admissuri
1020 2647 1340 2718 quandoque
1369 2645 1640 2701 Christum
1667 2645 1832 2699 lilium
1865 2645 1967 2699 Da-

368 2742 504 2816 vid),
527 2762 546 2796 ι
567 2742 691 2800 ideo
716 2740 962 2797 Christus
987 2756 1052 2797 ex
1078 2740 1290 2795 diverso
1311 2753 1458 2793 caeco
1484 2737 1753 2799 subvenit.
1774 2737 1969 2792 uthinc

377 2858 396 2891 ι
453 2853 514 2893 se
543 2836 856 2892 ostenderet
904 2850 1010 2889 non
1040 2848 1159 2890 esse
1202 2833 1365 2887 filium
1410 2831 1603 2895 David,
1631 2840 1685 2886 et
1709 2845 1773 2886 ex
1804 2831 1967 2884 animi

376 2953 396 2986 ι
444 2932 754 2989 diversitate
783 2932 955 2986 bonus
993 2930 1169 2993 cat-cis,
1224 2941 1360 2997 quos
1407 2926 1495 2981 ille
1544 2925 1780 2994 jusserat
1808 2924 1965 2980 ca:di.

380 3046 400 3080 ι
450 3027 625 3083 Etcur
642 3026 784 3090 ﬁdei,
803 3034 857 3081 et
883 3023 1098 3093 quidem
1124 3036 1322 3092 pravar,
1340 3019 1652 3090 prmstitisse
1674 3033 1734 3074 se
1759 3018 1960 3073 dixit?)

369 3122 565 3192 Atquin
594 3130 648 3176 et
668 3120 771 3176 hoc
803 3118 939 3174 ﬁlius
970 3117 1165 3180 David,
1212 3115 1520 3171 antithesim
1551 3114 1620 3189 de
1651 3129 1750 3169 suo
1783 3122 1967 3169 retun-

2032 1957 2036 1961 .
2074 1905 2297 1976 gradum
2352 1904 2549 1975 dirigo.
2606 1904 2680 1959 De
2735 1904 2951 1959 homine
2979 1904 3061 1973 agi
3094 1905 3240 1958 nulla
3271 1904 3537 1961 dubitatio
3564 1914 3672 1962 est.

2075 2000 2173 2056 llic
2193 2015 2314 2055 cum
2342 2016 2408 2056 ex
2429 1999 2635 2055 duabus
2660 1998 2972 2054 substantiis
3010 2008 3243 2066 constet,
3267 2014 3331 2054 cx
3363 2014 3589 2071 corpore
3613 2010 3672 2058 et

2074 2096 2247 2149 anima
2272 2135 2287 2161 ,
2317 2094 2665 2165 quarendum
2739 2102 2822 2148 est
2894 2108 2960 2147 ex
3005 2107 3107 2163 qua
3146 2092 3459 2149 substantizu
3489 2095 3676 2163 specie

2074 2187 2300 2257 periisse
2332 2187 2594 2242 videatur.
2634 2186 2690 2242 Si
2720 2202 2785 2240 ex
2813 2200 3061 2256 corpore,
3100 2200 3231 2256 ergo
3282 2202 3478 2257 corpus
3501 2190 3683 2258 perie-

2074 2290 2193 2345 rat,
2241 2280 2418 2334 auima
2465 2296 2591 2334 non.
2644 2278 2798 2347 Quod
2822 2278 3108 2350 perierat,
3136 2280 3342 2336 salvum
3372 2281 3498 2336 facit
3527 2282 3673 2339 ﬁlius
3771 2290 3781 2311 '

2074 2371 2352 2429 hominis:
2387 2372 2549 2429 habet
2577 2373 2739 2442 igitur
2786 2382 2841 2428 et
2882 2388 3010 2428 caro
3040 2373 3289 2430 salutem.
3329 2375 3386 2431 Si
3418 2383 3473 2431 et
3494 2375 3681 2433 anima

2074 2468 2307 2539 perierat
2324 2509 2339 2535 ,
2363 2469 2559 2522 anima:
2591 2467 2820 2538 perditio
2841 2468 2999 2523 saluti
3026 2468 3365 2526 destinatur:
3393 2486 3520 2527 caro
3548 2487 3676 2545 quas

2074 2576 2178 2616 non
2201 2560 2363 2631 periit
2381 2602 2396 2621 .
2419 2561 2568 2616 salva
2589 2571 2694 2616 est.
2719 2562 2775 2617 Si
2798 2570 2941 2616 totus
2971 2561 3134 2617 homo
3168 2564 3404 2634 perierat
3430 2580 3495 2621 ex
3530 2576 3683 2621 utra-

2071 2670 2176 2725 que
2202 2653 2521 2715 substantia,
2568 2662 2715 2708 totus
2756 2655 2918 2710 homo
2951 2656 3130 2711 salvus
3156 2655 3251 2711 ﬁat
3288 2672 3511 2714 necesse
3539 2668 3623 2715 est
3648 2677 3670 2727 ;

2072 2755 2128 2801 et
2151 2745 2283 2800 elisa
2314 2754 2397 2800 est
2422 2745 2689 2800 sententia
2718 2746 3094 2803 haereticorum
3144 2749 3459 2816 negantium
3491 2751 3723 2811 carnis:

2071 2837 2320 2892 salutem.
2361 2835 2478 2892 Jam
2501 2848 2556 2892 et
2581 2834 2826 2893 Christus
2865 2837 3137 2894 Creatoris
3166 2839 3545 2908 conﬁrmatur,
3579 2844 3682 2913 qui

2072 2930 2367 3005 secundum
2395 2931 2710 2986 Creatorem
2740 2930 2904 2986 totius
2935 2930 3168 2986 hominis
3194 2934 3424 2989 salutem
3458 2934 3537 3005 (9)
3562 2936 3686 3004 pul-

2072 3023 2355 3079 licehatur.
2388 3023 2665 3078 Servorimt
2703 3037 2915 3092 quoque
2946 3023 3198 3093 parabola
3225 3065 3239 3087 ,
3267 3028 3357 3094 qui
3378 3025 3685 3081 secundum

2072 3116 2337 3171 rationem
2383 3113 2657 3171 fanerato.-
2686 3118 2929 3181 pecuutm
2955 3113 3237 3169 dominicae
3272 3114 3632 3185 dijudieantur
3661 3154 3681 3182 ,

336 3210 620 3268 'dcndam.
657 3208 791 3266 Nam
817 3217 872 3264 et
907 3210 995 3279 qui
1024 3208 1188 3263 David
1220 3206 1555 3262 oﬂ'enderant
1578 3247 1593 3271 ,
1623 3206 1787 3260 caeci:
1818 3220 1961 3260 nunc
1987 3210 2032 3273 ρ
2061 3208 2293 3277 judicem
2324 3207 2565 3263 ostendit
2588 3208 2757 3262 Deum
2785 3249 2798 3272 ,
2842 3206 3004 3261 etiam
3034 3221 3099 3262 ex
3137 3216 3291 3277 parte
3321 3207 3624 3263 severitatis
3662 3249 3681 3276 ,

368 3318 498 3360 vero
523 3303 764 3373 ejusdem
795 3302 970 3357 carnis
1000 3302 1079 3373 (5)
1106 3302 1266 3355 homo
1294 3299 1588 3371 supplicem
1611 3314 1669 3352 se
1694 3298 1962 3353 obtulerat

369 3396 483 3452 ﬁlio
512 3396 707 3464 David,
775 3395 979 3451 idcirco
1044 3394 1095 3451 ei
1155 3392 1501 3449 satisfacienti
1565 3391 1963 3463 quodammodo

370 3489 610 3559 placatus
653 3488 794 3543 ﬁlius
835 3485 1022 3552 David,
1046 3485 1281 3541 restituit
1326 3485 1527 3539 Iumina
1557 3499 1677 3539 cum
1707 3485 1964 3538 tesﬁmo—

367 3580 456 3635 nio
486 3578 631 3644 ﬁdei,
672 3594 776 3649 qua
803 3580 904 3633 hoc
956 3578 1129 3647 ipsum
1155 3576 1477 3642 crediderat,
1505 3576 1830 3630 exorandum
1861 3576 1963 3630 sibi

371 3685 493 3727 esse
523 3672 689 3739 ﬁlium
719 3668 903 3724 David.
935 3669 998 3724 Et
1030 3678 1205 3724 tamen
1244 3668 1405 3724 David
1434 3667 1653 3723 audacia
1682 3668 1960 3724 hominum

366 3774 496 3834 puto
521 3760 836 3827 oﬂ'cnderat,
864 3777 969 3815 non
996 3759 1267 3815 valetudo.

901 3852 1130 3910 CAPUT
1158 3851 1426 3908 XXXVII.

437 3947 797 4020 Consequitur
822 3945 975 4019 (Luc.
1008 3944 1155 4016 XIX)
1182 3955 1236 4001 et
1264 3945 1472 4000 Zaclitei
1497 3945 1678 4001 domus
1721 3947 1959 4002 salutem.

369 4043 486 4109 Quo
515 4042 741 4098 merito?
790 4038 1058 4109 Numquid
1096 4039 1180 4094 vel
1213 4039 1303 4096 ille
1345 4040 1649 4095 crediderat
1691 4040 1963 4095 Christum

368 4152 400 4191 a
425 4134 694 4189 Marciane
736 4134 987 4187 venisse?
1035 4133 1233 4202 Atquin
1284 4132 1459 4187 adhuc
1515 4134 1565 4186 in
1594 4133 1815 4187 auribus
1845 4142 1961 4188 erat

366 4224 605 4281 omnium
629 4240 733 4280 vox
761 4224 850 4278 illa
887 4224 1037 4288 caeci,
1073 4222 1318 4277 Miserere
1342 4225 1463 4288 mei,
1491 4222 1616 4278 Jesu
1644 4224 1724 4292 ﬁli
1748 4223 1913 4277 David
1941 4242 1961 4291 ;

367 4330 412 4373 et
440 4316 602 4373 omnis
627 4315 846 4388 populus
871 4314 1048 4370 laudes
1075 4313 1327 4383 referebat
1354 4313 1480 4379 Deo,
1514 4330 1620 4369 non
1654 4314 1959 4383 Marcionis,

374 4408 471 4466 sed
526 4409 712 4464 David.
773 4406 1062 4463 Enimvero
1107 4404 1364 4462 Zachteus
1402 4406 1501 4471 etsi
1528 4404 1832 4478 allophylus
1858 4407 1963 4461 tor-

370 4511 548 4570 tasse,
599 4510 776 4558 tamen
824 4500 1002 4572 aliqua
1048 4500 1241 4555 notitia
1287 4497 1689 4570 Scripturarum
1722 4516 1788 4555 ex
1815 4515 1963 4556 com-

368 4594 570 4651 mercio
591 4592 810 4665 judaico
839 4591 1047 4647 afﬂatus
1070 4608 1084 4655 ;
1106 4591 1223 4661 plus
1272 4600 1356 4647 est
1396 4601 1571 4645 autem
1601 4588 1709 4661 (θ),
1732 4604 1785 4647 et
1810 4593 1962 4663 igno-

2064 3313 2172 3355 nou
2208 3307 2412 3353 tantum
2449 3300 2825 3366 honorantem,
2853 3312 3043 3353 verum
3072 3305 3128 3353 et
3151 3296 3489 3355 auierentem
3529 3299 3683 3368 quod

2062 3393 2183 3461 quis
2233 3392 2477 3446 videatur
2534 3389 2806 3445 habuisse.
2866 3390 2975 3446 Aut
3013 3391 3058 3446 si
3112 3400 3167 3447 et
3220 3390 3308 3446 hic
3355 3389 3685 3447 Creatorem

2066 3483 2281 3557 tinxerit
2331 3492 2605 3537 austerum
2639 3482 2917 3537 tollentem
2950 3482 3092 3553 quod
3139 3496 3245 3538 non
3299 3484 3586 3552 posuerit,
3618 3493 3685 3541 et

2064 3590 2356 3634 metentem
2407 3578 2548 3649 quod
2605 3593 2711 3647 non
2758 3577 3129 3660 severitzbic
3186 3591 3399 3649 quoque
3442 3595 3529 3636 me
3582 3579 3684 3638 ille

2065 3674 2296 3741 instruit,
2326 3677 2481 3746 cujus
2510 3675 2789 3745 pecuniam
2816 3683 2876 3729 ut
2928 3673 3186 3730 fmuerem
3217 3674 3429 3732 edocet.

2578 3766 2805 3825 CAPUT
2848 3766 3139 3824 XXXVIII.

2141 3859 2358 3917 Sciebat
2388 3860 2633 3916 Christus
2660 3859 2912 3930 baptisma
2958 3858 3179 3916 Joannis
3199 3859 3353 3933 (Luc.
3386 3858 3510 3932 XX)
3540 3861 3686 3918 unde

2074 3961 2225 4018 esset,
2258 3960 2315 4007 et
2340 3966 2438 4006 cur
2459 3952 2610 4022 quasi
2638 3952 2886 4007 nesciens
2912 3952 3296 4023 interrogabat.
3319 3951 3532 4029 Sciebat
3565 3967 3681 4008 non

2065 4058 2423 4114 responsuros
2450 4044 2552 4098 sibi
2582 4043 2886 4099 Pharisazos
2908 4085 2924 4110 ,
2950 4054 3004 4098 et
3030 4059 3129 4099 cur
3156 4046 3353 4099 frustra
3376 4045 3683 4115 interroga<

2064 4138 2175 4193 bat.
2226 4138 2306 4191 An
2360 4144 2501 4192 utex
2532 4151 2628 4192 ore
2677 4137 2912 4207 ipsorum
2953 4135 3220 4205 iudicaret
3261 4137 3425 4204 illos,
3481 4137 3562 4194 vel
3595 4154 3669 4194 ex

2065 4229 2263 4284 corde?
2292 4226 2455 4284 Refer
2475 4243 2606 4299 ergo
2625 4239 2679 4284 et
2707 4227 2821 4283 hzec
2843 4228 2911 4284 ad
2936 4229 3338 4285 excusationem
3363 4226 3668 4294 Creatoris,

2064 4330 2118 4378 et
2145 4321 2211 4376 ad
2237 4322 2701 4390 comparationem
2723 4320 2961 4387 Christi;
3001 4329 3057 4376 et
3080 4320 3366 4377 considera
3395 4319 3506 4391 jam
3535 4318 3678 4389 quid

2064 4423 2374 4470 secuturum
2397 4422 2562 4479 esset,
2589 4412 2775 4483 siquid
2801 4411 3062 4468 Pharisaei
3089 4411 3157 4467 ad
3184 4412 3662 4483 interrogationem

2065 4507 2483 4562 renuntiassent.
2515 4505 2644 4560 Puta
2666 4505 2785 4559 illos
2806 4504 3146 4559 renuntiasse
3188 4503 3481 4559 humanum
3511 4502 3677 4558 Joan-

2066 4598 2149 4653 nis
2191 4598 2452 4667 haptisma
2479 4637 2494 4663 ,
2541 4598 2721 4650 statim
2755 4594 3020 4666 lapidibus
3057 4594 3177 4649 elisi
3238 4593 3490 4650 fuissent.
3536 4592 3671 4647 Exi-

366 4700 453 4741 ras
476 4684 665 4742 Isaiam
694 4681 795 4754 (Is.
842 4682 1019 4750 LVIII,
1051 4682 1109 4754 7)
1149 4692 1414 4755 praecepta
1442 4683 1559 4753 ejus
1614 4684 1948 4754 impleverat.
1981 4678 2037 4739 D
2063 4698 2229 4745 steret
2254 4688 2415 4759 aliqui
2438 4687 2672 4743 Marcion
2699 4687 2772 4760 (ὁ)
2790 4689 2906 4759 (10)
2927 4687 3184 4742 adversus
3210 4686 3557 4754 Mareiouem,
3581 4684 3676 4756 qui

455 4848 500 4899 ll
525 4847 600 4898 Ne
625 4845 848 4899 Ciaccon.

451 4911 502 4961 2)
528 4911 617 4961 Illo
641 4911 838 4961 Obertli.

448 4969 500 5035 5)
524 4973 853 5035 Dilectiouem
874 4969 1028 5025 Seml.

448 5032 754 5102 4)_Cogno_sci
777 5037 849 5102 ab
867 5037 1093 5102 omnibus
1126 5032 1321 5088 Oberth.
1349 5035 1412 5086 ab
1434 5035 1712 5087 hominibus
1735 5041 1961 5101 cognosci

362 5095 451 5160 ali;
477 5095 537 5148 ab
559 5095 782 5149 omnibus
803 5098 930 5150 abest
954 5101 1077 5148 Par.

425 5161 499 5226 (ὅ)
525 5161 777 5212 Iudecoris
796 5164 920 5212 Par.
947 5170 1094 5211 Fran.

1592 4776 1970 4836 LECTIONES
2014 4781 2431 4838 VARIANTES.

2153 4855 2205 4916 6)
2229 4853 2282 4903 Si
2307 4851 2476 4902 inserit
2504 4851 2649 4902 Rhea.

2228 4915 2466 4987 anpxiis
2483 4912 2639 4987 Seml.

2151 4974 2203 5027 8)
2232 4978 2462 5027 Perierat
2483 4974 2549 5026 al.

2131 5035 2745 5109 (9l.Selltwtneites¢.Ri9-_
2832 5095 2843 5109 .
2916 5098 2945 5109 ..
3195 5098 3205 5109 .
3280 5100 3289 5109 .

2132 5095 2239 5167 (10)
2264 5102 2453 5165 Aliquis
2472 5095 2859 5153 Marcion'Seml.
2884 5098 3035 5164 aliqui
3059 5098 3322 5151 Marcionis
3351 5101 3520 5152 Venet.

1704 5224 2264 5292 COMMENTARIUS.
3595 5275 3607 5283 “

1798 5230 1893 5280 ΜΠ
1920 5244 1928 5265 ⁸

431 5318 587 5400 CAP_.
613 5314 1337 5400 XXX)’_II.—-(a)Dissoleeus
1358 5230 1964 5400 violentiorumigntraE-r

2073 5272 2077 5288 ι
2134 5234 2153 5291 I
2207 5235 2264 5292 S.
3595 5275 3607 5283 .

2073 5234 2367 5400 pgrldexum
2396 5328 2682 5400 obligatur,
2704 5342 2898 5400 nempe
2913 5342 3022 5400 per
3042 5340 3215 5397 genus
3231 5324 3500 5396 quoddam
3526 5318 3667 5377 obli-

366 5401 505 5445 tuum
522 5392 763 5447 abnexus.
779 5391 873 5446 Illa
893 5391 991 5445 vox
1008 5392 1299 5460 c0mp0~ita
1315 5403 1396 5447 est
1419 5409 1445 5443 a
1462 5406 1591 5447 voce
1616 5392 1953 5458 uexas,.Iure-

365 5464 1003 5518 consultisnsitatissima.
1029 5462 1304 5518 Ilincillud
1326 5462 1462 5533 apud
1488 5463 1831 5532 Papiniaunm
1859 5465 1894 5519 I.
1912 5467 1956 5520 si

365 5546 510 5607 pater
530 5536 656 5607 fam.
690 5536 749 5607 l).
777 5534 989 5589 familia
1019 5533 1350 5607 erciscundae
1372 5550 1536 5607 nexus
1549 5535 1795 5607 pignoris,
1814 5538 1955 5607 apud

366 5603 670 5674 Ulpianum,
726 5605 763 5660 I.
794 5607 837 5659 si
887 5621 986 5659 non
1031 5605 1231 5669 saltent,
1261 5603 1289 5675 §
1322 5605 1456 5659 adeo
1506 5603 1692 5657 titJdo
1719 5603 1952 5675 eoud’ict.

365 5677 545 5734 iudeb.
580 5693 739 5731 nexus
783 5676 990 5731 uenditi.
1051 5675 1202 5731 Unde
1250 5674 1303 5729 et
1340 5678 1527 5730 Cicero
1581 5689 1677 5744 pro
1720 5674 1953 5732 Muraena

365 5762 496 5800 nexu
520 5748 764 5820 obligare,
794 5757 849 5802 et
890 5747 1031 5815 apud
1062 5746 1323 5820 Tacitum,
1352 5747 1444 5800 lib.
1474 5744 1560 5820 III,
1591 5744 1809 5820 exsoluti
1836 5747 1959 5820 legis

360 5831 541 5879 nexas.
569 5816 774 5877 Eadem
803 5819 1070 5897 pertinent
1099 5817 1181 5873 lex
1207 5832 1387 5887 nexus,
1414 5826 1467 5873 ct
1497 5816 1533 5873 ι.
1564 5816 1786 5890 pecunia
1837 5816 1957 5893 quae

2063 5397 2295 5471 'gationis
2323 5397 2530 5465 civilis,
2559 5415 2682 5471 qua,
2707 5401 2785 5471 uti
2815 5397 3147 5471 Budagusait,
3177 5411 3380 5467 corpus
3407 5409 3557 5466 atque
3577 5401 3667 5447 at-

2065 5469 2170 5542 quc
2194 5474 2548 5542 pignusnexu
2568 5469 3096 5542 iafﬁciebattlr.APu.

2132 5530 2287 5598 (ΣᾸΙῖ.
2316 5540 2603 5598 XXXVIII.
2632 5570 2704 5581 —-
2729 5539 2811 5615 (It)
2846 5539 3095 5594 Existeret
3115 5535 3276 5606 aliqui
3309 5534 3562 5615 Marcion,
3588 5530 3663 5615 .Id

2060 5625 2160 5683 est,
2200 5615 2243 5667 si
2276 5622 2596 5683 emergeret,
2630 5607 3330 5683 exoi'iretur,‘exsurgeret.
3378 5607 3467 5683 Sic
3515 5607 3662 5683 enim

2063 5676 2597 5757 hocAVt‘rbutu'a.pttd
2621 5682 2937 5739 Ciceronem
2978 5680 3359 5751 interpretatur
3398 5676 3664 5738 Asconius

2064 5753 2354 5813 Pedianus.
2384 5753 2560 5814 But-zu.
2605 5762 2625 5828 ι
