4020 6286
284 2902 298 2927 Ι

345 279 446 352 455

1442 291 1571 348 LIB.
1612 290 1680 347 ιν
1711 287 2077 348 ADVERSUS
2115 288 2537 348 MARCIONEM.

3531 290 3639 351 451

345 408 553 465 diceret
584 425 598 463 ε
626 406 685 464 Ο
732 407 931 489 Deum;
953 407 1248 479 optimum!
1306 421 1340 463 ο
1397 407 1563 464 Deum
1620 407 1889 462 diversum
1914 422 1943 460 a
1970 406 2026 466 Α
2052 408 2379 476 propositum
2413 406 2708 464 absolvitur
2739 407 3193 480 interrogationis,
3220 426 3325 466 non
3360 411 3442 486 (5)
3492 413 3638 472 aliud

345 502 621 559 Creatoris
647 501 911 573 exemplis
936 503 949 557 ι
977 500 1164 557 Sciens
1194 515 1440 571 praeceps
1468 502 1638 557 ituros
1667 499 1934 563 homines,

345 593 456 665 ipse
486 593 613 649 illos
637 593 691 649 in
720 603 1048 665 praeruptum
1083 592 1164 665 (1)
1204 593 1474 664 imposuit.
1506 592 1595 648 Sic
1620 592 1765 648 enim
1790 604 1842 648 et
1869 591 1939 648 de

346 688 619 754 Creatore,
649 687 702 742 in
742 686 951 742 arboris
980 686 1116 758 lege,
1145 694 1422 742 tractatur.
1445 685 1550 742 Sed
1573 687 1640 741 de
1666 686 1814 743 caelis
1837 685 1943 741 fuit

349 772 612 851 baptisma
654 777 900 835 Joannis.
948 777 1015 833 Et
1064 796 1255 851 quare,
1302 779 1475 851 inquit
1522 778 1789 845 Christus,
1838 796 1940 833 non

351 871 635 927 credidistis
662 872 753 927 ei?
804 871 947 944 Ergo
981 873 1071 942 qui
1116 873 1263 928 credi
1310 873 1550 928 voluerat
1589 873 1778 928 Joanni
1807 916 1822 942 ,
1853 874 1937 928 in-

344 974 663 1036 crepaturus
702 966 847 1037 quod
892 982 1001 1021 non
1028 966 1426 1029 credidissent,
1456 968 1574 1038 ejus
1624 979 1738 1023 erat
1786 968 1941 1038 cujus

343 1067 745 1114 sacramentum
777 1058 1016 1114 Joannes
1046 1057 1480 1114 administrabat.
1519 1058 1679 1115 Certe
1708 1060 1939 1115 nolenti-

347 1152 442 1219 bus
470 1152 782 1208 renuntiare
811 1152 936 1222 quid
966 1160 1246 1224 saperent,
1272 1168 1394 1209 cum
1425 1162 1479 1208 et
1507 1155 1620 1224 ipse
1647 1154 1816 1211 vicem
1845 1171 1942 1226 op.

346 1244 514 1313 ponit.
557 1243 626 1297 Et
655 1261 746 1316 ego
767 1261 869 1301 non
898 1245 1013 1300 dico
1037 1244 1173 1300 vobis
1193 1246 1247 1300 in
1275 1262 1373 1316 qua
1418 1247 1600 1301 virtute
1626 1248 1734 1302 haec
1762 1249 1941 1319 facio;

344 1334 542 1391 tnalum
571 1350 668 1406 pro
705 1337 847 1391 malo
875 1336 1046 1392 reddit
1076 1336 1180 1407 (2).
1203 1337 1419 1393 Reddite
1444 1355 1560 1410 qua:
1587 1338 1801 1395 Cesaris
1829 1339 1939 1395 Cte-

341 1429 464 1494 sari,
517 1438 566 1482 et
609 1444 723 1498 qua:
765 1438 884 1483 sunt
918 1428 1012 1484 Dei
1038 1429 1167 1486 Deo.
1198 1432 1328 1499 Quae
1353 1443 1511 1487 erunt
1551 1433 1684 1489 Dei?
1718 1450 1839 1504 qute
1867 1438 1942 1489 si-

342 1516 485 1572 milia
540 1530 672 1574 sunt‘
709 1520 933 1574 denario
983 1520 1235 1587 Caesaris,
1270 1522 1446 1593 imago
1474 1523 1683 1579 scilicet
1708 1534 1761 1578 et
1791 1525 1942 1579 simi-

342 1612 511 1667 litudo
554 1614 692 1681 ejus.
749 1613 1034 1671 Hominem
1062 1616 1220 1686 igitur
1269 1617 1420 1672 reddi
1448 1616 1602 1685 jubet
1645 1618 1935 1685 Creatori,

340 1704 392 1759 in
420 1705 576 1775 cujus
620 1705 851 1777 imagine
899 1716 955 1761 et
981 1706 1332 1763 similitudine
1359 1719 1412 1764 et
1438 1711 1655 1767 nomine
1682 1722 1736 1766 et
1771 1721 1940 1766 mate-

2043 501 2321 570 responsio
2358 500 2567 556 Domini
2594 501 2773 571 sapit,
2806 518 2963 571 quam
2997 518 3104 574 quo
3153 507 3381 575 qtuestio
3400 506 3639 562 absolvi-

2045 601 2146 647 tur.
2188 593 2367 649 ilabes
2398 606 2451 648 et
2510 605 2751 661 tempora
2797 596 3180 669 permissurum
3225 609 3280 653 et
3322 608 3639 669 negatarum

2045 686 2345 755 nuptiarum
2373 729 2388 753 ,
2419 702 2525 741 non
2549 701 2615 741 ex
2653 702 2747 742 sua
2779 667 3027 758 propria,
3072 687 3166 744 sed
3197 703 3261 742 ex
3290 690 3639 747 resurrectio-

2044 777 2127 831 nis
2148 778 2464 847 quaestione.
2526 778 2700 834 llahes
2726 789 2781 835 et
2831 780 2998 850 ipsius
3043 783 3463 838 resurrectionis
3506 798 3639 839 con-

2044 869 2418 937 ﬁrmationem,
2451 882 2503 926 et
2528 881 2692 926 totum
2717 874 2857 943 quod
2878 873 2955 946 (li)
2980 873 3260 930 Sadducaai
3290 876 3637 932 sciscitaban-
3666 936 3673 943 ,

2044 972 2149 1027 tur,
2170 964 2360 1019 nonde
2386 965 2492 1019 alio
2510 964 2620 1020 Deo
2643 966 3052 1032 interrogantes.
3074 982 3173 1022 nec
3197 967 3266 1023 de
3292 968 3509 1038 proprio
3529 985 3632 1024 nu-

2046 1059 2274 1127 ptiarum
2291 1059 2417 1128 jure
2444 1069 2766 1129 quaerentes.
2792 1058 2947 1127 Quod
2987 1060 3032 1114 si
3057 1062 3123 1115 ad
3156 1076 3218 1117 ea
3245 1062 3373 1117 lacis
3406 1076 3635 1134 respon-

2044 1150 2172 1205 dere
2191 1147 2486 1218 Christum,
2514 1150 2582 1206 de
2611 1150 2803 1221 quibus
2836 1167 2940 1206 non
2989 1161 3071 1207 cst
3118 1153 3418 1219 consultus,
3472 1168 3636 1224 negas

2044 1258 2167 1299 eum
2198 1242 2266 1297 de
2289 1244 2484 1312 quibus
2504 1244 2865 1313 interrogatus
2891 1253 2973 1299 est
2995 1243 3324 1312 respondere
3353 1244 3593 1313 potuisse
3615 1284 3631 1311 ,

2043 1337 2458 1393 Sadducmorum
2489 1337 2688 1392 scilicet
2710 1338 2967 1406 sapientia
2996 1345 3231 1406 captum.
3263 1338 3340 1393 Ex
3361 1337 3637 1393 abundau-

2045 1430 2081 1482 ti
2115 1443 2256 1482 nunc
2283 1441 2337 1483 et
2363 1438 2479 1497 post
2531 1430 2992 1499 praescriptionem
3018 1469 3033 1493 ,
3080 1430 3382 1485 retractabo
3438 1432 3637 1485 adver-

2042 1533 2137 1573 sus
2165 1521 2655 1589 argumentationes
2694 1520 3047 1575 cohaerentes.
3093 1519 3241 1574 Nacti
3263 1521 3404 1574 enim
3450 1519 3634 1591 Scrip-

2046 1620 2176 1665 turac
2197 1621 2423 1677 textum,
2446 1613 2513 1666 ita
2544 1613 2594 1665 in
2626 1612 2852 1679 legendo
2878 1614 3300 1667 decucurrerunt
3327 1629 3341 1667 τ
3377 1614 3516 1681 Quos
3535 1630 3633 1668 au-

2050 1715 2148 1760 tent
2175 1706 2416 1774 dignatus
2443 1715 2513 1759 est
2545 1704 2704 1771 Deus,
2745 1706 2883 1760 illius
2899 1708 2992 1759 (eoi
3015 1746 3030 1772 ,
3080 1706 3222 1761 illius
3260 1708 3352 1762 wvi
3404 1708 3514 1762 Deo
3542 1707 3636 1763 ad-

341 1797 418 1852 ria
439 1812 727 1868 cxpressus
759 1808 861 1855 est.
895 1799 1113 1877 Qua-rat
1152 1800 1253 1856 sibi
1311 1811 1581 1857 monetam
1627 1803 1763 1859 deus
1799 1803 1938 1858 Mar-
1968 1800 2018 1863 B
2043 1797 2275 1868 iungunt
2301 1838 2316 1862 ν
2348 1812 2455 1867 (illo
2482 1797 2645 1851 alium
2673 1800 2837 1852 Deum
2890 1797 3087 1853 Γθείληῑ
3113 1799 3257 1854 illius
3320 1800 3455 1865 ωνίς
3510 1814 3635 1855 cum

340 1891 533 1947 cionis.
565 1890 811 1947 Christus
842 1890 1122 1947 denarium
1174 1893 1409 1951 hominis
1439 1910 1536 1951 suo
1563 1896 1759 1952 Caesari
1785 1897 1939 1967 jubet

341 1981 524 2048 reddi,
578 1999 685 2038 non
732 1984 949 2053 alieno;
1003 1983 1082 2058 (a)
1135 1987 1233 2043 nisi
1275 1989 1419 2059 quod
1467 2004 1689 2046 necesse
1735 1991 1937 2062 estqui

339 2087 495 2129 Suum
547 2073 825 2131 denarium
898 2093 1004 2132 non
1054 2077 1233 2134 habet.
1292 2079 1442 2135 iusta
1488 2089 1545 2135 et
1589 2080 1745 2151 digna
1798 2098 1937 2151 prino

341 2165 566 2237 scriptio
594 2175 678 2224 cst
715 2167 767 2224 in
796 2169 941 2225 omni
981 2172 1276 2240 qttecstione
1301 2172 1366 2226 ad
1395 2173 1726 2243 propositum
1770 2174 1937 2229 inter~

339 2261 636 2331 rogationis
686 2265 954 2333 pertinere
1023 2264 1223 2320 debere
1278 2280 1494 2321 sensum
1538 2268 1932 2338 responsionis.

337 2349 630 2421 Cteterum,
662 2354 805 2411 aliud
828 2356 1152 2424 consulenti,
1181 2357 1325 2412 aliud
1355 2358 1686 2429 respondere
1717 2361 1939 2417 demen-

340 2444 403 2498 tis
436 2454 549 2501 est.
594 2445 713 2515 Quo
749 2449 919 2519 magis
971 2449 1112 2504 absit
1151 2465 1197 2504 a-
1226 2449 1443 2505 Christo
1467 2491 1482 2518 ,
1542 2452 1685 2524 quod
1727 2468 1795 2510 ne
1841 2456 1939 2509 ho-

336 2537 463 2593 mini
544 2539 759 2608 quidem
854 2542 1129 2597 convenit.
1210 2542 1490 2598 Sadducaei
1557 2548 1938 2604 resurrectionis

337 2640 601 2701 negatores
625 2671 641 2697 ,
688 2631 759 2687 de
814 2648 876 2693 ea
936 2633 1196 2690 habentes
1245 2634 1718 2708 interrogationem
1743 2680 1757 2704 ,
1808 2656 1934 2711 pro-

337 2733 637 2790 posuerant
689 2725 919 2782 Domino
965 2743 1030 2782 ex
1058 2727 1175 2798 lege
1201 2733 1480 2787 materiam
1508 2733 1751 2788 mulieris
1771 2776 1786 2802 ,
1816 2750 1935 2806 qua:

341 2827 561 2888 septem
582 2816 842 2875 fratribus
865 2836 928 2876 ex
953 2821 1142 2879 ordine
1163 2822 1429 2881 defunctis
1478 2826 1771 2882 secundum
1802 2845 1936 2898 prae.

333 2920 550 2982 ceptum
584 2912 759 2983 legale
786 2915 1061 2984 nupsisset
1091 2958 1107 2984 ,
1139 2920 1295 2987 cujus
1325 2919 1425 2972 viri
1456 2917 1763 2989 deputanda
1790 2932 1935 2978 esset

335 3004 385 3060 in
412 3006 846 3063 resurrectione.
879 3007 1007 3063 Haec
1035 3007 1132 3065 fuit
1164 3012 1387 3066 materia
1426 3012 1763 3082 quaestionis,
1820 3015 1934 3071 haec

331 3099 635 3157 substantia
664 3103 1098 3159 consultationis.
1133 3104 1210 3160 Ad
1240 3103 1345 3160 hoc
1368 3108 1720 3177 respondisse
1750 3105 1937 3164 Chris-

2045 1891 2123 1947 sic
2147 1890 2250 1963 legi
2276 1898 2521 1962 oporteat
2561 1907 2575 1945 ε
2613 1891 2753 1958 Quos
2783 1900 2947 1945 autem
2996 1892 3234 1962 dignatus
3265 1901 3335 1947 est
3384 1890 3545 1958 Deus,
3578 1900 3637 1947 ut

2044 1984 2179 2039 farta
2211 1986 2296 2039 hic
2322 1984 2667 2039 distinctione
2690 1995 2808 2054 post
2854 1985 3040 2050 Deum,
3073 1984 3137 2038 ad
3161 1984 3442 2054 sequentia
3470 1984 3637 2055 perti-

2039 2086 2166 2133 neat
2217 2078 2355 2132 illius
2376 2079 2470 2132 aevi
2496 2121 2511 2145 ,
2540 2076 2592 2132 id
2617 2087 2722 2144 est,
2752 2092 2886 2148 quos
2912 2077 3168 2148 dignatus
3193 2079 3264 2133 sit
3289 2079 3449 2145 Deus,
3478 2078 3621 2134 illius

2041 2172 2138 2226 aevi
2181 2173 2518 2241 possessione
2540 2180 2594 2227 et
2620 2171 3037 2226 resurrectione.
3062 2170 3181 2227 Non
3225 2173 3367 2228 enim
3397 2171 3467 2229 de
3499 2173 3629 2240 Deo,

2041 2264 2136 2319 sed
2188 2264 2257 2319 de
2302 2273 2442 2318 statu
2496 2264 2640 2318 illius
2689 2262 2790 2318 aevi
2825 2264 3239 2327 consulebatur,
3294 2264 3447 2335 cujus
3495 2278 3630 2320 uxor

2043 2359 2217 2411 l'utura
2242 2367 2385 2412 esset
2409 2366 2528 2426 post
2562 2355 3011 2429 resurrecuonem
3041 2356 3092 2409 in
3125 2355 3214 2409 illo
3267 2371 3403 2411 aevo.
3437 2356 3526 2412 Sic
3574 2364 3632 2411 et

2042 2447 2111 2503 de
2141 2447 2273 2518 ipsis
2300 2448 2498 2518 nuptiis
2523 2446 3190 2520 responsumsubvertunt
3216 2465 3229 2500 ε
3262 2446 3330 2503 Ut
3355 2449 3450 2517 [itii
3482 2448 3634 2519 huius

2039 2540 2132 2597 ωυὶ
2182 2539 2374 2595 nubunt
2423 2549 2471 2594 et
2509 2539 2807 2606 nubuntur,
2837 2544 2904 2594 de
2957 2540 3260 2596 hominibus
3307 2541 3506 2597 dictum
3553 2550 3637 2598 est

2039 2635 2313 2691 Creatoris
2335 2677 2350 2701 ,
2380 2635 2592 2704 nuptias
2635 2634 3014 2705 permittentis,
3045 2650 3106 2690 sc
3127 2645 3305 2690 autem
3333 2651 3468 2707 quos
3495 2636 3635 2692 Dens

2038 2731 2181 2787 illius
2227 2731 2346 2794 teri,
2380 2730 2519 2785 alter
2549 2730 2778 2794 scilicet,
2811 2730 3058 2801 dignatus
3097 2730 3164 2785 sit
3214 2732 3631 2799 resurrectione,

2034 2825 2143 2897 jam
2164 2835 2217 2881 et
2244 2825 2328 2879 hic
2351 2840 2453 2879 non
2480 2824 2700 2890 nubere,
2736 2823 2857 2893 quia
2883 2838 2992 2877 non
3010 2823 3117 2878 sint
3146 2823 3240 2878 lilii
3297 2823 3459 2894 hujus
3481 2823 3581 2878 aevi
3615 2842 3629 2880 :

2038 2920 2253 2992 quando
2268 2919 2336 2975 de
2360 2919 2556 2989 nuptiis
2585 2917 2724 2971 illius
2750 2918 2849 2972 aevi
2901 2917 3200 2984 consultus,
3230 2932 3336 2972 non
3354 2917 3423 2973 de
3449 2917 3628 2988 hujus,

2038 3028 2130 3069 cas
2157 3019 2445 3083 negaverat
2472 3010 2539 3065 de
2564 3009 2757 3079 quibus
2782 3009 3188 3063 consulebatur.
3213 3006 3400 3078 Itaque
3443 3008 3532 3078 qui
3555 3008 3635 3078 ip-

2041 3122 2156 3161 sam
2201 3107 2307 3159 vim
2337 3116 2391 3160 et
2419 3105 2562 3160 vocis
2584 3112 2640 3159 ct
2688 3101 3137 3172 pronuntiationis
3175 3110 3231 3156 et
3275 3101 3634 3158 distinctionis

331 3200 443 3250 tttm
473 3209 707 3251 necesse
722 3203 825 3253 est.
847 3195 1128 3252 Neminem
1161 3199 1339 3253 timuit
1368 3241 1383 3265 ,
1415 3209 1467 3253 ut
1495 3201 1817 3269 quaestiones
1842 3210 1934 3257 aut
1960 3190 2005 3254 C
2040 3208 2383 3272 exceperant,
2414 3198 2544 3253 nihil
2571 3196 2711 3252 aliud
2739 3205 3047 3261 senserunt,
3080 3211 3238 3267 quam
3266 3195 3406 3266 quod
3428 3196 3493 3250 ad
3522 3211 3636 3251 nta-

328 3288 636 3346 declinasse
665 3289 951 3353 videatur,
1010 3300 1102 3345 aut
1157 3307 1252 3360 per
1298 3293 1639 3348 occasionem
1702 3311 1929 3362 earnm,

314 3381 469 3449 .quod
496 3381 639 3435 alias
670 3382 845 3451 palam
900 3397 1004 3438 non
1061 3382 1288 3439 docebat
1340 3385 1765 3443 subostendisse.
1828 3388 1933 3443 Re-

323 3474 544 3544 spondit
572 3475 738 3545 igitur
768 3492 782 3529 :
815 3474 987 3546 llujus
1011 3476 1214 3546 quidem
1240 3477 1335 3531 aevi
1365 3478 1500 3546 ﬁlios
1527 3478 1731 3534 nubere.
1763 3481 1932 3538 Vides

325 3581 483 3638 quam
516 3568 860 3638 pertinenter
903 3567 971 3623 ad
1017 3582 1286 3623 Caussam.
1311 3568 1442 3637 Quia
1470 3569 1539 3626 de
1563 3588 1678 3626 utve
1706 3584 1930 3630 venturo

325 3661 702 3730 quaerebatur,
729 3660 783 3714 in
816 3675 922 3730 quo
954 3663 1223 3716 neminem
1256 3661 1458 3717 nubere
1483 3663 1800 3722 delinitur-us
1824 3666 1928 3740 (5),

323 3750 648 3823 prmstruxit
669 3792 685 3817 ,
719 3750 809 3806 hic
838 3750 1053 3821 quidem
1077 3752 1225 3815 nubi,
1255 3752 1345 3807 ubi
1387 3752 1457 3808 sit
1484 3762 1540 3809 et
1582 3758 1763 3824 mori;
1809 3747 1933 3830 quos

321 3862 437 3901 vero
463 3845 721 3918 dignatus
746 3844 813 3899 sit
834 3843 992 3908 Deus,
1024 3843 1167 3899 illius
1186 3846 1279 3900 tevi
1319 3847 1632 3915 possessione
1662 3859 1708 3904 et
1756 3868 1928 3921 resur:

321 3940 547 3995 rectione
617 3955 652 3991 a
694 3938 908 3993 mortuis
929 3979 945 4004 ,
1002 3954 1163 4009 neque
1184 3938 1370 3993 nubere
1395 3981 1409 4005 ,
1442 3957 1602 4013 neque
1621 3942 1738 3998 nubi
1762 3962 1780 4010 ;
1810 3947 1931 4016 quia

319 4047 411 4088 nec
428 4032 680 4087 morituri
695 4032 810 4103 jam
835 4031 953 4091 sint.
985 4046 1101 4086 cum
1127 4032 1316 4086 similes
1359 4035 1655 4104 angelorum
1676 4038 1774 4091 sint
1807 4038 1887 4111 (4)
1910 4080 1926 4107 ,

326 4120 415 4177 Dei
442 4133 494 4180 et
512 4124 909 4179 resurrectionis
933 4124 1030 4193 ﬁlii
1076 4124 1217 4195 facti.
1245 4123 1377 4179 Cum
1434 4126 1594 4197 igitur
1607 4143 1796 4186 sensus
1843 4148 1931 4188 re-

317 4215 640 4286 sponsionis
668 4230 775 4272 non
806 4217 871 4273 ad
897 4217 1044 4274 aliud
1072 4219 1145 4273 sit
1163 4217 1494 4289 dirigendus,
1525 4237 1683 4291 quam
1711 4225 1776 4279 ad
1804 4242 1934 4298 pro-

318 4311 562 4383 positum
592 4299 1080 4382 interrogationis;
1132 4310 1178 4366 si
1200 4310 1303 4367 hoc
1321 4327 1488 4368 sensu
1531 4318 1922 4388 responsionis,

2038 3295 2225 3348 teriam
2252 3291 2657 3347 consultationis
2682 3290 2997 3359 pertinebat.
3021 3291 3194 3359 Atque
3230 3288 3367 3344 adeo
3396 3290 3585 3345 scriba:
3615 3310 3629 3346 :

2040 3387 2323 3458 Magister,
2349 3385 2611 3454 inquiunt,
2643 3384 2761 3438 bene
2783 3383 2980 3437 dixisti.
3007 3382 3433 3438 Conﬁrmaverat
3486 3383 3632 3439 enim

2035 3479 2487 3537 resurrectionem
2520 3520 2533 3539 ,
2565 3479 2791 3532 formam
2819 3475 2932 3545 ejus
2959 3474 3168 3530 edendo
3194 3474 3452 3530 adversus
3489 3473 3625 3531 Sad-

2037 3574 2343 3630 ducucorum
2369 3572 2698 3641 opinionem.
2742 3570 2981 3639 Denique
3032 3569 3397 3623 testimonium
3437 3582 3626 3623 eorum

2039 3667 2127 3739 qui
2160 3667 2231 3722 ita
2256 3682 2376 3721 cum
2403 3663 2746 3735 respondisse
2781 3672 3253 3732 prtesumpscrant,
3283 3679 3388 3717 nou
3416 3674 3633 3718 recusa-

2038 3765 2131 3818 vit.
2162 3763 2217 3819 Si
2243 3773 2416 3817 autem
2472 3758 2676 3816 Scriba:
2707 3758 2976 3813 Christum
3011 3756 3177 3811 lilium
3223 3756 3389 3811 David
3446 3756 3633 3812 existi-

2038 3855 2257 3909 mabant
2282 3894 2297 3920 ,
2323 3853 2437 3922 ipse
2461 3860 2638 3905 autem
2671 3849 2838 3904 David
2868 3848 3153 3903 Dominum
3180 3862 3301 3902 eum
3347 3847 3581 3916 appellat
3607 3862 3623 3913 ;

2037 3946 2162 4017 quid
2186 3946 2286 3999 hoc
2311 3943 2378 3998 ad
2408 3940 2720 3999 Christum?
2764 3940 2835 4013 (ε)
2857 3938 2972 3994 Non
3004 3940 3170 3993 David
3196 3932 3433 3994 errorem
3488 3938 3632 3994 Scri-

2040 4040 2225 4094 barum
2256 4034 2606 4099 ohtundehat,
2643 4032 2738 4088 sed
2763 4034 3019 4086 honorem
3076 4030 3290 4086 Christo
3320 4031 3482 4086 David
3497 4044 3618 4101 pro-

2036 4131 2299 4196 curabat,
2323 4142 2481 4199 quem
2518 4126 2798 4181 Dominum
2846 4124 3117 4179 Christum
3152 4124 3231 4198 (ti)
3257 4125 3424 4197 magis
3465 4138 3625 4196 quam

2037 4224 2205 4280 ﬁlium
2232 4222 2397 4278 David
2445 4220 2795 4277 conﬁrmabat
2820 4235 2834 4285 ;
2868 4216 3008 4287 quod
3037 4234 3141 4274 non
3171 4228 3490 4289 congrueret
3538 4217 3635 4275 de-

2037 4315 2292 4375 structori
2316 4315 2605 4372 Creatoris.
2634 4313 2705 4367 At
2731 4326 2796 4368 ex
2826 4319 3011 4368 nostra
3036 4318 3211 4382 parte,
3241 4327 3399 4383 quam
3426 4322 3633 4368 conve-

1531 4431 1909 4501 LECTIONES
1946 4438 2359 4502 VARIANTES.

402 4551 452 4613 l)
477 4550 795 4613 Praerupium
816 4560 906 4599 ms.

402 4551 424 4603 l
477 4551 795 4613 Praerupium
816 4560 906 4599 ms.

401 4614 433 4665 2
479 4613 670 4664 Malum
687 4610 868 4661 malum
889 4609 1104 4661 reddidit
1118 4612 1259 4662 Pam.

376 4551 455 4743 33}
478 4676 796 4728 Dithniturus
811 4672 878 4724 al.

478 4676 796 4728 Dithniturus
811 4672 878 4724 al.

1954 4563 2008 4621 D

2097 4560 2172 4624 (4)
2196 4550 2526 4625 Ὲίὲίηίέῖεηίέε.

2122 4614 2172 4683 ὅ)
2197 4620 2269 4671 Ad
2294 4616 2411 4669 add.
2438 4614 2542 4683 alii.

2122 4626 2172 4683 5)
2197 4626 2269 4671 Ad
2294 4626 2411 4669 add.
2438 4626 2542 4668 am.

2096 4626 2170 4750 (ϐ)
2195 4683 2440 4736 Christum
2458 4678 2590 4730 abest
2604 4678 2728 4727 Par.
2758 4683 2907 4726 Fran.

1700 4785 2256 4847 COMMENTARIUS.

387 4902 470 4978 (a)
506 4900 635 4978 ἐγὔεί
671 4899 809 4973 quod
834 4906 1143 4978 necessatis!
1165 4940 1180 4965 ,
1207 4897 1492 4978 q_ui.suttm
1539 4897 1800 4978 denarium
1822 4920 1927 4959 non

315 4968 487 5030 habet.
516 4968 761 5029 Necesse
788 4978 889 5037 est,
917 4972 1083 5040 inquit
1102 4968 1412 5039 Septimius,
1440 4981 1646 5040 qnmrat
1675 4974 1773 5028 sibi
1812 4990 1926 5029 mo-

316 5055 498 5101 netam
528 5048 671 5100 deus
701 5039 1004 5107 Marcionis,
1055 5041 1147 5112 qui
1179 5056 1334 5095 suum
1365 5039 1643 5096 denarium
1696 5061 1800 5099 non
1829 5047 1924 5111 ha-

315 5114 426 5172 bet.
449 5116 678 5184 Omni-at
706 5114 807 5168 sibi
834 5113 1106 5184 hominem
1139 5112 1394 5184 alienum,
1415 5112 1505 5178 qui
1534 5113 1740 5168 nullmn
1763 5115 1924 5173 habet

315 5182 600 5257 suum‘qui
628 5184 830 5257 nullam
862 5183 1066 5239 scilicet
1093 5184 1313 5237 creavit.
1348 5182 1467 5237 lito.

387 5257 475 5331 (1))
517 5253 808 5331 sadducazi
851 5256 1230 5331 resurrectionis
1269 5265 1555 5324 negatores.
1591 5253 1922 5325 Epiphanius

533 5329 611 5384 44
635 5327 695 5400 );
736 5334 967 5388 ἧθετὴσαν
1005 5336 1089 5394 μὲν
1116 5330 1202 5397 γὰρ
1243 5335 1371 5382 οὖτοι
1407 5343 1572 5396 νεκρῶν
1598 5337 1684 5381 τὶν
1709 5332 1926 5385 ἀνάστει-

315 5422 439 5469 et»,
466 5402 626 5471 ὂρρισι
650 5408 965 5469 σιμαρειταις
987 5404 1252 5471 φρονᾳῦντες
1282 5415 1295 5450 :
1324 5408 1641 5471 mortuorum
1672 5401 1802 5451 enim
1844 5418 1925 5453 re-

313 5467 691 5541 manent
713 5467 959 5541 negarunt
990 5467 1206 5541 {eadem
1240 5484 1356 5520 cum
1381 5467 1659 5541 Samaritis
1699 5471 1925 5524 sentien-

436 5536 640 5615 κρίμα
660 5536 867 5595 tantum
898 5540 1345 5615 resurrectionem
1374 5580 1389 5601 ,
1414 5537 1702 5615 sedetiam
1732 5543 1925 5615 aninnc

313 5607 785 5677 “tilitatem
799 5610 1150 5674 sustulerunt,
1178 5618 1235 5663 ut
1259 5618 1482 5665 testatur
1501 5607 1791 5677 Jmephus,
1822 5614 1929 5666 An-

314 5678 575 5757 ljightdu
712 5680 879 5738 XVIII
888 5684 948 5735 .A
966 5681 1217 5757 Dositheo
1240 5690 1580 5757 pmpagatam
1598 5680 1761 5757 fuisse
1777 5724 1800 5757 ,_
1815 5693 1925 5737 tum

310 5750 748 5825 ﬁmm
772 5795 792 5818 ,
830 5752 1446 5825 tum_Samaritanornm
1481 5752 1710 5825 haeresis
1768 5753 1928 5825 docet

310 5820 725 5897 Βοίίἰίέτοίὰἱει,
740 5832 927 5882 contra
954 5823 1144 5883 Lucii:
1164 5821 1347 5896 Taceo,
1363 5821 1552 5899 inquit,
1578 5820 1642 5878 de
1665 5822 1931 5882 Judaismi

206 6064 375 6139 si-

2031 4904 2279 4960 hcereticis
2305 4945 2318 4967 ,
2350 4902 2435 4973 qui
2485 4909 2617 4973 ante
2653 4892 3134 4973 ﬂdtléltltttlLC/tl‘isli
3182 4895 3340 4968 legem
3379 4900 3619 4973 traditam

2030 4965 2385 5048 dissiparant}
2415 4972 2548 5048 quotl
2581 4965 3345 5048 positltetts,"Samaritanorutn
3367 4970 3623 5048 princeps,

2029 5036 2299 5117 prophetas
2332 5036 2632 5117 repudiavit,
2687 5038 2825 5117 quod
2864 5036 3223 5117 Saddncwiex
3267 5036 3406 5093 illitis
3452 5036 3623 5117 radice

2033 5108 2293 5172 nascentes
2323 5108 2475 5170 etiam
2497 5112 2908 5166 resurrectionem
2938 5108 3105 5162 carnis
3131 5120 3457 5178 negauerunt.
3487 5113 3620 5168 Dicli

2028 5201 2151 5243 sunt
2193 5187 2469 5244 Sadtlucaei
2497 5199 2526 5237 a
2567 5178 2780 5235 Sadoko
2810 5179 3061 5246 Antigoni
3120 5178 3416 5248 discipulo;
3470 5183 3512 5235 is
3533 5197 3631 5237 au-

2035 5271 2140 5314 tem
2201 5258 2499 5327 Antigonus
2544 5251 2840 5327 discipulus
2893 5249 3358 5327 l_ttet:atS_ittteonis
3377 5250 3540 5319 Justi,
3570 5261 3628 5311 ut

2031 5318 2864 5400 referturinvPirkeavoth,cap“.
2899 5320 2952 5400 1,ἶ
2995 5318 3071 5372 Le
3104 5318 3202 5400 Pa:

2111 5401 2183 5471 (c)
2213 5399 2332 5453 Non
2359 5395 2524 5471 Dauid
2552 5408 2770 5471 errorem
2813 5390 3134 5471 Scrilrarunt.
3178 5388 3256 5444 Nc
3283 5404 3371 5471 res
3391 5392 3627 5471 co_nl_'usc

2035 5458 2326 5526 tractentur
2359 5510 2372 5530 ,
2407 5462 2789 5519 advertendum
2820 5468 2901 5512 cst
2939 5458 3245 5512 Scribarum
3297 5460 3405 5514 duo
3457 5463 3619 5518 fuisse

2030 5557 2250 5611 genera,
2284 5539 2371 5592 alii
2397 5535 2865 5611 clrior-[pangetur
2884 5535 2967 5611 ῖιεῦ
2991 5531 3422 5611 νέμουρχιτὶιριιο,
3452 5543 3505 5588 ct
3529 5534 3619 5588 alii

2031 5598 2327 5685 ξραμμέιέ-εις
2366 5615 2502 5662 λάου.
2531 5598 2731 5657 Scribit:
2763 5598 2942 5685 populi
2960 5598 3179 5685 actti‘arii
3223 5602 3335 5654 sive
3378 5612 3625 5659 auctores

2040 5666 2488 5753 iitthl'iciftl'et'ttttl,
2521 5689 2694 5753 neque
2723 5666 2895 5753 tzt—[t'Ic-n
2926 5666 3163 5753 hmgotifi
3194 5683 3209 5733 ;
3238 5684 3385 5753 cum.
3411 5682 3618 5753 eertum

2032 5735 2251 5809 sitalios
2273 5752 2433 5807 fuisse
2447 5735 2745 5803 hmreticos.
2774 5738 2986 5800 Videsis
3004 5735 3332 5808 Scaligerum
3374 5741 3427 5801 itt
3462 5743 3620 5811 Eleq.

2033 5824 2155 5884 cho.
2197 5825 2273 5885 ιε
2312 5824 2407 5883 Ριςν
