4020 6286
318 309 428 369 455

1743 302 2206 366 TERTULLIANI

3517 296 3629 360 456

322 427 480 485 niens
504 427 878 500 interpretatio
911 425 925 480 !
958 423 1091 482 Nam
1117 424 1205 496 qui
1227 424 1356 480 olim
1388 438 1417 480 a
1441 437 1590 480 casco
1634 423 1728 479 illo
1783 424 1925 479 ﬁlius
1952 426 2004 485 Α
2030 428 2328 477 consument
2350 419 2491 486 illos,
2524 427 2572 474 et
2595 417 2896 490 lapidabunt
2919 417 3176 492 lapidibus
3222 416 3403 488 fundis
3426 459 3439 482 ,
3477 426 3524 471 et
3552 417 3628 472 bi-

325 517 496 576 David
516 520 688 576 fuerat
715 519 1029 583 invocatus,
1057 516 1201 589 quod
1223 524 1352 572 tunc
1383 516 1596 572 reticuit
1627 557 1640 580 ,
1681 530 1788 571 non
1820 515 1917 570 ha-

321 611 460 668 bens
487 613 540 666 in
569 610 848 682 praesentia
889 609 1096 666 scribas
1116 650 1132 677 ,
1165 623 1309 665 nunc
1366 607 1506 664 ultro
1530 623 1713 664 coram
1743 608 1822 663 eis
1853 606 1920 663 de

236 701 591 759 "industria
620 703 846 776 protulit
878 720 893 757 :
927 710 985 757 ut
1029 718 1087 758 se
1111 743 1127 769 ,
1179 717 1339 773 quem
1393 715 1573 757 czncus
1623 698 1920 756 secundum

321 795 621 851 scribarum
652 795 954 852 doctrinam
1001 794 1165 850 lilium
1207 804 1414 849 tantum
1448 793 1610 848 David
1658 791 1922 864 prmdica-

322 895 450 957 rat,
491 881 796 944 Dominum
821 902 1036 959 quoque
1065 887 1183 957 ejus
1223 886 1575 950 ostenderet;
1615 899 1927 941 remunera-

325 988 380 1036 ta
401 980 620 1053 quidem
654 982 757 1038 lide
784 981 936 1045 caeci,
968 996 1072 1052 qua
1105 980 1270 1036 lilium
1317 981 1481 1036 David
1534 979 1836 1035 crediderat
1858 979 1925 1034 il-

329 1073 489 1140 lum;
545 1073 749 1144 pulsata
796 1090 926 1130 vero
975 1073 1268 1128 traditione
1323 1073 1405 1144 (I)
1452 1074 1926 1144 Scribarum,qua

333 1182 440 1223 non
472 1177 528 1223 et
549 1167 828 1221 Dominum
848 1182 970 1222 eum
999 1176 1212 1222 norant.
1263 1167 1650 1239 Quodcumque
1689 1165 1754 1222 ad
1808 1167 1926 1237 gloo

328 1256 465 1313 riam
487 1265 756 1328 spectaret
782 1257 982 1312 Christi
1009 1257 1087 1329 (2)
1115 1258 1388 1314 Creatoris
1412 1300 1427 1326 ,
1458 1259 1534 1314 sic
1559 1257 1638 1330 (5)
1665 1273 1770 1314 non
1795 1259 1930 1315 alius

329 1343 612 1418 tueretur,
643 1365 801 1422 quam
829 1349 1078 1406 Christus
1106 1349 1400 1406 Creatoris.

867 1444 1095 1502 CAPUT
1142 1444 1389 1500 XXXIX.

405 1535 544 1593 Olim
571 1536 722 1611 (Luc.
746 1537 1154 1610 XXI)constitit
1183 1539 1252 1594 de
1275 1539 1550 1595 nominum
1583 1539 1930 1610 proprietate,

331 1628 381 1685 ei
413 1627 559 1683 illam
588 1640 898 1700 competere
925 1628 1025 1701 (4),
1055 1629 1144 1699 qui
1176 1630 1323 1699 prior
1370 1639 1427 1685 et
1451 1629 1720 1685 Christum
1775 1644 1929 1684 suum

331 1719 389 1776 in
441 1720 686 1776 homines
714 1721 1062 1776 annuntiaret
1089 1763 1104 1787 ,
1132 1731 1186 1777 et
1229 1721 1412 1776 Jesum
1455 1723 1927 1778 transnomiuaret.

2022 513 2137 570 bent
2152 514 2449 586 sanguinem
2497 511 2706 567 illorum
2753 513 2884 567 velut
2937 514 3139 577 uinum,
3171 522 3216 565 et
3253 511 3513 582 replebant
3536 527 3630 583 pa-

2025 615 2157 661 teras
2181 605 2328 678 quasi
2347 605 2526 660 altaris
2552 603 2667 676 (10)
2692 616 2770 671 ;et
2786 606 2952 660 salvos
2978 622 3062 660 eos
3090 606 3240 678 faciet
3264 604 3511 659 Dominus
3536 604 3628 659 illo

2025 700 2130 766 die,
2164 701 2297 755 velut
2322 716 2460 768 oves,
2489 702 2734 772 populum
2753 717 2922 764 suum,
2949 700 3070 768 quia
3093 698 3231 772 (11),
3252 699 3445 771 lapides
3464 697 3629 752 sancti

2027 791 2276 847 uolutant.
2307 792 2374 848 Et
2427 807 2495 849 ne
2544 801 2702 862 putes
2744 795 2858 849 haec
2899 794 2951 847 in
3000 794 3280 864 passiones
3326 791 3626 862 przedicari,

2027 899 2148 955 qua:
2178 883 2298 940 illos
2342 893 2423 940 tot
2447 883 2713 940 bellorum
2745 885 2964 942 nomine
3012 885 3081 941 ab
3109 884 3401 956 allophylis
3444 899 3626 939 mane-

2029 975 2180 1042 bant,
2205 977 2417 1048 respice
2436 977 2502 1032 ad
2546 979 2775 1048 species.
2822 977 2992 1035 Nemo
3039 978 3090 1032 in
3115 976 3496 1048 prmdicatione
3525 977 3634 1034 bel-

2032 1069 2206 1125 lorum
2235 1069 2490 1140 legitimis
2511 1071 2680 1126 armis
2730 1069 3177 1128 debellandorum
3203 1111 3218 1136 ,
3249 1070 3630 1141 lapidationem

2031 1173 2310 1218 enumerat
2350 1163 2698 1235 popularibus
2741 1164 2973 1221 canibus
3029 1164 3197 1236 magis
3236 1173 3290 1220 et
3332 1164 3522 1220 inermi
3551 1175 3632 1220 tn-

2031 1255 2220 1310 multui
2242 1256 2578 1312 familiarem.
2608 1255 2780 1312 Nemo
2814 1265 2959 1312 tanta
2995 1256 3046 1312 in
3074 1257 3216 1313 bello
3242 1257 3514 1328 sanguinis
3530 1257 3633 1312 Ilu-

2033 1347 2176 1402 tnina
2209 1356 2515 1416 paterarum
2563 1350 2866 1420 capacitate
2917 1350 3171 1419 metitur,
3205 1361 3296 1406 aut
3319 1349 3476 1406 unius
3500 1350 3632 1407 alta-

2031 1439 2106 1494 ris
2160 1442 2515 1496 cruentationi
2559 1441 2970 1515 (12)ad:nquat.
3003 1442 3174 1499 Nemo
3211 1459 3343 1500 oves
3389 1444 3632 1516 appellat

2033 1545 2128 1586 eos
2156 1532 2246 1602 qui
2279 1533 2330 1588 in
2364 1533 2506 1588 bello
2549 1535 2762 1602 armati,
2795 1546 2846 1590 et
2869 1535 2965 1604 ipsi
2988 1547 3041 1591 et
3069 1535 3185 1607 (15)
3226 1536 3414 1592 eadem
3445 1535 3632 1592 ferita-

2035 1630 2090 1680 te
2118 1633 2393 1681 certantes
2425 1625 2626 1681 cadunt
2657 1643 2672 1693 ;
2723 1628 2818 1682 sed
2843 1627 2932 1698 qui
2964 1627 3016 1682 itt
3067 1642 3161 1682 sua
3196 1628 3522 1698 proprietate
3547 1637 3634 1683 at-

2034 1731 2138 1788 que
2159 1717 2412 1786 patientia
2443 1717 2726 1783 dedentes,
2754 1720 2931 1790 potius
2959 1721 3278 1792 semetipsos
3326 1736 3486 1790 quant
3517 1721 3636 1776 vin-

331 1812 609 1869 Constabit
636 1815 815 1884 itaque
843 1821 897 1868 et
948 1813 1015 1868 de
1046 1814 1375 1884 itnpttdcntia
1409 1813 1526 1886 ejus
1558 1856 1573 1882 ,
1627 1816 1715 1885 qui
1744 1815 1928 1870 multos
1957 1818 2006 1878 B
2033 1809 2274 1865 dicanles
2329 1810 2686 1867 trucidantur.
2721 1813 2976 1884 Denique,
3011 1814 3087 1886 (α)
3117 1816 3236 1886 quia
3263 1815 3379 1888 (14)
3410 1815 3628 1886 lapides,

331 1904 480 1962 dicat
509 1917 746 1961 venturos
775 1907 826 1961 in
855 1905 1061 1960 nomine
1084 1907 1284 1994 ipst'wt‘;
1317 1907 1458 1978 quod
1489 1922 1592 1962 non
1620 1907 1690 1961 sit
1738 1907 1927 1977 ipsius,

330 1997 380 2054 si
408 2013 514 2053 non
538 1997 784 2054 Christus
802 2008 857 2054 et
877 1998 1036 2054 Iesus
1054 1998 1329 2054 Creatoris
1364 2009 1445 2054 est
1470 2040 1486 2066 ,
1515 1999 1581 2054 ad
1603 2015 1759 2070 quem
1794 2015 1934 2070 pro-

338 2091 540 2163 prietas
579 2093 854 2147 nominum
904 2092 1178 2163 pertinet;
1232 2091 1497 2162 amplius,
1547 2101 1602 2146 ct
1652 2091 1935 2162 prohiheat

332 2197 432 2239 eos
456 2183 657 2254 recipi,
684 2200 912 2255 quorum
934 2197 988 2240 et
1020 2185 1134 2255 ipse
1165 2201 1260 2255 par
1287 2186 1357 2240 sit
1386 2227 1400 2250 ,
1432 2193 1491 2238 ut
1519 2185 1610 2256 qui
1633 2185 1856 2255 proinde
1881 2185 1934 2240 in

335 2276 555 2332 nomine
589 2277 734 2332 venit
763 2276 942 2333 alieno
972 2305 986 2344 ι
1032 2277 1079 2332 si
1110 2292 1216 2333 non
1253 2277 1425 2348 ipsius
1456 2287 1622 2332 erata
1653 2276 1935 2332 mendacio

341 2368 575 2424 nominis
598 2370 895 2440 praevenire
943 2368 1261 2440 discipulos,
1292 2371 1381 2440 qui
1435 2385 1530 2440 per
1557 2371 1933 2440 pr0prietatem

342 2461 582 2516 nominis
612 2461 922 2531 possidebat
951 2461 1233 2516 veritatem
1261 2461 1376 2530 ejus
1400 2499 1417 2526 ,
1476 2459 1686 2515 Venient
1705 2461 1936 2532 denique

333 2554 437 2622 illi,
464 2553 684 2608 dicentes
714 2571 730 2608 :
763 2553 873 2625 Ego
917 2571 1029 2609 sum
1067 2552 1316 2609 Christus.
1375 2553 1624 2624 Recipies
1654 2568 1748 2608 eos
1777 2595 1794 2622 ,
1846 2554 1934 2626 qui

337 2648 674 2703 consimilem
702 2647 974 2718 recepisti.
1010 2646 1078 2702 Et
1101 2646 1187 2703 hic
1213 2647 1358 2702 enim
1399 2647 1453 2704 in
1484 2646 1697 2702 nomine
1721 2661 1820 2702 suo
1848 2663 1940 2703 ve-

340 2739 441 2795 nit.
470 2737 608 2808 Quid
639 2753 780 2794 nunc
803 2738 944 2809 quod
973 2749 1029 2794 et
1055 2739 1169 2810 ipse
1221 2739 1401 2794 veniet
1433 2739 1713 2794 nominum
1755 2738 1937 2794 Domi-

339 2846 444 2888 nus
466 2832 714 2888 Christus
736 2842 789 2888 et
815 2832 900 2905 (5)
937 2832 1096 2888 Jcsus
1117 2831 1395 2889 Creatoris
1419 2832 1443 2888 ?
1471 2831 1704 2903 Rejicics
1749 2832 1940 2887 illum?

340 2924 410 2980 Et
437 2939 595 2994 quam
623 2925 862 2996 iniquum
889 2966 904 2991 ,
927 2940 1088 2996 quam
1136 2924 1392 2994 injustum
1419 2965 1434 2991 ,
1460 2935 1516 2980 et
1567 2925 1771 2995 optimo
1831 2925 1940 2980 Deo

339 3016 618 3088 indignum
653 3059 668 3083 ,
723 3027 782 3073 ut
812 3033 918 3073 non
966 3017 1198 3089 recipias
1223 3033 1344 3073 eum
1394 3017 1447 3072 in
1469 3018 1685 3074 nomine
1711 3033 1812 3073 suo
1849 3034 1941 3074 ve-

342 3109 601 3174 nientem,
622 3109 712 3181 qui
730 3109 892 3165 alium
913 3108 991 3180 (6)
1008 3110 1059 3165 itt
1083 3109 1301 3166 nomine
1319 3109 1435 3181 ejus
1448 3111 1693 3181 recepisti
1715 3111 1728 3166 ι
1752 3109 1942 3167 Videa-

2038 1901 2228 1972 inquit,
2259 1903 2425 1956 sancti
2447 1903 2698 1971 volutant,
2727 1920 2834 1959 non
2857 1906 2982 1976 quia
3007 1906 3124 1979 (I5)
3151 1907 3347 1963 milites
3370 1917 3630 1980 pugnant.

2035 1991 2267 2064 Lapides
2294 1995 2438 2050 enim
2485 2006 2611 2053 sunt
2629 2008 2684 2054 et
2722 1996 3069 2056 fundamenta
3100 2041 3116 2067 ,
3167 2015 3333 2071 super
3383 2016 3502 2071 qua:
3529 2016 3632 2057 nos

2035 2085 2396 2142 a‘dilicamur:
2419 2089 2681 2157 exstructi,
2699 2090 2992 2146 secundum
3016 2091 3236 2148 Paulum
3263 2092 3425 2166 (Eph.
3455 2094 3517 2161 II,
3537 2093 3630 2167 2|)

2036 2193 2190 2247 super
2238 2179 2628 2250 fundamentum
2678 2181 3061 2253 Apostolorum,
3086 2184 3174 2255 qui
3217 2185 3424 2254 lapides
3460 2187 3634 2243 sancti

2037 2269 2266 2338 oppositi
2289 2270 2528 2325 omnium
2579 2271 2808 2328 olleusui
2851 2275 3183 2330 volutabam.
3225 2277 3292 2332 Et
3336 2277 3423 2332 hic
3476 2278 3636 2349 igitur

2039 2359 2155 2430 ipse
2180 2370 2329 2417 vetat
2379 2365 2641 2434 cogitari;
2673 2365 2800 2436 quid
2846 2368 3159 2437 responderi
3198 2381 3443 2440 oporteat
3493 2370 3634 2441 apud

2040 2452 2347 2520 tribunalia,
2373 2459 2461 2524 qui
2491 2465 2547 2511 et
2579 2456 2790 2511 Balaam
2830 2456 2947 2530 (16)
2979 2460 3121 2529 quod
3153 2477 3258 2516 non
3285 2463 3634 2534 cogitaverat,

2041 2544 2150 2599 imo
2170 2555 2356 2600 contra
2386 2563 2546 2616 quam
2571 2549 2910 2620 cogitaverat
2934 2553 3410 2624 suggessit(Num.
3443 2555 3634 2626 XXII),

2039 2647 2094 2694 et
2120 2637 2287 2711 Moysi
2310 2649 2532 2697 causato
2579 2641 2774 2713 linguae
2827 2643 3151 2711 tarditatem,
3181 2661 3242 2702 os
3281 2649 3588 2718 repromisit
3618 2667 3697 2716 ςοο
3722 2645 3944 2701 διδωμι

2041 2746 2095 2791 et
2121 2737 2427 2806 sapientiam
2475 2739 2663 2811 ipsam,
2690 2741 2772 2795 cui
2803 2757 2949 2796 nemo
2983 2744 3262 2810 resisteret,
3316 2760 3411 2815 per
3448 2745 3636 2801 Isaiam

2045 2829 2146 2903 (Is.
2193 2831 2376 2900 XLIV,
2418 2831 2475 2905 5)
2526 2834 2954 2892 demonstravit:
3015 2835 3112 2891 llic
3167 2836 3482 2910 dicet:Ega
3540 2837 3641 2894 Dei

2042 2940 2172 2988 sum,
2189 2925 2482 2979 etclamabit
2494 2926 2546 2980 in
2561 2928 2762 2982 nomine
2784 2926 2967 2989 Iacob.
2983 2929 3179 2984 ctalius
3195 2929 3491 2986 inscribetur
3521 2930 3637 3003 (I'l)

2043 3014 2096 3069 in
2123 3017 2326 3071 nomine
2373 3015 2606 3073 Israelis.
2682 3018 2823 3088 Quid
2885 3020 3028 3075 enim
3083 3021 3378 3093 sapientius
3449 3031 3504 3078 et
3561 3023 3639 3078 in.

2045 3108 2506 3164 contradicibilius
2558 3109 2902 3166 confessione
2952 3112 3182 3184 simplici
3241 3125 3295 3168 et
3352 3123 3534 3170 exerta
3585 3115 3639 3170 itt

343 3215 469 3257 mus
490 3210 545 3257 et
562 3217 683 3270 qua:
711 3202 861 3273 signa
886 3201 1221 3271 temporibus
1247 3202 1509 3273 imponat,
1533 3201 1701 3270 Bella,
1727 3204 1940 3274 opinor,
1969 3205 2013 3268 C
2049 3201 2307 3272 martyris
2334 3202 2553 3257 nomine
2602 3217 2724 3258 cum
2757 3203 2868 3259 Deo
2901 3205 3280 3262 invalescentis
3307 3207 3331 3260 ἲ
3383 3206 3458 3279 (b)
3500 3208 3643 3278 quod
3684 3264 3698 3277 _

342 3301 391 3347 et
416 3308 626 3363 regnum
647 3310 802 3362 super
826 3309 1059 3364 regnum,
1086 3302 1134 3347 et
1187 3303 1385 3364 gentem
1433 3309 1589 3364 super
1619 3305 1818 3365 gentem
1851 3336 1866 3362 ,
1893 3287 1940 3349 et

344 3394 554 3458 pestem,
583 3394 630 3440 et
652 3386 832 3454 fames,
857 3393 1102 3456 terraeque
1125 3396 1312 3450 motus,
1343 3393 1388 3440 et
1411 3385 1728 3456 formidines,
1753 3396 1798 3440 et
1823 3403 1943 3457 pro-

344 3477 484 3551 digia
506 3478 566 3532 de
595 3478 718 3534 caelo
745 3492 763 3532 :
790 3493 910 3549 qua:
937 3477 1117 3532 omnia
1146 3492 1338 3533 severo
1359 3488 1412 3532 et
1437 3479 1607 3532 atroci
1654 3479 1761 3534 Ileo
1812 3492 1943 3534 con-

343 3569 636 3642 gruunt(7)
661 3588 674 3624 :
704 3571 826 3624 Ilasc
850 3584 972 3625 cum
998 3568 1182 3639 adjicit
1212 3567 1290 3640 (8)
1315 3569 1475 3626 etiam
1507 3578 1756 3640 oportere
1781 3568 1895 3625 ﬁeri
1925 3609 1941 3635 ,

345 3676 506 3732 quem
536 3676 596 3717 se
621 3671 857 3731 praestat,
882 3661 1278 3716 destructorem
1302 3677 1368 3716 an
1400 3661 1743 3732 probatorem
1771 3663 1939 3718 Crea-

345 3752 522 3808 toris?
552 3751 705 3821 cujus
729 3750 1111 3820 dispositiones
1152 3751 1440 3807 conﬁrmat
1485 3752 1696 3822 intplcri
1727 3763 1944 3824 oporte-

346 3861 440 3916 re,
470 3861 608 3919 quas
651 3856 707 3900 ut
742 3844 978 3916 optimus
1032 3855 1139 3901 tam
1174 3847 1352 3903 tristes
1401 3863 1561 3918 quam
1615 3847 1694 3920 (9)
1731 3857 1946 3904 atroces

347 3938 662 3995 abstulisset
693 3937 870 4008 potius
897 3953 1056 4008 quam
1104 3938 1476 3994 constituisset
1505 3981 1520 4006 ,
1571 3938 1617 3995 si
1649 3956 1754 3995 non
1780 3939 1947 4009 ipsius

349 4029 600 4085 fuissent.
632 4031 773 4084 Ante
794 4028 910 4084 haec
937 4039 1116 4086 autem
1147 4031 1551 4100 persecutiones
1581 4032 1660 4087 eis
1691 4032 1947 4102 pra'dicat

349 4128 408 4176 et
427 4121 702 4190 passiones
723 4130 980 4176 venturas
1006 4160 1022 4186 ,
1051 4121 1102 4176 in
1127 4122 1442 4193 martyrium
1475 4122 1657 4193 utique
1686 4133 1738 4177 et
1767 4123 1820 4177 in
1852 4138 1945 4178 sa-

350 4215 541 4273 lutem.
588 4215 787 4285 Accipe
843 4215 1192 4286 praedicatum
1241 4216 1291 4270 in
1339 4216 1591 4272 Zacharia
1626 4217 1808 4289 (Zach.
1853 4216 1944 4282 IX,

354 4307 449 4381 15)
481 4324 496 4363 :
526 4305 798 4375 Dominus,
854 4307 1046 4380 inquit,
1103 4306 1421 4380 omnipotens
1471 4318 1695 4381 proteget
1723 4325 1848 4373 eos;
1902 4319 1948 4363 et

2045 3303 2125 3347 est
2185 3293 2556 3364 interpretatio
2613 3293 2850 3351 Israelis.
2917 3296 3028 3352 Nec
3078 3300 3272 3353 mirum
3320 3299 3364 3353 si
3412 3300 3456 3354 is
3490 3299 3643 3354 cohi-

2048 3383 2160 3438 bttit
2189 3382 2305 3456 (I8)
2333 3385 2848 3456 praecogitationem,
2873 3388 2962 3458 qui
2985 3396 3039 3444 et
3069 3389 3183 3460 ipse
3214 3406 3244 3443 a
3267 3389 3426 3447 Patre
3438 3392 3648 3462 excepit

2049 3474 2430 3546 pronutttiandi
2458 3478 2777 3548 tempestive
2818 3480 3366 3539 subministrationem
3417 3502 3429 3540 :
3462 3483 3644 3540 Domi-

2048 3583 2143 3621 nus
2166 3567 2290 3621 mihi
2315 3565 2417 3640 (ls.
2453 3567 2517 3636 L,
2550 3567 2611 3641 4)
2639 3569 2728 3625 dat
2753 3570 2982 3644 linguam
3004 3573 3309 3646 discipline,
3337 3577 3540 3645 quando
3559 3577 3652 3633 dc-

2050 3660 2190 3713 beam
2216 3665 2448 3732 proferre
2470 3678 2774 3717 sermonem.
2803 3663 2914 3719 Nisi
2941 3663 3174 3721 Marcion
3216 3665 3489 3723 Christum
3540 3683 3648 3725 non

2049 3752 2352 3823 subjectum
2379 3751 2524 3808 Patri
2559 3752 2741 3810 infert.
2773 3757 2814 3811 A
2845 3757 3105 3826 proximis
3141 3773 3356 3830 quoque
3398 3775 3651 3830 persecu-

2052 3844 2224 3900 tiones
2250 3853 2305 3900 et
2345 3847 2563 3902 nomine
2584 3862 2648 3902 ex
2676 3847 2802 3903 odio
2838 3849 3018 3921 utique
3066 3851 3456 3923 blasphemiam
3505 3871 3652 3927 prte-

2051 3936 2304 4006 dicatam,
2337 3954 2441 3993 non
2459 3938 2630 3994 debeo
2658 3955 2844 3996 rursus
2883 3942 3192 4000 ostendere.
3243 3945 3352 4001 Sed
3379 3963 3469 4017 per
3518 3946 3654 4002 tole-

2050 4032 2294 4099 rantiam,
2350 4032 2538 4101 inquit,
2585 4034 2752 4090 salvos
2803 4037 2999 4105 facietis
3035 4039 3371 4110 nosmetipsos
3399 4057 3417 4106 ,'
3441 4040 3509 4098 de
3547 4057 3654 4112 qua

2051 4123 2259 4180 scilicet
2279 4124 2523 4181 Psalmus
2547 4125 2667 4200 (ιιι.
2695 4126 2786 4194 IX,
2818 4128 2909 4200 I9)
2937 4147 2949 4181 :
2983 4128 3298 4198 Tolerantia,
3332 4133 3523 4204 inquit,
3538 4134 3660 4204 jus-

2053 4225 2219 4270 torum
2236 4233 2335 4270 non
2356 4216 2532 4287 peribit
2561 4216 2676 4290 (I9)
2706 4219 2758 4274 in
2783 4220 2955 4283 finem.
2979 4221 3110 4289 Quia
3126 4233 3180 4278 et
3204 4223 3329 4279 alibi
3349 4223 3468 4295 (Ps.
3487 4223 3656 4293 CXV,

2057 4308 2115 4383 εὶ)
2139 4309 2499 4367 :llonorabilis
2522 4328 2657 4368 mors
2675 4303 2980 4384 justorum;
3011 4331 3079 4373 ex
3107 4316 3389 4375 tolerantia
3411 4319 3527 4376 sine
3551 4319 3659 4376 du-

1598 4421 1978 4483 LECTIONES
2016 4423 2430 4483 VARIANTES.

347 4523 360 4586 τ
415 4523 491 4586 (1)
514 4521 838 4586 Traductione
862 4517 932 4571 al.

442 4584 492 4638 2)
516 4585 694 4638 Christi
719 4584 866 4634 omitt.
891 4593 1004 4634 Jun.

442 4591 472 4634 2
516 4591 694 4638 Christi
719 4596 760 4634 at

440 4649 472 4697 3
518 4648 570 4697 Si
601 4651 760 4696 Venet.

443 4591 498 4773 4i
523 4709 650 4760 Olim
673 4721 719 4758 c.
743 4721 760 4756 ε

443 4703 498 4774 4)
523 4709 650 4760 Olim
673 4721 719 4758 c.
743 4707 793 4758 d.
819 4721 871 4758 ιι.
899 4723 947 4772 p.
973 4707 1021 4758 ei
1046 4708 1078 4757 i.
1105 4719 1151 4759 c.
1187 4705 1337 4759 inser.
1374 4705 1478 4774 Rig.
1513 4712 1559 4759 et
1579 4703 1647 4759 al.
1671 4714 1775 4774 post
1797 4719 1906 4760 eum
1927 4718 1955 4759 e

355 4771 678 4827 cod.'Wouw.
706 4805 714 4819 .

442 4836 472 4884 5
519 4831 738 4885 Christus
762 4839 814 4882 et
833 4829 984 4884 omitt.
1003 4830 1168 4886 Obert.

442 4898 474 4946 6
514 4894 742 4946 Alienum
765 4893 932 4947 Paris.

447 4959 473 5009 7
519 4957 802 5019 Congruum
829 4962 989 5009 Venet.

445 5021 475 5070 8
516 5019 647 5072 Dicit
667 5017 735 5070 al.

445 5084 477 5134 9
521 5081 642 5134 Tam
662 5085 785 5136 Jun.

414 4523 440 4773 ξ

442 4893 495 4947 6)
514 4894 742 4946 Alienum
765 4893 932 4947 Paris.

447 4957 500 5019 7)
519 4957 802 5019 Congruum
829 4962 989 5009 Venet.

445 5017 498 5072 8)
516 5017 647 5072 Dicit
667 5017 735 5070 al.

445 5081 498 5136 9)
521 5081 642 5134 Tam
662 5085 785 5136 Jun.

2153 4519 2229 4584 IO)
2257 4519 2404 4579 Quasi
2429 4527 2626 4584 pateras
2646 4521 2806 4574 altari.
2833 4524 2989 4578 Fran.

2152 4584 2230 4641 Il)
2255 4584 2345 4641 Qui
2371 4584 2520 4633 Seml.

2156 4645 2230 4699 12)
2254 4645 2603 4697 Cruentatione
2627 4649 2770 4699 Pam.

2155 4705 2231 4757 I5)
2256 4705 2317 4756 Et
2341 4708 2462 4757 Jun.

2152 4765 2231 4828 14)
2257 4768 2349 4828 Qui
2373 4765 2525 4819 Seml.

2148 4829 2226 4890 I5)
2251 4833 2379 4890 Quin
2398 4829 2563 4882 Paris.
2577 4832 2730 4884 Fran.

2149 4893 2226 4946 I6)
2242 4893 2374 4944 Bake
2399 4893 2596 4946 οδω-ιὰ.

2150 4955 2227 5008 17)
2251 4955 2492 5007 Inscribet
2514 4959 2585 5008 al.

2153 5017 2232 5070 18)
2255 5017 2509 5069 Prohibuit
2530 5017 2598 5070 al.

2155 5080 2234 5134 I9)
2257 5081 2431 5132 Periet
2452 5080 2604 5134 Seml.

1736 5164 2295 5224 COMMENTARIUS.

432 5262 588 5320 CAP.
632 5260 878 5334 XXXIX.
909 5291 981 5302 —
1011 5258 1088 5334 (a)
1124 5259 1674 5334 Quiarlapidcssancti
1710 5261 1958 5316 volutant.

359 5333 494 5392 Haec
519 5336 678 5391 etiam
705 5333 980 5390 Zacharim
1003 5332 1235 5387 citantur
1251 5333 1401 5403 juxta
1431 5332 1722 5389 editionem
1749 5343 1968 5403 septua-

363 5409 510 5479 ginta
533 5407 793 5474 volttlant,
825 5407 1073 5460 κυλίοντιιι
1103 5407 1181 5460 δπὶ
1208 5420 1292 5466 τίς
1316 5421 1421 5471 νίς.
1457 5403 1578 5460 lite.

391 5525 411 5618 '_
440 5544 523 5618 (It)
563 5543 712 5613 Quod
737 5553 808 5598 est
839 5543 1187 5618 interpretatio
1233 5540 1465 5618 Israelis.
1515 5541 1589 5618 De
1640 5540 1971 5618 Itttjuqucis

367 5611 666 5686 signiﬁcatu
720 5611 1469 5686 sanctus[Hieronymus(in
1521 5611 1726 5686 Qucest.
1753 5613 1820 5666 ad
1868 5611 1971 5668 Ge-

367 5683 578 5772 nesittt)
620 5687 829 5768 .ntnltis
900 5686 1103 5772 prohat
1160 5683 1323 5772 Israel
1381 5683 1603 5772 'pnoprie
1657 5683 1796 5764 idem
1846 5698 1975 5772 esse

368 5771 433 5813 ac
467 5753 747 5829 principem
802 5753 913 5814 scu'
947 5756 1190 5810 directum
1212 5754 1310 5810 Dei
1338 5771 1359 5812 .°
1385 5753 1404 5808 ἆ
1437 5755 1571 5811 Illud
1601 5769 1749 5822 vero,
1781 5753 1973 5826 inquit,

2075 5278 2094 5313 ς
2129 5259 2270 5342 quod
2318 5259 2552 5342 inhlibro
2597 5259 2880 5342 Nominum
2935 5264 3324 5342 interpretatur
3361 5267 3529 5328 Israel
3586 5273 3671 5329 t'ir

2075 5350 2094 5384 ι
2147 5331 2318 5386 videns
2377 5331 2571 5393 Deum.
2623 5333 2739 5408 sive
2794 5351 2935 5391 mens
2983 5331 3157 5394 uidens
3185 5337 3372 5408 Deum,
3423 5342 3671 5400 omnium

2076 5421 2096 5455 s
2144 5417 2282 5528 pene
2329 5417 2580 5482 sermone
2608 5402 2860 5461 detritum
2891 5449 2903 5472 ,
2937 5423 3042 5462 non
3067 5418 3174 5464 tam
3192 5425 3317 5467 vere
3358 5402 3525 5481 quam
3547 5415 3671 5469 vio-

2080 5493 2100 5527 ι
2169 5484 2324 5528 enler
2378 5474 2504 5528 mihi
2529 5484 2936 5528 tttlernretatum
2965 5478 3194 5528 videtur.
3255 5501 3272 5528 ι
3307 5483 3670 5528 (limi-unitum

2080 5493 2100 5549 ς
2135 5473 2324 5549 ,ιοηιεισ
2378 5474 2504 5528 mihi
2529 5473 2936 5549 interpretatum
2965 5478 3194 5536 videtur.
3255 5501 3272 5534 υ
3307 5473 3670 5549 Qut-terendum

2077 5545 2236 5622 igitur
2285 5555 2464 5622 mage}
2492 5545 2635 5622 ultra
2671 5545 3039 5622 interpretatio
3070 5589 3085 5610 .
3130 5545 3433 5622 priitcep'sne
3460 5553 3576 5618 Dei,
3599 5571 3670 5611 an

2079 5617 2319 5694 directus_
2353 5615 2472 5694 Dei,
2495 5615 2828 5694 admittenda
2855 5620 3032 5691 potius
3056 5615 3144 5694 sit;
3180 5615 3326 5678 Ilane
3349 5638 3477 5679 vero
3501 5615 3675 5694 quass-

2080 5687 2295 5764 tionent_
2308 5687 2566 5764 indirccte
2593 5687 3390 5764 solt'itllieronytttttsipse,cum
3411 5695 3485 5748 ait
3502 5687 3547 5748 εἰ
3559 5694 3672 5754 Nos

2080 5759 2250 5829 magis
2265 5758 2557 5831 Scriptum
2569 5760 2926 5833 etangeli,vel
2940 5758 3050 5832 Dei,
3068 5758 3162 5834 qui
3177 5765 3352 5836 ipsum
3381 5765 3548 5822 Israel
3574 5783 3673 5823 vo-
