  <div class='ocr_page' id='page_1' title='image "/cluster/home/n/w/nwhite01/storage/ocr_20150623/2/uva.x000669815/234.png"; bbox 0 0 4020 6286; ppageno 0'>
   <div class='ocr_carea' id='block_1_1' title="bbox 182 5911 500 6190">
    <p class='ocr_par' dir='ltr' id='par_1_1' title="bbox 182 5911 495 6185">
     <span class='ocr_line' id='line_1_1' title="bbox 182 5911 495 6185; baseline 0 0"><span class='ocrx_word' id='word_1_1' title='bbox 182 5911 495 6185; x_wconf 59' lang='grc' dir='ltr'>Κ</span> 
     </span>
    </p>
   </div>
   <div class='ocr_carea' id='block_1_2' title="bbox 304 340 414 399">
    <p class='ocr_par' dir='ltr' id='par_1_2' title="bbox 304 340 414 399">
     <span class='ocr_line' id='line_1_2' title="bbox 304 340 414 399; baseline -0.009 0"><span class='ocrx_word' id='word_1_2' title='bbox 304 340 414 399; x_wconf 67' lang='grc'><strong>457</strong></span> 
     </span>
    </p>
   </div>
   <div class='ocr_carea' id='block_1_3' title="bbox 1432 335 2524 419">
    <p class='ocr_par' dir='ltr' id='par_1_3' title="bbox 1432 335 2524 419">
     <span class='ocr_line' id='line_1_3' title="bbox 1432 335 2524 419; baseline 0.001 -18"><span class='ocrx_word' id='word_1_3' title='bbox 1432 341 1561 402; x_wconf 85' lang='lat' dir='ltr'><strong>LIB.</strong></span> <span class='ocrx_word' id='word_1_4' title='bbox 1593 342 1659 401; x_wconf 82' lang='lat' dir='ltr'><strong>iV</strong></span> <span class='ocrx_word' id='word_1_5' title='bbox 1698 335 2065 419; x_wconf 78' lang='lat' dir='ltr'><strong>ADVERSUS</strong></span> <span class='ocrx_word' id='word_1_6' title='bbox 2099 340 2524 402; x_wconf 77' lang='lat' dir='ltr'><strong>MARCIONEM.</strong></span> 
     </span>
    </p>
   </div>
   <div class='ocr_carea' id='block_1_4' title="bbox 3476 270 3497 305">
    <p class='ocr_par' dir='ltr' id='par_1_4' title="bbox 3476 270 3497 305">
     <span class='ocr_line' id='line_1_4' title="bbox 3476 270 3497 305; baseline 0 -2"><span class='ocrx_word' id='word_1_7' title='bbox 3476 270 3497 305; x_wconf 73' lang='lat' dir='ltr'><strong>I</strong></span> 
     </span>
    </p>
   </div>
   <div class='ocr_carea' id='block_1_5' title="bbox 3506 348 3618 407">
    <p class='ocr_par' dir='ltr' id='par_1_5' title="bbox 3506 348 3618 407">
     <span class='ocr_line' id='line_1_5' title="bbox 3506 348 3618 407; baseline 0 0"><span class='ocrx_word' id='word_1_8' title='bbox 3506 348 3618 407; x_wconf 60' lang='lat'><strong>458</strong></span> 
     </span>
    </p>
   </div>
   <div class='ocr_carea' id='block_1_6' title="bbox 309 456 3612 537">
    <p class='ocr_par' dir='ltr' id='par_1_6' title="bbox 309 456 3612 537">
     <span class='ocr_line' id='line_1_6' title="bbox 309 456 3612 537; baseline 0.002 -24"><span class='ocrx_word' id='word_1_9' title='bbox 309 456 426 529; x_wconf 91' lang='lat' dir='ltr'><strong>bio,</strong></span> <span class='ocrx_word' id='word_1_10' title='bbox 457 458 583 531; x_wconf 99' lang='lat' dir='ltr'><strong>quia</strong></span> <span class='ocrx_word' id='word_1_11' title='bbox 614 465 671 516; x_wconf 90' lang='lat' dir='ltr'><strong>et</strong></span> <span class='ocrx_word' id='word_1_12' title='bbox 698 457 984 516; x_wconf 80' lang='lat' dir='ltr'><strong>Zacharias</strong></span> <span class='ocrx_word' id='word_1_13' title='bbox 1018 457 1201 534; x_wconf 82' lang='lat' dir='ltr'><strong>(Zach.</strong></span> <span class='ocrx_word' id='word_1_14' title='bbox 1231 458 1323 526; x_wconf 80' lang='lat' dir='ltr'><strong>VI,</strong></span> <span class='ocrx_word' id='word_1_15' title='bbox 1347 457 1441 531; x_wconf 75' lang='grc'><strong>14)</strong></span> <span class='ocrx_word' id='word_1_16' title='bbox 1474 479 1487 515; x_wconf 84' lang='lat'><strong>:</strong></span> <span class='ocrx_word' id='word_1_17' title='bbox 1519 459 1719 515; x_wconf 75' lang='lat' dir='ltr'><strong>Corona</strong></span> <span class='ocrx_word' id='word_1_18' title='bbox 1740 469 1910 516; x_wconf 88' lang='lat' dir='ltr'><strong>autem</strong></span> <span class='ocrx_word' id='word_1_19' title='bbox 1940 459 1995 523; x_wconf 82' lang='lat' dir='ltr'><strong>A</strong></span> <span class='ocrx_word' id='word_1_20' title='bbox 2021 458 2297 519; x_wconf 88' lang='lat' dir='ltr'><strong>levaturos</strong></span> <span class='ocrx_word' id='word_1_21' title='bbox 2317 463 2370 518; x_wconf 92' lang='lat' dir='ltr'><strong>in</strong></span> <span class='ocrx_word' id='word_1_22' title='bbox 2400 471 2641 532; x_wconf 85' lang='lat' dir='ltr'><strong>tempore</strong></span> <span class='ocrx_word' id='word_1_23' title='bbox 2677 460 2827 533; x_wconf 85' lang='lat' dir='ltr'><strong>regni</strong></span> <span class='ocrx_word' id='word_1_24' title='bbox 2845 459 3156 532; x_wconf 90' lang='lat' dir='ltr'><strong>redemptos</strong></span> <span class='ocrx_word' id='word_1_25' title='bbox 3183 460 3286 537; x_wconf 85' lang='lat'><strong>(9).</strong></span> <span class='ocrx_word' id='word_1_26' title='bbox 3314 462 3612 535; x_wconf 71' lang='lat' dir='ltr'><strong>Igitur-cum</strong></span> 
     </span>
    </p>
   </div>
   <div class='ocr_carea' id='block_1_7' title="bbox 310 553 1914 627">
    <p class='ocr_par' dir='ltr' id='par_1_7' title="bbox 310 553 1914 627">
     <span class='ocr_line' id='line_1_7' title="bbox 310 553 1914 627; baseline 0.001 -20"><span class='ocrx_word' id='word_1_27' title='bbox 310 554 504 627; x_wconf 63' lang='lat' dir='ltr'><strong>eriteis</strong></span> <span class='ocrx_word' id='word_1_28' title='bbox 528 555 617 627; x_wconf 82' lang='lat' dir='ltr'><strong>qui</strong></span> <span class='ocrx_word' id='word_1_29' title='bbox 666 556 1013 611; x_wconf 83' lang='lat' dir='ltr'><strong>toleraverint.</strong></span> <span class='ocrx_word' id='word_1_30' title='bbox 1066 554 1170 612; x_wconf 99' lang='lat' dir='ltr'><strong>Sed</strong></span> <span class='ocrx_word' id='word_1_31' title='bbox 1216 569 1282 609; x_wconf 92' lang='lat' dir='ltr'><strong>ne</strong></span> <span class='ocrx_word' id='word_1_32' title='bbox 1303 553 1504 610; x_wconf 85' lang='lat' dir='ltr'><strong>audeas</strong></span> <span class='ocrx_word' id='word_1_33' title='bbox 1543 555 1914 627; x_wconf 76' lang='lat' dir='ltr'><strong>argumentari</strong></span> 
     </span>
    </p>
   </div>
   <div class='ocr_carea' id='block_1_8' title="bbox 310 646 1915 719">
    <p class='ocr_par' dir='ltr' id='par_1_8' title="bbox 310 646 1915 719">
     <span class='ocr_line' id='line_1_8' title="bbox 310 646 1915 719; baseline 0.001 -16"><span class='ocrx_word' id='word_1_34' title='bbox 310 649 611 717; x_wconf 85' lang='lat' dir='ltr'><strong>apostolos,</strong></span> <span class='ocrx_word' id='word_1_35' title='bbox 637 658 695 704; x_wconf 94' lang='lat' dir='ltr'><strong>ut</strong></span> <span class='ocrx_word' id='word_1_36' title='bbox 724 649 945 705; x_wconf 72' lang='lat' dir='ltr'><strong>alterius</strong></span> <span class='ocrx_word' id='word_1_37' title='bbox 973 648 1065 704; x_wconf 86' lang='lat' dir='ltr'><strong>Dei</strong></span> <span class='ocrx_word' id='word_1_38' title='bbox 1115 662 1411 719; x_wconf 66' lang='lat' dir='ltr'><strong>praecones,</strong></span> <span class='ocrx_word' id='word_1_39' title='bbox 1460 662 1489 701; x_wconf 90' lang='lat' dir='ltr'><strong>a</strong></span> <span class='ocrx_word' id='word_1_40' title='bbox 1519 646 1722 706; x_wconf 69' lang='lat' dir='ltr'><strong>Judreis</strong></span> <span class='ocrx_word' id='word_1_41' title='bbox 1749 662 1915 705; x_wconf 73' lang='lat' dir='ltr'><strong>vexa-</strong></span> 
     </span>
    </p>
   </div>
   <div class='ocr_carea' id='block_1_9' title="bbox 312 739 1918 812">
    <p class='ocr_par' dir='ltr' id='par_1_9' title="bbox 312 739 1918 812">
     <span class='ocr_line' id='line_1_9' title="bbox 312 739 1918 812; baseline 0.001 -16"><span class='ocrx_word' id='word_1_42' title='bbox 312 750 399 798; x_wconf 90' lang='lat' dir='ltr'><strong>tos</strong></span> <span class='ocrx_word' id='word_1_43' title='bbox 430 757 446 807; x_wconf 90' lang='lat'><strong>;</strong></span> <span class='ocrx_word' id='word_1_44' title='bbox 476 751 756 798; x_wconf 92' lang='lat' dir='ltr'><strong>memento</strong></span> <span class='ocrx_word' id='word_1_45' title='bbox 822 740 1111 812; x_wconf 83' lang='lat' dir='ltr'><strong>pmphctas</strong></span> <span class='ocrx_word' id='word_1_46' title='bbox 1162 755 1379 812; x_wconf 87' lang='lat' dir='ltr'><strong>quoque</strong></span> <span class='ocrx_word' id='word_1_47' title='bbox 1403 739 1591 797; x_wconf 90' lang='lat' dir='ltr'><strong>eadem</strong></span> <span class='ocrx_word' id='word_1_48' title='bbox 1638 755 1670 797; x_wconf 92' lang='lat' dir='ltr'><strong>a</strong></span> <span class='ocrx_word' id='word_1_49' title='bbox 1715 740 1918 798; x_wconf 64' lang='lat' dir='ltr'><strong>Judazis</strong></span> 
     </span>
    </p>
   </div>
   <div class='ocr_carea' id='block_1_10' title="bbox 310 830 1913 903">
    <p class='ocr_par' dir='ltr' id='par_1_10' title="bbox 310 830 1913 903">
     <span class='ocr_line' id='line_1_10' title="bbox 310 830 1913 903; baseline 0.002 -18"><span class='ocrx_word' id='word_1_50' title='bbox 310 836 523 902; x_wconf 85' lang='lat' dir='ltr'><strong>passos,</strong></span> <span class='ocrx_word' id='word_1_51' title='bbox 578 840 762 890; x_wconf 88' lang='lat' dir='ltr'><strong>tamen</strong></span> <span class='ocrx_word' id='word_1_52' title='bbox 814 846 922 888; x_wconf 90' lang='lat' dir='ltr'><strong>non</strong></span> <span class='ocrx_word' id='word_1_53' title='bbox 974 830 1193 889; x_wconf 74' lang='lat' dir='ltr'><strong>alterius</strong></span> <span class='ocrx_word' id='word_1_54' title='bbox 1248 832 1344 889; x_wconf 90' lang='lat' dir='ltr'><strong>Dei</strong></span> <span class='ocrx_word' id='word_1_55' title='bbox 1398 831 1673 903; x_wconf 82' lang='lat' dir='ltr'><strong>apostolos</strong></span> <span class='ocrx_word' id='word_1_56' title='bbox 1724 832 1913 898; x_wconf 80' lang='lat' dir='ltr'><strong>fuisse,</strong></span> 
     </span>
    </p>
   </div>
   <div class='ocr_carea' id='block_1_11' title="bbox 310 921 1919 1003">
    <p class='ocr_par' dir='ltr' id='par_1_11' title="bbox 310 921 1919 1003">
     <span class='ocr_line' id='line_1_11' title="bbox 310 921 1919 1003; baseline 0.001 -26"><span class='ocrx_word' id='word_1_57' title='bbox 310 937 474 992; x_wconf 86' lang='lat' dir='ltr'><strong>quam</strong></span> <span class='ocrx_word' id='word_1_58' title='bbox 498 921 793 1003; x_wconf 85' lang='lat' dir='ltr'><strong>Creatoris.</strong></span> <span class='ocrx_word' id='word_1_59' title='bbox 815 921 922 979; x_wconf 90' lang='lat' dir='ltr'><strong>Sed</strong></span> <span class='ocrx_word' id='word_1_60' title='bbox 949 930 1248 979; x_wconf 88' lang='lat' dir='ltr'><strong>monstrato</strong></span> <span class='ocrx_word' id='word_1_61' title='bbox 1274 921 1471 979; x_wconf 86' lang='lat' dir='ltr'><strong>dehinc</strong></span> <span class='ocrx_word' id='word_1_62' title='bbox 1497 932 1742 994; x_wconf 87' lang='lat' dir='ltr'><strong>tempore</strong></span> <span class='ocrx_word' id='word_1_63' title='bbox 1770 923 1919 980; x_wconf 80' lang='lat' dir='ltr'><strong>exei-</strong></span> 
     </span>
    </p>
   </div>
   <div class='ocr_carea' id='block_1_12' title="bbox 310 1013 1921 1089">
    <p class='ocr_par' dir='ltr' id='par_1_12' title="bbox 310 1013 1921 1089">
     <span class='ocr_line' id='line_1_12' title="bbox 310 1013 1921 1089; baseline 0 -19"><span class='ocrx_word' id='word_1_64' title='bbox 310 1013 422 1083; x_wconf 90' lang='lat' dir='ltr'><strong>dii,</strong></span> <span class='ocrx_word' id='word_1_65' title='bbox 455 1031 573 1069; x_wconf 87' lang='lat' dir='ltr'><strong>cum</strong></span> <span class='ocrx_word' id='word_1_66' title='bbox 605 1014 836 1089; x_wconf 85' lang='lat' dir='ltr'><strong>coepisset</strong></span> <span class='ocrx_word' id='word_1_67' title='bbox 860 1015 1047 1071; x_wconf 86' lang='lat' dir='ltr'><strong>vallari</strong></span> <span class='ocrx_word' id='word_1_68' title='bbox 1075 1015 1377 1071; x_wconf 71' lang='lat' dir='ltr'><strong>exercitibus</strong></span> <span class='ocrx_word' id='word_1_69' title='bbox 1428 1013 1788 1081; x_wconf 82' lang='lat' dir='ltr'><strong>Hierusalem,</strong></span> <span class='ocrx_word' id='word_1_70' title='bbox 1817 1015 1921 1086; x_wconf 76' lang='lat' dir='ltr'><strong>sig-</strong></span> 
     </span>
    </p>
   </div>
   <div class='ocr_carea' id='block_1_13' title="bbox 313 1106 1921 1177">
    <p class='ocr_par' dir='ltr' id='par_1_13' title="bbox 313 1106 1921 1177">
     <span class='ocr_line' id='line_1_13' title="bbox 313 1106 1921 1177; baseline -0.001 -14"><span class='ocrx_word' id='word_1_71' title='bbox 313 1107 512 1177; x_wconf 87' lang='lat' dir='ltr'><strong>najam</strong></span> <span class='ocrx_word' id='word_1_72' title='bbox 542 1106 715 1163; x_wconf 89' lang='lat' dir='ltr'><strong>ultimi</strong></span> <span class='ocrx_word' id='word_1_73' title='bbox 747 1108 866 1163; x_wconf 81' lang='lat' dir='ltr'><strong>linis</strong></span> <span class='ocrx_word' id='word_1_74' title='bbox 895 1115 1111 1163; x_wconf 85' lang='lat' dir='ltr'><strong>enarrat</strong></span> <span class='ocrx_word' id='word_1_75' title='bbox 1137 1148 1152 1174; x_wconf 95' lang='lat'><strong>,</strong></span> <span class='ocrx_word' id='word_1_76' title='bbox 1186 1107 1320 1174; x_wconf 71' lang='lat' dir='ltr'><strong>solis</strong></span> <span class='ocrx_word' id='word_1_77' title='bbox 1344 1114 1390 1162; x_wconf 89' lang='lat' dir='ltr'><strong>et</strong></span> <span class='ocrx_word' id='word_1_78' title='bbox 1442 1106 1578 1162; x_wconf 80' lang='lat' dir='ltr'><strong>luna:</strong></span> <span class='ocrx_word' id='word_1_79' title='bbox 1599 1106 1921 1177; x_wconf 85' lang='lat' dir='ltr'><strong>siderumque</strong></span> 
     </span>
    </p>
   </div>
   <div class='ocr_carea' id='block_1_14' title="bbox 316 1198 1915 1271">
    <p class='ocr_par' dir='ltr' id='par_1_14' title="bbox 316 1198 1915 1271">
     <span class='ocr_line' id='line_1_14' title="bbox 316 1198 1915 1271; baseline 0 -19"><span class='ocrx_word' id='word_1_80' title='bbox 316 1198 580 1270; x_wconf 85' lang='lat' dir='ltr'><strong>prodigia,</strong></span> <span class='ocrx_word' id='word_1_81' title='bbox 609 1209 656 1254; x_wconf 89' lang='lat' dir='ltr'><strong>et</strong></span> <span class='ocrx_word' id='word_1_82' title='bbox 686 1199 739 1253; x_wconf 89' lang='lat' dir='ltr'><strong>in</strong></span> <span class='ocrx_word' id='word_1_83' title='bbox 769 1208 902 1254; x_wconf 86' lang='lat' dir='ltr'><strong>terra</strong></span> <span class='ocrx_word' id='word_1_84' title='bbox 940 1199 1205 1271; x_wconf 75' lang='lat' dir='ltr'><strong>angustias</strong></span> <span class='ocrx_word' id='word_1_85' title='bbox 1255 1199 1518 1253; x_wconf 76' lang='lat' dir='ltr'><strong>nationum</strong></span> <span class='ocrx_word' id='word_1_86' title='bbox 1555 1199 1915 1268; x_wconf 85' lang='lat' dir='ltr'><strong>obstupesceu-</strong></span> 
     </span>
    </p>
   </div>
   <div class='ocr_carea' id='block_1_15' title="bbox 317 1292 1923 1364">
    <p class='ocr_par' dir='ltr' id='par_1_15' title="bbox 317 1292 1923 1364">
     <span class='ocr_line' id='line_1_15' title="bbox 317 1292 1923 1364; baseline 0.002 -20"><span class='ocrx_word' id='word_1_87' title='bbox 317 1293 446 1345; x_wconf 84' lang='lat' dir='ltr'><strong>tium</strong></span> <span class='ocrx_word' id='word_1_88' title='bbox 473 1292 610 1345; x_wconf 80' lang='lat' dir='ltr'><strong>velut</strong></span> <span class='ocrx_word' id='word_1_89' title='bbox 639 1306 671 1344; x_wconf 89' lang='lat' dir='ltr'><strong>a</strong></span> <span class='ocrx_word' id='word_1_90' title='bbox 700 1293 870 1347; x_wconf 89' lang='lat' dir='ltr'><strong>sonitu</strong></span> <span class='ocrx_word' id='word_1_91' title='bbox 894 1292 1052 1346; x_wconf 90' lang='lat' dir='ltr'><strong>maris</strong></span> <span class='ocrx_word' id='word_1_92' title='bbox 1099 1292 1398 1363; x_wconf 85' lang='lat' dir='ltr'><strong>ﬂuctuantis</strong></span> <span class='ocrx_word' id='word_1_93' title='bbox 1423 1308 1516 1364; x_wconf 87' lang='lat' dir='ltr'><strong>pro</strong></span> <span class='ocrx_word' id='word_1_94' title='bbox 1544 1292 1923 1362; x_wconf 73' lang='lat' dir='ltr'><strong>exspectatione</strong></span> 
     </span>
    </p>
   </div>
   <div class='ocr_carea' id='block_1_16' title="bbox 312 1370 1923 1455">
    <p class='ocr_par' dir='ltr' id='par_1_16' title="bbox 312 1370 1923 1455">
     <span class='ocr_line' id='line_1_16' title="bbox 312 1370 1923 1455; baseline 0.001 -17"><span class='ocrx_word' id='word_1_95' title='bbox 312 1384 688 1439; x_wconf 87' lang='lat' dir='ltr'><strong>imminentium</strong></span> <span class='ocrx_word' id='word_1_96' title='bbox 713 1370 835 1439; x_wconf 79' lang='lat' dir='ltr'><strong>orbi</strong></span> <span class='ocrx_word' id='word_1_97' title='bbox 849 1386 1120 1441; x_wconf 88' lang='lat' dir='ltr'><strong>malorum.</strong></span> <span class='ocrx_word' id='word_1_98' title='bbox 1166 1382 1321 1452; x_wconf 84' lang='lat' dir='ltr'><strong>Quod</strong></span> <span class='ocrx_word' id='word_1_99' title='bbox 1358 1392 1415 1440; x_wconf 89' lang='lat' dir='ltr'><strong>et</strong></span> <span class='ocrx_word' id='word_1_100' title='bbox 1452 1384 1584 1455; x_wconf 70' lang='lat' dir='ltr'><strong>ipsa:</strong></span> <span class='ocrx_word' id='word_1_101' title='bbox 1609 1384 1739 1438; x_wconf 80' lang='lat' dir='ltr'><strong>uires</strong></span> <span class='ocrx_word' id='word_1_102' title='bbox 1767 1382 1923 1439; x_wconf 75' lang='lat' dir='ltr'><strong>caelo-</strong></span> 
     </span>
    </p>
   </div>
   <div class='ocr_carea' id='block_1_17' title="bbox 314 1472 1922 1548">
    <p class='ocr_par' dir='ltr' id='par_1_17' title="bbox 314 1472 1922 1548">
     <span class='ocr_line' id='line_1_17' title="bbox 314 1472 1922 1548; baseline -0.001 -18"><span class='ocrx_word' id='word_1_103' title='bbox 314 1491 439 1530; x_wconf 86' lang='lat' dir='ltr'><strong>rum</strong></span> <span class='ocrx_word' id='word_1_104' title='bbox 459 1477 663 1530; x_wconf 84' lang='lat' dir='ltr'><strong>concuti</strong></span> <span class='ocrx_word' id='word_1_105' title='bbox 690 1476 954 1545; x_wconf 88' lang='lat' dir='ltr'><strong>habeaut,</strong></span> <span class='ocrx_word' id='word_1_106' title='bbox 986 1477 1170 1547; x_wconf 90' lang='lat' dir='ltr'><strong>accipe</strong></span> <span class='ocrx_word' id='word_1_107' title='bbox 1198 1474 1407 1532; x_wconf 83' lang='lat' dir='ltr'><strong>Joelem</strong></span> <span class='ocrx_word' id='word_1_108' title='bbox 1456 1473 1633 1548; x_wconf 83' lang='lat' dir='ltr'><strong>(Joel.</strong></span> <span class='ocrx_word' id='word_1_109' title='bbox 1668 1472 1712 1530; x_wconf 88' lang='lat' dir='ltr'><strong>Il</strong></span> <span class='ocrx_word' id='word_1_110' title='bbox 1734 1516 1750 1544; x_wconf 93' lang='lat'><strong>,</strong></span> <span class='ocrx_word' id='word_1_111' title='bbox 1783 1472 1877 1546; x_wconf 79' lang='lat'><strong>50)</strong></span> <span class='ocrx_word' id='word_1_112' title='bbox 1906 1491 1922 1529; x_wconf 88' lang='lat'><strong>:</strong></span> 
     </span>
    </p>
   </div>
   <div class='ocr_carea' id='block_1_18' title="bbox 315 1565 1927 1639">
    <p class='ocr_par' dir='ltr' id='par_1_18' title="bbox 315 1565 1927 1639">
     <span class='ocr_line' id='line_1_18' title="bbox 315 1565 1927 1639; baseline -0.001 -18"><span class='ocrx_word' id='word_1_113' title='bbox 315 1565 390 1622; x_wconf 83' lang='lat' dir='ltr'><strong>Et</strong></span> <span class='ocrx_word' id='word_1_114' title='bbox 416 1566 551 1621; x_wconf 87' lang='lat' dir='ltr'><strong>dabo</strong></span> <span class='ocrx_word' id='word_1_115' title='bbox 580 1567 816 1637; x_wconf 81' lang='lat' dir='ltr'><strong>prodigia</strong></span> <span class='ocrx_word' id='word_1_116' title='bbox 838 1568 889 1621; x_wconf 88' lang='lat' dir='ltr'><strong>in</strong></span> <span class='ocrx_word' id='word_1_117' title='bbox 938 1566 1065 1622; x_wconf 79' lang='lat' dir='ltr'><strong>etelo</strong></span> <span class='ocrx_word' id='word_1_118' title='bbox 1107 1577 1154 1622; x_wconf 90' lang='lat' dir='ltr'><strong>et</strong></span> <span class='ocrx_word' id='word_1_119' title='bbox 1192 1567 1245 1621; x_wconf 88' lang='lat' dir='ltr'><strong>in</strong></span> <span class='ocrx_word' id='word_1_120' title='bbox 1301 1576 1437 1621; x_wconf 87' lang='lat' dir='ltr'><strong>terra</strong></span> <span class='ocrx_word' id='word_1_121' title='bbox 1463 1609 1481 1636; x_wconf 89' lang='lat'><strong>,</strong></span> <span class='ocrx_word' id='word_1_122' title='bbox 1528 1568 1834 1639; x_wconf 85' lang='lat' dir='ltr'><strong>sanguinem</strong></span> <span class='ocrx_word' id='word_1_123' title='bbox 1877 1574 1927 1620; x_wconf 86' lang='lat' dir='ltr'><strong>et</strong></span> 
     </span>
    </p>
   </div>
   <div class='ocr_carea' id='block_1_19' title="bbox 317 1658 1931 1734">
    <p class='ocr_par' dir='ltr' id='par_1_19' title="bbox 317 1658 1931 1734">
     <span class='ocr_line' id='line_1_19' title="bbox 317 1658 1931 1734; baseline 0 -21"><span class='ocrx_word' id='word_1_124' title='bbox 317 1660 523 1733; x_wconf 85' lang='lat' dir='ltr'><strong>ignem,</strong></span> <span class='ocrx_word' id='word_1_125' title='bbox 558 1668 603 1714; x_wconf 91' lang='lat' dir='ltr'><strong>et</strong></span> <span class='ocrx_word' id='word_1_126' title='bbox 630 1662 761 1730; x_wconf 87' lang='lat' dir='ltr'><strong>fumi</strong></span> <span class='ocrx_word' id='word_1_127' title='bbox 786 1676 1047 1734; x_wconf 63' lang='lat' dir='ltr'><strong>uaporem.</strong></span> <span class='ocrx_word' id='word_1_128' title='bbox 1079 1659 1177 1716; x_wconf 86' lang='lat' dir='ltr'><strong>Sol</strong></span> <span class='ocrx_word' id='word_1_129' title='bbox 1203 1669 1516 1721; x_wconf 83' lang='lat' dir='ltr'><strong>conrertetur</strong></span> <span class='ocrx_word' id='word_1_130' title='bbox 1535 1661 1590 1714; x_wconf 89' lang='lat' dir='ltr'><strong>in</strong></span> <span class='ocrx_word' id='word_1_131' title='bbox 1613 1658 1861 1725; x_wconf 88' lang='lat' dir='ltr'><strong>tenebras,</strong></span> <span class='ocrx_word' id='word_1_132' title='bbox 1882 1667 1931 1714; x_wconf 89' lang='lat' dir='ltr'><strong>et</strong></span> 
     </span>
    </p>
   </div>
   <div class='ocr_carea' id='block_1_20' title="bbox 312 1752 1928 1827">
    <p class='ocr_par' dir='ltr' id='par_1_20' title="bbox 312 1752 1928 1827">
     <span class='ocr_line' id='line_1_20' title="bbox 312 1752 1928 1827; baseline -0.002 -17"><span class='ocrx_word' id='word_1_133' title='bbox 312 1755 372 1810; x_wconf 84' lang='lat' dir='ltr'><strong>in</strong></span> <span class='ocrx_word' id='word_1_134' title='bbox 400 1755 704 1827; x_wconf 83' lang='lat' dir='ltr'><strong>sanguinem</strong></span> <span class='ocrx_word' id='word_1_135' title='bbox 728 1756 875 1823; x_wconf 87' lang='lat' dir='ltr'><strong>luna,</strong></span> <span class='ocrx_word' id='word_1_136' title='bbox 928 1754 1225 1826; x_wconf 68' lang='lat' dir='ltr'><strong>priusquam</strong></span> <span class='ocrx_word' id='word_1_137' title='bbox 1254 1752 1491 1810; x_wconf 84' lang='lat' dir='ltr'><strong>adveniat</strong></span> <span class='ocrx_word' id='word_1_138' title='bbox 1536 1752 1617 1826; x_wconf 79' lang='grc' dir='ltr'><strong>(ι)</strong></span> <span class='ocrx_word' id='word_1_139' title='bbox 1651 1753 1761 1809; x_wconf 86' lang='lat' dir='ltr'><strong>dies</strong></span> <span class='ocrx_word' id='word_1_140' title='bbox 1783 1770 1928 1824; x_wconf 86' lang='lat' dir='ltr'><strong>mag-</strong></span> 
     </span>
    </p>
   </div>
   <div class='ocr_carea' id='block_1_21' title="bbox 2017 553 3619 626">
    <p class='ocr_par' dir='ltr' id='par_1_21' title="bbox 2017 553 3619 626">
     <span class='ocr_line' id='line_1_21' title="bbox 2017 553 3619 626; baseline 0.002 -17"><span class='ocrx_word' id='word_1_141' title='bbox 2017 564 2074 610; x_wconf 91' lang='lat' dir='ltr'><strong>et</strong></span> <span class='ocrx_word' id='word_1_142' title='bbox 2092 553 2230 622; x_wconf 73' lang='lat' dir='ltr'><strong>hmo,</strong></span> <span class='ocrx_word' id='word_1_143' title='bbox 2252 571 2375 626; x_wconf 84' lang='lat' dir='ltr'><strong>quae</strong></span> <span class='ocrx_word' id='word_1_144' title='bbox 2399 563 2524 611; x_wconf 86' lang='lat' dir='ltr'><strong>sunt</strong></span> <span class='ocrx_word' id='word_1_145' title='bbox 2550 554 3001 625; x_wconf 84' lang='lat' dir='ltr'><strong>promissionum,</strong></span> <span class='ocrx_word' id='word_1_146' title='bbox 3048 556 3271 626; x_wconf 88' lang='lat' dir='ltr'><strong>proinde</strong></span> <span class='ocrx_word' id='word_1_147' title='bbox 3293 558 3619 613; x_wconf 78' lang='lat' dir='ltr'><strong>conveniant</strong></span> 
     </span>
    </p>
   </div>
   <div class='ocr_carea' id='block_1_22' title="bbox 2018 647 3701 719">
    <p class='ocr_par' dir='ltr' id='par_1_22' title="bbox 2018 647 3701 719">
     <span class='ocr_line' id='line_1_22' title="bbox 2018 647 3701 719; baseline 0.002 -15"><span class='ocrx_word' id='word_1_148' title='bbox 2018 647 2157 704; x_wconf 87' lang='lat' dir='ltr'><strong>sicut</strong></span> <span class='ocrx_word' id='word_1_149' title='bbox 2184 658 2239 704; x_wconf 90' lang='lat' dir='ltr'><strong>et</strong></span> <span class='ocrx_word' id='word_1_150' title='bbox 2254 648 2341 704; x_wconf 87' lang='lat' dir='ltr'><strong>illa</strong></span> <span class='ocrx_word' id='word_1_151' title='bbox 2372 663 2491 719; x_wconf 72' lang='lat' dir='ltr'><strong>qua:</strong></span> <span class='ocrx_word' id='word_1_152' title='bbox 2519 658 2646 705; x_wconf 90' lang='lat' dir='ltr'><strong>sunt</strong></span> <span class='ocrx_word' id='word_1_153' title='bbox 2671 650 3110 717; x_wconf 77' lang='lat' dir='ltr'><strong>concussionum,</strong></span> <span class='ocrx_word' id='word_1_154' title='bbox 3144 664 3208 705; x_wconf 77' lang='lat' dir='ltr'><strong>ex</strong></span> <span class='ocrx_word' id='word_1_155' title='bbox 3259 650 3616 707; x_wconf 85' lang='lat' dir='ltr'><strong>consonantia</strong></span> <span class='ocrx_word' id='word_1_156' title='bbox 3694 649 3701 657; x_wconf 90' lang='grc'><em>’</em></span> 
     </span>
    </p>
   </div>
   <div class='ocr_carea' id='block_1_23' title="bbox 2022 738 3610 813">
    <p class='ocr_par' dir='ltr' id='par_1_23' title="bbox 2022 738 3610 813">
     <span class='ocr_line' id='line_1_23' title="bbox 2022 738 3610 813; baseline 0.002 -18"><span class='ocrx_word' id='word_1_157' title='bbox 2022 738 2456 813; x_wconf 86' lang='lat' dir='ltr'><strong>propheticarum</strong></span> <span class='ocrx_word' id='word_1_158' title='bbox 2520 748 2575 796; x_wconf 90' lang='lat' dir='ltr'><strong>et</strong></span> <span class='ocrx_word' id='word_1_159' title='bbox 2648 741 3036 796; x_wconf 82' lang='lat' dir='ltr'><strong>dominicarmn</strong></span> <span class='ocrx_word' id='word_1_160' title='bbox 3093 742 3610 813; x_wconf 88' lang='lat' dir='ltr'><strong>pronuntiationum,</strong></span> 
     </span>
    </p>
   </div>
   <div class='ocr_carea' id='block_1_24' title="bbox 2020 831 3610 902">
    <p class='ocr_par' dir='ltr' id='par_1_24' title="bbox 2020 831 3610 902">
     <span class='ocr_line' id='line_1_24' title="bbox 2020 831 3610 902; baseline 0.003 -16"><span class='ocrx_word' id='word_1_161' title='bbox 2020 832 2221 887; x_wconf 88' lang='lat' dir='ltr'><strong>nullam</strong></span> <span class='ocrx_word' id='word_1_162' title='bbox 2236 831 2323 888; x_wconf 90' lang='lat' dir='ltr'><strong>hic</strong></span> <span class='ocrx_word' id='word_1_163' title='bbox 2339 831 2904 902; x_wconf 70' lang='lat' dir='ltr'><strong>poterisintersu&#39;uere</strong></span> <span class='ocrx_word' id='word_1_164' title='bbox 2929 832 3349 897; x_wconf 78' lang='lat' dir='ltr'><strong>distinctionem,</strong></span> <span class='ocrx_word' id='word_1_165' title='bbox 3380 843 3442 890; x_wconf 89' lang='lat' dir='ltr'><strong>ut</strong></span> <span class='ocrx_word' id='word_1_166' title='bbox 3473 849 3610 890; x_wconf 86' lang='lat' dir='ltr'><strong>con-</strong></span> 
     </span>
    </p>
   </div>
   <div class='ocr_carea' id='block_1_25' title="bbox 2020 923 3611 1005">
    <p class='ocr_par' dir='ltr' id='par_1_25' title="bbox 2020 923 3611 1005">
     <span class='ocr_line' id='line_1_25' title="bbox 2020 923 3611 1005; baseline 0.001 -24"><span class='ocrx_word' id='word_1_167' title='bbox 2020 923 2300 982; x_wconf 87' lang='lat' dir='ltr'><strong>cussiones</strong></span> <span class='ocrx_word' id='word_1_168' title='bbox 2354 923 2570 1005; x_wconf 84' lang='lat' dir='ltr'><strong>quidem</strong></span> <span class='ocrx_word' id='word_1_169' title='bbox 2622 926 2826 980; x_wconf 85' lang='lat' dir='ltr'><strong>releras</strong></span> <span class='ocrx_word' id='word_1_170' title='bbox 2870 925 2937 980; x_wconf 85' lang='lat' dir='ltr'><strong>ad</strong></span> <span class='ocrx_word' id='word_1_171' title='bbox 2985 923 3336 992; x_wconf 89' lang='lat' dir='ltr'><strong>Creatorem,</strong></span> <span class='ocrx_word' id='word_1_172' title='bbox 3389 926 3611 982; x_wconf 66' lang='lat' dir='ltr'><strong>saevitia:</strong></span> 
     </span>
    </p>
   </div>
   <div class='ocr_carea' id='block_1_26' title="bbox 2021 1016 3617 1091">
    <p class='ocr_par' dir='ltr' id='par_1_26' title="bbox 2021 1016 3617 1091">
     <span class='ocr_line' id='line_1_26' title="bbox 2021 1016 3617 1091; baseline 0.003 -18"><span class='ocrx_word' id='word_1_173' title='bbox 2021 1016 2231 1074; x_wconf 86' lang='lat' dir='ltr'><strong>scilicet</strong></span> <span class='ocrx_word' id='word_1_174' title='bbox 2272 1016 2477 1086; x_wconf 89' lang='lat' dir='ltr'><strong>Deum,</strong></span> <span class='ocrx_word' id='word_1_175' title='bbox 2517 1033 2650 1089; x_wconf 92' lang='lat' dir='ltr'><strong>quas</strong></span> <span class='ocrx_word' id='word_1_176' title='bbox 2696 1033 2797 1074; x_wconf 91' lang='lat' dir='ltr'><strong>nee</strong></span> <span class='ocrx_word' id='word_1_177' title='bbox 2825 1018 3038 1084; x_wconf 88' lang='lat' dir='ltr'><strong>sinere,</strong></span> <span class='ocrx_word' id='word_1_178' title='bbox 3068 1018 3266 1076; x_wconf 90' lang='lat' dir='ltr'><strong>nedum</strong></span> <span class='ocrx_word' id='word_1_179' title='bbox 3296 1030 3617 1091; x_wconf 80' lang='lat' dir='ltr'><strong>exspectare</strong></span> 
     </span>
    </p>
   </div>
   <div class='ocr_carea' id='block_1_27' title="bbox 2027 1109 3621 1184">
    <p class='ocr_par' dir='ltr' id='par_1_27' title="bbox 2027 1109 3621 1184">
     <span class='ocr_line' id='line_1_27' title="bbox 2027 1109 3621 1184; baseline 0.003 -21"><span class='ocrx_word' id='word_1_180' title='bbox 2027 1109 2254 1167; x_wconf 82' lang='lat' dir='ltr'><strong>deberet</strong></span> <span class='ocrx_word' id='word_1_181' title='bbox 2284 1109 2428 1166; x_wconf 89' lang='lat' dir='ltr'><strong>Deus</strong></span> <span class='ocrx_word' id='word_1_182' title='bbox 2465 1109 2700 1181; x_wconf 85' lang='lat' dir='ltr'><strong>optimus</strong></span> <span class='ocrx_word' id='word_1_183' title='bbox 2725 1127 2739 1177; x_wconf 93' lang='lat'><strong>;</strong></span> <span class='ocrx_word' id='word_1_184' title='bbox 2802 1110 3189 1179; x_wconf 79' lang='lat' dir='ltr'><strong>premissiones</strong></span> <span class='ocrx_word' id='word_1_185' title='bbox 3216 1126 3346 1167; x_wconf 88' lang='lat' dir='ltr'><strong>vero</strong></span> <span class='ocrx_word' id='word_1_186' title='bbox 3378 1112 3492 1167; x_wconf 91' lang='lat' dir='ltr'><strong>Deo</strong></span> <span class='ocrx_word' id='word_1_187' title='bbox 3519 1128 3621 1184; x_wconf 86' lang='lat' dir='ltr'><strong>op-</strong></span> 
     </span>
    </p>
   </div>
   <div class='ocr_carea' id='block_1_28' title="bbox 2025 1202 3624 1274">
    <p class='ocr_par' dir='ltr' id='par_1_28' title="bbox 2025 1202 3624 1274">
     <span class='ocr_line' id='line_1_28' title="bbox 2025 1202 3624 1274; baseline 0 -15"><span class='ocrx_word' id='word_1_188' title='bbox 2025 1203 2159 1259; x_wconf 89' lang='lat' dir='ltr'><strong>timo</strong></span> <span class='ocrx_word' id='word_1_189' title='bbox 2185 1203 2417 1274; x_wconf 82' lang='lat' dir='ltr'><strong>deputes</strong></span> <span class='ocrx_word' id='word_1_190' title='bbox 2441 1244 2457 1271; x_wconf 90' lang='lat'><strong>,</strong></span> <span class='ocrx_word' id='word_1_191' title='bbox 2485 1219 2621 1274; x_wconf 87' lang='lat' dir='ltr'><strong>quas</strong></span> <span class='ocrx_word' id='word_1_192' title='bbox 2650 1203 2874 1259; x_wconf 82' lang='lat' dir='ltr'><strong>Creator</strong></span> <span class='ocrx_word' id='word_1_193' title='bbox 2898 1204 3148 1274; x_wconf 80' lang='lat' dir='ltr'><strong>ignorans</strong></span> <span class='ocrx_word' id='word_1_194' title='bbox 3177 1202 3327 1258; x_wconf 88' lang='lat' dir='ltr'><strong>illum</strong></span> <span class='ocrx_word' id='word_1_195' title='bbox 3360 1220 3466 1259; x_wconf 89' lang='lat' dir='ltr'><strong>non</strong></span> <span class='ocrx_word' id='word_1_196' title='bbox 3501 1218 3624 1274; x_wconf 86' lang='lat' dir='ltr'><strong>pro-</strong></span> 
     </span>
    </p>
   </div>
   <div class='ocr_carea' id='block_1_29' title="bbox 2032 1295 3621 1369">
    <p class='ocr_par' dir='ltr' id='par_1_29' title="bbox 2032 1295 3621 1369">
     <span class='ocr_line' id='line_1_29' title="bbox 2032 1295 3621 1369; baseline 0.001 -18"><span class='ocrx_word' id='word_1_197' title='bbox 2032 1295 2330 1369; x_wconf 85' lang='lat' dir='ltr'><strong>phetasset.</strong></span> <span class='ocrx_word' id='word_1_198' title='bbox 2371 1298 2477 1352; x_wconf 84' lang='lat' dir='ltr'><strong>Aut</strong></span> <span class='ocrx_word' id='word_1_199' title='bbox 2522 1297 2568 1352; x_wconf 93' lang='lat' dir='ltr'><strong>si</strong></span> <span class='ocrx_word' id='word_1_200' title='bbox 2595 1311 2724 1352; x_wconf 88' lang='lat' dir='ltr'><strong>suas</strong></span> <span class='ocrx_word' id='word_1_201' title='bbox 2752 1295 3123 1366; x_wconf 87' lang='lat' dir='ltr'><strong>prophetavit,</strong></span> <span class='ocrx_word' id='word_1_202' title='bbox 3158 1311 3265 1352; x_wconf 88' lang='lat' dir='ltr'><strong>non</strong></span> <span class='ocrx_word' id='word_1_203' title='bbox 3298 1297 3564 1352; x_wconf 88' lang='lat' dir='ltr'><strong>distantes</strong></span> <span class='ocrx_word' id='word_1_204' title='bbox 3587 1313 3621 1353; x_wconf 88' lang='lat' dir='ltr'><strong>a</strong></span> 
     </span>
    </p>
   </div>
   <div class='ocr_carea' id='block_1_30' title="bbox 2034 1387 3626 1462">
    <p class='ocr_par' dir='ltr' id='par_1_30' title="bbox 2034 1387 3626 1462">
     <span class='ocr_line' id='line_1_30' title="bbox 2034 1387 3626 1462; baseline 0.001 -16"><span class='ocrx_word' id='word_1_205' title='bbox 2034 1388 2484 1459; x_wconf 87' lang='lat' dir='ltr'><strong>promissionibus</strong></span> <span class='ocrx_word' id='word_1_206' title='bbox 2513 1387 2710 1444; x_wconf 80' lang='lat' dir='ltr'><strong>ChriSIi</strong></span> <span class='ocrx_word' id='word_1_207' title='bbox 2736 1428 2752 1455; x_wconf 89' lang='lat'><strong>,</strong></span> <span class='ocrx_word' id='word_1_208' title='bbox 2802 1404 2899 1459; x_wconf 84' lang='lat' dir='ltr'><strong>par</strong></span> <span class='ocrx_word' id='word_1_209' title='bbox 2929 1390 3033 1444; x_wconf 88' lang='lat' dir='ltr'><strong>erit</strong></span> <span class='ocrx_word' id='word_1_210' title='bbox 3057 1388 3109 1443; x_wconf 91' lang='lat' dir='ltr'><strong>in</strong></span> <span class='ocrx_word' id='word_1_211' title='bbox 3141 1388 3388 1446; x_wconf 85' lang='lat' dir='ltr'><strong>libertate</strong></span> <span class='ocrx_word' id='word_1_212' title='bbox 3421 1391 3626 1462; x_wconf 81' lang='lat' dir='ltr'><strong>optimo</strong></span> 
     </span>
    </p>
   </div>
   <div class='ocr_carea' id='block_1_31' title="bbox 2029 1479 3623 1552">
    <p class='ocr_par' dir='ltr' id='par_1_31' title="bbox 2029 1479 3623 1552">
     <span class='ocr_line' id='line_1_31' title="bbox 2029 1479 3623 1552; baseline 0.001 -16"><span class='ocrx_word' id='word_1_213' title='bbox 2029 1480 2144 1538; x_wconf 86' lang='lat' dir='ltr'><strong>De‘o</strong></span> <span class='ocrx_word' id='word_1_214' title='bbox 2175 1496 2190 1547; x_wconf 92' lang='lat'><strong>;</strong></span> <span class='ocrx_word' id='word_1_215' title='bbox 2229 1494 2331 1537; x_wconf 83' lang='lat' dir='ltr'><strong>nec</strong></span> <span class='ocrx_word' id='word_1_216' title='bbox 2359 1479 2476 1550; x_wconf 86' lang='lat' dir='ltr'><strong>plus</strong></span> <span class='ocrx_word' id='word_1_217' title='bbox 2503 1479 2774 1536; x_wconf 82' lang='lat' dir='ltr'><strong>videbitur</strong></span> <span class='ocrx_word' id='word_1_218' title='bbox 2814 1495 2843 1533; x_wconf 94' lang='lat' dir='ltr'><strong>a</strong></span> <span class='ocrx_word' id='word_1_219' title='bbox 2893 1479 3108 1536; x_wconf 85' lang='lat' dir='ltr'><strong>Christo</strong></span> <span class='ocrx_word' id='word_1_220' title='bbox 3161 1490 3252 1537; x_wconf 93' lang='lat' dir='ltr'><strong>tuo</strong></span> <span class='ocrx_word' id='word_1_221' title='bbox 3275 1482 3573 1552; x_wconf 90' lang='lat' dir='ltr'><strong>repromitti</strong></span> <span class='ocrx_word' id='word_1_222' title='bbox 3605 1525 3623 1548; x_wconf 88' lang='lat'><strong>,</strong></span> 
     </span>
    </p>
   </div>
   <div class='ocr_carea' id='block_1_32' title="bbox 2030 1571 3633 1646">
    <p class='ocr_par' dir='ltr' id='par_1_32' title="bbox 2030 1571 3633 1646">
     <span class='ocr_line' id='line_1_32' title="bbox 2030 1571 3633 1646; baseline 0.001 -19"><span class='ocrx_word' id='word_1_223' title='bbox 2030 1589 2192 1646; x_wconf 89' lang='lat' dir='ltr'><strong>quam</strong></span> <span class='ocrx_word' id='word_1_224' title='bbox 2208 1589 2239 1628; x_wconf 89' lang='lat' dir='ltr'><strong>a</strong></span> <span class='ocrx_word' id='word_1_225' title='bbox 2258 1588 2379 1630; x_wconf 90' lang='lat' dir='ltr'><strong>meo</strong></span> <span class='ocrx_word' id='word_1_226' title='bbox 2418 1572 2530 1628; x_wconf 88' lang='lat' dir='ltr'><strong>lilio</strong></span> <span class='ocrx_word' id='word_1_227' title='bbox 2545 1571 2800 1628; x_wconf 90' lang='lat' dir='ltr'><strong>hominis.</strong></span> <span class='ocrx_word' id='word_1_228' title='bbox 2826 1574 3002 1643; x_wconf 87' lang='lat' dir='ltr'><strong>Ipsum</strong></span> <span class='ocrx_word' id='word_1_229' title='bbox 3026 1573 3310 1629; x_wconf 88' lang='lat' dir='ltr'><strong>decursum</strong></span> <span class='ocrx_word' id='word_1_230' title='bbox 3336 1573 3633 1646; x_wconf 79' lang='lat' dir='ltr'><strong>Scriptura:</strong></span> 
     </span>
    </p>
   </div>
   <div class='ocr_carea' id='block_1_33' title="bbox 2034 1663 3628 1737">
    <p class='ocr_par' dir='ltr' id='par_1_33' title="bbox 2034 1663 3628 1737">
     <span class='ocr_line' id='line_1_33' title="bbox 2034 1663 3628 1737; baseline 0 -16"><span class='ocrx_word' id='word_1_231' title='bbox 2034 1665 2382 1737; x_wconf 48' lang='lat' dir='ltr'><strong>evangelica;</strong></span> <span class='ocrx_word' id='word_1_232' title='bbox 2413 1664 2483 1721; x_wconf 88' lang='lat' dir='ltr'><strong>ab</strong></span> <span class='ocrx_word' id='word_1_233' title='bbox 2508 1664 2928 1735; x_wconf 81' lang='lat' dir='ltr'><strong>interrogatione</strong></span> <span class='ocrx_word' id='word_1_234' title='bbox 2951 1663 3339 1736; x_wconf 87' lang='lat' dir='ltr'><strong>discipulorum</strong></span> <span class='ocrx_word' id='word_1_235' title='bbox 3365 1681 3536 1737; x_wconf 91' lang='lat' dir='ltr'><strong>usque</strong></span> <span class='ocrx_word' id='word_1_236' title='bbox 3560 1665 3628 1721; x_wconf 89' lang='lat' dir='ltr'><strong>ad</strong></span> 
     </span>
    </p>
   </div>
   <div class='ocr_carea' id='block_1_34' title="bbox 2034 1755 3626 1827">
    <p class='ocr_par' dir='ltr' id='par_1_34' title="bbox 2034 1755 3626 1827">
     <span class='ocr_line' id='line_1_34' title="bbox 2034 1755 3626 1827; baseline 0.001 -17"><span class='ocrx_word' id='word_1_237' title='bbox 2034 1755 2340 1827; x_wconf 88' lang='lat' dir='ltr'><strong>parabolam</strong></span> <span class='ocrx_word' id='word_1_238' title='bbox 2400 1755 2507 1822; x_wconf 82' lang='lat' dir='ltr'><strong>ﬁci,</strong></span> <span class='ocrx_word' id='word_1_239' title='bbox 2559 1756 2630 1810; x_wconf 82' lang='lat' dir='ltr'><strong>ita</strong></span> <span class='ocrx_word' id='word_1_240' title='bbox 2687 1755 2928 1811; x_wconf 81' lang='lat' dir='ltr'><strong>invenies</strong></span> <span class='ocrx_word' id='word_1_241' title='bbox 2980 1764 3234 1812; x_wconf 85' lang='lat' dir='ltr'><strong>contextu</strong></span> <span class='ocrx_word' id='word_1_242' title='bbox 3282 1770 3477 1812; x_wconf 89' lang='lat' dir='ltr'><strong>sensus</strong></span> <span class='ocrx_word' id='word_1_243' title='bbox 3514 1755 3626 1812; x_wconf 86' lang='lat' dir='ltr'><strong>lilio</strong></span> 
     </span>
    </p>
   </div>
   <div class='ocr_carea' id='block_1_35' title="bbox 315 1844 3631 1923">
    <p class='ocr_par' dir='ltr' id='par_1_35' title="bbox 315 1844 3631 1923">
     <span class='ocr_line' id='line_1_35' title="bbox 315 1844 3631 1923; baseline 0.001 -23"><span class='ocrx_word' id='word_1_244' title='bbox 315 1855 473 1901; x_wconf 83' lang='lat' dir='ltr'><strong>nnset</strong></span> <span class='ocrx_word' id='word_1_245' title='bbox 488 1846 702 1902; x_wconf 83' lang='lat' dir='ltr'><strong>illustris</strong></span> <span class='ocrx_word' id='word_1_246' title='bbox 723 1845 944 1902; x_wconf 87' lang='lat' dir='ltr'><strong>Domini.</strong></span> <span class='ocrx_word' id='word_1_247' title='bbox 971 1846 1144 1902; x_wconf 82' lang='lat' dir='ltr'><strong>[labes</strong></span> <span class='ocrx_word' id='word_1_248' title='bbox 1157 1856 1212 1904; x_wconf 92' lang='lat' dir='ltr'><strong>et</strong></span> <span class='ocrx_word' id='word_1_249' title='bbox 1227 1846 1475 1904; x_wconf 85' lang='lat' dir='ltr'><strong>llabacuc</strong></span> <span class='ocrx_word' id='word_1_250' title='bbox 1498 1844 1721 1919; x_wconf 85' lang='lat' dir='ltr'><strong>(Haba.,</strong></span> <span class='ocrx_word' id='word_1_251' title='bbox 1740 1844 1828 1914; x_wconf 85' lang='lat' dir='ltr'><strong>Ill,</strong></span> <span class='ocrx_word' id='word_1_252' title='bbox 1849 1845 1925 1918; x_wconf 84' lang='lat'><strong>9):</strong></span> <span class='ocrx_word' id='word_1_253' title='bbox 1957 1862 2006 1923; x_wconf 80' lang='grc' dir='ltr'><strong>Β</strong></span> <span class='ocrx_word' id='word_1_254' title='bbox 2036 1848 2268 1904; x_wconf 86' lang='lat' dir='ltr'><strong>hominis</strong></span> <span class='ocrx_word' id='word_1_255' title='bbox 2295 1847 2592 1919; x_wconf 88' lang='lat' dir='ltr'><strong>hincatquc</strong></span> <span class='ocrx_word' id='word_1_256' title='bbox 2618 1847 2773 1903; x_wconf 89' lang='lat' dir='ltr'><strong>illinc</strong></span> <span class='ocrx_word' id='word_1_257' title='bbox 2800 1847 3100 1912; x_wconf 74' lang='lat' dir='ltr'><strong>adhrcrcre,</strong></span> <span class='ocrx_word' id='word_1_258' title='bbox 3135 1858 3192 1903; x_wconf 90' lang='lat' dir='ltr'><strong>ut</strong></span> <span class='ocrx_word' id='word_1_259' title='bbox 3221 1847 3275 1903; x_wconf 90' lang='lat' dir='ltr'><strong>in</strong></span> <span class='ocrx_word' id='word_1_260' title='bbox 3301 1848 3452 1904; x_wconf 91' lang='lat' dir='ltr'><strong>illum</strong></span> <span class='ocrx_word' id='word_1_261' title='bbox 3476 1863 3631 1904; x_wconf 90' lang='lat' dir='ltr'><strong>com-</strong></span> 
     </span>
    </p>
   </div>
   <div class='ocr_carea' id='block_1_36' title="bbox 315 1936 1930 2010">
    <p class='ocr_par' dir='ltr' id='par_1_36' title="bbox 315 1936 1930 2010">
     <span class='ocr_line' id='line_1_36' title="bbox 315 1936 1930 2010; baseline -0.001 -17"><span class='ocrx_word' id='word_1_262' title='bbox 315 1937 653 1993; x_wconf 79' lang='lat' dir='ltr'><strong>Fluminibus</strong></span> <span class='ocrx_word' id='word_1_263' title='bbox 680 1936 1033 2009; x_wconf 77' lang='lat' dir='ltr'><strong>disrumpclur</strong></span> <span class='ocrx_word' id='word_1_264' title='bbox 1072 1948 1206 1993; x_wconf 91' lang='lat' dir='ltr'><strong>terra</strong></span> <span class='ocrx_word' id='word_1_265' title='bbox 1238 1955 1257 2004; x_wconf 88' lang='lat'><strong><em>;</em></strong></span> <span class='ocrx_word' id='word_1_266' title='bbox 1309 1937 1546 1994; x_wconf 83' lang='lat' dir='ltr'><strong>videbunt</strong></span> <span class='ocrx_word' id='word_1_267' title='bbox 1584 1947 1633 1994; x_wconf 88' lang='lat' dir='ltr'><strong>te</strong></span> <span class='ocrx_word' id='word_1_268' title='bbox 1656 1979 1671 2003; x_wconf 90' lang='lat'><strong>,</strong></span> <span class='ocrx_word' id='word_1_269' title='bbox 1719 1947 1768 1992; x_wconf 89' lang='lat' dir='ltr'><strong>et</strong></span> <span class='ocrx_word' id='word_1_270' title='bbox 1805 1954 1930 2010; x_wconf 90' lang='lat' dir='ltr'><strong>par-</strong></span> 
     </span>
    </p>
   </div>
   <div class='ocr_carea' id='block_1_37' title="bbox 318 2014 1926 2106">
    <p class='ocr_par' dir='ltr' id='par_1_37' title="bbox 318 2014 1926 2106">
     <span class='ocr_line' id='line_1_37' title="bbox 318 2014 1926 2106; baseline 0.002 -21"><span class='ocrx_word' id='word_1_271' title='bbox 318 2030 510 2085; x_wconf 73' lang='lat' dir='ltr'><strong>turient</strong></span> <span class='ocrx_word' id='word_1_272' title='bbox 566 2030 792 2102; x_wconf 82' lang='lat' dir='ltr'><strong>pepuli;</strong></span> <span class='ocrx_word' id='word_1_273' title='bbox 843 2032 1104 2103; x_wconf 76' lang='lat' dir='ltr'><strong>dispergas</strong></span> <span class='ocrx_word' id='word_1_274' title='bbox 1134 2030 1217 2104; x_wconf 73' lang='lat'><strong>(2)</strong></span> <span class='ocrx_word' id='word_1_275' title='bbox 1252 2048 1411 2105; x_wconf 87' lang='lat' dir='ltr'><strong>aquas</strong></span> <span class='ocrx_word' id='word_1_276' title='bbox 1464 2014 1639 2104; x_wconf 88' lang='lat' dir='ltr'><strong>gressu</strong></span> <span class='ocrx_word' id='word_1_277' title='bbox 1672 2030 1774 2106; x_wconf 78' lang='grc'><strong>(5).</strong></span> <span class='ocrx_word' id='word_1_278' title='bbox 1817 2030 1926 2088; x_wconf 86' lang='lat' dir='ltr'><strong>De-</strong></span> 
     </span>
    </p>
   </div>
   <div class='ocr_carea' id='block_1_38' title="bbox 318 2123 1929 2196">
    <p class='ocr_par' dir='ltr' id='par_1_38' title="bbox 318 2123 1929 2196">
     <span class='ocr_line' id='line_1_38' title="bbox 318 2123 1929 2196; baseline 0.001 -18"><span class='ocrx_word' id='word_1_279' title='bbox 318 2123 399 2178; x_wconf 86' lang='lat' dir='ltr'><strong>dit</strong></span> <span class='ocrx_word' id='word_1_280' title='bbox 437 2124 654 2195; x_wconf 82' lang='lat' dir='ltr'><strong>abyssus</strong></span> <span class='ocrx_word' id='word_1_281' title='bbox 681 2139 864 2177; x_wconf 89' lang='lat' dir='ltr'><strong>sonum</strong></span> <span class='ocrx_word' id='word_1_282' title='bbox 894 2140 1043 2179; x_wconf 88' lang='lat' dir='ltr'><strong>suum</strong></span> <span class='ocrx_word' id='word_1_283' title='bbox 1068 2138 1090 2191; x_wconf 89' lang='lat'><strong><em>;</em></strong></span> <span class='ocrx_word' id='word_1_284' title='bbox 1116 2123 1404 2180; x_wconf 81' lang='lat' dir='ltr'><strong>sublimitas</strong></span> <span class='ocrx_word' id='word_1_285' title='bbox 1433 2123 1631 2180; x_wconf 84' lang='lat' dir='ltr'><strong>timoris</strong></span> <span class='ocrx_word' id='word_1_286' title='bbox 1679 2125 1792 2196; x_wconf 88' lang='lat' dir='ltr'><strong>ejus</strong></span> <span class='ocrx_word' id='word_1_287' title='bbox 1821 2123 1929 2180; x_wconf 86' lang='lat' dir='ltr'><strong>ela-</strong></span> 
     </span>
    </p>
   </div>
   <div class='ocr_carea' id='block_1_39' title="bbox 323 2214 1933 2285">
    <p class='ocr_par' dir='ltr' id='par_1_39' title="bbox 323 2214 1933 2285">
     <span class='ocr_line' id='line_1_39' title="bbox 323 2214 1933 2285; baseline 0 -14"><span class='ocrx_word' id='word_1_288' title='bbox 323 2225 470 2271; x_wconf 88' lang='lat' dir='ltr'><strong>taest</strong></span> <span class='ocrx_word' id='word_1_289' title='bbox 501 2231 522 2280; x_wconf 85' lang='lat'><strong><em>;</em></strong></span> <span class='ocrx_word' id='word_1_290' title='bbox 558 2217 705 2270; x_wconf 86' lang='lat' dir='ltr'><strong>solet</strong></span> <span class='ocrx_word' id='word_1_291' title='bbox 737 2215 863 2271; x_wconf 88' lang='lat' dir='ltr'><strong>luna</strong></span> <span class='ocrx_word' id='word_1_292' title='bbox 885 2216 1112 2272; x_wconf 84' lang='lat' dir='ltr'><strong>constitit</strong></span> <span class='ocrx_word' id='word_1_293' title='bbox 1136 2216 1191 2270; x_wconf 89' lang='lat' dir='ltr'><strong>in</strong></span> <span class='ocrx_word' id='word_1_294' title='bbox 1217 2216 1528 2285; x_wconf 4' lang='lat' dir='ltr'><strong>suasordine,</strong></span> <span class='ocrx_word' id='word_1_295' title='bbox 1561 2214 1618 2271; x_wconf 87' lang='lat' dir='ltr'><strong>in</strong></span> <span class='ocrx_word' id='word_1_296' title='bbox 1638 2215 1806 2272; x_wconf 85' lang='lat' dir='ltr'><strong>lucem</strong></span> <span class='ocrx_word' id='word_1_297' title='bbox 1842 2232 1933 2271; x_wconf 84' lang='lat' dir='ltr'><strong>co-</strong></span> 
     </span>
    </p>
   </div>
   <div class='ocr_carea' id='block_1_40' title="bbox 322 2307 1934 2381">
    <p class='ocr_par' dir='ltr' id='par_1_40' title="bbox 322 2307 1934 2381">
     <span class='ocr_line' id='line_1_40' title="bbox 322 2307 1934 2381; baseline 0 -18"><span class='ocrx_word' id='word_1_298' title='bbox 322 2308 632 2363; x_wconf 86' lang='lat' dir='ltr'><strong>ruscationis</strong></span> <span class='ocrx_word' id='word_1_299' title='bbox 675 2308 755 2380; x_wconf 79' lang='grc'><strong>(4)</strong></span> <span class='ocrx_word' id='word_1_300' title='bbox 798 2318 901 2364; x_wconf 80' lang='lat' dir='ltr'><strong>tute</strong></span> <span class='ocrx_word' id='word_1_301' title='bbox 944 2307 1089 2363; x_wconf 89' lang='lat' dir='ltr'><strong>ibunt</strong></span> <span class='ocrx_word' id='word_1_302' title='bbox 1141 2308 1195 2364; x_wconf 88' lang='lat' dir='ltr'><strong>in</strong></span> <span class='ocrx_word' id='word_1_303' title='bbox 1233 2307 1533 2380; x_wconf 78' lang='lat' dir='ltr'><strong>fulgorem;</strong></span> <span class='ocrx_word' id='word_1_304' title='bbox 1589 2308 1766 2381; x_wconf 82' lang='lat' dir='ltr'><strong>fulgur</strong></span> <span class='ocrx_word' id='word_1_305' title='bbox 1816 2322 1934 2363; x_wconf 84' lang='lat' dir='ltr'><strong>scu-</strong></span> 
     </span>
    </p>
   </div>
   <div class='ocr_carea' id='block_1_41' title="bbox 278 2400 1937 2467">
    <p class='ocr_par' dir='ltr' id='par_1_41' title="bbox 278 2400 1937 2467">
     <span class='ocr_line' id='line_1_41' title="bbox 278 2400 1937 2467; baseline -0.001 -12"><span class='ocrx_word' id='word_1_306' title='bbox 278 2460 289 2466; x_wconf 59' lang='grc'><em>,</em></span> <span class='ocrx_word' id='word_1_307' title='bbox 328 2410 439 2456; x_wconf 77' lang='lat' dir='ltr'><strong>tum</strong></span> <span class='ocrx_word' id='word_1_308' title='bbox 464 2409 628 2467; x_wconf 88' lang='lat' dir='ltr'><strong>tuum,</strong></span> <span class='ocrx_word' id='word_1_309' title='bbox 657 2400 713 2455; x_wconf 86' lang='lat' dir='ltr'><strong>in</strong></span> <span class='ocrx_word' id='word_1_310' title='bbox 742 2401 1198 2463; x_wconf 87' lang='lat' dir='ltr'><strong>communicatione</strong></span> <span class='ocrx_word' id='word_1_311' title='bbox 1230 2412 1318 2456; x_wconf 90' lang='lat' dir='ltr'><strong>tua</strong></span> <span class='ocrx_word' id='word_1_312' title='bbox 1359 2400 1615 2456; x_wconf 86' lang='lat' dir='ltr'><strong>diminues</strong></span> <span class='ocrx_word' id='word_1_313' title='bbox 1643 2408 1854 2467; x_wconf 81' lang='lat' dir='ltr'><strong>terram,</strong></span> <span class='ocrx_word' id='word_1_314' title='bbox 1885 2408 1937 2456; x_wconf 83' lang='lat' dir='ltr'><strong>et</strong></span> 
     </span>
    </p>
   </div>
   <div class='ocr_carea' id='block_1_42' title="bbox 326 2490 1936 2565">
    <p class='ocr_par' dir='ltr' id='par_1_42' title="bbox 326 2490 1936 2565">
     <span class='ocr_line' id='line_1_42' title="bbox 326 2490 1936 2565; baseline 0 -18"><span class='ocrx_word' id='word_1_315' title='bbox 326 2493 382 2548; x_wconf 88' lang='lat' dir='ltr'><strong>in</strong></span> <span class='ocrx_word' id='word_1_316' title='bbox 407 2494 756 2565; x_wconf 87' lang='lat' dir='ltr'><strong>indignatione</strong></span> <span class='ocrx_word' id='word_1_317' title='bbox 780 2503 869 2547; x_wconf 88' lang='lat' dir='ltr'><strong>tua</strong></span> <span class='ocrx_word' id='word_1_318' title='bbox 890 2493 1112 2565; x_wconf 81' lang='lat' dir='ltr'><strong>depones</strong></span> <span class='ocrx_word' id='word_1_319' title='bbox 1136 2492 1393 2548; x_wconf 81' lang='lat' dir='ltr'><strong>nationes.</strong></span> <span class='ocrx_word' id='word_1_320' title='bbox 1420 2490 1936 2562; x_wconf 86' lang='lat' dir='ltr'><strong>Couveniunt,.opi-</strong></span> 
     </span>
    </p>
   </div>
   <div class='ocr_carea' id='block_1_43' title="bbox 328 2581 1940 2657">
    <p class='ocr_par' dir='ltr' id='par_1_43' title="bbox 328 2581 1940 2657">
     <span class='ocr_line' id='line_1_43' title="bbox 328 2581 1940 2657; baseline -0.002 -15"><span class='ocrx_word' id='word_1_321' title='bbox 328 2601 453 2655; x_wconf 87' lang='lat' dir='ltr'><strong>nor,</strong></span> <span class='ocrx_word' id='word_1_322' title='bbox 484 2595 541 2642; x_wconf 87' lang='lat' dir='ltr'><strong>et</strong></span> <span class='ocrx_word' id='word_1_323' title='bbox 570 2585 781 2641; x_wconf 88' lang='lat' dir='ltr'><strong>Domini</strong></span> <span class='ocrx_word' id='word_1_324' title='bbox 805 2585 1267 2657; x_wconf 81' lang='lat' dir='ltr'><strong>pronuntiationes</strong></span> <span class='ocrx_word' id='word_1_325' title='bbox 1323 2592 1383 2641; x_wconf 89' lang='lat' dir='ltr'><strong>et</strong></span> <span class='ocrx_word' id='word_1_326' title='bbox 1403 2582 1797 2656; x_wconf 86' lang='lat' dir='ltr'><strong>prophetarum</strong></span> <span class='ocrx_word' id='word_1_327' title='bbox 1822 2622 1838 2650; x_wconf 94' lang='lat'><strong>,</strong></span> <span class='ocrx_word' id='word_1_328' title='bbox 1866 2581 1940 2639; x_wconf 87' lang='lat' dir='ltr'><strong>de</strong></span> 
     </span>
    </p>
   </div>
   <div class='ocr_carea' id='block_1_44' title="bbox 331 2676 1940 2745">
    <p class='ocr_par' dir='ltr' id='par_1_44' title="bbox 331 2676 1940 2745">
     <span class='ocr_line' id='line_1_44' title="bbox 331 2676 1940 2745; baseline -0.001 -11"><span class='ocrx_word' id='word_1_329' title='bbox 331 2676 785 2734; x_wconf 87' lang='lat' dir='ltr'><strong>concussionibus</strong></span> <span class='ocrx_word' id='word_1_330' title='bbox 817 2677 1008 2733; x_wconf 90' lang='lat' dir='ltr'><strong>mundi</strong></span> <span class='ocrx_word' id='word_1_331' title='bbox 1038 2686 1095 2735; x_wconf 87' lang='lat' dir='ltr'><strong>et</strong></span> <span class='ocrx_word' id='word_1_332' title='bbox 1130 2677 1279 2733; x_wconf 88' lang='lat' dir='ltr'><strong>orbis</strong></span> <span class='ocrx_word' id='word_1_333' title='bbox 1307 2719 1323 2745; x_wconf 90' lang='lat'><strong>,</strong></span> <span class='ocrx_word' id='word_1_334' title='bbox 1352 2677 1742 2735; x_wconf 88' lang='lat' dir='ltr'><strong>elementorum</strong></span> <span class='ocrx_word' id='word_1_335' title='bbox 1761 2686 1817 2733; x_wconf 89' lang='lat' dir='ltr'><strong>et</strong></span> <span class='ocrx_word' id='word_1_336' title='bbox 1841 2692 1940 2733; x_wconf 85' lang='lat' dir='ltr'><strong>tta-</strong></span> 
     </span>
    </p>
   </div>
   <div class='ocr_carea' id='block_1_45' title="bbox 329 2767 1939 2842">
    <p class='ocr_par' dir='ltr' id='par_1_45' title="bbox 329 2767 1939 2842">
     <span class='ocr_line' id='line_1_45' title="bbox 329 2767 1939 2842; baseline -0.002 -14"><span class='ocrx_word' id='word_1_337' title='bbox 329 2771 564 2828; x_wconf 88' lang='lat' dir='ltr'><strong>tionum.</strong></span> <span class='ocrx_word' id='word_1_338' title='bbox 593 2769 722 2827; x_wconf 83' lang='lat' dir='ltr'><strong>Post</strong></span> <span class='ocrx_word' id='word_1_339' title='bbox 748 2770 863 2825; x_wconf 73' lang='lat' dir='ltr'><strong>lucc</strong></span> <span class='ocrx_word' id='word_1_340' title='bbox 889 2769 1018 2841; x_wconf 90' lang='lat' dir='ltr'><strong>quid</strong></span> <span class='ocrx_word' id='word_1_341' title='bbox 1044 2770 1353 2826; x_wconf 79' lang='lat' dir='ltr'><strong>Dominus?</strong></span> <span class='ocrx_word' id='word_1_342' title='bbox 1399 2767 1470 2824; x_wconf 83' lang='lat' dir='ltr'><strong>Et</strong></span> <span class='ocrx_word' id='word_1_343' title='bbox 1518 2779 1637 2824; x_wconf 90' lang='lat' dir='ltr'><strong>tunc</strong></span> <span class='ocrx_word' id='word_1_344' title='bbox 1666 2768 1746 2842; x_wconf 89' lang='lat' dir='ltr'><strong>(a)</strong></span> <span class='ocrx_word' id='word_1_345' title='bbox 1792 2768 1939 2825; x_wconf 79' lang='lat' dir='ltr'><strong>vide-</strong></span> 
     </span>
    </p>
   </div>
   <div class='ocr_carea' id='block_1_46' title="bbox 329 2863 1947 2934">
    <p class='ocr_par' dir='ltr' id='par_1_46' title="bbox 329 2863 1947 2934">
     <span class='ocr_line' id='line_1_46' title="bbox 329 2863 1947 2934; baseline -0.002 -13"><span class='ocrx_word' id='word_1_346' title='bbox 329 2865 455 2922; x_wconf 78' lang='lat' dir='ltr'><strong>bunt</strong></span> <span class='ocrx_word' id='word_1_347' title='bbox 482 2864 680 2919; x_wconf 84' lang='lat' dir='ltr'><strong>Filium</strong></span> <span class='ocrx_word' id='word_1_348' title='bbox 710 2864 930 2920; x_wconf 83' lang='lat' dir='ltr'><strong>hominis</strong></span> <span class='ocrx_word' id='word_1_349' title='bbox 966 2864 1242 2919; x_wconf 80' lang='lat' dir='ltr'><strong>venientem</strong></span> <span class='ocrx_word' id='word_1_350' title='bbox 1277 2863 1339 2918; x_wconf 85' lang='lat' dir='ltr'><strong>de</strong></span> <span class='ocrx_word' id='word_1_351' title='bbox 1383 2863 1521 2919; x_wconf 78' lang='lat' dir='ltr'><strong>melis</strong></span> <span class='ocrx_word' id='word_1_352' title='bbox 1545 2880 1661 2919; x_wconf 90' lang='lat' dir='ltr'><strong>cum</strong></span> <span class='ocrx_word' id='word_1_353' title='bbox 1714 2863 1947 2934; x_wconf 71' lang='lat' dir='ltr'><strong>plurima</strong></span> 
     </span>
    </p>
   </div>
   <div class='ocr_carea' id='block_1_47' title="bbox 329 2953 1945 3026">
    <p class='ocr_par' dir='ltr' id='par_1_47' title="bbox 329 2953 1945 3026">
     <span class='ocr_line' id='line_1_47' title="bbox 329 2953 1945 3026; baseline -0.001 -14"><span class='ocrx_word' id='word_1_354' title='bbox 329 2958 537 3012; x_wconf 69' lang='lat' dir='ltr'><strong>virtute.</strong></span> <span class='ocrx_word' id='word_1_355' title='bbox 579 2955 708 3010; x_wconf 83' lang='lat' dir='ltr'><strong>Cum</strong></span> <span class='ocrx_word' id='word_1_356' title='bbox 737 2964 904 3011; x_wconf 81' lang='lat' dir='ltr'><strong>autem</strong></span> <span class='ocrx_word' id='word_1_357' title='bbox 929 2956 1035 3011; x_wconf 77' lang='lat' dir='ltr'><strong>[nec</strong></span> <span class='ocrx_word' id='word_1_358' title='bbox 1051 2956 1193 3025; x_wconf 85' lang='lat' dir='ltr'><strong>fient,</strong></span> <span class='ocrx_word' id='word_1_359' title='bbox 1226 2956 1553 3026; x_wconf 85' lang='lat' dir='ltr'><strong>erigetisvos,</strong></span> <span class='ocrx_word' id='word_1_360' title='bbox 1610 2964 1657 3009; x_wconf 92' lang='lat' dir='ltr'><strong>et</strong></span> <span class='ocrx_word' id='word_1_361' title='bbox 1707 2953 1945 3010; x_wconf 84' lang='lat' dir='ltr'><strong>levabitis</strong></span> 
     </span>
    </p>
   </div>
   <div class='ocr_carea' id='block_1_48' title="bbox 331 3046 1945 3121">
    <p class='ocr_par' dir='ltr' id='par_1_48' title="bbox 331 3046 1945 3121">
     <span class='ocr_line' id='line_1_48' title="bbox 331 3046 1945 3121; baseline -0.002 -16"><span class='ocrx_word' id='word_1_362' title='bbox 331 3049 530 3121; x_wconf 78' lang='lat' dir='ltr'><strong>capita,</strong></span> <span class='ocrx_word' id='word_1_363' title='bbox 554 3048 798 3119; x_wconf 88' lang='lat' dir='ltr'><strong>quoniam</strong></span> <span class='ocrx_word' id='word_1_364' title='bbox 840 3047 1268 3120; x_wconf 83' lang='lat' dir='ltr'><strong>appropinquabit</strong></span> <span class='ocrx_word' id='word_1_365' title='bbox 1306 3046 1390 3119; x_wconf 84' lang='lat'><strong>(5)</strong></span> <span class='ocrx_word' id='word_1_366' title='bbox 1437 3047 1720 3118; x_wconf 83' lang='lat' dir='ltr'><strong>redemptio</strong></span> <span class='ocrx_word' id='word_1_367' title='bbox 1752 3056 1945 3102; x_wconf 78' lang='lat' dir='ltr'><strong>vestra.</strong></span> 
     </span>
    </p>
   </div>
   <div class='ocr_carea' id='block_1_49' title="bbox 330 3136 1945 3210">
    <p class='ocr_par' dir='ltr' id='par_1_49' title="bbox 330 3136 1945 3210">
     <span class='ocr_line' id='line_1_49' title="bbox 330 3136 1945 3210; baseline -0.003 -12"><span class='ocrx_word' id='word_1_368' title='bbox 330 3140 398 3198; x_wconf 73' lang='lat' dir='ltr'><strong>In</strong></span> <span class='ocrx_word' id='word_1_369' title='bbox 419 3148 666 3209; x_wconf 87' lang='lat' dir='ltr'><strong>tempore</strong></span> <span class='ocrx_word' id='word_1_370' title='bbox 694 3139 902 3194; x_wconf 89' lang='lat' dir='ltr'><strong>scilicet</strong></span> <span class='ocrx_word' id='word_1_371' title='bbox 923 3139 1074 3209; x_wconf 80' lang='lat' dir='ltr'><strong>regni</strong></span> <span class='ocrx_word' id='word_1_372' title='bbox 1100 3180 1115 3204; x_wconf 89' lang='lat'><strong>,</strong></span> <span class='ocrx_word' id='word_1_373' title='bbox 1143 3138 1213 3194; x_wconf 91' lang='lat' dir='ltr'><strong>de</strong></span> <span class='ocrx_word' id='word_1_374' title='bbox 1243 3156 1350 3210; x_wconf 88' lang='lat' dir='ltr'><strong>quo</strong></span> <span class='ocrx_word' id='word_1_375' title='bbox 1372 3137 1687 3210; x_wconf 88' lang='lat' dir='ltr'><strong>subjectarit</strong></span> <span class='ocrx_word' id='word_1_376' title='bbox 1733 3136 1822 3210; x_wconf 87' lang='lat'><strong>(6)</strong></span> <span class='ocrx_word' id='word_1_377' title='bbox 1856 3139 1945 3209; x_wconf 88' lang='lat' dir='ltr'><strong>ip-</strong></span> 
     </span>
    </p>
   </div>
   <div class='ocr_carea' id='block_1_50' title="bbox 2031 1936 3637 2011">
    <p class='ocr_par' dir='ltr' id='par_1_50' title="bbox 2031 1936 3637 2011">
     <span class='ocr_line' id='line_1_50' title="bbox 2031 1936 3637 2011; baseline 0 -18"><span class='ocrx_word' id='word_1_378' title='bbox 2031 1938 2216 2011; x_wconf 81' lang='lat' dir='ltr'><strong>pingat</strong></span> <span class='ocrx_word' id='word_1_379' title='bbox 2252 1946 2309 1995; x_wconf 90' lang='lat' dir='ltr'><strong>et</strong></span> <span class='ocrx_word' id='word_1_380' title='bbox 2347 1937 2520 1993; x_wconf 87' lang='lat' dir='ltr'><strong>tristia</strong></span> <span class='ocrx_word' id='word_1_381' title='bbox 2546 1947 2601 1993; x_wconf 88' lang='lat' dir='ltr'><strong>et</strong></span> <span class='ocrx_word' id='word_1_382' title='bbox 2634 1936 2787 2004; x_wconf 62' lang='lat' dir='ltr'><strong>laeta,</strong></span> <span class='ocrx_word' id='word_1_383' title='bbox 2821 1945 2876 1992; x_wconf 88' lang='lat' dir='ltr'><strong>et</strong></span> <span class='ocrx_word' id='word_1_384' title='bbox 2912 1938 3299 1995; x_wconf 83' lang='lat' dir='ltr'><strong>concussioucs</strong></span> <span class='ocrx_word' id='word_1_385' title='bbox 3323 1948 3377 1994; x_wconf 90' lang='lat' dir='ltr'><strong>et</strong></span> <span class='ocrx_word' id='word_1_386' title='bbox 3406 1939 3637 2009; x_wconf 84' lang='lat' dir='ltr'><strong>promis-</strong></span> 
     </span>
    </p>
   </div>
   <div class='ocr_carea' id='block_1_51' title="bbox 2032 2029 3631 2103">
    <p class='ocr_par' dir='ltr' id='par_1_51' title="bbox 2032 2029 3631 2103">
     <span class='ocr_line' id='line_1_51' title="bbox 2032 2029 3631 2103; baseline -0.003 -15"><span class='ocrx_word' id='word_1_387' title='bbox 2032 2032 2236 2098; x_wconf 89' lang='lat' dir='ltr'><strong>siones,</strong></span> <span class='ocrx_word' id='word_1_388' title='bbox 2268 2046 2370 2087; x_wconf 89' lang='lat' dir='ltr'><strong>nec</strong></span> <span class='ocrx_word' id='word_1_389' title='bbox 2397 2029 2571 2102; x_wconf 87' lang='lat' dir='ltr'><strong>possis</strong></span> <span class='ocrx_word' id='word_1_390' title='bbox 2621 2044 2875 2101; x_wconf 87' lang='lat' dir='ltr'><strong>separare</strong></span> <span class='ocrx_word' id='word_1_391' title='bbox 2926 2030 2994 2086; x_wconf 90' lang='lat' dir='ltr'><strong>ab</strong></span> <span class='ocrx_word' id='word_1_392' title='bbox 3032 2030 3124 2086; x_wconf 91' lang='lat' dir='ltr'><strong>illo</strong></span> <span class='ocrx_word' id='word_1_393' title='bbox 3148 2031 3369 2088; x_wconf 85' lang='lat' dir='ltr'><strong>alteram</strong></span> <span class='ocrx_word' id='word_1_394' title='bbox 3405 2041 3631 2103; x_wconf 87' lang='lat' dir='ltr'><strong>partem.</strong></span> 
     </span>
    </p>
   </div>
   <div class='ocr_carea' id='block_1_52' title="bbox 2037 2119 3639 2181">
    <p class='ocr_par' dir='ltr' id='par_1_52' title="bbox 2037 2119 3639 2181">
     <span class='ocr_line' id='line_1_52' title="bbox 2037 2119 3639 2181; baseline 0 0"><span class='ocrx_word' id='word_1_395' title='bbox 2037 2121 2214 2181; x_wconf 87' lang='lat' dir='ltr'><strong>Unius</strong></span> <span class='ocrx_word' id='word_1_396' title='bbox 2265 2122 2409 2179; x_wconf 89' lang='lat' dir='ltr'><strong>enim</strong></span> <span class='ocrx_word' id='word_1_397' title='bbox 2442 2119 2543 2176; x_wconf 83' lang='lat' dir='ltr'><strong>lilii</strong></span> <span class='ocrx_word' id='word_1_398' title='bbox 2597 2119 2831 2177; x_wconf 88' lang='lat' dir='ltr'><strong>hontinis</strong></span> <span class='ocrx_word' id='word_1_399' title='bbox 2889 2121 3120 2177; x_wconf 85' lang='lat' dir='ltr'><strong>adventu</strong></span> <span class='ocrx_word' id='word_1_400' title='bbox 3174 2123 3467 2178; x_wconf 87' lang='lat' dir='ltr'><strong>constituto</strong></span> <span class='ocrx_word' id='word_1_401' title='bbox 3498 2124 3639 2181; x_wconf 84' lang='lat' dir='ltr'><strong>inter</strong></span> 
     </span>
    </p>
   </div>
   <div class='ocr_carea' id='block_1_53' title="bbox 2035 2214 3642 2285">
    <p class='ocr_par' dir='ltr' id='par_1_53' title="bbox 2035 2214 3642 2285">
     <span class='ocr_line' id='line_1_53' title="bbox 2035 2214 3642 2285; baseline -0.002 -11"><span class='ocrx_word' id='word_1_402' title='bbox 2035 2217 2172 2274; x_wconf 90' lang='lat' dir='ltr'><strong>duos</strong></span> <span class='ocrx_word' id='word_1_403' title='bbox 2193 2215 2398 2283; x_wconf 81' lang='lat' dir='ltr'><strong>exitus,</strong></span> <span class='ocrx_word' id='word_1_404' title='bbox 2422 2214 2836 2271; x_wconf 91' lang='lat' dir='ltr'><strong>concussionum</strong></span> <span class='ocrx_word' id='word_1_405' title='bbox 2865 2225 2920 2270; x_wconf 92' lang='lat' dir='ltr'><strong>et</strong></span> <span class='ocrx_word' id='word_1_406' title='bbox 2944 2214 3382 2285; x_wconf 87' lang='lat' dir='ltr'><strong>promissionum,</strong></span> <span class='ocrx_word' id='word_1_407' title='bbox 3414 2229 3642 2272; x_wconf 88' lang='lat' dir='ltr'><strong>necesse</strong></span> 
     </span>
    </p>
   </div>
   <div class='ocr_carea' id='block_1_54' title="bbox 2039 2305 3642 2378">
    <p class='ocr_par' dir='ltr' id='par_1_54' title="bbox 2039 2305 3642 2378">
     <span class='ocr_line' id='line_1_54' title="bbox 2039 2305 3642 2378; baseline -0.002 -12"><span class='ocrx_word' id='word_1_408' title='bbox 2039 2307 2216 2366; x_wconf 87' lang='lat' dir='ltr'><strong>estad</strong></span> <span class='ocrx_word' id='word_1_409' title='bbox 2250 2323 2414 2364; x_wconf 90' lang='lat' dir='ltr'><strong>unum</strong></span> <span class='ocrx_word' id='word_1_410' title='bbox 2471 2307 2781 2378; x_wconf 88' lang='lat' dir='ltr'><strong>pertineant</strong></span> <span class='ocrx_word' id='word_1_411' title='bbox 2827 2305 2992 2360; x_wconf 87' lang='lat' dir='ltr'><strong>lilium</strong></span> <span class='ocrx_word' id='word_1_412' title='bbox 3043 2306 3278 2362; x_wconf 87' lang='lat' dir='ltr'><strong>hominis</strong></span> <span class='ocrx_word' id='word_1_413' title='bbox 3302 2347 3316 2372; x_wconf 89' lang='lat'><strong>,</strong></span> <span class='ocrx_word' id='word_1_414' title='bbox 3347 2316 3400 2363; x_wconf 90' lang='lat' dir='ltr'><strong>et</strong></span> <span class='ocrx_word' id='word_1_415' title='bbox 3434 2307 3642 2364; x_wconf 89' lang='lat' dir='ltr'><strong>incom-</strong></span> 
     </span>
    </p>
   </div>
   <div class='ocr_carea' id='block_1_55' title="bbox 2041 2397 3643 2470">
    <p class='ocr_par' dir='ltr' id='par_1_55' title="bbox 2041 2397 3643 2470">
     <span class='ocr_line' id='line_1_55' title="bbox 2041 2397 3643 2470; baseline -0.001 -13"><span class='ocrx_word' id='word_1_416' title='bbox 2041 2400 2198 2457; x_wconf 90' lang='lat' dir='ltr'><strong>moda</strong></span> <span class='ocrx_word' id='word_1_417' title='bbox 2230 2400 2604 2465; x_wconf 89' lang='lat' dir='ltr'><strong>nationum,et</strong></span> <span class='ocrx_word' id='word_1_418' title='bbox 2626 2407 2749 2453; x_wconf 88' lang='lat' dir='ltr'><strong>vota</strong></span> <span class='ocrx_word' id='word_1_419' title='bbox 2774 2407 3081 2454; x_wconf 87' lang='lat' dir='ltr'><strong>sanctorum</strong></span> <span class='ocrx_word' id='word_1_420' title='bbox 3105 2415 3117 2452; x_wconf 93' lang='lat'><strong>:</strong></span> <span class='ocrx_word' id='word_1_421' title='bbox 3145 2398 3268 2469; x_wconf 83' lang='lat' dir='ltr'><strong>quia</strong></span> <span class='ocrx_word' id='word_1_422' title='bbox 3303 2398 3421 2470; x_wconf 83' lang='grc'><strong>(10)</strong></span> <span class='ocrx_word' id='word_1_423' title='bbox 3449 2397 3522 2454; x_wconf 90' lang='lat' dir='ltr'><strong>ita</strong></span> <span class='ocrx_word' id='word_1_424' title='bbox 3547 2414 3643 2470; x_wconf 90' lang='lat' dir='ltr'><strong>po-</strong></span> 
     </span>
    </p>
   </div>
   <div class='ocr_carea' id='block_1_56' title="bbox 2052 2489 3646 2560">
    <p class='ocr_par' dir='ltr' id='par_1_56' title="bbox 2052 2489 3646 2560">
     <span class='ocr_line' id='line_1_56' title="bbox 2052 2489 3646 2560; baseline -0.002 -11"><span class='ocrx_word' id='word_1_425' title='bbox 2052 2489 2191 2550; x_wconf 79' lang='lat' dir='ltr'><strong>situs</strong></span> <span class='ocrx_word' id='word_1_426' title='bbox 2211 2499 2297 2548; x_wconf 86' lang='lat' dir='ltr'><strong>est</strong></span> <span class='ocrx_word' id='word_1_427' title='bbox 2321 2491 2374 2546; x_wconf 89' lang='lat' dir='ltr'><strong>iu</strong></span> <span class='ocrx_word' id='word_1_428' title='bbox 2401 2490 2582 2546; x_wconf 89' lang='lat' dir='ltr'><strong>medio</strong></span> <span class='ocrx_word' id='word_1_429' title='bbox 2603 2531 2620 2560; x_wconf 93' lang='lat'><strong>,</strong></span> <span class='ocrx_word' id='word_1_430' title='bbox 2654 2500 2711 2545; x_wconf 91' lang='lat' dir='ltr'><strong>ut</strong></span> <span class='ocrx_word' id='word_1_431' title='bbox 2737 2489 3037 2545; x_wconf 88' lang='lat' dir='ltr'><strong>communis</strong></span> <span class='ocrx_word' id='word_1_432' title='bbox 3067 2490 3298 2546; x_wconf 76' lang='lat' dir='ltr'><strong>exitibus</strong></span> <span class='ocrx_word' id='word_1_433' title='bbox 3342 2492 3604 2548; x_wconf 84' lang='lat' dir='ltr'><strong>ambobus</strong></span> <span class='ocrx_word' id='word_1_434' title='bbox 3626 2533 3646 2560; x_wconf 82' lang='lat'><strong>,</strong></span> 
     </span>
    </p>
   </div>
   <div class='ocr_carea' id='block_1_57' title="bbox 2043 2581 3646 2650">
    <p class='ocr_par' dir='ltr' id='par_1_57' title="bbox 2043 2581 3646 2650">
     <span class='ocr_line' id='line_1_57' title="bbox 2043 2581 3646 2650; baseline -0.001 -9"><span class='ocrx_word' id='word_1_435' title='bbox 2043 2585 2273 2641; x_wconf 89' lang='lat' dir='ltr'><strong>alterum</strong></span> <span class='ocrx_word' id='word_1_436' title='bbox 2296 2582 2651 2639; x_wconf 88' lang='lat' dir='ltr'><strong>conclusurus</strong></span> <span class='ocrx_word' id='word_1_437' title='bbox 2679 2581 2913 2637; x_wconf 75' lang='lat' dir='ltr'><strong>adventu</strong></span> <span class='ocrx_word' id='word_1_438' title='bbox 2940 2596 3060 2647; x_wconf 90' lang='lat' dir='ltr'><strong>suo,</strong></span> <span class='ocrx_word' id='word_1_439' title='bbox 3089 2581 3139 2636; x_wconf 89' lang='lat' dir='ltr'><strong>id</strong></span> <span class='ocrx_word' id='word_1_440' title='bbox 3169 2591 3272 2650; x_wconf 90' lang='lat' dir='ltr'><strong>est,</strong></span> <span class='ocrx_word' id='word_1_441' title='bbox 3306 2582 3646 2641; x_wconf 87' lang='lat' dir='ltr'><strong>incommoda</strong></span> 
     </span>
    </p>
   </div>
   <div class='ocr_carea' id='block_1_58' title="bbox 2045 2664 3644 2747">
    <p class='ocr_par' dir='ltr' id='par_1_58' title="bbox 2045 2664 3644 2747">
     <span class='ocr_line' id='line_1_58' title="bbox 2045 2664 3644 2747; baseline -0.001 -13"><span class='ocrx_word' id='word_1_442' title='bbox 2045 2678 2352 2743; x_wconf 89' lang='lat' dir='ltr'><strong>nationum;</strong></span> <span class='ocrx_word' id='word_1_443' title='bbox 2369 2676 2596 2732; x_wconf 88' lang='lat' dir='ltr'><strong>alterum</strong></span> <span class='ocrx_word' id='word_1_444' title='bbox 2623 2675 2909 2747; x_wconf 84' lang='lat' dir='ltr'><strong>incipiens,</strong></span> <span class='ocrx_word' id='word_1_445' title='bbox 2935 2675 3114 2742; x_wconf 88' lang='lat' dir='ltr'><strong>idest,</strong></span> <span class='ocrx_word' id='word_1_446' title='bbox 3145 2686 3270 2731; x_wconf 70' lang='lat' dir='ltr'><strong>rota</strong></span> <span class='ocrx_word' id='word_1_447' title='bbox 3294 2664 3644 2744; x_wconf 87' lang='lat' dir='ltr'><strong>sanctorum;</strong></span> 
     </span>
    </p>
   </div>
   <div class='ocr_carea' id='block_1_59' title="bbox 2047 2768 3646 2827">
    <p class='ocr_par' dir='ltr' id='par_1_59' title="bbox 2047 2768 3646 2827">
     <span class='ocr_line' id='line_1_59' title="bbox 2047 2768 3646 2827; baseline -0.001 0"><span class='ocrx_word' id='word_1_448' title='bbox 2047 2777 2110 2827; x_wconf 91' lang='lat' dir='ltr'><strong>ut</strong></span> <span class='ocrx_word' id='word_1_449' title='bbox 2135 2771 2251 2827; x_wconf 83' lang='lat' dir='ltr'><strong>sive</strong></span> <span class='ocrx_word' id='word_1_450' title='bbox 2278 2769 2384 2826; x_wconf 87' lang='lat' dir='ltr'><strong>mei</strong></span> <span class='ocrx_word' id='word_1_451' title='bbox 2414 2768 2612 2825; x_wconf 80' lang='lat' dir='ltr'><strong>ChriSIi</strong></span> <span class='ocrx_word' id='word_1_452' title='bbox 2641 2768 2978 2825; x_wconf 74' lang='lat' dir='ltr'><strong>concesseris</strong></span> <span class='ocrx_word' id='word_1_453' title='bbox 3006 2768 3293 2825; x_wconf 88' lang='lat' dir='ltr'><strong>adventum</strong></span> <span class='ocrx_word' id='word_1_454' title='bbox 3346 2770 3440 2826; x_wconf 86' lang='lat' dir='ltr'><strong>lilii</strong></span> <span class='ocrx_word' id='word_1_455' title='bbox 3468 2770 3646 2827; x_wconf 89' lang='lat' dir='ltr'><strong>homi-</strong></span> 
     </span>
    </p>
   </div>
   <div class='ocr_carea' id='block_1_60' title="bbox 2023 2856 3652 2935">
    <p class='ocr_par' dir='ltr' id='par_1_60' title="bbox 2023 2856 3652 2935">
     <span class='ocr_line' id='line_1_60' title="bbox 2023 2856 3652 2935; baseline 0.001 -15"><span class='ocrx_word' id='word_1_456' title='bbox 2023 2856 2156 2934; x_wconf 66' lang='lat' dir='ltr'><strong>nis,</strong></span> <span class='ocrx_word' id='word_1_457' title='bbox 2185 2880 2293 2935; x_wconf 88' lang='lat' dir='ltr'><strong>quo</strong></span> <span class='ocrx_word' id='word_1_458' title='bbox 2337 2863 2476 2919; x_wconf 91' lang='lat' dir='ltr'><strong>mala</strong></span> <span class='ocrx_word' id='word_1_459' title='bbox 2507 2862 2844 2918; x_wconf 89' lang='lat' dir='ltr'><strong>imminentia</strong></span> <span class='ocrx_word' id='word_1_460' title='bbox 2871 2860 2924 2917; x_wconf 91' lang='lat' dir='ltr'><strong>ci</strong></span> <span class='ocrx_word' id='word_1_461' title='bbox 2952 2861 3178 2933; x_wconf 88' lang='lat' dir='ltr'><strong>deputes</strong></span> <span class='ocrx_word' id='word_1_462' title='bbox 3203 2878 3323 2933; x_wconf 77' lang='lat' dir='ltr'><strong>ane</strong></span> <span class='ocrx_word' id='word_1_463' title='bbox 3363 2862 3652 2921; x_wconf 79' lang='lat' dir='ltr'><strong>adventum</strong></span> 
     </span>
    </p>
   </div>
   <div class='ocr_carea' id='block_1_61' title="bbox 2049 2952 3650 3028">
    <p class='ocr_par' dir='ltr' id='par_1_61' title="bbox 2049 2952 3650 3028">
     <span class='ocr_line' id='line_1_61' title="bbox 2049 2952 3650 3028; baseline -0.002 -16"><span class='ocrx_word' id='word_1_464' title='bbox 2049 2957 2168 3028; x_wconf 91' lang='lat' dir='ltr'><strong>ejus</strong></span> <span class='ocrx_word' id='word_1_465' title='bbox 2193 2954 2542 3021; x_wconf 85' lang='lat' dir='ltr'><strong>antecedunt,</strong></span> <span class='ocrx_word' id='word_1_466' title='bbox 2571 2953 2784 3024; x_wconf 83' lang='lat' dir='ltr'><strong>cogaris</strong></span> <span class='ocrx_word' id='word_1_467' title='bbox 2828 2954 2988 3008; x_wconf 87' lang='lat' dir='ltr'><strong>etiam</strong></span> <span class='ocrx_word' id='word_1_468' title='bbox 3020 2952 3159 3009; x_wconf 89' lang='lat' dir='ltr'><strong>bona</strong></span> <span class='ocrx_word' id='word_1_469' title='bbox 3199 2954 3250 3010; x_wconf 93' lang='lat' dir='ltr'><strong>ei</strong></span> <span class='ocrx_word' id='word_1_470' title='bbox 3296 2954 3607 3010; x_wconf 86' lang='lat' dir='ltr'><strong>adscribere</strong></span> <span class='ocrx_word' id='word_1_471' title='bbox 3631 2998 3650 3024; x_wconf 90' lang='lat'><strong>,</strong></span> 
     </span>
    </p>
   </div>
   <div class='ocr_carea' id='block_1_62' title="bbox 2050 3043 3647 3120">
    <p class='ocr_par' dir='ltr' id='par_1_62' title="bbox 2050 3043 3647 3120">
     <span class='ocr_line' id='line_1_62' title="bbox 2050 3043 3647 3120; baseline -0.001 -17"><span class='ocrx_word' id='word_1_472' title='bbox 2050 3063 2173 3120; x_wconf 86' lang='lat' dir='ltr'><strong>quae</strong></span> <span class='ocrx_word' id='word_1_473' title='bbox 2201 3047 2269 3104; x_wconf 89' lang='lat' dir='ltr'><strong>ab</strong></span> <span class='ocrx_word' id='word_1_474' title='bbox 2306 3046 2544 3104; x_wconf 84' lang='lat' dir='ltr'><strong>adventu</strong></span> <span class='ocrx_word' id='word_1_475' title='bbox 2591 3045 2708 3116; x_wconf 89' lang='lat' dir='ltr'><strong>ejus</strong></span> <span class='ocrx_word' id='word_1_476' title='bbox 2754 3043 3035 3110; x_wconf 90' lang='lat' dir='ltr'><strong>oriuntur;</strong></span> <span class='ocrx_word' id='word_1_477' title='bbox 3085 3044 3201 3100; x_wconf 89' lang='lat' dir='ltr'><strong>sive</strong></span> <span class='ocrx_word' id='word_1_478' title='bbox 3231 3046 3303 3100; x_wconf 92' lang='lat' dir='ltr'><strong>tui</strong></span> <span class='ocrx_word' id='word_1_479' title='bbox 3348 3047 3606 3103; x_wconf 88' lang='lat' dir='ltr'><strong>malueris</strong></span> <span class='ocrx_word' id='word_1_480' title='bbox 3630 3087 3647 3113; x_wconf 94' lang='lat'><strong>,</strong></span> 
     </span>
    </p>
   </div>
   <div class='ocr_carea' id='block_1_63' title="bbox 2050 3135 3660 3211">
    <p class='ocr_par' dir='ltr' id='par_1_63' title="bbox 2050 3135 3660 3211">
     <span class='ocr_line' id='line_1_63' title="bbox 2050 3135 3660 3211; baseline -0.001 -16"><span class='ocrx_word' id='word_1_481' title='bbox 2050 3155 2159 3211; x_wconf 89' lang='lat' dir='ltr'><strong>quo</strong></span> <span class='ocrx_word' id='word_1_482' title='bbox 2196 3140 2338 3195; x_wconf 89' lang='lat' dir='ltr'><strong>bona</strong></span> <span class='ocrx_word' id='word_1_483' title='bbox 2379 3137 2430 3195; x_wconf 89' lang='lat' dir='ltr'><strong>ei</strong></span> <span class='ocrx_word' id='word_1_484' title='bbox 2456 3136 2735 3193; x_wconf 86' lang='lat' dir='ltr'><strong>adseribas</strong></span> <span class='ocrx_word' id='word_1_485' title='bbox 2789 3150 2911 3208; x_wconf 74' lang='lat' dir='ltr'><strong>qua:</strong></span> <span class='ocrx_word' id='word_1_486' title='bbox 2938 3135 3006 3193; x_wconf 86' lang='lat' dir='ltr'><strong>ab</strong></span> <span class='ocrx_word' id='word_1_487' title='bbox 3033 3135 3266 3192; x_wconf 82' lang='lat' dir='ltr'><strong>adventu</strong></span> <span class='ocrx_word' id='word_1_488' title='bbox 3308 3137 3441 3209; x_wconf 74' lang='lat' dir='ltr'><strong>ejus“</strong></span> <span class='ocrx_word' id='word_1_489' title='bbox 3468 3138 3660 3195; x_wconf 85' lang='lat' dir='ltr'><strong>oriun-</strong></span> 
     </span>
    </p>
   </div>
   <div class='ocr_carea' id='block_1_64' title="bbox 333 3226 3656 3328">
    <p class='ocr_par' dir='ltr' id='par_1_64' title="bbox 333 3226 3656 3328">
     <span class='ocr_line' id='line_1_64' title="bbox 333 3226 3656 3328; baseline -0.001 -38"><span class='ocrx_word' id='word_1_490' title='bbox 333 3246 399 3290; x_wconf 79' lang='lat' dir='ltr'><strong>sa</strong></span> <span class='ocrx_word' id='word_1_491' title='bbox 426 3226 701 3303; x_wconf 74' lang='lat' dir='ltr'><strong>parabole.</strong></span> <span class='ocrx_word' id='word_1_492' title='bbox 739 3230 829 3286; x_wconf 91' lang='lat' dir='ltr'><strong>Sic</strong></span> <span class='ocrx_word' id='word_1_493' title='bbox 853 3242 900 3285; x_wconf 88' lang='lat' dir='ltr'><strong>et</strong></span> <span class='ocrx_word' id='word_1_494' title='bbox 925 3247 1012 3286; x_wconf 83' lang='lat' dir='ltr'><strong>vos</strong></span> <span class='ocrx_word' id='word_1_495' title='bbox 1039 3247 1155 3285; x_wconf 88' lang='lat' dir='ltr'><strong>cunt</strong></span> <span class='ocrx_word' id='word_1_496' title='bbox 1197 3230 1425 3328; x_wconf 56' lang='lat' dir='ltr'><strong>uideritis</strong></span> <span class='ocrx_word' id='word_1_497' title='bbox 1446 3231 1618 3286; x_wconf 90' lang='lat' dir='ltr'><strong>omnia</strong></span> <span class='ocrx_word' id='word_1_498' title='bbox 1645 3230 1751 3286; x_wconf 81' lang='lat' dir='ltr'><strong>lucc</strong></span> <span class='ocrx_word' id='word_1_499' title='bbox 1786 3230 1900 3290; x_wconf 81' lang='lat' dir='ltr'><strong>ﬁeri</strong></span> <span class='ocrx_word' id='word_1_500' title='bbox 1925 3273 1943 3301; x_wconf 91' lang='lat'><strong>,</strong></span> <span class='ocrx_word' id='word_1_501' title='bbox 1973 3264 2022 3328; x_wconf 62' lang='grc' dir='ltr'>Ε</span> <span class='ocrx_word' id='word_1_502' title='bbox 2055 3242 2141 3288; x_wconf 89' lang='lat' dir='ltr'><strong>tur</strong></span> <span class='ocrx_word' id='word_1_503' title='bbox 2168 3231 2314 3307; x_wconf 75' lang='lat' dir='ltr'><strong>(ll),</strong></span> <span class='ocrx_word' id='word_1_504' title='bbox 2343 3231 2555 3302; x_wconf 81' lang='lat' dir='ltr'><strong>cogaris</strong></span> <span class='ocrx_word' id='word_1_505' title='bbox 2583 3230 2722 3328; x_wconf 78' lang='lat' dir='ltr'><strong>mala</strong></span> <span class='ocrx_word' id='word_1_506' title='bbox 2765 3244 2978 3328; x_wconf 67' lang='lat' dir='ltr'><strong>quoque</strong></span> <span class='ocrx_word' id='word_1_507' title='bbox 3014 3230 3075 3301; x_wconf 24' lang='lat' dir='ltr'><strong>ei,</strong></span> <span class='ocrx_word' id='word_1_508' title='bbox 3094 3228 3378 3300; x_wconf 88' lang='lat' dir='ltr'><strong>deputare,</strong></span> <span class='ocrx_word' id='word_1_509' title='bbox 3405 3247 3524 3302; x_wconf 72' lang='lat' dir='ltr'><strong>qure</strong></span> <span class='ocrx_word' id='word_1_510' title='bbox 3554 3232 3656 3288; x_wconf 50' lang='lat' dir='ltr'><strong>ad.</strong></span> 
     </span>
    </p>
   </div>
   <div class='ocr_carea' id='block_1_65' title="bbox 298 3314 1953 3409">
    <p class='ocr_par' dir='ltr' id='par_1_65' title="bbox 298 3314 1953 3409">
     <span class='ocr_line' id='line_1_65' title="bbox 298 3314 1953 3409; baseline -0.003 -27"><span class='ocrx_word' id='word_1_511' title='bbox 298 3392 313 3409; x_wconf 45' lang='grc' dir='ltr'>ι</span> <span class='ocrx_word' id='word_1_512' title='bbox 335 3324 524 3382; x_wconf 78' lang='lat' dir='ltr'><strong>scitote</strong></span> <span class='ocrx_word' id='word_1_513' title='bbox 543 3323 982 3394; x_wconf 79' lang='lat' dir='ltr'><strong>uppmpinquasse</strong></span> <span class='ocrx_word' id='word_1_514' title='bbox 1002 3314 1365 3395; x_wconf 72' lang='lat' dir='ltr'><strong>regnum&#39;Dei.</strong></span> <span class='ocrx_word' id='word_1_515' title='bbox 1389 3321 1489 3378; x_wconf 82' lang='lat' dir='ltr'><strong>Hic</strong></span> <span class='ocrx_word' id='word_1_516' title='bbox 1511 3322 1614 3378; x_wconf 90' lang='lat' dir='ltr'><strong>crit</strong></span> <span class='ocrx_word' id='word_1_517' title='bbox 1634 3320 1754 3379; x_wconf 88' lang='lat' dir='ltr'><strong>dies</strong></span> <span class='ocrx_word' id='word_1_518' title='bbox 1798 3337 1953 3394; x_wconf 82' lang='lat' dir='ltr'><strong>mag-</strong></span> 
     </span>
    </p>
   </div>
   <div class='ocr_carea' id='block_1_66' title="bbox 336 3413 1957 3485">
    <p class='ocr_par' dir='ltr' id='par_1_66' title="bbox 336 3413 1957 3485">
     <span class='ocr_line' id='line_1_66' title="bbox 336 3413 1957 3485; baseline -0.003 -10"><span class='ocrx_word' id='word_1_519' title='bbox 336 3431 447 3475; x_wconf 83' lang='lat' dir='ltr'><strong>nus</strong></span> <span class='ocrx_word' id='word_1_520' title='bbox 476 3415 689 3471; x_wconf 86' lang='lat' dir='ltr'><strong>Domini</strong></span> <span class='ocrx_word' id='word_1_521' title='bbox 718 3424 772 3471; x_wconf 91' lang='lat' dir='ltr'><strong>et</strong></span> <span class='ocrx_word' id='word_1_522' title='bbox 801 3415 1048 3485; x_wconf 88' lang='lat' dir='ltr'><strong>illustris,</strong></span> <span class='ocrx_word' id='word_1_523' title='bbox 1072 3415 1338 3472; x_wconf 88' lang='lat' dir='ltr'><strong>venientis</strong></span> <span class='ocrx_word' id='word_1_524' title='bbox 1363 3414 1431 3470; x_wconf 91' lang='lat' dir='ltr'><strong>de</strong></span> <span class='ocrx_word' id='word_1_525' title='bbox 1450 3413 1604 3471; x_wconf 74' lang='lat' dir='ltr'><strong>cmlis</strong></span> <span class='ocrx_word' id='word_1_526' title='bbox 1632 3414 1724 3470; x_wconf 89' lang='lat' dir='ltr'><strong>lilii</strong></span> <span class='ocrx_word' id='word_1_527' title='bbox 1768 3413 1957 3471; x_wconf 84' lang='lat' dir='ltr'><strong>homi-</strong></span> 
     </span>
    </p>
   </div>
   <div class='ocr_carea' id='block_1_67' title="bbox 339 3505 1959 3580">
    <p class='ocr_par' dir='ltr' id='par_1_67' title="bbox 339 3505 1959 3580">
     <span class='ocr_line' id='line_1_67' title="bbox 339 3505 1959 3580; baseline -0.004 -12"><span class='ocrx_word' id='word_1_528' title='bbox 339 3509 434 3568; x_wconf 84' lang='lat' dir='ltr'><strong>nis</strong></span> <span class='ocrx_word' id='word_1_529' title='bbox 461 3507 756 3564; x_wconf 87' lang='lat' dir='ltr'><strong>secundum</strong></span> <span class='ocrx_word' id='word_1_530' title='bbox 780 3507 1056 3563; x_wconf 89' lang='lat' dir='ltr'><strong>Danielem</strong></span> <span class='ocrx_word' id='word_1_531' title='bbox 1087 3507 1248 3580; x_wconf 87' lang='lat' dir='ltr'><strong>(Dan.</strong></span> <span class='ocrx_word' id='word_1_532' title='bbox 1273 3506 1387 3573; x_wconf 81' lang='lat' dir='ltr'><strong>VII,</strong></span> <span class='ocrx_word' id='word_1_533' title='bbox 1415 3506 1473 3578; x_wconf 77' lang='grc'><strong>5)</strong></span> <span class='ocrx_word' id='word_1_534' title='bbox 1504 3505 1527 3560; x_wconf 77' lang='grc' dir='ltr'><strong>ε’</strong></span> <span class='ocrx_word' id='word_1_535' title='bbox 1546 3505 1680 3561; x_wconf 83' lang='lat' dir='ltr'><strong>Ecce</strong></span> <span class='ocrx_word' id='word_1_536' title='bbox 1701 3523 1819 3561; x_wconf 87' lang='lat' dir='ltr'><strong>cum</strong></span> <span class='ocrx_word' id='word_1_537' title='bbox 1837 3507 1959 3563; x_wconf 77' lang='lat' dir='ltr'><strong>cmli</strong></span> 
     </span>
    </p>
   </div>
   <div class='ocr_carea' id='block_1_68' title="bbox 338 3596 1951 3670">
    <p class='ocr_par' dir='ltr' id='par_1_68' title="bbox 338 3596 1951 3670">
     <span class='ocr_line' id='line_1_68' title="bbox 338 3596 1951 3670; baseline -0.002 -14"><span class='ocrx_word' id='word_1_538' title='bbox 338 3599 563 3657; x_wconf 82' lang='lat' dir='ltr'><strong>nubibus</strong></span> <span class='ocrx_word' id='word_1_539' title='bbox 585 3610 825 3670; x_wconf 88' lang='lat' dir='ltr'><strong>tanquam</strong></span> <span class='ocrx_word' id='word_1_540' title='bbox 852 3598 996 3669; x_wconf 82' lang='lat' dir='ltr'><strong>ﬁlius</strong></span> <span class='ocrx_word' id='word_1_541' title='bbox 1015 3599 1232 3654; x_wconf 86' lang='lat' dir='ltr'><strong>hominis</strong></span> <span class='ocrx_word' id='word_1_542' title='bbox 1276 3599 1574 3666; x_wconf 83' lang='lat' dir='ltr'><strong>adveniens,</strong></span> <span class='ocrx_word' id='word_1_543' title='bbox 1606 3607 1714 3654; x_wconf 86' lang='lat' dir='ltr'><strong>etc.</strong></span> <span class='ocrx_word' id='word_1_544' title='bbox 1752 3596 1822 3653; x_wconf 88' lang='lat' dir='ltr'><strong>Et</strong></span> <span class='ocrx_word' id='word_1_545' title='bbox 1851 3597 1951 3652; x_wconf 86' lang='lat' dir='ltr'><strong>da-</strong></span> 
     </span>
    </p>
   </div>
   <div class='ocr_carea' id='block_1_69' title="bbox 340 3688 1956 3765">
    <p class='ocr_par' dir='ltr' id='par_1_69' title="bbox 340 3688 1956 3765">
     <span class='ocr_line' id='line_1_69' title="bbox 340 3688 1956 3765; baseline -0.002 -17"><span class='ocrx_word' id='word_1_546' title='bbox 340 3702 402 3749; x_wconf 83' lang='lat' dir='ltr'><strong>ta</strong></span> <span class='ocrx_word' id='word_1_547' title='bbox 438 3702 514 3747; x_wconf 83' lang='lat' dir='ltr'><strong>est</strong></span> <span class='ocrx_word' id='word_1_548' title='bbox 550 3691 628 3747; x_wconf 89' lang='lat' dir='ltr'><strong>illi</strong></span> <span class='ocrx_word' id='word_1_549' title='bbox 650 3692 788 3765; x_wconf 85' lang='lat' dir='ltr'><strong>regia</strong></span> <span class='ocrx_word' id='word_1_550' title='bbox 815 3700 1034 3763; x_wconf 84' lang='lat' dir='ltr'><strong>potestas</strong></span> <span class='ocrx_word' id='word_1_551' title='bbox 1063 3733 1077 3756; x_wconf 92' lang='lat'><strong>,</strong></span> <span class='ocrx_word' id='word_1_552' title='bbox 1128 3707 1288 3762; x_wconf 82' lang='lat' dir='ltr'><strong>quant</strong></span> <span class='ocrx_word' id='word_1_553' title='bbox 1313 3691 1365 3745; x_wconf 90' lang='lat' dir='ltr'><strong>in</strong></span> <span class='ocrx_word' id='word_1_554' title='bbox 1418 3688 1670 3761; x_wconf 72' lang='lat' dir='ltr'><strong>parabole</strong></span> <span class='ocrx_word' id='word_1_555' title='bbox 1716 3688 1956 3761; x_wconf 85' lang='lat' dir='ltr'><strong>postula-</strong></span> 
     </span>
    </p>
   </div>
   <div class='ocr_carea' id='block_1_70' title="bbox 354 3782 1955 3856">
    <p class='ocr_par' dir='ltr' id='par_1_70' title="bbox 354 3782 1955 3856">
     <span class='ocr_line' id='line_1_70' title="bbox 354 3782 1955 3856; baseline -0.002 -15"><span class='ocrx_word' id='word_1_556' title='bbox 354 3794 516 3841; x_wconf 88' lang='lat' dir='ltr'><strong>turus</strong></span> <span class='ocrx_word' id='word_1_557' title='bbox 536 3786 740 3841; x_wconf 85' lang='lat' dir='ltr'><strong>exierat</strong></span> <span class='ocrx_word' id='word_1_558' title='bbox 760 3784 946 3841; x_wconf 89' lang='lat' dir='ltr'><strong>relicta</strong></span> <span class='ocrx_word' id='word_1_559' title='bbox 972 3786 1200 3856; x_wconf 89' lang='lat' dir='ltr'><strong>pecunia</strong></span> <span class='ocrx_word' id='word_1_560' title='bbox 1231 3782 1402 3839; x_wconf 73' lang='lat' dir='ltr'><strong>servis</strong></span> <span class='ocrx_word' id='word_1_561' title='bbox 1431 3823 1448 3848; x_wconf 95' lang='lat'><strong>,</strong></span> <span class='ocrx_word' id='word_1_562' title='bbox 1493 3797 1614 3854; x_wconf 78' lang='lat' dir='ltr'><strong>qua:</strong></span> <span class='ocrx_word' id='word_1_563' title='bbox 1662 3782 1955 3839; x_wconf 62' lang='lat' dir='ltr'><strong>uenerare-</strong></span> 
     </span>
    </p>
   </div>
   <div class='ocr_carea' id='block_1_71' title="bbox 353 3871 1956 3949">
    <p class='ocr_par' dir='ltr' id='par_1_71' title="bbox 353 3871 1956 3949">
     <span class='ocr_line' id='line_1_71' title="bbox 353 3871 1956 3949; baseline -0.005 -15"><span class='ocrx_word' id='word_1_564' title='bbox 353 3886 448 3935; x_wconf 83' lang='lat' dir='ltr'><strong>tur</strong></span> <span class='ocrx_word' id='word_1_565' title='bbox 476 3876 583 3949; x_wconf 87' lang='lat'><strong>(7).</strong></span> <span class='ocrx_word' id='word_1_566' title='bbox 613 3876 680 3931; x_wconf 88' lang='lat' dir='ltr'><strong>Et</strong></span> <span class='ocrx_word' id='word_1_567' title='bbox 728 3877 994 3932; x_wconf 87' lang='lat' dir='ltr'><strong>universae</strong></span> <span class='ocrx_word' id='word_1_568' title='bbox 1036 3875 1280 3932; x_wconf 89' lang='lat' dir='ltr'><strong>nationes</strong></span> <span class='ocrx_word' id='word_1_569' title='bbox 1307 3917 1322 3944; x_wconf 87' lang='lat'><strong>,</strong></span> <span class='ocrx_word' id='word_1_570' title='bbox 1373 3889 1509 3946; x_wconf 86' lang='lat' dir='ltr'><strong>quas</strong></span> <span class='ocrx_word' id='word_1_571' title='bbox 1560 3873 1880 3946; x_wconf 81' lang='lat' dir='ltr'><strong>promiserat</strong></span> <span class='ocrx_word' id='word_1_572' title='bbox 1903 3871 1956 3927; x_wconf 89' lang='lat' dir='ltr'><strong>ei</strong></span> 
     </span>
    </p>
   </div>
   <div class='ocr_carea' id='block_1_72' title="bbox 344 3962 1957 4041">
    <p class='ocr_par' dir='ltr' id='par_1_72' title="bbox 344 3962 1957 4041">
     <span class='ocr_line' id='line_1_72' title="bbox 344 3962 1957 4041; baseline -0.006 -15"><span class='ocrx_word' id='word_1_573' title='bbox 344 3969 409 4026; x_wconf 85' lang='lat' dir='ltr'><strong>in</strong></span> <span class='ocrx_word' id='word_1_574' title='bbox 440 3968 650 4039; x_wconf 82' lang='lat' dir='ltr'><strong>psalmo</strong></span> <span class='ocrx_word' id='word_1_575' title='bbox 677 3967 835 4023; x_wconf 82' lang='lat' dir='ltr'><strong>Pater</strong></span> <span class='ocrx_word' id='word_1_576' title='bbox 863 3966 981 4041; x_wconf 91' lang='lat' dir='ltr'><strong>(Ps.</strong></span> <span class='ocrx_word' id='word_1_577' title='bbox 1013 3966 1081 4035; x_wconf 85' lang='lat' dir='ltr'><strong>Il,</strong></span> <span class='ocrx_word' id='word_1_578' title='bbox 1110 3966 1170 4040; x_wconf 91' lang='lat'><strong>8)</strong></span> <span class='ocrx_word' id='word_1_579' title='bbox 1208 3985 1222 4021; x_wconf 87' lang='lat'><strong>:</strong></span> <span class='ocrx_word' id='word_1_580' title='bbox 1259 3966 1476 4022; x_wconf 86' lang='lat' dir='ltr'><strong>Postula</strong></span> <span class='ocrx_word' id='word_1_581' title='bbox 1501 3965 1567 4022; x_wconf 86' lang='lat' dir='ltr'><strong>de</strong></span> <span class='ocrx_word' id='word_1_582' title='bbox 1589 3983 1699 4031; x_wconf 91' lang='lat' dir='ltr'><strong>me,</strong></span> <span class='ocrx_word' id='word_1_583' title='bbox 1749 3973 1797 4020; x_wconf 88' lang='lat' dir='ltr'><strong>et</strong></span> <span class='ocrx_word' id='word_1_584' title='bbox 1822 3962 1957 4018; x_wconf 84' lang='lat' dir='ltr'><strong>dabo</strong></span> 
     </span>
    </p>
   </div>
   <div class='ocr_carea' id='block_1_73' title="bbox 348 4058 1957 4141">
    <p class='ocr_par' dir='ltr' id='par_1_73' title="bbox 348 4058 1957 4141">
     <span class='ocr_line' id='line_1_73' title="bbox 348 4058 1957 4141; baseline -0.004 -23"><span class='ocrx_word' id='word_1_585' title='bbox 348 4061 447 4118; x_wconf 81' lang='lat' dir='ltr'><strong>tibi</strong></span> <span class='ocrx_word' id='word_1_586' title='bbox 475 4069 648 4132; x_wconf 85' lang='lat' dir='ltr'><strong>gentes</strong></span> <span class='ocrx_word' id='word_1_587' title='bbox 670 4060 1020 4115; x_wconf 76' lang='lat' dir='ltr'><strong>ltwreditatem</strong></span> <span class='ocrx_word' id='word_1_588' title='bbox 1050 4070 1209 4115; x_wconf 88' lang='lat' dir='ltr'><strong>tuam.</strong></span> <span class='ocrx_word' id='word_1_589' title='bbox 1234 4058 1305 4115; x_wconf 89' lang='lat' dir='ltr'><strong>Et</strong></span> <span class='ocrx_word' id='word_1_590' title='bbox 1319 4060 1488 4131; x_wconf 80' lang='lat' dir='ltr'><strong>gloria</strong></span> <span class='ocrx_word' id='word_1_591' title='bbox 1528 4058 1697 4115; x_wconf 87' lang='lat' dir='ltr'><strong>omnis</strong></span> <span class='ocrx_word' id='word_1_592' title='bbox 1732 4058 1957 4141; x_wconf 76' lang='lat' dir='ltr'><strong>serviens</strong></span> 
     </span>
    </p>
   </div>
   <div class='ocr_carea' id='block_1_74' title="bbox 349 4154 1960 4236">
    <p class='ocr_par' dir='ltr' id='par_1_74' title="bbox 349 4154 1960 4236">
     <span class='ocr_line' id='line_1_74' title="bbox 349 4154 1960 4236; baseline -0.004 -24"><span class='ocrx_word' id='word_1_593' title='bbox 349 4155 437 4212; x_wconf 80' lang='lat' dir='ltr'><strong>illi</strong></span> <span class='ocrx_word' id='word_1_594' title='bbox 456 4163 505 4209; x_wconf 90' lang='lat' dir='ltr'><strong>et</strong></span> <span class='ocrx_word' id='word_1_595' title='bbox 527 4160 745 4224; x_wconf 83' lang='lat' dir='ltr'><strong>potestas</strong></span> <span class='ocrx_word' id='word_1_596' title='bbox 766 4154 874 4223; x_wconf 83' lang='lat' dir='ltr'><strong>eius</strong></span> <span class='ocrx_word' id='word_1_597' title='bbox 899 4164 1110 4221; x_wconf 68' lang='lat' dir='ltr'><strong>attenta,</strong></span> <span class='ocrx_word' id='word_1_598' title='bbox 1125 4169 1237 4224; x_wconf 70' lang='lat' dir='ltr'><strong>qua:</strong></span> <span class='ocrx_word' id='word_1_599' title='bbox 1260 4170 1358 4208; x_wconf 91' lang='lat' dir='ltr'><strong>non</strong></span> <span class='ocrx_word' id='word_1_600' title='bbox 1387 4156 1672 4225; x_wconf 77' lang='lat' dir='ltr'><strong>auferetur,</strong></span> <span class='ocrx_word' id='word_1_601' title='bbox 1687 4160 1734 4206; x_wconf 90' lang='lat' dir='ltr'><strong>et</strong></span> <span class='ocrx_word' id='word_1_602' title='bbox 1747 4167 1960 4236; x_wconf 59' lang='lat' dir='ltr'><strong>rggnum</strong></span> 
     </span>
    </p>
   </div>
   <div class='ocr_carea' id='block_1_75' title="bbox 352 4243 1962 4318">
    <p class='ocr_par' dir='ltr' id='par_1_75' title="bbox 352 4243 1962 4318">
     <span class='ocr_line' id='line_1_75' title="bbox 352 4243 1962 4318; baseline -0.003 -17"><span class='ocrx_word' id='word_1_603' title='bbox 352 4245 477 4315; x_wconf 79' lang='lat' dir='ltr'><strong>ejus</strong></span> <span class='ocrx_word' id='word_1_604' title='bbox 535 4243 673 4316; x_wconf 83' lang='lat' dir='ltr'><strong>quod</strong></span> <span class='ocrx_word' id='word_1_605' title='bbox 715 4260 817 4298; x_wconf 89' lang='lat' dir='ltr'><strong>non</strong></span> <span class='ocrx_word' id='word_1_606' title='bbox 877 4255 1229 4318; x_wconf 81' lang='lat' dir='ltr'><strong>corrumpetur</strong></span> <span class='ocrx_word' id='word_1_607' title='bbox 1259 4261 1278 4298; x_wconf 89' lang='lat'><strong><em>:</em></strong></span> <span class='ocrx_word' id='word_1_608' title='bbox 1324 4244 1447 4316; x_wconf 88' lang='lat' dir='ltr'><strong>quia</strong></span> <span class='ocrx_word' id='word_1_609' title='bbox 1523 4260 1617 4300; x_wconf 87' lang='lat' dir='ltr'><strong>nec</strong></span> <span class='ocrx_word' id='word_1_610' title='bbox 1681 4245 1962 4299; x_wconf 84' lang='lat' dir='ltr'><strong>morientur</strong></span> 
     </span>
    </p>
   </div>
   <div class='ocr_carea' id='block_1_76' title="bbox 352 4336 1960 4410">
    <p class='ocr_par' dir='ltr' id='par_1_76' title="bbox 352 4336 1960 4410">
     <span class='ocr_line' id='line_1_76' title="bbox 352 4336 1960 4410; baseline -0.001 -18"><span class='ocrx_word' id='word_1_611' title='bbox 352 4336 553 4408; x_wconf 77' lang='lat' dir='ltr'><strong>inille,</strong></span> <span class='ocrx_word' id='word_1_612' title='bbox 581 4351 672 4391; x_wconf 87' lang='lat' dir='ltr'><strong>nec</strong></span> <span class='ocrx_word' id='word_1_613' title='bbox 692 4336 901 4404; x_wconf 82' lang='lat' dir='ltr'><strong>nubent,</strong></span> <span class='ocrx_word' id='word_1_614' title='bbox 929 4336 1019 4391; x_wconf 86' lang='lat' dir='ltr'><strong>sed</strong></span> <span class='ocrx_word' id='word_1_615' title='bbox 1054 4348 1199 4392; x_wconf 84' lang='lat' dir='ltr'><strong>erunt</strong></span> <span class='ocrx_word' id='word_1_616' title='bbox 1251 4337 1383 4392; x_wconf 86' lang='lat' dir='ltr'><strong>sicut</strong></span> <span class='ocrx_word' id='word_1_617' title='bbox 1410 4338 1600 4410; x_wconf 87' lang='lat' dir='ltr'><strong>angeli.</strong></span> <span class='ocrx_word' id='word_1_618' title='bbox 1649 4336 1726 4393; x_wconf 90' lang='lat' dir='ltr'><strong>De</strong></span> <span class='ocrx_word' id='word_1_619' title='bbox 1767 4336 1960 4393; x_wconf 87' lang='lat' dir='ltr'><strong>eodem</strong></span> 
     </span>
    </p>
   </div>
   <div class='ocr_carea' id='block_1_77' title="bbox 353 4427 1966 4503">
    <p class='ocr_par' dir='ltr' id='par_1_77' title="bbox 353 4427 1966 4503">
     <span class='ocr_line' id='line_1_77' title="bbox 353 4427 1966 4503; baseline 0.002 -19"><span class='ocrx_word' id='word_1_620' title='bbox 353 4427 596 4485; x_wconf 81' lang='lat' dir='ltr'><strong>adventu</strong></span> <span class='ocrx_word' id='word_1_621' title='bbox 622 4428 714 4483; x_wconf 86' lang='lat' dir='ltr'><strong>lilii</strong></span> <span class='ocrx_word' id='word_1_622' title='bbox 738 4428 970 4484; x_wconf 89' lang='lat' dir='ltr'><strong>hominis</strong></span> <span class='ocrx_word' id='word_1_623' title='bbox 990 4439 1045 4485; x_wconf 90' lang='lat' dir='ltr'><strong>et</strong></span> <span class='ocrx_word' id='word_1_624' title='bbox 1071 4428 1242 4486; x_wconf 72' lang='lat' dir='ltr'><strong>fruct‘u</strong></span> <span class='ocrx_word' id='word_1_625' title='bbox 1273 4429 1355 4503; x_wconf 90' lang='lat'><strong>(8)</strong></span> <span class='ocrx_word' id='word_1_626' title='bbox 1384 4430 1499 4502; x_wconf 85' lang='lat' dir='ltr'><strong>eius</strong></span> <span class='ocrx_word' id='word_1_627' title='bbox 1530 4430 1671 4502; x_wconf 87' lang='lat' dir='ltr'><strong>apud</strong></span> <span class='ocrx_word' id='word_1_628' title='bbox 1711 4430 1966 4487; x_wconf 80' lang='lat' dir='ltr'><strong>iiabacuc</strong></span> 
     </span>
    </p>
   </div>
   <div class='ocr_carea' id='block_1_78' title="bbox 361 4520 1965 4598">
    <p class='ocr_par' dir='ltr' id='par_1_78' title="bbox 361 4520 1965 4598">
     <span class='ocr_line' id='line_1_78' title="bbox 361 4520 1965 4598; baseline 0.004 -23"><span class='ocrx_word' id='word_1_629' title='bbox 361 4520 597 4595; x_wconf 78' lang='lat' dir='ltr'><strong>(Hebae.</strong></span> <span class='ocrx_word' id='word_1_630' title='bbox 631 4521 722 4589; x_wconf 88' lang='lat' dir='ltr'><strong>Ill,</strong></span> <span class='ocrx_word' id='word_1_631' title='bbox 754 4522 843 4595; x_wconf 79' lang='lat' dir='ltr'><strong>i5)</strong></span> <span class='ocrx_word' id='word_1_632' title='bbox 881 4541 893 4577; x_wconf 93' lang='lat'><strong>:</strong></span> <span class='ocrx_word' id='word_1_633' title='bbox 927 4523 1092 4579; x_wconf 66' lang='lat' dir='ltr'><strong>Emisti</strong></span> <span class='ocrx_word' id='word_1_634' title='bbox 1133 4523 1189 4578; x_wconf 84' lang='lat' dir='ltr'><strong>in</strong></span> <span class='ocrx_word' id='word_1_635' title='bbox 1232 4526 1451 4580; x_wconf 85' lang='lat' dir='ltr'><strong>salutem</strong></span> <span class='ocrx_word' id='word_1_636' title='bbox 1471 4525 1648 4598; x_wconf 83' lang='lat' dir='ltr'><strong>pepuli</strong></span> <span class='ocrx_word' id='word_1_637' title='bbox 1691 4525 1761 4580; x_wconf 89' lang='lat' dir='ltr'><strong>ad</strong></span> <span class='ocrx_word' id='word_1_638' title='bbox 1796 4526 1965 4581; x_wconf 77' lang='lat' dir='ltr'><strong>salvos</strong></span> 
     </span>
    </p>
   </div>
   <div class='ocr_carea' id='block_1_79' title="bbox 356 4613 1965 4690">
    <p class='ocr_par' dir='ltr' id='par_1_79' title="bbox 356 4613 1965 4690">
     <span class='ocr_line' id='line_1_79' title="bbox 356 4613 1965 4690; baseline 0.003 -20"><span class='ocrx_word' id='word_1_639' title='bbox 356 4613 631 4686; x_wconf 78' lang='lat' dir='ltr'><strong>faciendos</strong></span> <span class='ocrx_word' id='word_1_640' title='bbox 654 4614 869 4671; x_wconf 80' lang='lat' dir='ltr'><strong>rhristos</strong></span> <span class='ocrx_word' id='word_1_641' title='bbox 895 4624 1009 4672; x_wconf 87' lang='lat' dir='ltr'><strong>tuos</strong></span> <span class='ocrx_word' id='word_1_642' title='bbox 1030 4634 1046 4681; x_wconf 88' lang='lat'><strong><em>;</em></strong></span> <span class='ocrx_word' id='word_1_643' title='bbox 1068 4626 1346 4675; x_wconf 76' lang='lat' dir='ltr'><strong>creaturos</strong></span> <span class='ocrx_word' id='word_1_644' title='bbox 1366 4617 1668 4687; x_wconf 88' lang='lat' dir='ltr'><strong>scilicetse,</strong></span> <span class='ocrx_word' id='word_1_645' title='bbox 1697 4628 1753 4674; x_wconf 88' lang='lat' dir='ltr'><strong>et</strong></span> <span class='ocrx_word' id='word_1_646' title='bbox 1782 4620 1965 4690; x_wconf 86' lang='lat' dir='ltr'><strong>capita</strong></span> 
     </span>
    </p>
   </div>
   <div class='ocr_carea' id='block_1_80' title="bbox 2058 3319 3660 3392">
    <p class='ocr_par' dir='ltr' id='par_1_80' title="bbox 2058 3319 3660 3392">
     <span class='ocr_line' id='line_1_80' title="bbox 2058 3319 3660 3392; baseline 0.001 -15"><span class='ocrx_word' id='word_1_647' title='bbox 2058 3333 2282 3379; x_wconf 86' lang='lat' dir='ltr'><strong>ventum</strong></span> <span class='ocrx_word' id='word_1_648' title='bbox 2324 3322 2444 3392; x_wconf 89' lang='lat' dir='ltr'><strong>ejus</strong></span> <span class='ocrx_word' id='word_1_649' title='bbox 2481 3319 2827 3377; x_wconf 89' lang='lat' dir='ltr'><strong>antecedunt.</strong></span> <span class='ocrx_word' id='word_1_650' title='bbox 2850 3319 2982 3375; x_wconf 87' lang='lat' dir='ltr'><strong>Tam</strong></span> <span class='ocrx_word' id='word_1_651' title='bbox 3024 3320 3169 3376; x_wconf 88' lang='lat' dir='ltr'><strong>enim</strong></span> <span class='ocrx_word' id='word_1_652' title='bbox 3210 3322 3345 3388; x_wconf 83' lang='lat' dir='ltr'><strong>mala</strong></span> <span class='ocrx_word' id='word_1_653' title='bbox 3376 3322 3660 3385; x_wconf 74' lang='lat' dir='ltr'><strong>cohaerent</strong></span> 
     </span>
    </p>
   </div>
   <div class='ocr_carea' id='block_1_81' title="bbox 2058 3409 3662 3482">
    <p class='ocr_par' dir='ltr' id='par_1_81' title="bbox 2058 3409 3662 3482">
     <span class='ocr_line' id='line_1_81' title="bbox 2058 3409 3662 3482; baseline 0 -13"><span class='ocrx_word' id='word_1_654' title='bbox 2058 3413 2313 3470; x_wconf 88' lang='lat' dir='ltr'><strong>adventui</strong></span> <span class='ocrx_word' id='word_1_655' title='bbox 2354 3411 2452 3467; x_wconf 82' lang='lat' dir='ltr'><strong>lilii</strong></span> <span class='ocrx_word' id='word_1_656' title='bbox 2492 3412 2730 3468; x_wconf 88' lang='lat' dir='ltr'><strong>hominis</strong></span> <span class='ocrx_word' id='word_1_657' title='bbox 2767 3409 3178 3479; x_wconf 84' lang='lat' dir='ltr'><strong>antecedendo,</strong></span> <span class='ocrx_word' id='word_1_658' title='bbox 3209 3427 3369 3482; x_wconf 89' lang='lat' dir='ltr'><strong>quam</strong></span> <span class='ocrx_word' id='word_1_659' title='bbox 3414 3421 3470 3468; x_wconf 89' lang='lat' dir='ltr'><strong>et</strong></span> <span class='ocrx_word' id='word_1_660' title='bbox 3519 3413 3662 3475; x_wconf 87' lang='lat' dir='ltr'><strong>bona</strong></span> 
     </span>
    </p>
   </div>
   <div class='ocr_carea' id='block_1_82' title="bbox 2059 3501 3658 3576">
    <p class='ocr_par' dir='ltr' id='par_1_82' title="bbox 2059 3501 3658 3576">
     <span class='ocr_line' id='line_1_82' title="bbox 2059 3501 3658 3576; baseline -0.003 -14"><span class='ocrx_word' id='word_1_661' title='bbox 2059 3503 2456 3576; x_wconf 83' lang='lat' dir='ltr'><strong>subsequendo.</strong></span> <span class='ocrx_word' id='word_1_662' title='bbox 2486 3503 2681 3573; x_wconf 72' lang='lat' dir='ltr'><strong>Qua-re</strong></span> <span class='ocrx_word' id='word_1_663' title='bbox 2702 3503 2860 3573; x_wconf 78' lang='lat' dir='ltr'><strong>igitur</strong></span> <span class='ocrx_word' id='word_1_664' title='bbox 2900 3517 3065 3572; x_wconf 83' lang='lat' dir='ltr'><strong>quem</strong></span> <span class='ocrx_word' id='word_1_665' title='bbox 3096 3517 3163 3558; x_wconf 85' lang='lat' dir='ltr'><strong>ex</strong></span> <span class='ocrx_word' id='word_1_666' title='bbox 3190 3501 3397 3561; x_wconf 87' lang='lat' dir='ltr'><strong>duobus</strong></span> <span class='ocrx_word' id='word_1_667' title='bbox 3425 3503 3658 3562; x_wconf 68' lang='lat' dir='ltr'><strong>Christis</strong></span> 
     </span>
    </p>
   </div>
   <div class='ocr_carea' id='block_1_83' title="bbox 2064 3595 3666 3669">
    <p class='ocr_par' dir='ltr' id='par_1_83' title="bbox 2064 3595 3666 3669">
     <span class='ocr_line' id='line_1_83' title="bbox 2064 3595 3666 3669; baseline -0.001 -14"><span class='ocrx_word' id='word_1_668' title='bbox 2064 3595 2434 3655; x_wconf 87' lang='lat' dir='ltr'><strong>constituasin</strong></span> <span class='ocrx_word' id='word_1_669' title='bbox 2463 3610 2692 3666; x_wconf 87' lang='lat' dir='ltr'><strong>persona</strong></span> <span class='ocrx_word' id='word_1_670' title='bbox 2724 3596 2880 3650; x_wconf 84' lang='lat' dir='ltr'><strong>unius</strong></span> <span class='ocrx_word' id='word_1_671' title='bbox 2910 3595 3272 3661; x_wconf 82' lang='lat' dir='ltr'><strong>tiliihominis,</strong></span> <span class='ocrx_word' id='word_1_672' title='bbox 3291 3596 3341 3651; x_wconf 91' lang='lat' dir='ltr'><strong>in</strong></span> <span class='ocrx_word' id='word_1_673' title='bbox 3368 3612 3526 3668; x_wconf 91' lang='lat' dir='ltr'><strong>quem</strong></span> <span class='ocrx_word' id='word_1_674' title='bbox 3546 3597 3666 3669; x_wconf 79' lang='lat' dir='ltr'><strong>(t2)</strong></span> 
     </span>
    </p>
   </div>
   <div class='ocr_carea' id='block_1_84' title="bbox 2064 3683 3662 3761">
    <p class='ocr_par' dir='ltr' id='par_1_84' title="bbox 2064 3683 3662 3761">
     <span class='ocr_line' id='line_1_84' title="bbox 2064 3683 3662 3761; baseline -0.001 -17"><span class='ocrx_word' id='word_1_675' title='bbox 2064 3698 2289 3760; x_wconf 87' lang='lat' dir='ltr'><strong>utraque</strong></span> <span class='ocrx_word' id='word_1_676' title='bbox 2339 3683 2626 3759; x_wconf 76' lang='lat' dir='ltr'><strong>dispositio</strong></span> <span class='ocrx_word' id='word_1_677' title='bbox 2676 3688 2961 3744; x_wconf 82' lang='lat' dir='ltr'><strong>referatur.</strong></span> <span class='ocrx_word' id='word_1_678' title='bbox 2996 3688 3105 3743; x_wconf 86' lang='lat' dir='ltr'><strong>Aut</strong></span> <span class='ocrx_word' id='word_1_679' title='bbox 3132 3697 3187 3744; x_wconf 90' lang='lat' dir='ltr'><strong>et</strong></span> <span class='ocrx_word' id='word_1_680' title='bbox 3215 3688 3531 3747; x_wconf 85' lang='lat' dir='ltr'><strong>Creatorem</strong></span> <span class='ocrx_word' id='word_1_681' title='bbox 3560 3706 3662 3761; x_wconf 86' lang='lat' dir='ltr'><strong>op-</strong></span> 
     </span>
    </p>
   </div>
   <div class='ocr_carea' id='block_1_85' title="bbox 2067 3780 3664 3854">
    <p class='ocr_par' dir='ltr' id='par_1_85' title="bbox 2067 3780 3664 3854">
     <span class='ocr_line' id='line_1_85' title="bbox 2067 3780 3664 3854; baseline -0.001 -15"><span class='ocrx_word' id='word_1_682' title='bbox 2067 3784 2279 3849; x_wconf 91' lang='lat' dir='ltr'><strong>timum,</strong></span> <span class='ocrx_word' id='word_1_683' title='bbox 2311 3790 2405 3838; x_wconf 91' lang='lat' dir='ltr'><strong>aut</strong></span> <span class='ocrx_word' id='word_1_684' title='bbox 2437 3780 2559 3854; x_wconf 71' lang='lat'><strong>(1&#39;5)</strong></span> <span class='ocrx_word' id='word_1_685' title='bbox 2593 3781 2758 3837; x_wconf 91' lang='lat' dir='ltr'><strong>Deum</strong></span> <span class='ocrx_word' id='word_1_686' title='bbox 2784 3790 2932 3837; x_wconf 90' lang='lat' dir='ltr'><strong>tuum</strong></span> <span class='ocrx_word' id='word_1_687' title='bbox 2955 3796 3207 3852; x_wconf 87' lang='lat' dir='ltr'><strong>asperum</strong></span> <span class='ocrx_word' id='word_1_688' title='bbox 3236 3782 3428 3838; x_wconf 87' lang='lat' dir='ltr'><strong>dedisti</strong></span> <span class='ocrx_word' id='word_1_689' title='bbox 3452 3792 3664 3840; x_wconf 89' lang='lat' dir='ltr'><strong>natura.</strong></span> 
     </span>
    </p>
   </div>
   <div class='ocr_carea' id='block_1_86' title="bbox 2068 3873 3670 3947">
    <p class='ocr_par' dir='ltr' id='par_1_86' title="bbox 2068 3873 3670 3947">
     <span class='ocr_line' id='line_1_86' title="bbox 2068 3873 3670 3947; baseline -0.001 -15"><span class='ocrx_word' id='word_1_690' title='bbox 2068 3875 2127 3932; x_wconf 86' lang='lat' dir='ltr'><strong>In</strong></span> <span class='ocrx_word' id='word_1_691' title='bbox 2178 3889 2391 3932; x_wconf 90' lang='lat' dir='ltr'><strong>summa</strong></span> <span class='ocrx_word' id='word_1_692' title='bbox 2447 3873 2614 3943; x_wconf 90' lang='lat' dir='ltr'><strong>ipsius</strong></span> <span class='ocrx_word' id='word_1_693' title='bbox 2658 3873 2932 3943; x_wconf 85' lang='lat' dir='ltr'><strong>parabolae</strong></span> <span class='ocrx_word' id='word_1_694' title='bbox 2979 3874 3264 3930; x_wconf 84' lang='lat' dir='ltr'><strong>considera</strong></span> <span class='ocrx_word' id='word_1_695' title='bbox 3318 3877 3624 3947; x_wconf 75' lang='lat' dir='ltr'><strong>exemplum</strong></span> <span class='ocrx_word' id='word_1_696' title='bbox 3652 3894 3670 3931; x_wconf 82' lang='lat'><strong>:</strong></span> 
     </span>
    </p>
   </div>
   <div class='ocr_carea' id='block_1_87' title="bbox 2062 3963 3671 4038">
    <p class='ocr_par' dir='ltr' id='par_1_87' title="bbox 2062 3963 3671 4038">
     <span class='ocr_line' id='line_1_87' title="bbox 2062 3963 3671 4038; baseline 0.004 -17"><span class='ocrx_word' id='word_1_697' title='bbox 2062 3966 2291 4037; x_wconf 80' lang='lat' dir='ltr'><strong>Adspice</strong></span> <span class='ocrx_word' id='word_1_698' title='bbox 2315 3966 2491 4034; x_wconf 80' lang='lat' dir='ltr'><strong>ﬁcum,</strong></span> <span class='ocrx_word' id='word_1_699' title='bbox 2523 3975 2571 4018; x_wconf 82' lang='lat' dir='ltr'><strong>et</strong></span> <span class='ocrx_word' id='word_1_700' title='bbox 2595 3963 2800 4019; x_wconf 87' lang='lat' dir='ltr'><strong>arbores</strong></span> <span class='ocrx_word' id='word_1_701' title='bbox 2830 3980 3002 4020; x_wconf 88' lang='lat' dir='ltr'><strong>onmes</strong></span> <span class='ocrx_word' id='word_1_702' title='bbox 3024 4007 3041 4032; x_wconf 95' lang='lat'><strong>,</strong></span> <span class='ocrx_word' id='word_1_703' title='bbox 3070 3982 3186 4020; x_wconf 89' lang='lat' dir='ltr'><strong>cum</strong></span> <span class='ocrx_word' id='word_1_704' title='bbox 3234 3971 3457 4037; x_wconf 85' lang='lat' dir='ltr'><strong>fructum</strong></span> <span class='ocrx_word' id='word_1_705' title='bbox 3484 3977 3671 4038; x_wconf 73' lang='lat' dir='ltr'><strong>proltt~</strong></span> 
     </span>
    </p>
   </div>
   <div class='ocr_carea' id='block_1_88' title="bbox 2062 4056 3659 4130">
    <p class='ocr_par' dir='ltr' id='par_1_88' title="bbox 2062 4056 3659 4130">
     <span class='ocr_line' id='line_1_88' title="bbox 2062 4056 3659 4130; baseline 0.003 -15"><span class='ocrx_word' id='word_1_706' title='bbox 2062 4059 2243 4127; x_wconf 83' lang='lat' dir='ltr'><strong>lerint,</strong></span> <span class='ocrx_word' id='word_1_707' title='bbox 2258 4056 2551 4128; x_wconf 88' lang='lat' dir='ltr'><strong>intelligunt</strong></span> <span class='ocrx_word' id='word_1_708' title='bbox 2574 4056 2800 4112; x_wconf 82' lang='lat' dir='ltr'><strong>homines</strong></span> <span class='ocrx_word' id='word_1_709' title='bbox 2827 4068 3052 4112; x_wconf 69' lang='lat' dir='ltr'><strong>resultent</strong></span> <span class='ocrx_word' id='word_1_710' title='bbox 3075 4059 3535 4130; x_wconf 83' lang='lat' dir='ltr'><strong>apprOpiuquasse.</strong></span> <span class='ocrx_word' id='word_1_711' title='bbox 3566 4062 3659 4119; x_wconf 87' lang='lat' dir='ltr'><strong>Sic</strong></span> 
     </span>
    </p>
   </div>
   <div class='ocr_carea' id='block_1_89' title="bbox 2060 4139 3665 4220">
    <p class='ocr_par' dir='ltr' id='par_1_89' title="bbox 2060 4139 3665 4220">
     <span class='ocr_line' id='line_1_89' title="bbox 2060 4139 3665 4220; baseline 0.004 -15"><span class='ocrx_word' id='word_1_712' title='bbox 2060 4159 2120 4205; x_wconf 71' lang='lat' dir='ltr'><strong>et</strong></span> <span class='ocrx_word' id='word_1_713' title='bbox 2147 4165 2255 4212; x_wconf 80' lang='lat' dir='ltr'><strong>vos,</strong></span> <span class='ocrx_word' id='word_1_714' title='bbox 2282 4164 2399 4202; x_wconf 87' lang='lat' dir='ltr'><strong>cum</strong></span> <span class='ocrx_word' id='word_1_715' title='bbox 2427 4146 2657 4202; x_wconf 84' lang='lat' dir='ltr'><strong>videbitis</strong></span> <span class='ocrx_word' id='word_1_716' title='bbox 2687 4147 2796 4203; x_wconf 77' lang='lat' dir='ltr'><strong>lucc</strong></span> <span class='ocrx_word' id='word_1_717' title='bbox 2824 4148 2957 4217; x_wconf 78' lang='lat' dir='ltr'><strong>ﬁeri,</strong></span> <span class='ocrx_word' id='word_1_718' title='bbox 2996 4139 3172 4203; x_wconf 80' lang='lat' dir='ltr'><strong>scitote</strong></span> <span class='ocrx_word' id='word_1_719' title='bbox 3215 4149 3269 4204; x_wconf 88' lang='lat' dir='ltr'><strong>in</strong></span> <span class='ocrx_word' id='word_1_720' title='bbox 3299 4151 3534 4220; x_wconf 74' lang='lat' dir='ltr'><strong>proximo</strong></span> <span class='ocrx_word' id='word_1_721' title='bbox 3555 4170 3665 4212; x_wconf 86' lang='lat' dir='ltr'><strong>esse</strong></span> 
     </span>
    </p>
   </div>
   <div class='ocr_carea' id='block_1_90' title="bbox 2064 4239 3668 4317">
    <p class='ocr_par' dir='ltr' id='par_1_90' title="bbox 2064 4239 3668 4317">
     <span class='ocr_line' id='line_1_90' title="bbox 2064 4239 3668 4317; baseline 0.002 -17"><span class='ocrx_word' id='word_1_722' title='bbox 2064 4258 2289 4317; x_wconf 64' lang='lat' dir='ltr'><strong>regnum</strong></span> <span class='ocrx_word' id='word_1_723' title='bbox 2315 4240 2434 4296; x_wconf 86' lang='lat' dir='ltr'><strong>Dei.</strong></span> <span class='ocrx_word' id='word_1_724' title='bbox 2467 4239 2522 4297; x_wconf 91' lang='lat' dir='ltr'><strong>Si</strong></span> <span class='ocrx_word' id='word_1_725' title='bbox 2548 4241 2691 4296; x_wconf 90' lang='lat' dir='ltr'><strong>enim</strong></span> <span class='ocrx_word' id='word_1_726' title='bbox 2763 4239 3204 4304; x_wconf 68' lang='lat' dir='ltr'><strong>ft&#39;uetilicationes</strong></span> <span class='ocrx_word' id='word_1_727' title='bbox 3263 4243 3668 4304; x_wconf 88' lang='lat' dir='ltr'><strong>arbuscularum</strong></span> 
     </span>
    </p>
   </div>
   <div class='ocr_carea' id='block_1_91' title="bbox 2063 4335 3668 4410">
    <p class='ocr_par' dir='ltr' id='par_1_91' title="bbox 2063 4335 3668 4410">
     <span class='ocr_line' id='line_1_91' title="bbox 2063 4335 3668 4410; baseline 0.003 -19"><span class='ocrx_word' id='word_1_728' title='bbox 2063 4338 2283 4408; x_wconf 78' lang='lat' dir='ltr'><strong>signum</strong></span> <span class='ocrx_word' id='word_1_729' title='bbox 2313 4335 2504 4391; x_wconf 71' lang='lat' dir='ltr'><strong>aestivo</strong></span> <span class='ocrx_word' id='word_1_730' title='bbox 2544 4335 2773 4401; x_wconf 84' lang='lat' dir='ltr'><strong>tempori</strong></span> <span class='ocrx_word' id='word_1_731' title='bbox 2804 4342 3081 4404; x_wconf 72' lang='lat' dir='ltr'><strong>przestant,</strong></span> <span class='ocrx_word' id='word_1_732' title='bbox 3113 4335 3483 4393; x_wconf 86' lang='lat' dir='ltr'><strong>antecedendo</strong></span> <span class='ocrx_word' id='word_1_733' title='bbox 3512 4339 3668 4410; x_wconf 88' lang='lat' dir='ltr'><strong>illud;</strong></span> 
     </span>
    </p>
   </div>
   <div class='ocr_carea' id='block_1_92' title="bbox 2068 4426 3672 4503">
    <p class='ocr_par' dir='ltr' id='par_1_92' title="bbox 2068 4426 3672 4503">
     <span class='ocr_line' id='line_1_92' title="bbox 2068 4426 3672 4503; baseline 0.003 -18"><span class='ocrx_word' id='word_1_734' title='bbox 2068 4429 2302 4503; x_wconf 74' lang='lat' dir='ltr'><strong>proinde</strong></span> <span class='ocrx_word' id='word_1_735' title='bbox 2323 4438 2376 4484; x_wconf 92' lang='lat' dir='ltr'><strong>et</strong></span> <span class='ocrx_word' id='word_1_736' title='bbox 2407 4427 2459 4500; x_wconf 84' lang='grc'><strong>(1</strong></span> <span class='ocrx_word' id='word_1_737' title='bbox 2480 4427 2525 4499; x_wconf 80' lang='grc' dir='ltr'><strong>ι)</strong></span> <span class='ocrx_word' id='word_1_738' title='bbox 2558 4426 2986 4482; x_wconf 85' lang='lat' dir='ltr'><strong>conﬂictationes</strong></span> <span class='ocrx_word' id='word_1_739' title='bbox 3018 4428 3186 4495; x_wconf 82' lang='lat' dir='ltr'><strong>orbis,</strong></span> <span class='ocrx_word' id='word_1_740' title='bbox 3217 4427 3427 4501; x_wconf 80' lang='lat' dir='ltr'><strong>signum</strong></span> <span class='ocrx_word' id='word_1_741' title='bbox 3460 4447 3672 4502; x_wconf 82' lang='lat' dir='ltr'><strong>praeno-</strong></span> 
     </span>
    </p>
   </div>
   <div class='ocr_carea' id='block_1_93' title="bbox 2069 4520 3666 4599">
    <p class='ocr_par' dir='ltr' id='par_1_93' title="bbox 2069 4520 3666 4599">
     <span class='ocr_line' id='line_1_93' title="bbox 2069 4520 3666 4599; baseline 0.003 -18"><span class='ocrx_word' id='word_1_742' title='bbox 2069 4532 2192 4581; x_wconf 73' lang='lat' dir='ltr'><strong>tant</strong></span> <span class='ocrx_word' id='word_1_743' title='bbox 2220 4523 2390 4594; x_wconf 81' lang='lat' dir='ltr'><strong>regni,</strong></span> <span class='ocrx_word' id='word_1_744' title='bbox 2436 4520 2794 4592; x_wconf 82' lang='lat' dir='ltr'><strong>praecedendo</strong></span> <span class='ocrx_word' id='word_1_745' title='bbox 2839 4520 2989 4577; x_wconf 86' lang='lat' dir='ltr'><strong>illud.</strong></span> <span class='ocrx_word' id='word_1_746' title='bbox 3044 4521 3215 4579; x_wconf 88' lang='lat' dir='ltr'><strong>Omne</strong></span> <span class='ocrx_word' id='word_1_747' title='bbox 3240 4534 3422 4581; x_wconf 87' lang='lat' dir='ltr'><strong>autem</strong></span> <span class='ocrx_word' id='word_1_748' title='bbox 3453 4527 3666 4599; x_wconf 83' lang='lat' dir='ltr'><strong>signum</strong></span> 
     </span>
    </p>
   </div>
   <div class='ocr_carea' id='block_1_94' title="bbox 2072 4611 3673 4687">
    <p class='ocr_par' dir='ltr' id='par_1_94' title="bbox 2072 4611 3673 4687">
     <span class='ocr_line' id='line_1_94' title="bbox 2072 4611 3673 4687; baseline 0.002 -15"><span class='ocrx_word' id='word_1_749' title='bbox 2072 4613 2289 4686; x_wconf 84' lang='lat' dir='ltr'><strong>ejusest</strong></span> <span class='ocrx_word' id='word_1_750' title='bbox 2306 4615 2465 4683; x_wconf 90' lang='lat' dir='ltr'><strong>cujus</strong></span> <span class='ocrx_word' id='word_1_751' title='bbox 2476 4619 2561 4670; x_wconf 92' lang='lat' dir='ltr'><strong>est</strong></span> <span class='ocrx_word' id='word_1_752' title='bbox 2581 4611 2697 4686; x_wconf 81' lang='grc'><strong>(15)</strong></span> <span class='ocrx_word' id='word_1_753' title='bbox 2715 4626 2822 4682; x_wconf 89' lang='lat' dir='ltr'><strong>res,</strong></span> <span class='ocrx_word' id='word_1_754' title='bbox 2838 4611 2994 4685; x_wconf 83' lang='lat' dir='ltr'><strong>cujus</strong></span> <span class='ocrx_word' id='word_1_755' title='bbox 3007 4621 3089 4670; x_wconf 89' lang='lat' dir='ltr'><strong>est</strong></span> <span class='ocrx_word' id='word_1_756' title='bbox 3105 4614 3336 4687; x_wconf 78' lang='lat' dir='ltr'><strong>signum.</strong></span> <span class='ocrx_word' id='word_1_757' title='bbox 3358 4615 3423 4674; x_wconf 80' lang='lat' dir='ltr'><strong>Et</strong></span> <span class='ocrx_word' id='word_1_758' title='bbox 3435 4619 3579 4677; x_wconf 87' lang='lat' dir='ltr'><strong>omni</strong></span> <span class='ocrx_word' id='word_1_759' title='bbox 3594 4622 3673 4678; x_wconf 88' lang='lat' dir='ltr'><strong>rei</strong></span> 
     </span>
    </p>
   </div>
   <div class='ocr_carea' id='block_1_95' title="bbox 1605 4726 2447 4792">
    <p class='ocr_par' dir='ltr' id='par_1_95' title="bbox 1605 4726 2447 4792">
     <span class='ocr_line' id='line_1_95' title="bbox 1605 4726 2447 4792; baseline -0.008 -2"><span class='ocrx_word' id='word_1_760' title='bbox 1605 4731 1989 4792; x_wconf 82' lang='lat' dir='ltr'><strong>LECTIONES</strong></span> <span class='ocrx_word' id='word_1_761' title='bbox 2028 4726 2447 4788; x_wconf 78' lang='lat' dir='ltr'><strong>VARIANTES.</strong></span> 
     </span>
    </p>
   </div>
   <div class='ocr_carea' id='block_1_96' title="bbox 460 4846 1105 4912">
    <p class='ocr_par' dir='ltr' id='par_1_96' title="bbox 460 4846 1105 4912">
     <span class='ocr_line' id='line_1_96' title="bbox 460 4846 1105 4912; baseline -0.003 -14"><span class='ocrx_word' id='word_1_762' title='bbox 460 4847 512 4912; x_wconf 81' lang='grc' dir='ltr'><strong>ι)</strong></span> <span class='ocrx_word' id='word_1_763' title='bbox 535 4848 783 4912; x_wconf 58' lang='lat' dir='ltr'><strong>Adveniet</strong></span> <span class='ocrx_word' id='word_1_764' title='bbox 803 4846 924 4912; x_wconf 81' lang='lat' dir='ltr'><strong>Rig._</strong></span> <span class='ocrx_word' id='word_1_765' title='bbox 946 4851 1105 4899; x_wconf 82' lang='lat' dir='ltr'><strong>Venet.</strong></span> 
     </span>
    </p>
   </div>
   <div class='ocr_carea' id='block_1_97' title="bbox 454 4907 1194 4974">
    <p class='ocr_par' dir='ltr' id='par_1_97' title="bbox 454 4907 1194 4974">
     <span class='ocr_line' id='line_1_97' title="bbox 454 4907 1194 4974; baseline 0.001 -13"><span class='ocrx_word' id='word_1_766' title='bbox 454 4907 510 4974; x_wconf 68' lang='lat'><strong>&#39;2)</strong></span> <span class='ocrx_word' id='word_1_767' title='bbox 534 4911 844 4974; x_wconf 74' lang='lat' dir='ltr'><strong>Dispergcns</strong></span> <span class='ocrx_word' id='word_1_768' title='bbox 862 4907 1017 4961; x_wconf 73' lang='lat' dir='ltr'><strong>Rhea.</strong></span> <span class='ocrx_word' id='word_1_769' title='bbox 1044 4907 1194 4962; x_wconf 85' lang='lat' dir='ltr'><strong>Seml.</strong></span> 
     </span>
    </p>
   </div>
   <div class='ocr_carea' id='block_1_98' title="bbox 456 4972 940 5024">
    <p class='ocr_par' dir='ltr' id='par_1_98' title="bbox 456 4972 940 5024">
     <span class='ocr_line' id='line_1_98' title="bbox 456 4972 940 5024; baseline -0.004 0"><span class='ocrx_word' id='word_1_770' title='bbox 456 4972 512 5024; x_wconf 69' lang='grc' dir='ltr'><strong>ὅ]</strong></span> <span class='ocrx_word' id='word_1_771' title='bbox 538 4972 752 5024; x_wconf 76' lang='lat' dir='ltr'><strong>Gréssus</strong></span> <span class='ocrx_word' id='word_1_772' title='bbox 778 4979 940 5024; x_wconf 71' lang='lat' dir='ltr'><strong>Venet.</strong></span> 
     </span>
    </p>
   </div>
   <div class='ocr_carea' id='block_1_99' title="bbox 460 5032 1694 5102">
    <p class='ocr_par' dir='ltr' id='par_1_99' title="bbox 460 5032 1694 5102">
     <span class='ocr_line' id='line_1_99' title="bbox 460 5032 1694 5102; baseline 0.003 -18"><span class='ocrx_word' id='word_1_773' title='bbox 460 5032 515 5102; x_wconf 65' lang='lat' dir='ltr'><strong>fi)</strong></span> <span class='ocrx_word' id='word_1_774' title='bbox 540 5034 923 5102; x_wconf 62' lang='lat' dir='ltr'><strong>(Numantines</strong></span> <span class='ocrx_word' id='word_1_775' title='bbox 938 5034 1606 5102; x_wconf 25' lang='lat' dir='ltr'><strong>qunqueirettmstatipnes</strong></span> <span class='ocrx_word' id='word_1_776' title='bbox 1622 5032 1694 5088; x_wconf 88' lang='lat' dir='ltr'><strong>al.</strong></span> 
     </span>
    </p>
   </div>
   <div class='ocr_carea' id='block_1_100' title="bbox 526 5094 1523 5161">
    <p class='ocr_par' dir='ltr' id='par_1_100' title="bbox 526 5094 1523 5161">
     <span class='ocr_line' id='line_1_100' title="bbox 526 5094 1523 5161; baseline 0.004 -16"><span class='ocrx_word' id='word_1_777' title='bbox 526 5094 1127 5161; x_wconf 58' lang='lat' dir='ltr'><strong>Appropinquabitﬁheni</strong></span> <span class='ocrx_word' id='word_1_778' title='bbox 1145 5097 1300 5161; x_wconf 80' lang='lat' dir='ltr'><strong>Seml.</strong></span> <span class='ocrx_word' id='word_1_779' title='bbox 1327 5097 1523 5153; x_wconf 85' lang='lat' dir='ltr'><strong>Obertlt.</strong></span> 
     </span>
    </p>
   </div>
   <div class='ocr_carea' id='block_1_101' title="bbox 456 5157 1400 5215">
    <p class='ocr_par' dir='ltr' id='par_1_101' title="bbox 456 5157 1400 5215">
     <span class='ocr_line' id='line_1_101' title="bbox 456 5157 1400 5215; baseline 0.005 -5"><span class='ocrx_word' id='word_1_780' title='bbox 456 5157 515 5215; x_wconf 77' lang='lat'><strong>6}</strong></span> <span class='ocrx_word' id='word_1_781' title='bbox 536 5157 771 5215; x_wconf 75' lang='lat' dir='ltr'><strong>subjecta</strong></span> <span class='ocrx_word' id='word_1_782' title='bbox 793 5157 887 5210; x_wconf 84' lang='lat' dir='ltr'><strong>erit</strong></span> <span class='ocrx_word' id='word_1_783' title='bbox 909 5157 1062 5212; x_wconf 82' lang='lat' dir='ltr'><strong>Rben.</strong></span> <span class='ocrx_word' id='word_1_784' title='bbox 1088 5158 1239 5213; x_wconf 89' lang='lat' dir='ltr'><strong>Seml.</strong></span> <span class='ocrx_word' id='word_1_785' title='bbox 1253 5163 1400 5215; x_wconf 79' lang='lat' dir='ltr'><strong>Pam.</strong></span> 
     </span>
    </p>
   </div>
   <div class='ocr_carea' id='block_1_102' title="bbox 542 5220 1110 5275">
    <p class='ocr_par' dir='ltr' id='par_1_102' title="bbox 542 5220 1110 5275">
     <span class='ocr_line' id='line_1_102' title="bbox 542 5220 1110 5275; baseline 0.005 -3"><span class='ocrx_word' id='word_1_786' title='bbox 542 5220 932 5274; x_wconf 66' lang='lat' dir='ltr'><strong>Fcerierarentur</strong></span> <span class='ocrx_word' id='word_1_787' title='bbox 955 5220 1110 5275; x_wconf 81' lang='lat' dir='ltr'><strong>Latin.</strong></span> 
     </span>
    </p>
   </div>
   <div class='ocr_carea' id='block_1_103' title="bbox 539 5280 1144 5338">
    <p class='ocr_par' dir='ltr' id='par_1_103' title="bbox 539 5280 1144 5338">
     <span class='ocr_line' id='line_1_103' title="bbox 539 5280 1144 5338; baseline 0.003 -2"><span class='ocrx_word' id='word_1_788' title='bbox 539 5280 750 5337; x_wconf 57' lang='lat' dir='ltr'><strong>Fundus</strong></span> <span class='ocrx_word' id='word_1_789' title='bbox 782 5280 949 5337; x_wconf 80' lang='lat' dir='ltr'><strong>Paris.</strong></span> <span class='ocrx_word' id='word_1_790' title='bbox 995 5292 1144 5338; x_wconf 77' lang='lat' dir='ltr'><strong>mar.</strong></span> 
     </span>
    </p>
   </div>
   <div class='ocr_carea' id='block_1_104' title="bbox 2000 4839 3148 5033">
    <p class='ocr_par' dir='ltr' id='par_1_104' title="bbox 2000 4839 3148 5033">
     <span class='ocr_line' id='line_1_104' title="bbox 2000 4839 3148 5033; baseline 0.003 -143"><span class='ocrx_word' id='word_1_791' title='bbox 2000 4849 2056 4910; x_wconf 77' lang='lat'><strong>1)</strong></span> <span class='ocrx_word' id='word_1_792' title='bbox 2145 4840 2221 5033; x_wconf 58' lang='grc'><strong>(9)</strong></span> <span class='ocrx_word' id='word_1_793' title='bbox 2244 4840 2552 4916; x_wconf 77' lang='lat' dir='ltr'><strong>Redemptus</strong></span> <span class='ocrx_word' id='word_1_794' title='bbox 2572 4839 2725 4894; x_wconf 79' lang='lat' dir='ltr'><strong>then.</strong></span> <span class='ocrx_word' id='word_1_795' title='bbox 2764 4841 2915 4894; x_wconf 88' lang='lat' dir='ltr'><strong>Seml.</strong></span> <span class='ocrx_word' id='word_1_796' title='bbox 2952 4841 3148 4896; x_wconf 83' lang='lat' dir='ltr'><strong>Obertlt.</strong></span> 
     </span>
     <span class='ocr_line' id='line_1_105' title="bbox 2176 4903 3148 5033; baseline 0.004 -78"><span class='ocrx_word' id='word_1_797' title='bbox 2176 4904 2365 5033; x_wconf 72' lang='lat' dir='ltr'><strong>10):th</strong></span> <span class='ocrx_word' id='word_1_798' title='bbox 2391 4907 2532 4978; x_wconf 81' lang='lat' dir='ltr'><strong>Pam.</strong></span> <span class='ocrx_word' id='word_1_799' title='bbox 2571 4903 2723 4979; x_wconf 68' lang='lat' dir='ltr'><strong>Rhea.</strong></span> <span class='ocrx_word' id='word_1_800' title='bbox 2760 4905 2912 4957; x_wconf 90' lang='lat' dir='ltr'><strong>Seml.</strong></span> <span class='ocrx_word' id='word_1_801' title='bbox 2958 4907 3148 4983; x_wconf 72' lang='lat' dir='ltr'><strong>Oberth.</strong></span> 
     </span>
     <span class='ocr_line' id='line_1_106' title="bbox 2172 4968 3148 5033; baseline 0.006 -17"><span class='ocrx_word' id='word_1_802' title='bbox 2172 4968 2223 5017; x_wconf 79' lang='grc'><strong>11</strong></span> <span class='ocrx_word' id='word_1_803' title='bbox 2275 4969 2391 5033; x_wconf 85' lang='lat' dir='ltr'><strong>Stve</strong></span> <span class='ocrx_word' id='word_1_804' title='bbox 2418 4973 2488 5033; x_wconf 84' lang='lat' dir='ltr'><strong>tut</strong></span> <span class='ocrx_word' id='word_1_805' title='bbox 2511 4969 2758 5033; x_wconf 78' lang='lat' dir='ltr'><strong>malueris,</strong></span> <span class='ocrx_word' id='word_1_806' title='bbox 2782 4982 2879 5033; x_wconf 82' lang='lat' dir='ltr'><strong>quo</strong></span> <span class='ocrx_word' id='word_1_807' title='bbox 2902 4970 3027 5019; x_wconf 89' lang='lat' dir='ltr'><strong>bona</strong></span> <span class='ocrx_word' id='word_1_808' title='bbox 3051 4985 3098 5022; x_wconf 85' lang='lat' dir='ltr'><strong>et</strong></span> <span class='ocrx_word' id='word_1_809' title='bbox 3119 4987 3148 5022; x_wconf 36' lang='lat' dir='ltr'><strong>at</strong></span> 
     </span>
    </p>
   </div>
   <div class='ocr_carea' id='block_1_105' title="bbox 2176 4903 3152 4964">
    <p class='ocr_par' dir='ltr' id='par_1_105' title="bbox 2176 4903 3152 4964">
     <span class='ocr_line' id='line_1_107' title="bbox 2176 4903 3152 4964; baseline 0.003 -9"><span class='ocrx_word' id='word_1_810' title='bbox 2176 4903 2532 4964; x_wconf 76' lang='lat' dir='ltr'><strong>10)&#39;,QuiPam.</strong></span> <span class='ocrx_word' id='word_1_811' title='bbox 2571 4903 2723 4957; x_wconf 81' lang='lat' dir='ltr'><strong>Rhea.</strong></span> <span class='ocrx_word' id='word_1_812' title='bbox 2760 4905 2912 4957; x_wconf 89' lang='lat' dir='ltr'><strong>Seml.</strong></span> <span class='ocrx_word' id='word_1_813' title='bbox 2958 4907 3152 4960; x_wconf 80' lang='lat' dir='ltr'><strong>Obertlt.</strong></span> 
     </span>
    </p>
   </div>
   <div class='ocr_carea' id='block_1_106' title="bbox 2172 4968 3683 5043">
    <p class='ocr_par' dir='ltr' id='par_1_106' title="bbox 2172 4968 3683 5043">
     <span class='ocr_line' id='line_1_108' title="bbox 2172 4968 3683 5043; baseline 0.006 -27"><span class='ocrx_word' id='word_1_814' title='bbox 2172 4968 2253 5043; x_wconf 35' lang='lat' dir='ltr'><strong>lli)</strong></span> <span class='ocrx_word' id='word_1_815' title='bbox 2275 4968 2391 5042; x_wconf 75' lang='lat' dir='ltr'><strong>Sive</strong></span> <span class='ocrx_word' id='word_1_816' title='bbox 2418 4969 2879 5043; x_wconf 18' lang='lat' dir='ltr'><strong>tui-tmlueris‘,‘quo</strong></span> <span class='ocrx_word' id='word_1_817' title='bbox 2902 4970 3027 5043; x_wconf 66' lang='lat' dir='ltr'><strong>bona</strong></span> <span class='ocrx_word' id='word_1_818' title='bbox 3051 4972 3366 5043; x_wconf 74' lang='lat' dir='ltr'><strong>ei_ad§c_riltas</strong></span> <span class='ocrx_word' id='word_1_819' title='bbox 3386 4991 3497 5043; x_wconf 67' lang='lat' dir='ltr'><strong>qua:</strong></span> <span class='ocrx_word' id='word_1_820' title='bbox 3520 4981 3582 5033; x_wconf 84' lang='lat' dir='ltr'><strong>ab</strong></span> <span class='ocrx_word' id='word_1_821' title='bbox 3598 4981 3683 5037; x_wconf 80' lang='lat' dir='ltr'><strong>ad.</strong></span> 
     </span>
    </p>
   </div>
   <div class='ocr_carea' id='block_1_107' title="bbox 2086 5028 3362 5090">
    <p class='ocr_par' dir='ltr' id='par_1_107' title="bbox 2086 5028 3362 5090">
     <span class='ocr_line' id='line_1_109' title="bbox 2086 5028 3362 5090; baseline 0.009 -12"><span class='ocrx_word' id='word_1_822' title='bbox 2086 5028 2243 5084; x_wconf 78' lang='lat' dir='ltr'><strong>ventu</strong></span> <span class='ocrx_word' id='word_1_823' title='bbox 2268 5032 2377 5090; x_wconf 83' lang='lat' dir='ltr'><strong>ejus</strong></span> <span class='ocrx_word' id='word_1_824' title='bbox 2397 5030 2621 5080; x_wconf 87' lang='lat' dir='ltr'><strong>oriuntur</strong></span> <span class='ocrx_word' id='word_1_825' title='bbox 2636 5028 2787 5090; x_wconf 85' lang='lat' dir='ltr'><strong>omitt.</strong></span> <span class='ocrx_word' id='word_1_826' title='bbox 2800 5028 2963 5081; x_wconf 51' lang='lat' dir='ltr'><strong>&#39;Illten.</strong></span> <span class='ocrx_word' id='word_1_827' title='bbox 2987 5033 3136 5084; x_wconf 88' lang='lat' dir='ltr'><strong>Seml.</strong></span> <span class='ocrx_word' id='word_1_828' title='bbox 3166 5034 3362 5089; x_wconf 82' lang='lat' dir='ltr'><strong>Obertlt.</strong></span> 
     </span>
    </p>
   </div>
   <div class='ocr_carea' id='block_1_108' title="bbox 2153 5089 3180 5344">
    <p class='ocr_par' dir='ltr' id='par_1_108' title="bbox 2153 5089 3180 5344">
     <span class='ocr_line' id='line_1_110' title="bbox 2180 5089 3180 5167; baseline 0.003 -25"><span class='ocrx_word' id='word_1_829' title='bbox 2180 5092 2239 5142; x_wconf 78' lang='lat' dir='ltr'><strong>t2</strong></span> <span class='ocrx_word' id='word_1_830' title='bbox 2281 5089 2434 5167; x_wconf 85' lang='lat' dir='ltr'><strong>Quam</strong></span> <span class='ocrx_word' id='word_1_831' title='bbox 2456 5093 2596 5141; x_wconf 88' lang='lat' dir='ltr'><strong>Pam.</strong></span> <span class='ocrx_word' id='word_1_832' title='bbox 2631 5089 2783 5143; x_wconf 81' lang='lat' dir='ltr'><strong>Itlten.</strong></span> <span class='ocrx_word' id='word_1_833' title='bbox 2808 5092 2957 5143; x_wconf 89' lang='lat' dir='ltr'><strong>Seml.</strong></span> <span class='ocrx_word' id='word_1_834' title='bbox 2985 5094 3180 5149; x_wconf 76' lang='lat' dir='ltr'><strong>obertlt.</strong></span> 
     </span>
     <span class='ocr_line' id='line_1_111' title="bbox 2153 5090 3098 5344; baseline 0.004 -78"><span class='ocrx_word' id='word_1_835' title='bbox 2153 5090 2267 5344; x_wconf 55' lang='lat' dir='ltr'><strong>(te)</strong></span> <span class='ocrx_word' id='word_1_836' title='bbox 2281 5149 2872 5267; x_wconf 62' lang='lat' dir='ltr'><strong>at</strong></span> <span class='ocrx_word' id='word_1_837' title='bbox 2886 5154 3098 5272; x_wconf 57' lang='lat' dir='ltr'><strong>una.</strong></span> 
     </span>
     <span class='ocr_line' id='line_1_112' title="bbox 2185 5274 2726 5331; baseline -0.007 -1"><span class='ocrx_word' id='word_1_838' title='bbox 2185 5279 2247 5331; x_wconf 78' lang='grc'><strong>15</strong></span> <span class='ocrx_word' id='word_1_839' title='bbox 2300 5276 2365 5331; x_wconf 88' lang='lat' dir='ltr'><strong>Et</strong></span> <span class='ocrx_word' id='word_1_840' title='bbox 2394 5274 2506 5330; x_wconf 86' lang='lat' dir='ltr'><strong>cod.</strong></span> <span class='ocrx_word' id='word_1_841' title='bbox 2537 5277 2726 5329; x_wconf 82' lang='lat' dir='ltr'><strong>Wouw.</strong></span> 
     </span>
    </p>
   </div>
   <div class='ocr_carea' id='block_1_109' title="bbox 2187 5212 3098 5272">
    <p class='ocr_par' dir='ltr' id='par_1_109' title="bbox 2187 5212 3098 5272">
     <span class='ocr_line' id='line_1_113' title="bbox 2187 5212 3098 5272; baseline 0.005 -7"><span class='ocrx_word' id='word_1_842' title='bbox 2187 5212 2267 5272; x_wconf 74' lang='grc'><strong>14)</strong></span> <span class='ocrx_word' id='word_1_843' title='bbox 2289 5214 2352 5266; x_wconf 82' lang='lat' dir='ltr'><strong>Et</strong></span> <span class='ocrx_word' id='word_1_844' title='bbox 2372 5213 2520 5266; x_wconf 69' lang='lat' dir='ltr'><strong>antiit.</strong></span> <span class='ocrx_word' id='word_1_845' title='bbox 2546 5212 2698 5267; x_wconf 65' lang='lat' dir='ltr'><strong>Illum.</strong></span> <span class='ocrx_word' id='word_1_846' title='bbox 2723 5214 2872 5267; x_wconf 85' lang='lat' dir='ltr'><strong>Seml.</strong></span> <span class='ocrx_word' id='word_1_847' title='bbox 2901 5217 3098 5272; x_wconf 78' lang='lat' dir='ltr'><strong>Obertlt.</strong></span> 
     </span>
    </p>
   </div>
   <div class='ocr_carea' id='block_1_110' title="bbox 2185 5274 2726 5331">
    <p class='ocr_par' dir='ltr' id='par_1_110' title="bbox 2185 5274 2726 5331">
     <span class='ocr_line' id='line_1_114' title="bbox 2185 5274 2726 5331; baseline -0.009 0"><span class='ocrx_word' id='word_1_848' title='bbox 2185 5274 2266 5331; x_wconf 74' lang='grc'><strong>15)</strong></span> <span class='ocrx_word' id='word_1_849' title='bbox 2300 5276 2365 5331; x_wconf 88' lang='lat' dir='ltr'><strong>Et</strong></span> <span class='ocrx_word' id='word_1_850' title='bbox 2394 5274 2506 5330; x_wconf 86' lang='lat' dir='ltr'><strong>cod.</strong></span> <span class='ocrx_word' id='word_1_851' title='bbox 2537 5277 2726 5329; x_wconf 82' lang='lat' dir='ltr'><strong>Wouw.</strong></span> 
     </span>
    </p>
   </div>
   <div class='ocr_carea' id='block_1_111' title="bbox 1750 5385 2313 5453">
    <p class='ocr_par' dir='ltr' id='par_1_111' title="bbox 1750 5385 2313 5453">
     <span class='ocr_line' id='line_1_115' title="bbox 1750 5385 2313 5453; baseline -0.016 -1"><span class='ocrx_word' id='word_1_852' title='bbox 1750 5385 2313 5453; x_wconf 77' lang='lat' dir='ltr'><strong>COMMENTARIUS.</strong></span> 
     </span>
    </p>
   </div>
   <div class='ocr_carea' id='block_1_112' title="bbox 374 5502 1994 5596">
    <p class='ocr_par' dir='ltr' id='par_1_112' title="bbox 374 5502 1994 5596">
     <span class='ocr_line' id='line_1_116' title="bbox 374 5502 1994 5596; baseline -0.004 -22"><span class='ocrx_word' id='word_1_853' title='bbox 374 5502 969 5596; x_wconf 51' lang='grc' dir='ltr'><strong>έῇξῆρριιοιοιιίμιρ</strong></span> <span class='ocrx_word' id='word_1_854' title='bbox 997 5509 1280 5596; x_wconf 69' lang='lat' dir='ltr'><strong>ducimur,</strong></span> <span class='ocrx_word' id='word_1_855' title='bbox 1301 5527 1495 5596; x_wconf 39' lang='lat' dir='ltr'><strong>“quam</strong></span> <span class='ocrx_word' id='word_1_856' title='bbox 1543 5510 1837 5584; x_wconf 86' lang='lat' dir='ltr'><strong>cujuslibet</strong></span> <span class='ocrx_word' id='word_1_857' title='bbox 1874 5509 1994 5596; x_wconf 75' lang='lat' dir='ltr'><strong>elo-</strong></span> 
     </span>
    </p>
   </div>
   <div class='ocr_carea' id='block_1_113' title="bbox 376 5581 1995 5727">
    <p class='ocr_par' dir='ltr' id='par_1_113' title="bbox 376 5581 1995 5727">
     <span class='ocr_line' id='line_1_117' title="bbox 376 5581 1992 5663; baseline -0.007 -16"><span class='ocrx_word' id='word_1_858' title='bbox 376 5581 1007 5663; x_wconf 56' lang='lat' dir='ltr'><strong>efmtemcularis.</strong></span> <span class='ocrx_word' id='word_1_859' title='bbox 1045 5602 1064 5638; x_wconf 77' lang='grc' dir='ltr'><strong><em>ι</em></strong></span> <span class='ocrx_word' id='word_1_860' title='bbox 1108 5585 1272 5656; x_wconf 82' lang='lat' dir='ltr'><strong>Atqui</strong></span> <span class='ocrx_word' id='word_1_861' title='bbox 1299 5581 1723 5654; x_wconf 66' lang='lat' dir='ltr'><strong>Déusipse,&#39;seu</strong></span> <span class='ocrx_word' id='word_1_862' title='bbox 1751 5581 1992 5653; x_wconf 84' lang='lat' dir='ltr'><strong>angelus,</strong></span> 
     </span>
     <span class='ocr_line' id='line_1_118' title="bbox 376 5650 1995 5727; baseline -0.009 -7"><span class='ocrx_word' id='word_1_863' title='bbox 648 5650 819 5727; x_wconf 66' lang='lat' dir='ltr'><strong>Israel</strong></span> <span class='ocrx_word' id='word_1_864' title='bbox 888 5664 1093 5727; x_wconf 15' lang='lat' dir='ltr'><strong>neutro,</strong></span> <span class='ocrx_word' id='word_1_865' title='bbox 1155 5671 1315 5727; x_wconf 88' lang='lat' dir='ltr'><strong>quem</strong></span> <span class='ocrx_word' id='word_1_866' title='bbox 1403 5654 1537 5711; x_wconf 79' lang='lat' dir='ltr'><strong>dixit</strong></span> <span class='ocrx_word' id='word_1_867' title='bbox 1610 5653 1995 5727; x_wconf 80' lang='lat' dir='ltr'><strong>Hieronymus,</strong></span> 
     </span>
    </p>
   </div>
   <div class='ocr_carea' id='block_1_114' title="bbox 372 5658 1997 5806">
    <p class='ocr_par' dir='ltr' id='par_1_114' title="bbox 372 5658 1997 5806">
     <span class='ocr_line' id='line_1_119' title="bbox 372 5658 1995 5793; baseline -0.012 -70"><span class='ocrx_word' id='word_1_868' title='bbox 372 5658 819 5793; x_wconf 47' lang='grc' dir='ltr'><strong>ποῶηω</strong></span> <span class='ocrx_word' id='word_1_869' title='bbox 888 5664 1081 5713; x_wconf 88' lang='lat' dir='ltr'><strong>neutro</strong></span> <span class='ocrx_word' id='word_1_870' title='bbox 1155 5671 1315 5727; x_wconf 88' lang='lat' dir='ltr'><strong>quem</strong></span> <span class='ocrx_word' id='word_1_871' title='bbox 1403 5658 1537 5711; x_wconf 79' lang='lat' dir='ltr'><strong>dixit</strong></span> <span class='ocrx_word' id='word_1_872' title='bbox 1610 5658 1995 5723; x_wconf 83' lang='lat' dir='ltr'><strong>Hieronymus,</strong></span> 
     </span>
     <span class='ocr_line' id='line_1_120' title="bbox 434 5724 1997 5806; baseline -0.01 -17"><span class='ocrx_word' id='word_1_873' title='bbox 434 5802 449 5806; x_wconf 78' lang='lat'><strong><em>_</em></strong></span> <span class='ocrx_word' id='word_1_874' title='bbox 474 5792 503 5806; x_wconf 46' lang='grc' dir='ltr'><strong><em>ν</em></strong></span> <span class='ocrx_word' id='word_1_875' title='bbox 530 5802 541 5806; x_wconf 23' lang='grc' dir='ltr'><strong>Δ</strong></span> <span class='ocrx_word' id='word_1_876' title='bbox 556 5732 613 5806; x_wconf 51' lang='grc' dir='ltr'><strong>,ις</strong></span> <span class='ocrx_word' id='word_1_877' title='bbox 665 5729 808 5806; x_wconf 72' lang='lat' dir='ltr'><strong>_,&#39;ut</strong></span> <span class='ocrx_word' id='word_1_878' title='bbox 824 5726 1028 5801; x_wconf 86' lang='lat' dir='ltr'><strong>optime</strong></span> <span class='ocrx_word' id='word_1_879' title='bbox 1053 5724 1654 5806; x_wconf 78' lang='lat' dir='ltr'><strong>Tertulliattus_noster,</strong></span> <span class='ocrx_word' id='word_1_880' title='bbox 1684 5724 1997 5806; x_wconf 68' lang='lat' dir='ltr'><strong>inualescen-</strong></span> 
     </span>
    </p>
   </div>
   <div class='ocr_carea' id='block_1_115' title="bbox 372 5767 1998 5869">
    <p class='ocr_par' dir='ltr' id='par_1_115' title="bbox 372 5767 1998 5869">
     <span class='ocr_line' id='line_1_121' title="bbox 374 5767 1968 5801; baseline -0.005 -17"><span class='ocrx_word' id='word_1_881' title='bbox 374 5767 559 5793; x_wconf 67' lang='grc' dir='ltr'><strong>...ην</strong></span> <span class='ocrx_word' id='word_1_882' title='bbox 609 5767 729 5793; x_wconf 70' lang='grc' dir='ltr'><strong>συν,</strong></span> <span class='ocrx_word' id='word_1_883' title='bbox 750 5767 1028 5801; x_wconf 64' lang='grc' dir='ltr'><strong>...Ἵππην</strong></span> <span class='ocrx_word' id='word_1_884' title='bbox 1064 5767 1418 5783; x_wconf 62' lang='grc' dir='ltr'><strong>.υ..ι........,..,</strong></span> <span class='ocrx_word' id='word_1_885' title='bbox 1448 5767 1654 5794; x_wconf 67' lang='lat'><strong>..........,</strong></span> <span class='ocrx_word' id='word_1_886' title='bbox 1684 5767 1968 5779; x_wconf 73' lang='lat'><strong>........----.-</strong></span> 
     </span>
     <span class='ocr_line' id='line_1_122' title="bbox 372 5767 1998 5869; baseline -0.006 -12"><span class='ocrx_word' id='word_1_887' title='bbox 784 5798 1166 5869; x_wconf 81' lang='lat' dir='ltr'><strong>interpretatus</strong></span> <span class='ocrx_word' id='word_1_888' title='bbox 1190 5807 1275 5853; x_wconf 90' lang='lat' dir='ltr'><strong>est</strong></span> <span class='ocrx_word' id='word_1_889' title='bbox 1303 5816 1318 5853; x_wconf 91' lang='lat'><strong>:</strong></span> <span class='ocrx_word' id='word_1_890' title='bbox 1356 5818 1376 5850; x_wconf 73' lang='grc' dir='ltr'><strong><em>ι</em></strong></span> <span class='ocrx_word' id='word_1_891' title='bbox 1414 5797 1781 5869; x_wconf 77' lang='lat' dir='ltr'><strong>Nequaquam,</strong></span> <span class='ocrx_word' id='word_1_892' title='bbox 1804 5794 1998 5865; x_wconf 87' lang='lat' dir='ltr'><strong>inquit,</strong></span> 
     </span>
    </p>
   </div>
   <div class='ocr_carea' id='block_1_116' title="bbox 340 5864 1999 5943">
    <p class='ocr_par' dir='ltr' id='par_1_116' title="bbox 340 5864 1999 5943">
     <span class='ocr_line' id='line_1_123' title="bbox 340 5864 1999 5943; baseline -0.007 -12"><span class='ocrx_word' id='word_1_893' title='bbox 340 5878 355 5943; x_wconf 74' lang='grc' dir='ltr'>ζ</span> <span class='ocrx_word' id='word_1_894' title='bbox 384 5864 640 5943; x_wconf 53' lang='grc' dir='ltr'><strong>,ν’-,ποτοῦ</strong></span> <span class='ocrx_word' id='word_1_895' title='bbox 660 5864 1003 5942; x_wconf 68' lang='lat' dir='ltr'><strong>mentibitur</strong></span> <span class='ocrx_word' id='word_1_896' title='bbox 1030 5885 1210 5924; x_wconf 87' lang='lat' dir='ltr'><strong>nomen</strong></span> <span class='ocrx_word' id='word_1_897' title='bbox 1232 5877 1375 5925; x_wconf 88' lang='lat' dir='ltr'><strong>tuum</strong></span> <span class='ocrx_word' id='word_1_898' title='bbox 1400 5912 1416 5939; x_wconf 93' lang='lat'><strong>,</strong></span> <span class='ocrx_word' id='word_1_899' title='bbox 1471 5864 1561 5925; x_wconf 79' lang='lat' dir='ltr'><strong>sed</strong></span> <span class='ocrx_word' id='word_1_900' title='bbox 1612 5864 1781 5925; x_wconf 77' lang='lat' dir='ltr'><strong>Israel</strong></span> <span class='ocrx_word' id='word_1_901' title='bbox 1812 5881 1828 5928; x_wconf 84' lang='lat'><strong>:</strong></span> <span class='ocrx_word' id='word_1_902' title='bbox 1872 5864 1999 5937; x_wconf 68' lang='lat' dir='ltr'><strong>Quo-</strong></span> 
     </span>
    </p>
   </div>
   <div class='ocr_carea' id='block_1_117' title="bbox 160 5844 1411 6185">
    <p class='ocr_par' dir='ltr' id='par_1_117' title="bbox 160 5844 1411 6185">
     <span class='ocr_line' id='line_1_124' title="bbox 340 5844 1411 5943; baseline 0.032 -50"><span class='ocrx_word' id='word_1_903' title='bbox 340 5878 351 5893; x_wconf 96' lang='lat'><strong>.</strong></span> <span class='ocrx_word' id='word_1_904' title='bbox 660 5844 1021 5942; x_wconf 49' lang='lat' dir='ltr'><strong>;ﬁe&#39;itﬁiiin&#39;r&#39;</strong></span> <span class='ocrx_word' id='word_1_905' title='bbox 1029 5844 1375 5925; x_wconf 34' lang='lat' dir='ltr'><strong>aggeri-luunt</strong></span> <span class='ocrx_word' id='word_1_906' title='bbox 1400 5912 1411 5939; x_wconf 84' lang='lat'><strong>,</strong></span> 
     </span>
     <span class='ocr_line' id='line_1_125' title="bbox 186 5844 1411 6185; baseline 0.022 -182"><span class='ocrx_word' id='word_1_907' title='bbox 186 6038 197 6051; x_wconf 48' lang='grc' dir='ltr'><strong>Ι</strong></span> <span class='ocrx_word' id='word_1_908' title='bbox 430 5952 455 5977; x_wconf 69' lang='grc' dir='ltr'><strong><em>τ</em></strong></span> <span class='ocrx_word' id='word_1_909' title='bbox 679 5961 1118 6027; x_wconf 65' lang='lat' dir='ltr'><strong>Turonum</strong></span> <span class='ocrx_word' id='word_1_910' title='bbox 1164 5961 1248 6026; x_wconf 84' lang='lat' dir='ltr'><strong>ll.</strong></span> <span class='ocrx_word' id='word_1_911' title='bbox 1408 6004 1411 6009; x_wconf 96' lang='lat'><strong><em>-</em></strong></span> 
     </span>
     <span class='ocr_line' id='line_1_126' title="bbox 160 6054 207 6083; baseline 0.085 -4"><span class='ocrx_word' id='word_1_912' title='bbox 160 6054 207 6083; x_wconf 71' lang='grc'><strong>.-</strong></span> 
     </span>
    </p>
   </div>
   <div class='ocr_carea' id='block_1_118' title="bbox 2079 5496 3690 5586">
    <p class='ocr_par' dir='ltr' id='par_1_118' title="bbox 2079 5496 3690 5586">
     <span class='ocr_line' id='line_1_127' title="bbox 2079 5496 3690 5586; baseline 0.006 -29"><span class='ocrx_word' id='word_1_913' title='bbox 2079 5526 2125 5563; x_wconf 73' lang='grc' dir='ltr'><strong>.ι</strong></span> <span class='ocrx_word' id='word_1_914' title='bbox 2175 5505 2312 5561; x_wconf 82' lang='lat' dir='ltr'><strong>aiant</strong></span> <span class='ocrx_word' id='word_1_915' title='bbox 2338 5504 2407 5586; x_wconf 43' lang='lat' dir='ltr'><strong>si.</strong></span> <span class='ocrx_word' id='word_1_916' title='bbox 2432 5508 2611 5585; x_wconf 77' lang='lat' dir='ltr'><strong>contra</strong></span> <span class='ocrx_word' id='word_1_917' title='bbox 2652 5497 2826 5586; x_wconf 47' lang='lat' dir='ltr'><strong>Deum.</strong></span> <span class='ocrx_word' id='word_1_918' title='bbox 2858 5496 3008 5586; x_wconf 61' lang='lat' dir='ltr'><strong>fortis</strong></span> <span class='ocrx_word' id='word_1_919' title='bbox 3047 5502 3192 5586; x_wconf 49' lang='lat' dir='ltr'><strong>fuisti</strong></span> <span class='ocrx_word' id='word_1_920' title='bbox 3208 5543 3224 5572; x_wconf 89' lang='lat'><strong>,</strong></span> <span class='ocrx_word' id='word_1_921' title='bbox 3286 5516 3475 5576; x_wconf 83' lang='lat' dir='ltr'><strong>quanto</strong></span> <span class='ocrx_word' id='word_1_922' title='bbox 3524 5514 3690 5586; x_wconf 69' lang='lat' dir='ltr'><strong>magis</strong></span> 
     </span>
    </p>
   </div>
   <div class='ocr_carea' id='block_1_119' title="bbox 2107 5570 3208 5653">
    <p class='ocr_par' dir='ltr' id='par_1_119' title="bbox 2107 5570 3208 5653">
     <span class='ocr_line' id='line_1_128' title="bbox 2107 5570 3208 5653; baseline -0.002 -20"><span class='ocrx_word' id='word_1_923' title='bbox 2107 5598 2129 5632; x_wconf 75' lang='grc' dir='ltr'><strong><em>ι</em></strong></span> <span class='ocrx_word' id='word_1_924' title='bbox 2175 5585 2353 5653; x_wconf 65' lang='lat' dir='ltr'><strong>contra</strong></span> <span class='ocrx_word' id='word_1_925' title='bbox 2379 5570 2937 5653; x_wconf 42' lang='lat' dir='ltr'><strong>bentinef‘prawalebis.</strong></span> <span class='ocrx_word' id='word_1_926' title='bbox 2951 5571 2991 5653; x_wconf 81' lang='lat'><strong>?_</strong></span> <span class='ocrx_word' id='word_1_927' title='bbox 3021 5570 3208 5653; x_wconf 51' lang='lat' dir='ltr'><strong>s&#39;Enp.</strong></span> 
     </span>
    </p>
   </div>
   <div class='ocr_carea' id='block_1_120' title="bbox 2176 5640 3689 5720">
    <p class='ocr_par' dir='ltr' id='par_1_120' title="bbox 2176 5640 3689 5720">
     <span class='ocr_line' id='line_1_129' title="bbox 2176 5640 3689 5720; baseline 0.004 -18"><span class='ocrx_word' id='word_1_928' title='bbox 2176 5640 2772 5720; x_wconf 67' lang='lat' dir='ltr'><strong>(a)_Videbunt_Filiu_m</strong></span> <span class='ocrx_word' id='word_1_929' title='bbox 2801 5642 3021 5720; x_wconf 73' lang='lat' dir='ltr'><strong>hominis</strong></span> <span class='ocrx_word' id='word_1_930' title='bbox 3055 5646 3351 5720; x_wconf 74' lang='lat' dir='ltr'><strong>penientem.</strong></span> <span class='ocrx_word' id='word_1_931' title='bbox 3382 5646 3689 5720; x_wconf 85' lang='lat' dir='ltr'><strong>Secundum</strong></span> 
     </span>
    </p>
   </div>
   <div class='ocr_carea' id='block_1_121' title="bbox 2104 5713 3688 5788">
    <p class='ocr_par' dir='ltr' id='par_1_121' title="bbox 2104 5713 3688 5788">
     <span class='ocr_line' id='line_1_130' title="bbox 2104 5713 3688 5788; baseline 0.002 -12"><span class='ocrx_word' id='word_1_932' title='bbox 2104 5713 2195 5776; x_wconf 78' lang='lat' dir='ltr'><strong>hic</strong></span> <span class='ocrx_word' id='word_1_933' title='bbox 2219 5713 2508 5788; x_wconf 80' lang='lat' dir='ltr'><strong>adventum</strong></span> <span class='ocrx_word' id='word_1_934' title='bbox 2533 5714 2736 5788; x_wconf 79' lang='lat' dir='ltr'><strong>Christi</strong></span> <span class='ocrx_word' id='word_1_935' title='bbox 2763 5729 2834 5771; x_wconf 79' lang='lat' dir='ltr'><strong>ex</strong></span> <span class='ocrx_word' id='word_1_936' title='bbox 2872 5713 3096 5773; x_wconf 89' lang='lat' dir='ltr'><strong>inlinitis</strong></span> <span class='ocrx_word' id='word_1_937' title='bbox 3128 5717 3257 5773; x_wconf 90' lang='lat' dir='ltr'><strong>locis</strong></span> <span class='ocrx_word' id='word_1_938' title='bbox 3285 5716 3473 5788; x_wconf 84' lang='lat' dir='ltr'><strong>probat</strong></span> <span class='ocrx_word' id='word_1_939' title='bbox 3499 5713 3688 5784; x_wconf 78' lang='lat' dir='ltr'><strong>contra</strong></span> 
     </span>
    </p>
   </div>
   <div class='ocr_carea' id='block_1_122' title="bbox 2104 5787 2689 5851">
    <p class='ocr_par' dir='ltr' id='par_1_122' title="bbox 2104 5787 2689 5851">
     <span class='ocr_line' id='line_1_131' title="bbox 2104 5787 2689 5851; baseline -0.012 -2"><span class='ocrx_word' id='word_1_940' title='bbox 2104 5791 2448 5851; x_wconf 79' lang='lat' dir='ltr'><strong>Mat&#39;c&#39;tottetn.</strong></span> <span class='ocrx_word' id='word_1_941' title='bbox 2472 5787 2552 5845; x_wconf 74' lang='lat' dir='ltr'><strong>La</strong></span> <span class='ocrx_word' id='word_1_942' title='bbox 2590 5787 2689 5845; x_wconf 82' lang='lat' dir='ltr'><strong>Pu.</strong></span> 
     </span>
    </p>
   </div>
   <div class='ocr_carea' id='block_1_123' title="bbox 2908 5946 3226 6030">
    <p class='ocr_par' dir='ltr' id='par_1_123' title="bbox 2908 5946 3226 6030">
     <span class='ocr_line' id='line_1_132' title="bbox 2908 5946 3226 6030; baseline -0.022 -16"><span class='ocrx_word' id='word_1_943' title='bbox 2908 5946 3226 6030; x_wconf 63' lang='lat' dir='ltr'><strong>(Quin/re.)</strong></span> 
     </span>
    </p>
   </div>
  </div>
