4020 6286
367 310 469 366 tsa
488 296 513 335 ⁸

1784 295 2251 359 TEBTULLIANI

3556 304 3665 365 460

356 422 426 479 :ih
453 429 519 479 eo
548 421 836 493 imponitur
857 419 1089 491 signum,
1117 415 1273 485 cujus
1306 424 1391 473 est
1421 429 1530 474 res.
1561 411 1635 469 Ita
1664 413 1708 470 si
1735 412 1950 470 conﬂic-
1981 413 2041 480 Α
2064 411 2118 469 Si
2149 413 2251 469 hoc
2265 421 2349 470 est
2372 414 3031 489 prOpIietiasdissolvere,
3051 418 3181 492 quid
3205 418 3624 493 eritadimplere
3639 419 3669 487 ?_

364 514 595 571 tationes
615 514 764 586 signa
795 521 925 569 sunt
950 509 1130 584 regni,
1163 509 1303 566 sicut
1332 508 1775 565 lructiﬁcationes
1804 516 1958 563 aesta-

363 606 467 675 tis;
498 621 627 677 ergo
653 614 707 662 et
750 619 974 677 regnum
1004 603 1277 659 Creatoris
1300 610 1407 668 est,
1438 600 1593 671 cujus
1622 598 1703 672 (I)
1735 599 1957 656 conﬁic-

369 701 597 756 tationes
639 699 985 771 deputantur,
1029 711 1149 768 qum
1189 694 1341 767 signa
1368 703 1494 750 sunt
1519 691 1694 764 regni.
1730 690 1959 747 Praemi-

365 799 512 848 serat
535 798 789 862 oportere
818 789 934 846 haec
962 789 1079 844 ﬁeri
1107 797 1214 843 tam
1245 786 1474 854 atrocia,
1500 794 1609 841 tam
1642 784 1755 840 dira
1777 826 1792 848 ,
1814 784 1958 840 Deus

369 885 646 956 optimus,
690 892 839 940 certe
876 898 908 938 a
960 880 1244 952 Prophetis
1295 889 1350 936 et
1378 894 1408 934 a
1444 878 1591 951 Lege
1638 876 1955 951 prmdicata;

364 978 500 1033 adeo
528 977 727 1050 Legem
757 986 810 1033 et
854 974 1154 1046 Pr0phetas
1190 988 1297 1029 non
1327 971 1660 1041 destruebat,
1692 986 1816 1028 cum
1837 985 1959 1042 quae

362 1070 807 1141 praedicaverunt,
835 1068 1119 1122 conﬁrmat
1145 1064 1326 1135 perﬁci
1359 1073 1633 1136 oportere.
1660 1061 1852 1117 Adhuc
1880 1061 1964 1117 in-

362 1162 537 1234 gerit,
573 1158 696 1214 Non
721 1157 1054 1214 transiturum
1097 1157 1281 1213 ccelum
1309 1172 1369 1211 ac
1397 1166 1623 1221 terram,
1664 1154 1763 1210 nisi
1790 1154 1964 1209 omnia

367 1260 693 1323 peraguntur.
713 1250 971 1320 Quaenam
996 1248 1139 1306 ista?
1160 1247 1218 1305 Si
1236 1263 1406 1321 (10:13.3
1425 1248 1683 1305 Creatore
1708 1255 1834 1304 sunt
1855 1244 1960 1320 (2),

369 1347 562 1403 merito
614 1344 960 1415 sustinebunt
1004 1343 1269 1400 elementa
1323 1341 1535 1399 Domini
1574 1342 1660 1398 sui
1711 1339 1960 1397 ordinem

365 1439 624 1511 expungi.
672 1439 727 1496 Si
769 1453 892 1510 qute
918 1452 946 1493 a
976 1436 1088 1493 Deo
1132 1441 1339 1509 optimo
1358 1477 1373 1502 ,
1402 1435 1586 1492 nescio
1612 1451 1680 1490 an
1703 1435 1965 1492 sustineat

363 1532 560 1590 coelum
607 1542 660 1589 et
693 1542 834 1588 terra
880 1530 1064 1601 perﬁci
1110 1545 1230 1602 quae
1282 1528 1511 1585 aemulus
1537 1528 1747 1584 statuit.
1779 1526 1895 1583 Hoc
1915 1526 1961 1583 si

367 1628 599 1696 patietur
625 1623 870 1693 Greater,
903 1625 1104 1681 zelotes
1136 1623 1279 1680 Deus
1310 1638 1415 1679 non
1446 1629 1547 1678 est.
1578 1620 1845 1678 Transeat
1864 1634 1963 1692 age

364 1737 507 1779 nunc
538 1730 679 1778 terra
710 1729 761 1776 et
793 1718 1011 1786 etelum,
1044 1717 1123 1775 sic
1168 1717 1312 1773 enim
1335 1714 1597 1771 Dominus
1623 1729 1811 1771 eorum
1834 1713 1964 1769 des-

2135 596 2371 654 Proinde
2398 596 2552 671 (Luc.
2595 598 2767 673 XXII)
2800 602 2974 659 scitet
3001 601 3221 675 quando
3250 603 3357 674 pati
3389 611 3667 675 oporteret

2065 703 2188 746 eum
2214 731 2228 756 ,
2274 690 2428 763 cujus
2479 693 2791 763 passionem
2834 693 2923 750 lex
2968 694 3182 767 ﬁgurat.
3229 693 3363 751 Nam
3388 710 3420 751 e
3449 693 3553 768 (4)
3583 704 3670 753 tot

2066 780 2216 840 festis
2241 782 2549 841 Judazorum
2578 785 2796 843 Pascha:
2819 787 2953 843 diem
2980 788 3142 861 elegit
3171 786 3275 861 (5).
3306 786 3365 845 lu
3393 788 3496 844 hoc
3521 788 3672 845 enim

2066 885 2461 932 sacramentum
2509 879 2885 949 pronuntiarat
2939 879 3154 953 Moyses
3198 878 3383 954 (Leuit.
3426 879 3667 952 XXIII):

2070 964 2279 1023 Pascha
2302 980 2375 1025 est
2399 968 2632 1028 Domini.
2660 971 2788 1029 Ideo
2816 982 2872 1029 et
2900 971 3149 1030 allectum
3174 989 3341 1030 snum-
3374 974 3614 1031 ostendit
3639 992 3658 1032 :

2067 1059 2490 1135 Concupisrentia
2533 1064 2802 1136 concupiui
2834 1063 3035 1122 Pascha
3061 1067 3209 1124 edere
3234 1064 3492 1122 vobiscum
3517 1076 3666 1122 ante-

2066 1168 2223 1224 quam
2269 1155 2458 1227 patiar.
2505 1155 2705 1229 Olegis
2729 1157 3154 1226 destructorem,
3201 1160 3292 1232 qui
3319 1159 3674 1231 concupierat

2067 1247 2228 1303 etiam
2277 1249 2486 1305 Pascha
2515 1253 2769 1307 servare!
2801 1251 3063 1309 Nimirum
3096 1253 3380 1309 verrecina
3409 1253 3558 1308 illum
3581 1252 3672 1323 ju-

2067 1340 2221 1397 daiea
2241 1341 2579 1400 delectaret?
2602 1345 2686 1401 An
2707 1345 2824 1417 ipse
2854 1357 2990 1416 erat,
3009 1348 3101 1420 qui
3129 1346 3233 1421 (Is.
3257 1345 3391 1420 LIII)
3419 1358 3663 1418 tanquam

2068 1434 2175 1490 ovis
2203 1432 2272 1488 ad
2314 1434 2574 1492 victimam
2602 1436 2793 1493 adduci
2823 1437 3027 1495 habens
3046 1480 3062 1507 ,
3089 1450 3144 1496 et
3172 1449 3416 1511 tanquam
3444 1440 3551 1496 ovis
3581 1455 3671 1496 co-

2066 1540 2180 1579 ram
2205 1525 2441 1582 tondente
2464 1527 2538 1583 sic
2581 1544 2638 1583 os
2662 1544 2768 1585 non
2786 1540 3062 1601 operturus
3081 1572 3094 1598 ,
3137 1532 3367 1602 ﬁguram
3391 1532 3678 1604 sanguinis

2071 1616 2156 1673 sui
2202 1617 2457 1677 salutaris
2504 1621 2730 1694 implere
2782 1623 3239 1696 concupiscebat?
3276 1626 3497 1683 Poterat
3524 1628 3681 1685 etab

2069 1720 2328 1767 extraneo
2367 1712 2611 1785 quolibet
2655 1713 2830 1782 tradi;
2872 1731 2940 1772 ne
2979 1716 3215 1774 dicerem
3269 1716 3349 1790 (6)
3376 1728 3434 1776 et
3470 1719 3526 1774 in
3568 1718 3683 1777 hoc

366 1814 574 1880 tinavit,
605 1812 731 1869 dum
784 1810 1005 1866 Verbum
1048 1809 1158 1882 ejus
1186 1818 1353 1864 manet
1395 1808 1448 1862 in
1475 1823 1639 1862 arvum
1666 1824 1680 1863 :
1707 1807 1788 1862 sic
1811 1805 1955 1862 enim
1984 1807 2037 1871 Β
2067 1802 2333 1859 Psalmum
2366 1802 2486 1877 (Ps.
2514 1804 2631 1875 XL,
2662 1805 2755 1877 10)
2780 1817 3108 1879 expunctum
3155 1828 3169 1865 :
3204 1810 3305 1877 Qui
3329 1828 3525 1867 mecum
3571 1829 3679 1884 pa-

366 1916 423 1964 et
445 1905 633 1962 Esaias
658 1903 1040 1977 praenuntiavit
1067 1900 1169 1975 (Is.
1209 1899 1324 1969 XL,
1355 1899 1437 1971 8).
1488 1897 1889 1954 Admoneantur
1908 1906 1963 1953 et

363 1997 608 2067 discipuli
633 2038 647 2060 ,
678 2011 740 2050 ne
769 1994 975 2067 quando
1023 1999 1300 2066 graventur
1344 1989 1500 2045 corda
1544 2005 1717 2044 eorum
1745 1988 1962 2059 crapula

365 2099 411 2146 et
437 2087 514 2165 (a)
539 2089 795 2151 ebrietate,
823 2096 869 2143 et
897 2086 1227 2143 saecularibus
1262 2083 1399 2139 curis
1422 2099 1442 2150 ;
1472 2091 1519 2138 et
1555 2081 1759 2136 insistat
1787 2081 1858 2137 eis
1881 2096 1964 2135 re-

367 2184 601 2255 pentinus
626 2179 733 2236 dies
762 2179 869 2247 ille,
913 2177 1047 2233 velut
1076 2178 1285 2249 laqueus
1313 2193 1333 2243 ;
1367 2175 1552 2247 utique
1581 2174 1762 2230 oblitis
1791 2173 1962 2230 Deum

365 2292 433 2334 ex
462 2275 800 2348 plenitudine
843 2283 896 2329 et
923 2270 1251 2343 cogitatione
1294 2269 1516 2336 mundi;
1549 2266 1720 2342 Moysi
1744 2268 1848 2323 erit
1875 2266 1965 2323 ad-

367 2370 592 2427 monitio
624 2367 819 2442 (Deut.
872 2363 1112 2429 XXXII,
1141 2362 1256 2435 15).
1287 2361 1437 2418 Adeo
1484 2361 1531 2417 is
1557 2360 1808 2443 liberabit
1831 2374 1863 2415 a
1887 2359 1965 2415 la-

368 2476 508 2536 queo
537 2460 643 2517 diei
673 2459 842 2526 illius,
863 2456 953 2529 qui
977 2457 1113 2512 hanc
1137 2455 1559 2511 admonitionem
1588 2461 1734 2509 retro
1763 2452 1961 2509 intulit.

370 2556 540 2612 Erant
568 2562 624 2611 et
667 2553 785 2609 loca
838 2550 944 2607 alia
985 2549 1128 2623 apud
1179 2547 1511 2605 Hierusalem
1534 2547 1600 2604 ad
1626 2546 1962 2615 docendum,

367 2655 524 2703 erant
548 2653 700 2700 extra
729 2641 1067 2699 Hierusalem
1123 2637 1526 2707 secedendum;
1582 2638 1828 2695 sedenitn
1868 2654 1967 2709 per

369 2737 515 2794 diem
544 2736 597 2793 in
623 2736 825 2807 templo
851 2735 1120 2802 docebat,
1154 2740 1214 2787 ut
1242 2731 1330 2803 qui
1359 2746 1456 2803 per
1480 2729 1617 2788 Osee
1642 2728 1968 2803 praedixerat

375 2831 497 2907 (0s.
522 2829 643 2887 XII.
670 2830 763 2901 4):
795 2826 864 2884 In
891 2827 1083 2898 templo
1124 2842 1236 2881 utea
1274 2841 1356 2880 me
1406 2824 1740 2892 invenerunt,
1787 2832 1834 2879 et
1859 2823 1967 2880 illic

368 2925 683 2997 disputatum
712 2930 784 2976 est
820 2918 889 2975 ad
915 2928 1022 2976 eos.
1049 2916 1129 2972 Ad
1153 2926 1350 2972 nectent
1372 2932 1489 2971 vero
1519 2917 1574 2970 in
1616 2916 1858 2971 clazonem
1889 2915 1965 2989 (b)

368 3017 629 3076 secedebat
658 3014 785 3072 :sic
855 3013 997 3070 enim
1042 3010 1334 3067 Zacharias
1393 3009 1727 3066 demonstrat
1781 3009 1964 3084 (Zach.

370 3109 513 3169 XIV.
536 3106 595 3181 4)
625 3126 640 3165 :
671 3105 740 3162 Et
756 3104 954 3162 stabunt
982 3103 1135 3176 pedes
1159 3103 1269 3173 ejus
1289 3102 1343 3157 in
1366 3112 1533 3157 monte
1551 3102 1764 3157 elwone.
1796 3099 1969 3157 Erant

2065 1911 2182 1951 nem
2206 1896 2340 1964 edit,
2364 1896 2546 1953 levabit
2572 1898 2626 1953 in
2646 1915 2724 1953 me
2749 1899 2999 1971 plantam.
3027 1901 3246 1958 Poterat
3269 1912 3327 1959 et
3368 1904 3486 1960 sine
3516 1920 3670 1974 pra-

2066 1989 2178 2046 mio
2210 1988 2379 2046 tradi:
2410 2002 2608 2063 quanta
2630 1992 2775 2048 enim
2822 2008 2987 2064 opera
3013 1995 3291 2052 traditoris
3328 1996 3471 2052 circa
3493 2013 3621 2054 eum
3645 2037 3668 2067 ,

2065 2083 2155 2155 qui
2182 2082 2439 2155 populum
2468 2098 2652 2141 coram
2698 2083 2981 2142 oﬁ‘endens
3005 2128 3021 2155 ,
3069 2101 3172 2143 nec
3200 2087 3342 2144 tradi
3366 2090 3536 2160 magis
3564 2104 3673 2159 po-

2067 2178 2259 2234 tuisset
2278 2193 2437 2249 quam
2456 2177 2667 2234 invadi?
2690 2177 2798 2235 Sed
2812 2180 2913 2236 hoc
2928 2179 3022 2237 alii
3043 2181 3393 2253 competisset
3422 2182 3668 2254 Christo,

2067 2285 2174 2325 non
2200 2269 2290 2340 qui
2342 2269 2650 2341 prophetias
2698 2269 3047 2342 adimplebat.
3079 2272 3349 2345 Scriptum
3405 2282 3489 2330 est
3515 2273 3667 2332 enim

2069 2359 2209 2435 (Am.
2232 2361 2292 2428 Il,
2311 2359 2369 2431 6)
2394 2379 2407 2416 :
2435 2360 2545 2417 Pro
2572 2377 2630 2417 eo
2654 2361 2790 2433 quod
2818 2363 3166 2419 venundcdere
3197 2361 3278 2436 (7)
3295 2365 3514 2436 justum.
3536 2363 3683 2422 Nam

2067 2465 2123 2511 et
2171 2456 2526 2527 quantitatem
2574 2465 2628 2511 et
2680 2455 2883 2511 exitum
2919 2455 3075 2526 pretii
3121 2465 3305 2526 postea
3334 2455 3471 2512 Iuda
3501 2456 3682 2527 paeni-

2069 2558 2216 2607 tente
2241 2551 2479 2607 revocati
2498 2590 2512 2615 .
2543 2549 2674 2606 etin
2693 2550 3025 2622 emptionem
3048 2549 3159 2605 dati
3187 2550 3299 2621 agri
3329 2549 3507 2622 ﬁguli,
3533 2551 3685 2611 sicut.

2069 2644 2123 2700 in
2146 2644 2436 2716 Evangelio
2456 2643 2691 2699 Matthtei
2727 2641 2905 2715 (Matt.
2937 2642 3158 2716 XXVII)
3189 2645 3516 2713 continetur,
3544 2645 3680 2704 Ilie-

2070 2735 2267 2793 remias
2298 2735 2511 2807 (Jerem.
2551 2733 2774 2807 XXXII)
2809 2736 3065 2806 praecanit
3098 2754 3114 2792 :
3157 2735 3225 2792 Et
3251 2747 3548 2807 acceperunt
3573 2738 3672 2797 tri-

2069 2827 2212 2899 ginta
2248 2835 2488 2899 argentea
2526 2823 2606 2898 (8)
2638 2826 2857 2898 pretium
2904 2828 3184 2901 appretiati
3208 2829 3285 2884 vel
3320 2828 3587 2897 honorati,
3619 2838 3674 2887 et

2070 2922 2315 2979 dederunt
2349 2937 2408 2976 ea
2447 2918 2527 2993 (9)
2554 2921 2606 2975 in
2636 2936 2815 2992 agrum
2858 2920 3027 2993 ﬁguli.
3063 2921 3353 2981 Professus'
3406 2931 3588 2997 itaque
3614 2941 3685 2984 se

2070 3015 2505 3087 concupiscentia
2563 3015 2888 3086 concupisse
2939 3014 3103 3072 edere
3158 3017 3365 3073 Pascha
3418 3028 3475 3073 ut
3514 3033 3681 3078 suum

2074 3110 2372 3184 [indignum
2399 3110 2545 3166 enim
2575 3109 2774 3181 utquid
2787 3110 3023 3165 alienum
3040 3112 3443 3183 concupisceret
3468 3113 3634 3187 Deus]
3658 3156 3681 3183 ,

374 3206 523 3262 hora:
551 3217 764 3275 quoque
813 3198 1082 3255 auditorio
1129 3203 1538 3267 competentes:
1570 3194 1805 3252 diluculo
1832 3211 1964 3253 cou-
1989 3201 2036 3266 C
2069 3212 2347 3275 acceptum
2376 3216 2570 3272 panem
2593 3242 2609 3267 ,
2654 3211 2709 3257 et
2732 3201 3080 3258 distributum
3120 3203 3404 3275 discipulis
3424 3246 3441 3271 ,
3467 3220 3677 3277 corpus

374 3294 697 3355 veniendum
739 3302 854 3350 erat
875 3331 891 3358 ,
936 3288 1059 3361 quia
1089 3303 1187 3361 per
1210 3287 1431 3343 Esaiam
1456 3301 1578 3342 cum
1605 3285 1831 3344 dixisset
1858 3287 1961 3362 (Is.

373 3390 438 3459 L,
466 3391 500 3446 4
528 3387 549 3461 )
577 3407 590 3442 :
624 3385 873 3442 Dominus
899 3381 987 3436 dat
1029 3380 1155 3437 mihi
1184 3381 1413 3453 linguam
1456 3378 1778 3452 disciplinae;
1814 3381 1968 3454 θάλε..

374 3490 450 3547 cit
479 3485 603 3561 (5):
642 3483 896 3558 Apposuit
939 3479 1065 3536 mihi
1103 3495 1253 3537 mane
1289 3494 1465 3555 gurem
1516 3478 1585 3536 ad
1620 3481 1954 3540 audiendum.

2071 3296 2217 3351 illum
2232 3309 2392 3351 suum
2422 3291 2537 3367 (10)
2565 3292 2717 3361 fecit,
2755 3293 2863 3349 Hoc
2883 3304 2956 3350 est
2984 3312 3170 3367 corpus
3203 3314 3369 3352 meum
3397 3296 3633 3357 dicendo
3658 3318 3824 3369 ,ροι-
3874 3360 3877 3361 ν

2069 3387 2142 3462 (c)
2180 3388 2377 3456 idest,
2427 3387 2594 3459 ﬁgura
2639 3388 2886 3459 corporis
2934 3388 3064 3445 mei.
3109 3388 3305 3460 Figura
3344 3398 3524 3447 autem
3555 3367 3671 3450 non’
3695 3367 3914 3421 Iustum“

2064 3486 2276 3549 fuisset,
2307 3479 2414 3537 nisi
2438 3480 2682 3537 veritatis
2724 3489 2870 3538 esset
2898 3495 3117 3553 corpus.
3163 3482 3473 3553 Caeterum,
3501 3500 3682 3546 vacua

1603 3592 1988 3659 LECTIONES
2022 3592 2439 3658 VARIANTES.

460 3839 513 3908 δ)
536 3843 729 3908 adiecit
748 3839 1017 3908 abstrac-

464 3895 513 3959 ὶΐ
536 3895 773 3959 Et'lthen.
799 3895 950 3954 Seml.
974 3895 1137 3952 Obert.

460 3726 482 3773 1
532 3716 621 3770 Cui
646 3712 800 3766 latin.

462 3788 492 3834 2
536 3781 685 3833 Fiunt
704 3774 858 3830 Rhea.
895 3770 1045 3826 Seml.
1071 3767 1264 3823 oberth.

432 3719 514 4043 is?
536 3843 755 3958 Adimam
748 3839 1137 3954 .arobert.

459 3911 493 4025 ἔ
529 3906 757 4035 ἓῖθεθιιίι
783 3969 942 4019 Venet.
962 3962 1071 4029 egit
1088 3956 1243 4018 Bhen.

459 3956 512 4035 ὥ
529 3956 757 4035 Ειθξθιιίι
783 3969 942 4019 Venet.
962 3962 1071 4029 egit
1088 3956 1243 4018 Bhen.
1263 3956 1415 4014 SemL
1428 3958 1628 4016 Obertlt.

460 4195 535 4270 (a)
572 4192 899 4270 Ebrietatem
927 4185 1258 4270 καιναῖσι-ἱραί
1304 4183 1463 4270 curis.
1502 4183 1634 4269 Quae
1661 4182 1770 4270 duo
1798 4185 1885 4243 hic
1912 4187 1968 4243 in

381 4255 658 4340 discipulis
686 4260 1081 4340 prohibentur,‘
1098 4256 1285 4338 eadem
1315 4256 1369 4310 in
1392 4255 1631 4340 clericis,
1668 4264 1778 4311 tum
1800 4271 1966 4340 pres-

384 4326 590 4414 byteris
609 4378 624 4403 ,
666 4326 774 4390 tum
806 4332 967 4388 etiam
999 4326 1265 4415 episcopis
1289 4326 1663 4398 prohibentur,
1692 4330 1968 4455 posterius

384 4428 506 4457 nun-
532 4425 621 4457 an-
659 4405 713 4457 6.
754 4413 806 4457 et
834 4401 925 4457 80.
963 4416 1082 4457 can.
1116 4400 1170 4453 ε).
1201 4396 1368 4457 Cone.
1399 4394 1583 4452 (ιω-ιιι.
1614 4407 1669 4455 et
1745 4440 1756 4455 .
1790 4398 1968 4457 Gene-

383 4401 1083 4546 ἵζ’ἰέξεῖνέεῗὶῗέιὲἓίεὲίέῗέ
1106 4400 1170 4525 ἓί
1189 4400 1961 4546 ἓὲῗιῗξεὲἒῗὲξόἒζξῑθξῗὲῗζ

2237 3770 2580 3823 Vendiderunt
2599 3768 2671 3823 al.

2230 3833 2508 3898 Argenteos
2526 3831 2595 3898 a_l.

2234 3894 2332 3947 Eos
2353 3894 2513 3947 Paris.
2536 3895 2688 3946 Fran.

2151 3708 2208 3772 6)
2229 3708 2472 3772 Dicerem
2493 3718 2591 3758 non
2612 3707 2723 3772 cod.
2754 3716 2935 3760 Wouw.
2963 3710 3014 3761 ni
3034 3708 3257 3763 dicerem
3277 3721 3331 3766 et
3359 3714 3411 3765 in
3442 3713 3537 3767 hoc
3555 3722 3678 3772 Jun.

2129 3708 2219 4026 il

2164 3955 2241 4026 ιο)
2265 3959 2420 4011 Suum
2441 3957 2581 4011 illam
2616 3955 2773 4012 Rhea.
2793 3958 2947 4013 Seml.
2972 3959 3169 4015 Obertlt.

1738 4065 2301 4129 COMMENTARIUS.

2073 4182 2382 4262 testimonii,
2402 4184 2544 4262 quod
2565 4199 2756 4262 omnes
2771 4187 3179 4262 sacramentarii
3199 4194 3450 4262 tanquam
3482 4191 3673 4249 Achil-

2070 4256 2176 4313 lem
2185 4256 2474 4330 quemdam
2487 4255 2541 4311 in
2560 4256 2725 4326 prima
2740 4256 2856 4313 acie
2867 4261 3219 4326 constituunt,
3229 4255 3326 4330 pro
3339 4262 3491 4319 nobis
3502 4279 3586 4318 ma
3596 4263 3674 4320 xi.

2070 4344 2158 4384 me
2173 4326 2719 4398 faciuntzposteriora
2744 4341 2921 4386 autem
2953 4330 3086 4385 nihil
3113 4326 3529 4389 obsuntcaussat
3565 4350 3673 4391 no-

2069 4411 2221 4477 strae.
2241 4399 2375 4477 Illud
2389 4397 2531 4455 enim
2551 4419 2565 4454 :
2585 4400 2857 4471 Acceptum
2885 4417 3064 4472 panem
3078 4418 3264 4477 corpus
3276 4420 3425 4459 suum
3440 4406 3557 4477 fecit
3580 4406 3672 4460 di-

2070 4471 2261 4544 cendo,
2275 4468 2384 4524 Hoc
2406 4478 2477 4544 est
2488 4486 2672 4541 corpus
2685 4468 2866 4544 meum,
2886 4468 3070 4544 aperte
3089 4468 3284 4528 indicat
3298 4468 3450 4543 panis
3469 4478 3674 4534 realcm

383 4564 440 4612 et
465 4568 559 4609 an.
590 4539 683 4616 24,
713 4563 819 4619 quo
843 4542 1130 4619 cujuslibet
1143 4540 1348 4619 ordinis
1391 4539 1601 4619 clericis
1626 4539 1969 4598 interdicitur
1999 4550 2054 4610 1)
2080 4543 2431 4619 mutationem
2461 4541 2513 4619 in
2553 4539 2750 4619 corpus
2776 4539 3010 4619 Christi;
3042 4544 3168 4619 illud
3198 4539 3376 4619 autem
3406 4564 3419 4603 :
3450 4546 3519 4601 Id
3544 4556 3617 4603 est
3648 4588 3669 4614 ,

382 4631 455 4689 εἰς
482 4612 746 4686 κωπηλιίοᾶ
764 4612 981 4675 εἱσιινέιι.
1012 4613 1144 4689 Qua:
1169 4612 1347 4689 omnia
1374 4612 1515 4681 apud
1539 4622 1749 4689 veteres
1770 4624 1977 4689 contra

385 4682 708 4753 clericorum
737 4685 1283 4758 intemperantiamet
1315 4682 1512 4758 ΔΙιριψῐι
1544 4683 1743 4755 passim
1770 4683 1975 4758 haben-

387 4752 509 4823 tur:
540 4766 656 4836 lege
681 4761 841 4832 epist.
869 4752 931 4836 ῌζ
963 4753 1221 4836 Bernardi
1265 4752 1697 4836 adulconemn
1730 4756 1821 4836 qui
1851 4755 1979 4811 Lin-

385 4824 641 4911 genensis
667 4824 850 4904 postea
878 4830 1050 4911 Iactus
1077 4834 1161 4911 est
1185 4824 1627 4911 Archidiaconus.
1655 4825 1735 4882 Ls
1754 4824 1865 4911 Pa.

436 4904 538 4983 ‘(b)
568 4897 854 4962 Elaionem.
877 4899 934 4958 Id
950 4906 1052 4969 est,
1082 4897 1357 4964 olivetum,
1385 4911 1417 4952 a
1437 4911 1572 4955 voce
1601 4906 1975 5024 grmalftmv.

1744 4986 1831 5025 DD.

452 5050 605 5109 CAP.
622 5047 737 5106 XL.
751 5044 910 5119 -έ-(ο)
927 5042 995 5098 Id
1005 5052 1098 5108 est,
1114 5041 1278 5119 ﬁgura
1289 5040 1520 5119 egi-poris
1536 5042 1655 5094 mei.
1672 5040 1797 5119 Haec
1811 5041 1974 5119 verba

388 5141 492 5179 non
512 5111 855 5203 intelligenda
866 5111 991 5172 sunt
1016 5122 1073 5168 ut
1092 5111 1277 5196 volunt
1302 5111 1630 5203 (ὶεδιχίηξξιξξξ3
1653 5111 1845 5203 qpibus
1872 5113 1974 5203 hos:

382 5197 524 5261 loco,
560 5202 615 5250 et
641 5181 773 5246 alias
800 5197 1095 5261 praeterea,
1134 5183 1357 5261 nimium
1405 5181 1535 5261 favit
1562 5181 1842 5254 Rigaltius,
1876 5183 1975 5241 sed

384 5253 835 5339 quemadmodum
850 5275 912 5339 ea
929 5253 1398 5339 intelligi‘postulat
1412 5253 1649 5339 ipsorum
1665 5263 1968 5339 contextus,

382 5323 437 5395 ἑι
451 5338 821 5407 eXplicueruut
835 5327 1064 5407 theologi
1079 5323 1351 5407 ρξριᾲῃιὶοἱε
1362 5323 1504 5381 inter
1528 5339 1662 5407 quos
1675 5323 1970 5407 doctissimi

382 5395 682 5466 cardinales
712 5401 999 5461 Perronius
1021 5395 1458 5455 et'Bellarminus
1486 5395 1687 5465 primas
1700 5395 1966 5450 obtinent.

383 5479 741 5537 Posteriorem
764 5467 1236 5547 cilassesul'liciat:
1260 5484 1280 5519 s
1301 5466 1555 5547 Sequitur
1567 5466 1806 5547 (tertius)
1821 5466 1968 5547 locus

372 5535 448 5608 ei
477 5551 569 5606 lib.
612 5548 681 5604 IV
703 5556 889 5603 contra
936 5539 1260 5596 Marcioncm
1285 5580 1301 5602 ,
1329 5538 1419 5591 ubi
1457 5538 1536 5591 sie
1566 5535 1830 5605 legimus:
1861 5535 1965 5590 Ac-

377 5632 577 5694 ceptum
604 5634 807 5694 ponent,
842 5626 887 5670 et
919 5611 1242 5665 distributum
1272 5608 1561 5694 discipulis,
1591 5622 1801 5694 ﬁcorpus
1820 5623 1968 5694 sunt"

376 5677 521 5746 iitum
544 5677 662 5758 fecit
684 5730 698 5750 ,
750 5677 861 5741 lloc
890 5691 1188 5758 est‘corpus
1217 5677 1657 5758 tnenm’dicendo,
1685 5678 1751 5758 id
1777 5686 1870 5758 est,
1899 5680 1966 5745 [ξ-

379 5780 505 5829 gnra
533 5749 758 5829 corporis
786 5758 902 5810 ntei.
952 5749 1147 5829 Figura
1168 5759 1335 5829 autem
1380 5764 1490 5828 non.
1520 5749 1845 5829 [uisam-nisi
1878 5765 1966 5829 ce-

374 5815 679 5889 ritatisess'et
708 5815 1335 5902 corpus.—Rcspondeo
1366 5836 1380 5875 :
1414 5815 1592 5891 priera
1626 5815 1787 5873 verba
1811 5817 1968 5893 hujus

514 5954 541 5971 ι)

2082 4614 2250 4698 βαθεῖα
2271 4613 2504 4698 corporis
2541 4614 2666 4698 sitsi,
2702 4627 2809 4698 non
2840 4616 3111 4698 signiﬁcat
3140 4616 3220 4698 (ut
3247 4616 3671 4698 Sacramentarii

2080 4682 2329 4760 gredunl)
2365 4682 2573 4760 panem
2594 4754 2607 4760 _
2629 4682 2972 4760 Igu‘cliaristiae
3019 4682 3387 4760 esse'liguram
3416 4691 3666 4760 corporis

2081 4753 2317 4828 Domini,
2345 4753 2440 4828 sed
2469 4754 2609 4826 quod
2642 4755 2739 4810 I‘uit
2759 4756 2885 4828 olim
2916 4759 3081 4828 ﬁgura
3108 4759 3160 4813 in
3191 4753 3533 4816 Testamento
3556 4760 3669 4816 Ve-

2082 4827 2205 4892 teri,
2238 4839 2379 4881 nunc
2405 4826 2457 4881 in
2487 4828 2729 4892 corporis
2755 4826 3035 4885 veritatem
3061 4843 3183 4885 esse
3213 4839 3495 4887 mutatum.
3522 4830 3670 4886 Con-

2076 4896 2322 4969 jungitur
2369 4897 2515 4970 enim
2560 4896 2712 4965 illud,
2742 4899 2932 4970 (ﬁgura
2981 4900 3209 4970 corporis
3244 4902 3363 4969 mei,
3400 4917 3505 4957 non
3534 4917 3663 4957 cum

2080 4968 2213 5026 uoce
2250 4968 2492 5043 proxime
2544 4968 2909 5043 praecedente,
2940 4968 3123 5043 corpus
3169 4988 3335 5027 meum
3358 5015 3373 5039 ,
3419 4973 3513 5029 sed
3537 4988 3668 5029 cum

2077 5039 2401 5113 pronomine
2428 5039 2559 5113 Hoc,
2593 5050 2651 5097 ut
2672 5041 2741 5098 sit
2780 5042 2866 5098 hic
2892 5039 3119 5100 sensus:
3149 5045 3439 5113 Acceptum
3469 5058 3669 5112 panem

2077 5112 2274 5182 corpus
2298 5128 2457 5184 suum
2491 5112 2614 5184 fecit
2633 5153 2647 5178 ,
2675 5113 2941 5170 dicendo:
2974 5114 3105 5182 Hoc,
3139 5115 3191 5171 id
3219 5112 3322 5183 est,
3352 5115 3503 5184 panis
3527 5156 3543 5182 ,
3576 5124 3670 5171 est

2076 5185 2165 5253 qui
2196 5184 2322 5238 olim
2372 5183 2470 5255 luit
2519 5183 2683 5252 ﬁgura
2713 5184 2957 5255 corporis
2985 5186 3088 5241 mei
3116 5228 3133 5252 ,
3178 5203 3323 5242 nunc
3350 5183 3432 5241 est
3460 5198 3669 5255 corpus

2076 5269 2255 5326 meum
2282 5271 2296 5308 :
2331 5253 2417 5308 ubi
2451 5268 2744 5326 pronomen
2779 5253 2914 5324 Hoc,
2941 5256 3275 5312 demonstrat
3306 5273 3516 5326 panem,
3548 5253 3669 5311 non

2075 5325 2164 5396 qui
2196 5334 2398 5396 manet,
2425 5324 2519 5380 sed
2547 5325 2637 5396 qui
2676 5334 2932 5392 mutatur,
2961 5337 3018 5382 ut
3040 5342 3203 5396 supra
3228 5324 3483 5383 diximus.
3502 5355 3579 5369 -—-
3606 5326 3669 5383 Id

2074 5395 2253 5469 autem
2283 5395 2487 5469 itaesse
2518 5395 2771 5464 probatur
2801 5398 2973 5467 primo
3001 5413 3068 5453 ex
3096 5395 3202 5454 illis
3230 5398 3409 5453 verbis
3435 5412 3670 5469 sequen-

2075 5466 2251 5521 tibus:
2292 5467 2463 5541 ρωπίᾳ
2513 5476 2685 5541 autem
2729 5466 2830 5522 non
2868 5469 3064 5541 fuisset,
3105 5470 3208 5525 nisi
3252 5470 3483 5541 ueritatis
3514 5466 3671 5541 esset

2072 5552 2273 5611 corpus.
2301 5536 2357 5592 Si
2374 5537 2515 5593 enim
2535 5551 2631 5611 per
2647 5536 2879 5611 ﬁguram
2900 5540 3215 5611 intelligeret
3236 5539 3675 5611 Eucharistiam,.

2072 5622 2177 5661 non
2205 5608 2431 5680 diceret,
2462 5624 2564 5680 non
2590 5608 2806 5677 fuisset,
2845 5609 2937 5664 sed
2974 5608 3264 5673 non—esset,
3299 5611 3534 5680 loquitur
3560 5609 3668 5680 igi-

2074 5686 2160 5751 tur
2186 5679 2253 5733 de
2282 5680 2442 5751 ﬁgura
2459 5678 2783 5735 Testamenti
2811 5680 3036 5747 Veteris,
3062 5698 3180 5751 qum
3204 5682 3321 5737 sine
3344 5679 3508 5736 dubio
3529 5678 3668 5738 vera

2076 5748 2238 5820 ﬁgura
2269 5765 2372 5803 non
2406 5750 2615 5820 fuisset,
2648 5750 2749 5805 nisi
2774 5766 2968 5820 corpus
2997 5748 3180 5807 verum
3200 5754 3247 5807 ei
3269 5751 3661 5820 responderet.

2072 5848 2143 5863 -—
2164 5819 2417 5879 Secundo
2444 5819 2584 5879 idem
2608 5830 2753 5894 patet
2779 5836 2845 5881 ex
2868 5819 3044 5881 Verbis
3079 5821 3238 5898 paulo
3264 5819 3400 5879 inira
3424 5834 3665 5897 sequen-
