4020 6286
422 312 547 407 tss'

1832 341 2298 402 TERTULIJAM

3609 342 3725 402 6le

424 468 631 529 cutum,
670 459 941 532 negationi
988 459 1166 530 potius
1192 457 1534 526 destinando,
1575 457 1803 514 zelotcm
1843 458 2013 514 Deum
2042 462 2093 522 Α
2120 473 2331 529 quoque
2369 458 2744 532 interroganti,
2799 459 2877 516 Ta
2922 476 2974 516 es
3013 458 3294 516 Christus?
3334 458 3589 530 proinde,
3639 459 3725 516 Tu

423 551 520 610 tibi
544 552 801 610 ostendit.
825 551 1010 608 Debuit
1035 551 1191 608 etiam
1217 553 1391 608 osculo
1414 553 1550 608 trudi
1565 550 1640 625 (a)
1672 552 2018 624 propheticus

423 643 632 702 scilicet
671 643 942 710 Christus,
983 652 1042 700 ut
1091 644 1209 716 ejus
1236 644 1446 701 scilicet
1487 643 1653 713 ﬁlius,
1692 644 1785 716 qui
1813 644 1961 700 labiis
1986 662 2019 700 a

425 734 617 807 popqu
657 734 962 808 diligebatur
992 733 1095 809 (ls.
1137 734 1358 807 XXIX).
1388 734 1685 793 Perductus
1711 736 1764 803 in
1789 732 2019 792 conses-

423 842 583 900 sum,
612 845 680 888 an
730 832 847 903 ipse
893 840 1039 890 esset
1082 830 1332 889 Christus
1376 832 1757 903 interrogatur.
1796 831 1876 888 De
1909 843 2018 901 quo

420 923 641 980 Christo
665 921 835 981 Judaei
857 922 1201 994 qumsissent,
1233 923 1338 979 nisi
1361 922 1432 979 de
1452 923 1592 979 suo?
1620 921 1729 979 Cur
1753 937 1884 993 ergo
1909 938 2017 978 nun

418 1015 505 1073 vel
534 1024 661 1073 tunc
679 1016 842 1071 alium
868 1014 950 1072 eis
975 1014 1255 1087 prodidit?
1313 1015 1383 1072 Ut
1409 1016 1520 1086 pati
1558 1022 1766 1085 posset,
1815 1014 2016 1085 inquis.

420 1109 481 1167 1d
505 1118 609 1176 est,
652 1119 711 1165 ut
742 1109 834 1169 ille
887 1109 1129 1181 optimus
1170 1108 1486 1182 ignorantes
1530 1107 1709 1164 adhuc
1758 1106 1810 1162 in
1840 1106 2017 1162 scelus

419 1210 708 1274 mergeret.
738 1201 938 1272 Atquin
981 1210 1037 1257 et
1081 1202 1129 1258 si
1168 1201 1416 1268 dixisset,
1459 1213 1717 1272 passurus
1745 1209 1910 1255 esset.
1953 1198 2017 1254 Si

418 1292 596 1350 dixero
616 1292 769 1361 enim,
786 1293 987 1365 inquit,
1015 1293 1176 1361 vobis,
1204 1310 1308 1350 non
1330 1293 1539 1349 credetis
1563 1291 1668 1366 (l).
1713 1294 1881 1348 Porro
1906 1307 2013 1348 non

417 1385 704 1453 credituri,
731 1396 1171 1460 perseverassent
1195 1386 1249 1442 in
1287 1401 1474 1442 necem
1502 1385 1642 1456 ejus.
1699 1384 1766 1440 Et
1789 1400 1886 1439 cur
1906 1399 2013 1440 non

417 1482 591 1555 magis
643 1497 900 1552 passurus
941 1491 1103 1548 esset,
1146 1481 1194 1535 si
1240 1480 1465 1537 alterius
1491 1479 1607 1545 Dei,
1638 1492 1702 1534 ac
1740 1492 1837 1549 per
1869 1477 2010 1545 hoc,

415 1574 790 1632 adversarium
821 1574 1096 1631 Creatoris
1127 1573 1209 1647 (Ξ)
1250 1570 1692 1629 manifestasset?
1735 1569 1876 1640 Ergo
1906 1584 2013 1624 non

417 1676 716 1740 pateretur,
735 1667 901 1721 alium
919 1681 979 1723 se
996 1676 1119 1722 tunc
1135 1680 1351 1737 quoque
1370 1662 1675 1736 supersedit
1693 1660 2008 1718 ostendere:

416 1770 478 1817 ut
504 1758 602 1816 scd
653 1760 906 1830 quoniam
931 1756 1012 1831 (ὅ)
1045 1773 1107 1813 ex
1141 1772 1236 1813 ore
1266 1757 1381 1827 ejus
1403 1755 1799 1812 confessionem
1820 1763 2010 1810 extor-

2120 552 2292 618 dicis;
2318 566 2391 609 ne
2418 561 2562 608 metu
2596 555 2876 623 potestatis
2902 553 3214 610 viderentur
3238 551 3465 622 amplius
3484 567 3723 625 respon-

2120 644 2285 702 disse.
2324 645 2661 702 Constitntus
2685 654 2770 702 est
2810 646 2970 717 igitur
3009 642 3269 700 Dominus
3298 644 3351 699 in
3376 643 3605 715 judicio.
3653 643 3722 697 la‘t

2118 736 2297 791 statuit
2336 736 2387 791 ia
2407 737 2609 809 judicio
2639 737 2889 810 p‘opulum
2913 754 3084 794 suum.
3115 735 3141 791 l
3153 752 3241 808 pse
3268 734 3518 791 Dominus
3543 737 3600 790 ia
3622 736 3722 807 ja-

2119 828 2308 883 dicium
2333 831 2465 884 venit
2497 828 2579 902 (9)
2609 845 2725 884 cum
2755 830 3060 902 presbyteris
3084 839 3130 884 et
3149 828 3482 884 archontibus
3510 828 3721 899 pepuli,

2118 918 2414 976 secundum
2464 918 2676 975 Esaiam
2729 918 2885 992 (ls.,
2938 919 3047 986 Ill,
3102 919 3170 976 l3
3195 917 3241 989 ).
3281 920 3456 990 Atque
3517 916 3724 974 exinde

2119 1026 2282 1067 omne
2323 1011 2585 1082 scriptum
2620 1012 2887 1082 passionis
2915 1027 3027 1068 sua:
3056 1010 3319 1083 implevit.
3368 1008 3724 1065 Tumultuata:

2118 1112 2236 1159 sunt
2261 1102 2458 1159 ibidem
2498 1105 2729 1160 nationes
2754 1146 2771 1172 ,
2813 1113 2860 1159 et
2899 1104 3080 1176 populi
3109 1104 3340 1159 meditati
3377 1114 3493 1159 sunt
3538 1104 3721 1157 inania

2122 1197 2139 1268 (
2176 1193 2270 1250 Ps.
2323 1194 2365 1251 ll
2391 1235 2406 1262 ,
2442 1196 2468 1251 l
2506 1195 2550 1268 ).
2594 1197 2874 1252 Astitertmt
2920 1214 3063 1269 reges
3119 1208 3304 1266 terrm,
3356 1207 3403 1253 et
3441 1198 3722 1254 archontcs

2118 1288 2414 1360 congregati
2436 1299 2553 1344 sunt
2574 1290 2627 1344 in
2654 1306 2815 1345 unum
2839 1290 3085 1348 adversus
3113 1290 3390 1347 Dominum
3415 1331 3431 1359 ,
3460 1301 3509 1347 et
3535 1291 3723 1348 adrer-

2117 1396 2203 1435 sus
2233 1380 2493 1436 Christum
2516 1383 2629 1456 ejus
2659 1398 2679 1438 :
2708 1385 2984 1454 nationes,
3019 1384 3245 1442 Romani
3274 1385 3367 1457 qui
3391 1400 3516 1441 cum
3543 1385 3720 1443 Pilato

2116 1473 2358 1542 fuerant;
2406 1477 2585 1547 populi
2612 1517 2628 1543 ,
2660 1478 2829 1534 tribus
2870 1478 3118 1546 lsraclis;
3151 1494 3305 1548 reges
3328 1521 3344 1547 ,
3393 1480 3448 1536 in
3479 1479 3714 1548 llerode;

2116 1565 2436 1634 archontes,
2478 1571 2533 1623 in
2559 1570 2786 1626 summis
2828 1570 3218 1629 sacerdotibus.
3267 1572 3400 1629 Nam
3426 1583 3483 1629 et
3516 1574 3717 1631 llerudi

2115 1659 2262 1717 velut
2305 1676 2500 1718 munus
2541 1677 2571 1719 a
2614 1663 2788 1719 Pilato
2836 1665 3076 1734 missus,
3125 1666 3264 1724 Osee
3294 1668 3522 1725 vocibus
3556 1667 3718 1725 iidem

2115 1751 2389 1821 reddidit;
2431 1755 2500 1811 de
2529 1755 2746 1812 Christo
2771 1756 2914 1813 enim
2945 1759 3365 1831 propltetaverat
3413 1761 3433 1833 (
3465 1761 3593 1829 Os.,
3634 1760 3715 1828 X,

415 1866 582 1924 qucrc
610 1850 920 1922 cupiebant,
966 1865 1068 1906 nec
1101 1852 1349 1907 confesso
1381 1859 1559 1904 tamen
1601 1846 1890 1913 credituri,
1915 1846 2007 1918 qui
2037 1858 2086 1921 Β
2116 1842 2196 1915 6)
2228 1861 2242 1900 :
2269 1844 2336 1900 Et
2363 1845 2585 1901 vinctum
2612 1863 2726 1902 eum
2753 1849 2940 1904 ducent
2983 1850 3190 1905 acilium
3226 1851 3352 1923 regi.
3403 1851 3717 1911 Delectatus

412 1959 538 2002 eum
567 1959 634 2001 ex
663 1944 915 2014 operibus
928 1942 1244 2013 ,Scripturas
1277 1942 1694 2013 adimplentibus
1725 1940 2010 2011 agnovisse

412 2036 747 2105 debuerant;
778 2035 849 2091 ita
886 2036 1004 2107 ejus
1033 2035 1130 2091 luit
1168 2033 1474 2091 occultasse
1499 2049 1594 2100 se,
1627 2034 1710 2089 cui
1740 2033 1883 2089 ultro
1910 2031 2008 2089 de-

411 2128 638 2185 bebatur
688 2129 914 2200 agnitio.
949 2128 1013 2184 Et
1069 2135 1247 2182 tamen
1277 2126 1454 2182 adhuc
1479 2127 1558 2182 cis
1583 2140 1801 2181 manum
1832 2126 2007 2195 porri-

405 2234 577 2292 gens:
611 2219 827 2288 Abhinc,
881 2219 1050 2291 inquit
1079 2261 1093 2287 ,
1144 2220 1239 2274 erit
1280 2218 1328 2273 F
1329 2218 1449 2274 ilius
1489 2218 1709 2273 hominis
1734 2217 1911 2274 sedeas
1940 2218 2009 2273 ad

409 2312 676 2369 dexteram
706 2312 903 2367 virtutis
930 2310 1048 2366 Dei.
1088 2311 1421 2382 Suggerebat
1459 2311 1603 2366 enim
1627 2325 1686 2366 se
1714 2325 1780 2365 ex
1812 2310 2007 2365 Danie-

408 2405 480 2462 lis
507 2404 816 2476 (Daa.,Vll)
847 2403 1125 2476 prophetia
1156 2402 1345 2459 Filium
1378 2403 1629 2469 lmtninis,
1664 2413 1716 2459 et
1745 2419 1776 2459 e
1801 2403 2008 2474 psalmo

410 2496 532 2570 (Ps.
560 2498 700 2569 CIX)
730 2497 916 2565 David,
948 2496 1228 2553 sedentem
1256 2495 1321 2550 ad
1360 2495 1641 2553 dexteram
1675 2495 1790 2550 Dei.
1824 2493 2008 2566 itaque

405 2606 476 2649 ex
534 2592 638 2648 isto
695 2590 842 2649 dicto
901 2602 955 2648 et
1016 2590 1307 2662 Scriptum:
1361 2591 1758 2661 comparatione
1811 2590 2006 2646 illumi-

315 2748 331 2759 ,
405 2686 522 2744 nati
576 2700 735 2757 quem
783 2700 843 2741 sc
895 2686 1060 2742 vellet
1121 2684 1345 2756 intelligi
1404 2683 1647 2756 :Ergo,
1710 2685 2001 2756 inquiunt,

407 2788 465 2833 tu
512 2775 610 2832 Dei
662 2775 834 2833 Filius
884 2793 936 2833 es
966 2777 992 2831 ?
1040 2774 1208 2846 Cujus
1263 2776 1403 2844 Dei,
1460 2776 1562 2832 nisi
1607 2790 1766 2847 quem
1830 2772 2031 2832 solnm'

407 2870 728 2927 noverant?
798 2868 965 2940 Cujus
1039 2868 1175 2933 Dei,
1255 2867 1358 2923 nisi
1432 2882 1594 2938 quem
1663 2868 1717 2923 in
1796 2866 2005 2938 psalmo

410 2962 992 3021 meminerantdixisse
1009 2962 1121 3018 lilio
1150 2976 1248 3017 suo
1270 2978 1283 3015 :
1302 2960 1440 3018 Sede
1462 2960 1532 3015 ad
1558 2961 1791 3016 dextram
1812 2961 2006 3016 nteant?

409 3057 520 3117 Sed
548 3057 826 3131 reSpundit
858 3074 874 3114 :
922 3057 1018 3113 Vas
1045 3057 1214 3113 dicitis
1243 3057 1364 3128 quia
1397 3072 1488 3128 ego
1511 3072 1624 3129 sum
1652 3056 1754 3129 (4).
1802 3057 2002 3129 Atquin

404 3149 747 3207 conﬁrmavit
771 3148 825 3204 id
851 3164 911 3206 se
940 3163 1063 3205 esse
1086 3148 1226 3219 quod
1252 3148 1325 3203 illi
1356 3147 1622 3214 dixerant,
1652 3147 1777 3204 dum
1812 3165 2000 3206 rursus

2113 1944 2197 1991 est
2224 1935 2455 2008 denique
2483 1937 2723 1996 Herodes
2750 1939 2866 1995 viso
2895 1940 3023 1997 Jcsu
3048 1983 3063 2007 ,
3108 1955 3209 1998 nec
3235 1956 3420 1999 vocem
3448 1944 3618 1999 ullam
3648 1945 3716 2002 ab

2111 2042 2178 2085 co
2202 2026 2425 2083 audivit.
2452 2027 2720 2098 Tanquam
2743 2047 2910 2103 agnus
2934 2031 3078 2087 enim
3105 2048 3280 2089 coram
3307 2033 3554 2089 tondente
3576 2076 3594 2102 ,
3637 2035 3710 2091 sic

2113 2136 2216 2197 non
2250 2122 2452 2192 aperuit
2480 2138 2538 2177 os
2562 2139 2710 2179 suam
2751 2124 2771 2196 (
2799 2124 2903 2192 ls.,
2944 2124 3097 2194 Xlll,
3129 2126 3161 2181 7
3193 2125 3254 2196 )’;
3298 2127 3422 2198 quia
3454 2127 3713 2184 Dominus

2109 2214 2321 2271 dederat
2366 2215 2449 2271 illi
2499 2216 2728 2290 linguam
2773 2218 3061 2290 disciplina:
3084 2259 3098 2283 ,
3153 2230 3211 2274 ut
3258 2222 3408 2276 sciret
3451 2222 3713 2294 quomodo

2110 2326 2225 2365 eum
2248 2320 2502 2379 oporteret
2533 2315 2765 2383 proferre
2791 2328 3074 2373 sermonem
3117 2313 3137 2385 (
3168 2312 3249 2368 Is.
3277 2353 3292 2379 ,
3321 2315 3385 2381 L,
3414 2315 3448 2370 ὦ
3484 2316 3527 2385 ).
3561 2315 3705 2371 Illam

2109 2401 2313 2458 scilicet
2338 2402 2595 2474 linguam,
2622 2419 2782 2475 quam
2821 2405 2873 2460 in
2903 2404 3116 2462 Psalmo
3144 2404 3264 2479 (Ps.
3300 2406 3492 2479 XLVI)
3521 2408 3705 2482 agglu-

2111 2493 2332 2550 tinatam
2358 2496 2561 2566 gutturi
2584 2511 2683 2554 suo
2706 2506 2832 2554 tunc
2861 2498 3137 2569 probabat,
3175 2512 3281 2554 non
3310 2499 3609 2571 loquendo.
3640 2501 3703 2556 Et

2111 2589 2375 2645 Barrabas
2402 2591 2619 2662 quidem
2649 2592 3065 2649 nocentissimns
3088 2633 3104 2661 ,
3158 2593 3267 2649 vita
3307 2601 3367 2648 ut
3394 2593 3577 2651 bonus
3615 2593 3708 2649 do-

2108 2691 2304 2748 natur;
2339 2681 2586 2738 Christus
2610 2698 2740 2739 vero
2762 2683 3094 2753 justissimus
3117 2726 3134 2750 ,
3158 2693 3218 2741 ut
3245 2683 3519 2741 homicida
3550 2685 3707 2742 morti

2107 2777 2496 2847 expostulatur.
2531 2777 2607 2848 (b)
2651 2776 2760 2834 Sed
2789 2787 2845 2833 et
2871 2777 2982 2833 duo
3005 2776 3222 2834 scelesti
3261 2779 3707 2851 circnmliguntnr

2106 2868 2223 2937 illi,
2258 2879 2316 2926 ut
2343 2869 2484 2925 inter
2522 2872 2734 2942 iniquos
2772 2871 2981 2927 scilicet
3021 2870 3390 2940 deputarctur.
3431 2870 3695 2929 Vestitum

2107 2960 2264 3031 plane
2301 2959 2420 3027 ejus
2450 2956 2567 3031 (l0)
2595 2957 2851 3015 militibus
2869 2958 3110 3015 divisum
3144 2957 3286 3031 (ll),
3319 2959 3517 3030 partim
3554 2971 3701 3017 sorte

2106 3067 2443 3115 concessum,
2476 3051 2710 3107 Marcion
2741 3050 2989 3118 abstulit,
3025 3051 3321 3121 respiciens
3347 3052 3550 3109 Psalmi
3578 3068 3702 3124 pro-

2106 3144 2339 3217 phetiam
2399 3147 2417 3218 (
2453 3143 2541 3199 Ps.
2589 3142 2748 3211 XXI,
2785 3142 2922 3214 l9),
2954 3141 3222 3213 Dispertiti
3266 3144 3363 3199 sibi
3406 3155 3529 3200 sunt
3559 3146 3703 3201 vesti-

404 3244 758 3314 interrogant.
810 3240 964 3299 Unde
989 3252 1171 3298 autem
1202 3241 1454 3311 probabis
1485 3242 1864 3314 interrogative
1887 3286 1902 3309 ,
1945 3251 2000 3299 et
2026 3254 2070 3317 ρ
2106 3247 2280 3293 menta
2306 3253 2438 3305 utea,
2467 3245 2513 3292 et
2541 3237 2594 3290 ia
2625 3237 2859 3290 vestitum
2884 3250 3051 3288 meum
3077 3243 3261 3289 sortem
3292 3235 3561 3293 miserunt.
3589 3238 3698 3291 Au-

404 3349 513 3393 non
560 3335 710 3409 ipsos
734 3333 1106 3390 conlirmative
1132 3334 1511 3404 pronuntiasse
1535 3352 1548 3388 :
1578 3333 1719 3407 Ergo
1750 3346 1804 3390 tu
1832 3334 2001 3391 Filius

403 3423 505 3482 Dei
533 3442 586 3482 es
611 3428 638 3480 ?
681 3424 753 3482 Ut
782 3426 905 3496 quia
944 3424 1161 3497 oblique
1209 3425 1519 3482 ostenderat
1546 3439 1604 3481 se
1634 3441 1729 3497 per
1756 3425 1999 3499 Scriptu-

404 3534 497 3575 ras
553 3517 747 3575 Filium
801 3518 895 3573 Dei
948 3515 1393 3587 intelligendum,
1441 3518 1518 3573 sic
1566 3518 1839 3573 senserint
1893 3518 1998 3590 (5),

406 3609 549 3684 Ergo
576 3621 629 3666 tu
656 3611 754 3667 Dei
776 3627 828 3666 es
852 3609 902 3664 F
904 3610 1041 3675 ilius,
1072 3609 1217 3680 quod
1245 3617 1299 3666 te
1331 3626 1438 3666 non
1468 3610 1547 3664 vis
1572 3619 1759 3681 aperte
1786 3610 1999 3673 dicere;

403 3718 559 3774 teque
588 3702 669 3775 (6)
695 3702 768 3757 ita
793 3710 849 3758 ct
875 3700 985 3765 ille,
1030 3700 1127 3755 Vos
1157 3700 1346 3765 dicitis,
1378 3700 1760 3758 conlirmativc
1780 3718 2003 3774 respon-

408 3793 491 3852 dit
516 3810 532 3862 ;
553 3803 608 3851 et
631 3793 769 3850 adeo
796 3791 875 3848 sic
903 3792 999 3848 luit
1031 3792 1394 3862 pronuntiatio
1420 3792 1560 3863 ejus,
1601 3804 1657 3848 ut
1683 3808 1998 3864 persevera-

411 3888 586 3945 verint
613 3887 667 3944 in
696 3902 782 3953 co,
814 3883 955 3957 quod
982 3883 1344 3955 pronuntiatio
1373 3884 1638 3956 sapiebat.

976 3977 1202 4035 CAPUT
1268 3976 1426 4033 XLII.
1908 4038 1913 4043 ,

423 4059 431 4065 ’
481 4072 802 4130 Perductum
834 4070 916 4144 (τ)
969 4068 1169 4143 (Lac.,
1200 4068 1418 4141 XXIII)
1465 4072 1608 4127 ctum
1639 4071 1787 4128 illum
1817 4071 1882 4127 ad
1914 4071 2000 4128 Pi-

402 4166 570 4224 latum
609 4178 839 4220 onerare
876 4171 1158 4233 coeperunt
1184 4202 1198 4224 ,
1245 4161 1388 4231 quod
1434 4177 1494 4217 se
1532 4178 1714 4233 regem
1761 4163 1996 4232 diceret;

404 4255 681 4315 Christum
722 4255 839 4309 sine
881 4252 1044 4309 dubio
1090 4251 1187 4308 Dei
1231 4250 1446 4319 Filium,
1493 4267 1765 4310 scssurnm
1805 4255 1870 4311 ad
1906 4256 2001 4314 Dei

406 4349 711 4411 dexteram.
738 4346 1032 4413 Cteterum,
1065 4344 1173 4402 alio
1203 4360 1327 4401 eum
1355 4346 1511 4402 titulo
1535 4358 1848 4416 gravassent
1870 4392 1885 4417 ,
1918 4351 2001 4407 in-

403 4444 537 4503 certi
563 4457 631 4498 an
658 4439 854 4497 Filium
885 4437 979 4495 Dei
1019 4452 1080 4494 se
1108 4436 1369 4505 dixisset,
1400 4437 1502 4492 nisi
1560 4438 1641 4512 (8)
1702 4438 1802 4496 Vos
1835 4441 2001 4498 dicitis

394 4538 475 4598 sic
500 4533 935 4610 pronuntiasset,
967 4530 1069 4589 hoe
1097 4545 1157 4588 se
1181 4544 1303 4589 esse
1329 4529 1473 4601 quod
1501 4531 1765 4588 dicerent.
1828 4533 1999 4591 Pilato

2106 3329 2186 3384 fer
2214 3329 2372 3399 igitur
2397 3340 2451 3385 et
2479 3342 2694 3384 crucem
2735 3328 2925 3397 ipsam.
2959 3326 3106 3383 idem
3157 3336 3335 3383 tamen
3366 3329 3606 3400 psalmus
3633 3330 3701 3387 de

2104 3436 2171 3478 eo
2196 3436 2302 3476 non
2320 3430 2460 3477 tacet
2484 3438 2498 3476 :
2520 3418 2787 3476 Fuderunt
2802 3435 3133 3475 manasmeas
3153 3431 3200 3476 et
3221 3420 3374 3493 pedes
3394 3437 3532 3478 nteas
3559 3421 3696 3496 (l2).

2103 3512 2271 3569 Totus
2303 3513 2355 3569 in
2396 3513 2492 3568 illo
2519 3512 2699 3568 exitus
2742 3512 2938 3583 legitur
2971 3531 2985 3567 ε
3014 3512 3476 3570 Circumdedsruut
3503 3531 3584 3570 me
3609 3530 3697 3569 ca-

2058 3627 2068 3635 η
2104 3621 2192 3660 nes
2212 3646 2227 3671 ,
2259 3620 2521 3676 synagoga
2559 3603 2908 3671 male/iceram
2939 3604 3340 3660 circumvallavit
3378 3622 3478 3663 me.
3513 3606 3698 3663 Omnes

2103 3700 2188 3772 qui
2213 3699 2507 3771 spectabant
2537 3714 2637 3766 me,
2670 3714 2796 3754 naso
2824 3697 3105 3754 irridebant
3134 3715 3232 3755 me.
3260 3697 3445 3755 Loculi
3471 3708 3591 3755 sunt
3620 3701 3696 3755 la-

2103 3790 2197 3846 biis
2222 3832 2237 3858 ,
2269 3802 2317 3845 et
2355 3795 2527 3863 capita
2569 3802 2851 3846 mouerunt.
2898 3792 3138 3863 Speravit
3182 3792 3235 3847 in
3273 3790 3441 3848 Deum
3464 3835 3479 3861 ,
3525 3793 3697 3849 liberet

2104 3901 2239 3941 eum.
2270 3885 2386 3955 Quo
2409 3885 2519 3954 jam
2549 3885 2914 3942 testimonium
2943 3888 3384 3943 vestimentorum
3408 3885 3547 3943 habe
3570 3885 3686 3958 (l5)

2101 3976 2226 4034 lalsi
2278 3978 2353 4033 tui
2400 3976 2676 4047 przedam,
2723 3984 2869 4033 totus
2919 3977 3154 4047 psalmus
3206 3977 3525 4034 vestimenta
3570 3986 3693 4033 sunt

2102 4070 2321 4127 Christi.
2373 4071 2514 4127 Ecce
2549 4078 2729 4127 autem
2757 4081 2812 4127 et
2847 4070 3117 4127 elementa
3155 4070 3557 4126 concutiuntur.
3586 4068 3691 4125 Do-

2104 4163 2282 4220 minus
2313 4163 2457 4221 enim
2488 4165 2788 4234 patiebatur
2819 4165 3077 4234 ipsormn.
3106 4163 3375 4220 Caeterum
3394 4205 3411 4232 ,
3434 4160 3689 4219 adversa-

2103 4257 2185 4314 rio
2215 4257 2365 4324 lzcso,
2406 4257 2603 4314 cmlum
2642 4256 2932 4314 luminibus
2959 4256 3263 4323 ﬂoruisset,
3298 4256 3469 4327 magis
3497 4256 3580 4313 sol
3609 4270 3693 4311 ra-

2103 4350 2206 4407 diis
2234 4351 2564 4420 insultasset,
2587 4351 2757 4422 magis
2773 4350 2889 4407 dies
2909 4351 3166 4419 stetisset,
3190 4351 3421 4407 libenter
3435 4359 3686 4418 spectans

2105 4444 2427 4515 pendentem
2457 4446 2509 4501 in
2535 4444 2776 4516 patibulo
2804 4444 3077 4501 Christum
3106 4443 3414 4499 Marcionis.
3446 4440 3574 4499 llaec
3597 4458 3684 4496 ar-

2101 4549 2353 4611 gumenta
2395 4553 2612 4610 quoque
2651 4537 2784 4594 mihi
2821 4538 3236 4609 competissent,
3281 4537 3385 4593 etsi
3413 4549 3521 4591 non
3559 4533 3690 4590 [uisa

1618 4624 1908 4683 LECTION
1917 4628 2001 4687 ES
2045 4629 2448 4691 VARIANTES.

512 4820 539 5193 ξ

2156 4749 2180 5127 ξ

489 4752 534 4823 l)
558 4750 793 4823 "Credit-is
809 4747 965 4823 Rhea.
992 4742 1135 4797 setnl.
1165 4743 1309 4796 Ober.

2156 4748 2232 4823 (ξ)
2256 4751 2330 4823 ,βῆ
2366 4749 2523 4823 Rhea.
2548 4745 2911 4801 Seml.'oberth.

489 4752 534 4816 Ι)
580 4752 793 4802 Creditis
816 4752 965 4802 Rhea.
992 4752 1135 4797 setnl.
1165 4752 1309 4796 Uber.

557 4812 985 4948 tI‘lnh'ca.
1013 4869 1163 4922 Seml.
1194 4867 1393 4921 Obcrlh.

467 4942 517 5005 _l
564 4941 712 5005 Quasr
734 4949 829 4985 non
851 4948 948 5005 ego
970 4934 1091 5005 {tua
1210 4992 1266 5005 ω
1346 4998 1386 5005 __
1485 5000 1494 5005 Δ

2156 4752 2232 5005 (ξι

2187 4874 2264 5005 tu)
2292 4877 2333 4924 Λ
2358 4873 2505 4948 inser.
2532 4849 2684 4927 Rhea.
2708 4872 2848 4925 send.
2871 4870 3066 4927 oberth.

2189 4938 2234 5005 ll
2289 4938 2733 5005 Parttmadeitt.
2844 5001 2868 5005 Α
2953 4997 2965 5005 _
3021 4997 3066 5005 Α,

494 4934 539 4999 ι)
564 4934 712 4999 Quasi
734 4949 829 4985 non
851 4948 948 4999 ego
970 4934 1091 4999 Jun.
1214 4998 1221 4999 ί
1256 4992 1266 4999 Α
1348 4998 1385 4999 η
2158 4934 2264 4999 (ll)
2289 4938 2469 4989 Partim
2491 4938 2610 4989 add.
2632 4938 2733 4999 lat.

483 4880 515 4929 3
562 4874 814 4937 QUOIDOdO
837 4874 985 4924 Ῑυιωισ
1013 4874 1163 4922 δεηιι·
1194 4874 1393 4921 Θυενίη·
2187 4874 2241 4926 t0
2292 4877 2333 4924 Λ
2358 4874 2505 4928 inser.
2532 4875 2684 4927 Rhea.
2708 4874 2848 4925 send.
2871 4874 3066 4927 oberth.

494 4942 517 4989 ι
564 4937 712 4999 Quasi
734 4949 829 4985 non
851 4948 948 4997 ego
970 4934 1091 4985 Jun.
1256 4992 1266 5004 .
2189 4938 2232 4988 ll
2289 4938 2469 4989 Partim
2491 4938 2610 4989 add.
2632 4938 2733 4986 lat.

480 5000 512 5054 5
558 5004 835 5052 Senserunt
855 4996 964 5048 cod.
994 4998 1178 5048 Wouw.
1204 4998 1315 5061 Rtg.
1346 4998 1511 5047 Venet.
2189 5002 2242 5050 12
2291 4999 2428 5050 Meos
2464 5001 2614 5052 omitt.
2654 4996 2805 5051 Rhea.
2832 4997 2982 5052 Seml.
3011 4996 3155 5051 Ober.

480 5067 510 5117 6
550 5065 718 5129 Atque
736 5058 885 5113 Rhea.
904 5057 1059 5129 βακε.
1087 5056 1283 5112 Obcrth.
2190 5063 2245 5113 15
2293 5062 2460 5115 Habes
2477 5062 2627 5117 Rhea.
2655 5061 2810 5114 Latin.

478 5056 532 5126 6)
554 5065 718 5126 Atque
736 5058 885 5113 mw"-
905 5057 1059 5126 .Semi-
1087 5056 1288 5112 οδσνιίιῖ
2162 5056 2268 5126 (15)
2293 5062 2460 5115 Habes
2477 5062 2627 5117 Rhea.
2655 5061 2810 5114 Latia.

453 5119 531 5194 (7)
550 5119 845 5178 Productum
866 5119 933 5174 al.

1766 5225 2323 5293 COMMENTARIUS.

389 5352 429 5425 '_'
468 5349 544 5425 (ει)
597 5349 777 5425 Debuit
804 5349 959 5425 etiam
1000 5346 1174 5402 osculo
1205 5337 1611 5425 tradiLEpipqu
1644 5342 1845 5425 conlut.

390 5413 537 5480 hanc
561 5422 720 5479 etiam
760 5420 1037 5478 veritatem
1076 5416 1322 5488 corporis
1347 5413 1551 5470 Christi
1576 5429 1620 5539 Ε

390 5493 574 5539 verbis
607 5492 784 5539 Luem-
815 5499 973 5539 atnnc
998 5489 1086 5539 hic
1110 5497 1297 5539 auctor
1323 5486 1513 5539 alludit
1536 5502 1548 5539 :
1604 5483 1620 5500 ‘

1604 5483 1624 5501 3

390 5493 574 5552 verbis
607 5492 785 5561 Lacte,
815 5499 973 5560 atque
998 5489 1086 5545 hic
1110 5486 1297 5561 auctor
1323 5486 1548 5561 alludit:
1576 5486 1643 5561 Et
1688 5486 1973 5561 appropia-

391 5564 564 5634 quavit
588 5572 643 5634 ut
668 5555 984 5634 oscularetur
1020 5574 1135 5634 eum
1162 5557 1197 5634 ζ
1203 5558 1352 5612 udas.
1380 5556 1481 5634 Qui
1505 5555 1726 5634 conlata
1738 5555 1832 5634 C7,
1855 5555 1974 5634 ad:

2153 5352 2310 5424 CAP.
2336 5351 2497 5408 XLII.
2530 5383 2600 5396 --
2627 5351 2712 5424 (b)
2745 5351 2853 5409 Sed
2871 5359 2919 5407 et
2938 5350 3041 5424 duo
3056 5347 3249 5406 scelesti
3264 5344 3677 5418 circumﬁguutnr

1622 5413 1775 5496 rubat
1798 5430 1864 5471 ex
1892 5415 1977 5496 bis
2082 5422 2181 5477 illi.
2203 5421 2512 5496 Crteceest
2544 5413 2973 5496 xsz‘sa'pyatapud
3011 5421 3240 5496 Lucam.
3276 5432 3372 5489 Ι)το
3400 5413 3513 5496 σιεὶό
3534 5427 3674 5471 τωο

2080 5494 2269 5561 vertit,
2320 5495 2534 5551 scelesti.
2578 5495 2646 5549 Et
2684 5487 2961 5561 I'n'agis'ca
2997 5491 3175 5548 versio
3222 5487 3512 5558 respondet
3556 5500 3668 5561 pro;

2081 5553 2428 5634 pltetm'lsaia:
2452 5564 2585 5630 Llll,
2603 5553 2866 5635 quambic
2884 5563 3093 5635 ιιῼζιξιίζ
3081 5561 3232 5635 quasi
3259 5553 3510 5635 repetens
3534 5553 3673 5635 quod

390 5625 471 5691 dit
508 5632 794 5707 rescidisse
836 5634 998 5707 etiam
1028 5630 1367 5707 Marcioneni
1407 5629 1460 5707 in
1481 5625 1787 5707 sequentib.
1830 5628 1976 5707 quod

2116 5635 2218 5703 pud
2245 5635 2442 5692 Lucam
2470 5625 2696 5692 habetur
2716 5650 2834 5707 cap.
2856 5633 3001 5707 XXll
3017 5651 3030 5690 :
3047 5625 3116 5687 Et
3143 5632 3272 5686 inter
3294 5625 3495 5707 iniquos
3511 5628 3642 5707 depu
3655 5655 3671 5666 -

384 5707 509 5831 ﬁcit
526 5704 710 5760 Petrus
736 5701 950 5772 quando
974 5700 1221 5769 percussit
1245 5709 1292 5753 et
1315 5697 1531 5779 abscidit
1547 5694 1832 5777 auriculam
1844 5694 1976 5780 servi
2078 5694 2215 5761 tritus
2248 5716 2350 5777 est,
2390 5721 2566 5779 graece
2595 5705 2733 5777 apud
2763 5694 3177 5777 evangelistam,
3208 5706 3333 5771 μετὰ
3356 5694 3446 5756 {av
3471 5694 3666 5768 ἀνεμωι.

437 5776 679 5831 ontil‘icis.
693 5781 1011 5831 etnuantum
1024 5786 1052 5825 ιι
1062 5780 1261 5831 pparet,
1279 5776 1442 5825 totam
1458 5768 1731 5821 historiam
1746 5778 1974 5831 negatto-
3432 5770 3563 5827 νη,

437 5776 679 5844 ontiﬁcis,
693 5765 1011 5843 etquantum
1024 5786 1052 5825 ιι
1062 5780 1261 5844 pparet,
1279 5776 1442 5825 totam
1458 5765 1731 5844 historiam
1746 5770 1974 5844 negatio-

382 5847 469 5906 nis
488 5835 631 5905 l'etri
647 5835 886 5918 {quippe
908 5835 1072 5915 quam
1093 5835 1179 5897 hic
1190 5840 1352 5900 etiam
1377 5846 1565 5896 auctor
1575 5835 1773 5893 omisit.
1802 5835 1956 5897 Pan.

3432 5770 3563 5827 Part.
