4020 6286
3246 206 3275 252 ὅ

432 336 535 393 467
1855 329 2019 387 TER’I

2136 330 2324 389 .LIANI
3614 332 3723 392 468

428 465 525 509 tem
556 455 734 511 uidetis
766 454 873 527 (l).
917 453 986 510 Et
1021 452 1259 510 Marcion
1303 452 1550 525 quaedam
1590 449 1859 507 contraria
1898 449 2021 517 sibi,
2052 453 2107 515 Α
2133 450 2200 505 Et
2230 451 2407 506 scitote
2422 450 2544 522 quia
2571 463 2664 522 ego
2688 464 2834 515 sum,
2859 461 3019 519 quem
3047 446 3257 504 scilicet
3280 459 3601 520 corporeum
3629 463 3720 505 re-
3734 473 3783 493 σο

431 549 519 603 illa
557 549 723 605 credo
745 548 1007 605 industria
1032 548 1255 604 eradere
1281 547 1352 604 de
1379 545 1670 619 Evangelia
1699 559 1798 602 suo
1828 544 2021 612 noluit,
2129 556 2211 602 tro
2237 544 2547 601 noveram?
2594 552 2702 601 Aut
2725 544 2770 600 si
2803 544 3120 617 phantasma
3156 550 3275 599 erat
3300 558 3717 616 usquequaque,

430 651 487 696 ut
522 657 587 696 cx
621 640 705 696 his
735 655 854 712 quas
894 640 1122 696 eradere
1152 641 1326 710 potuit
1348 683 1365 705 ,
1412 654 1516 696 nec
1549 639 1748 706 erasit,
1782 637 1869 693 illa
1901 650 2021 708 quae
2126 653 2223 696 cur
2268 639 2389 695 illos
2430 638 2751 710 phantasma
2793 637 3076 693 credentes
3112 636 3469 706 increpabat?
3515 635 3715 707 Atquin

430 732 629 799 erasit,
660 741 754 787 aut
782 731 865 806 (2)
900 741 1141 804 negetur‘
1156 733 1388 788 erasisse
1406 773 1422 799 ,
1447 743 1539 787 aut
1569 731 1763 787 merito
1791 730 2024 786 erasisse
2125 731 2301 788 adhuc
2330 731 2411 788 eis
2433 745 2539 787 non
2565 730 2911 786 credentibus
2932 771 2947 795 ,
2972 736 3258 800 propterea
3290 728 3472 784 cibum
3500 728 3722 784 desides

429 822 657 880 dicatur.
702 824 813 880 Nec
845 825 1014 895 parcit
1034 823 1133 880 nisi
1166 824 1244 880 eis
1279 839 1397 895 quae
1433 838 1539 879 non
1567 823 1726 878 aliter
1759 822 2023 892 interpre-
2126 825 2284 889 ravit,
2317 832 2373 879 ut
2413 837 2475 880 se
2514 821 2823 879 ostenderet
2856 823 3020 877 etiam
3060 820 3250 877 dentes
3276 820 3495 877 habere.
3525 820 3723 892 Imple-

432 917 617 984 taudo,
650 933 808 988 quam
847 916 1098 983 delenda,
1128 916 1415 972 subvertit.
1444 915 1574 973 Vult
1594 916 1770 985 itaque
1798 914 1875 970 sic
1903 913 2020 970 dic—
2126 917 2304 972 vimus
2326 959 2341 983 ,
2386 926 2438 972 ut
2467 915 2662 987 opinor
2683 956 2700 982 ,
2745 913 3115 987 sponsionem.
3147 912 3510 970 .Exliibuimus
3538 912 3720 969 Iesum

430 1018 562 1075 tum,
591 1012 778 1078 quasi,
823 1007 1051 1079 Spiritus
1078 1024 1194 1062 ossa
1222 1024 1327 1062 non
1352 1008 1503 1063 habet
1526 1050 1541 1072 ,
1578 1008 1710 1062 sieta
1738 1022 1819 1060 me
1842 1003 2025 1061 uidetis
2125 1006 2397 1063 Christum
2429 1005 2818 1077 Prophetarum
2843 1004 3124 1069 doctrinis,
3161 1004 3444 1061 sententiis
3468 1046 3484 1070 ,
3517 1004 3723 1059 allecti~

429 1101 695 1156 habentem
716 1143 729 1165 ,
757 1102 822 1155 ad
852 1100 1100 1172 spiritum
1133 1099 1398 1156 referatur
1416 1143 1432 1167 ,
1456 1101 1587 1155 sicut
1611 1115 1692 1154 me
1715 1098 1896 1154 uidetis
1924 1098 2019 1153 ha-
2126 1100 2247 1163 bus,
2278 1098 2525 1155 sensibus
2544 1140 2560 1166 ,
2586 1096 2874 1153 virtutibus
2893 1139 2909 1164 ,
2938 1097 3280 1168 passionibus
3299 1139 3317 1165 ,
3350 1095 3514 1152 etiam
3535 1110 3722 1152 resur-

427 1193 617 1245 eentem
640 1206 662 1257 ;
717 1190 767 1245 id
798 1201 882 1247 est
912 1207 1017 1246 non
1060 1189 1347 1247 habentem
1378 1205 1498 1246 ossa
1528 1190 1667 1246 sicut
1694 1200 1748 1245 et
1775 1189 2017 1260 spiritus.
2126 1193 2406 1261 rcctione,
2450 1208 2556 1248 non
2598 1192 2761 1247 alium
2808 1206 2967 1261 quam
3010 1191 3302 1247 Creatoris.
3351 1190 3628 1262 Siquidem
3670 1198 3728 1247 ct

430 1282 496 1338 Et
540 1297 661 1352 quae
707 1283 847 1339 ratio
892 1282 1250 1339 tortuositatis
1298 1282 1493 1338 istius?
1538 1296 1661 1337 cum
1707 1280 2025 1351 simpliciter
2125 1284 2401 1358 apostolos
2450 1285 2669 1340 mittens
2707 1283 2775 1339 ad
2805 1282 3205 1355 pradicandum
3239 1283 3505 1339 universis
3544 1284 3725 1339 natio-

426 1376 771 1442 pronuntiare
815 1377 1071 1445 potuisset
1098 1393 1112 1429 :
1141 1375 1277 1444 Quia
1304 1374 1516 1447 spiritus
1542 1391 1659 1431 ossa
1702 1390 1805 1429 non
1835 1372 2017 1440 habet,
2127 1378 2286 1434 nibus
2311 1419 2326 1442 ,
2356 1376 2408 1432 in
2438 1390 2654 1432 omnem
2686 1385 2882 1432 terram
2912 1377 3063 1432 exire
3094 1390 3286 1432 sonum
3323 1391 3509 1432 eorum
3535 1416 3548 1439 ,
3577 1385 3633 1431 et
3670 1375 3727 1431 in

421 1466 551 1521 sicut
590 1483 672 1522 me
716 1468 898 1524 uidetis
928 1484 1030 1523 non
1059 1469 1343 1524 habentem.
1391 1469 1500 1525 Cur
1542 1477 1719 1525 autem
1753 1468 2017 1539 inspectui
2128 1470 2389 1526 terminos
2421 1478 2580 1524 terrm
2606 1482 2767 1524 vaces
2791 1482 2979 1524 eorum
3001 1509 3016 1534 ,
3049 1466 3320 1523 Psalmum
3350 1465 3723 1536 adimplenda,

421 1574 608 1616 eorum
648 1575 838 1617 manus
871 1573 925 1619 et
954 1562 1119 1633 pedes
1144 1578 1271 1620 suos
1308 1562 1496 1631 oil‘ert,
1532 1579 1652 1635 quae
1680 1562 1920 1619 membra
1947 1577 2016 1619 ex
2124 1560 2397 1632 praecepit.
2443 1560 2702 1616 Misereor
2745 1560 2840 1622 tui.
2874 1558 3132 1626 Marcion,
3196 1558 3395 1614 frustra
3446 1557 3726 1616 laborasti.

420 1651 634 1708 ossibus
658 1662 906 1709 constant
927 1696 942 1721 ,
974 1654 1020 1710 si
1049 1667 1173 1710 assa
1199 1668 1306 1710 non
1336 1654 1608 1711 habebat?
1644 1652 1754 1711 Cur
1782 1653 2008 1724 adjicit:
2106 1653 2365 1721 <Christus
2391 1653 2533 1710 enim
2554 1652 2711 1710 Iesus
2738 1653 2793 1711 in
2822 1653 3113 1726 Evangelia
3140 1662 3254 1721 tuo,
3288 1667 3441 1710 meus
3468 1661 3551 1710 est
3568 1651 3674 1725 (α).

1672 1747 2054 1826 moriones
2084 1766 2504 1825 VARIANTES.

483 1857 559 1923 (Ι)
582 1857 777 1912 Videtis
797 1859 987 1913 habere
1007 1858 1165 1915 Rhea.
1181 1860 1336 1916 Seml.
1358 1860 1523 1917 Obert.
1693 1893 1702 1911 .
2191 1861 2266 1929 (2)
2290 1861 2397 1915 Nec
2417 1861 2569 1916 Seml.

1794 1965 2361 2028 COMMENTARIUS.

488 2079 568 2152 (τι)
618 2078 851 2137 Christus
877 2083 1009 2138 enim
1036 2081 1189 2140 Iesus
1212 2083 1267 2139 in
1291 2082 1550 2154 euangelio
1579 2091 1665 2139 tuo
1687 2124 1703 2152 ,
1744 2099 1886 2139 meas
1911 2091 2004 2142 est.
2036 2104 2085 2165 Β
2114 2084 2369 2159 phanius.
2395 2084 2476 2141 An
2499 2083 2660 2141 Lucae
2689 2084 2848 2144 fuerit
2873 2095 3186 2157 corruptum
3211 2084 3587 2157 Evangelium,
3606 2095 3720 2146 non
3738 2148 3757 2165 ν

410 2149 815 2231 C_0rruptum_el
850 2152 1201 2231 depravatum
1232 2155 1396 2211 fuisse
1426 2152 1778 2231 Evangelium
1807 2154 2008 2231 a_Mar-
2112 2165 2198 2231 est
2232 2155 2511 2231 dubitandi
2554 2157 2702 2231 locus
2741 2158 2939 2231 legenti
2984 2158 3189 2231 huncce
3229 2159 3467 2222 librum;
3513 2158 3727 2231 ubique

414 2223 571 2298 cio_nc
603 2223 1012 2298 tumlticjocus
1038 2227 1231 2298 probat
1252 2266 1268 2292 ,
1299 2234 1410 2281 tum
1440 2240 1562 2295 cap.
1584 2223 1692 2280 'ult.
1726 2223 1847 2281 libri
1870 2241 2010 2298 prze-
2113 2226 2256 2298 enim
2290 2227 2340 2282 id
2367 2226 2424 2282 lit
2452 2223 2821 2283 manifestum:
2856 2228 3063 2284 Citatur
3101 2228 3261 2283 etiam
3302 2236 3561 2298 corrupte
3594 2223 3724 2286 γὲν·
3792 2259 3798 2265 -

415 2291 656 2368 cedentis
684 2314 697 2350 :
721 2293 789 2348 Et
827 2291 1162 2368 Evangelium
1200 2291 1459 2360 uestrum.
1505 2291 1660 2368 etc.,
1701 2307 1812 2351 tum
1846 2291 2009 2352 etiam
2112 2312 2207 2353 sus
2235 2297 2307 2355 25
2338 2312 2457 2368 cap.
2482 2298 2654 2356 XXIV
2697 2299 2757 2355 Β.
2808 2298 2987 2363 Luem,
3020 2300 3329 2355 Oinseasati
3351 2291 3573 2364 Galatae,
3603 2313 3716 2360 etc.

415 2363 532 2445 lib."
560 2364 661 2419 hoc
687 2378 828 2445 "cap.
866 2363 989 2445 391
1013 2436 1025 2445 _
1049 2365 1311 2445 Habuisse
1377 2377 1559 2424 autem
1622 2366 2010 2445 Tertullianum
2114 2363 2424 2445 Illudenim
2447 2386 2553 2445 non
2570 2386 2645 2445 ex
2669 2372 3236 2445 receptoAEvangelio,
3260 2370 3354 2429 sed
3379 2385 3447 2439 ex
3474 2363 3720 2444 evange.

413 2434 657 2491 codicem
687 2434 834 2493 illum
864 2435 1151 2495 Marcionis
1178 2448 1491 2511 corruptum
1523 2446 1752 2497 testatur
1778 2436 1837 2498 S.
1881 2440 2009 2510 Epi-
2114 2439 2190 2497 lio
2220 2436 2508 2499 Mercionis
2533 2443 2751 2501 citetur.
2785 2434 2863 2500 Ls
2890 2442 2989 2498 Pu.

1725 2664 2209 2777 LIBER
2277 2667 2410 2780 V.

443 2576 573 2595 _

1879 2852 2249 2908 tatam”

404 2972 808 3029 Aucuusmuu.
838 3002 908 3013 -—
936 2970 1102 3029 Sicuti
1141 2970 1270 3028 libro
1300 2971 1609 3044 prwcedeuli
1631 2988 1696 3029 ea:
1726 2972 2010 3045 Evangelia
2186 2971 2245 3029 C.
2288 2972 2430 3031 XIV.
2463 2971 2546 3030 Ea:
2570 2972 2799 3041 eiusdem
2827 2973 2978 3029 etiam
3014 2971 3260 3045 Epistola:
3301 2990 3417 3046 cap.
3447 2970 3561 3030 VIII
3582 3018 3598 3045 ,
3633 2976 3684 3035 X
3703 3019 3720 3047 ,

479 3061 546 3118 Β.
577 3060 734 3118 Luca:
760 3104 775 3132 ,
803 3064 942 3136 quod
976 3063 1071 3118 sibi
1095 3073 1430 3135 usurpaverat
1464 3064 1698 3121 Marcion
1720 3108 1735 3131 ,
1766 3067 1839 3120 sic
1875 3081 2013 3120 nunc
2115 3063 2186 3121 XI
2205 3107 2218 3131 ,
2250 3063 2380 3131 XII,
2411 3064 2527 3121 XIII
2557 3075 2602 3120 et
2641 3065 2785 3123 XVI.

481 3171 545 3209 ccc
570 3153 818 3226 Epistolis
845 3155 1000 3211 Pauli
1030 3154 1176 3228 (quas
1196 3154 1285 3210 ille
1304 3155 1565 3211 mutilatas
1584 3163 1638 3211 in
1663 3156 1846 3212 librant
1871 3156 2012 3226 Apo-
2187 3159 2249 3214 C.
2292 3158 2409 3214 XV.
2455 3158 2568 3214 Nec
2610 3160 2777 3217 minus
2819 3176 2913 3233 per
2952 3159 3101 3215 verba
3148 3158 3379 3231 Apostoli
3400 3201 3415 3227 ,
3449 3159 3513 3215 de
3540 3159 3721 3233 Epist.

481 3249 719 3304 stolicum
749 3265 841 3303 suo
869 3249 1013 3303 titulo
1047 3248 1237 3304 editam
1271 3249 1469 3304 diverso
1498 3249 1677 3305 ordine
1716 3250 2009 3322 redegerat,
2039 3235 2084 3300 Ο
2117 3250 2186 3305 ad
2214 3250 2711 3310 Thessalonicenses.
3130 3263 3148 3279 ‘

479 3343 703 3415 exceptis
722 3342 788 3398 iis
806 3359 918 3413 qua:
941 3349 1059 3396 sunt
1103 3342 1173 3397 ad
1219 3341 1538 3397 Timotheum
1563 3352 1610 3398 et
1639 3340 1806 3398 Titum
1832 3386 1847 3412 ,
1879 3352 1924 3399 et
1944 3344 2013 3398 ad
2188 3344 2249 3401 Ο.
2296 3344 2437 3401 XVI.
2480 3342 2549 3399 Et
2579 3345 2642 3403 de
2671 3343 2844 3418 Epist.
2875 3346 2945 3400 ad
2970 3344 3441 3403 Thessalonicenses
3467 3349 3718 3407 secunda.

482 3433 764 3509 IIebrmos)
793 3436 974 3508 probat
993 3434 1038 3490 1'
1042 3436 1345 3490 ertallianus
1370 3451 1473 3490 non
1504 3436 1664 3492 alium
1692 3434 1856 3492 Deum
1878 3451 2011 3508 prw-
2187 3431 2249 3489 C.
2293 3433 2457 3491 XVII.
2500 3434 2636 3491 Dein
2687 3454 2777 3508 per
2821 3437 2970 3493 verba
3007 3436 3275 3508 Apostoli,
3319 3438 3382 3492 de
3422 3437 3594 3510 Epist.
3652 3438 3725 3497 ad

481 3524 646 3579 dicari
674 3525 738 3580 ab
765 3527 1009 3595 Apostolo
1043 3543 1197 3597 quam
1225 3525 1503 3582 Creatoris.
2113 3523 2429 3583 Laodicenos
2457 3526 2580 3602 (sive
2606 3529 2675 3583 ad
2700 3527 2972 3602 Ephesios)
3001 3545 3064 3584 ea:
3088 3546 3204 3600 cap.
3233 3528 3254 3583 I
3281 3538 3328 3585 et
3360 3528 3426 3585 II.
3716 3526 3724 3539 '

477 3613 538 3669 ϐ.
583 3615 624 3670 I.
666 3614 934 3687 Imprimis
953 3628 1119 3673 autem
1147 3618 1203 3672 id
1230 3618 1310 3673 uel
1327 3635 1390 3673 ea:
1413 3635 1473 3674 eo
1494 3618 1820 3690 manifestam
1845 3620 2006 3692 facit,
2181 3617 2243 3673 C.
2288 3616 2480 3675 XVIII.
2525 3618 2609 3675 Ex
2632 3619 2861 3692 ejusdem
2892 3621 3044 3675 etiam
3074 3619 3324 3695 Epistola:
3347 3638 3466 3695 cap.
3494 3621 3561 3678 IlI
3578 3666 3595 3694 ,
3624 3622 3721 3697 IV,‘

403 3707 542 3778 quod
570 3708 716 3762 nulla
743 3711 1025 3764 auctoritas
1050 3709 1287 3779 apostolo
1316 3708 1490 3765 Paulo
1522 3710 1787 3782 probetur,
1819 3711 1922 3767 nisi
1943 3712 2008 3768 de
2076 3706 2081 3709 ’
2112 3708 2158 3765 V
2187 3719 2234 3765 et
2263 3708 2353 3765 VI.

404 3799 754 3855 Instrumenta
803 3799 973 3857 Veteri
1008 3800 1302 3874 Creatoris,
1332 3813 1381 3857 et
1418 3800 1557 3859 Actis
1607 3802 2002 3875 Apostolorum,
2180 3801 2242 3860 C.
2284 3802 2428 3860 XIX.
2472 3803 2699 3878 Denique
2742 3822 2833 3879 per
2872 3806 3023 3863 verba
3065 3807 3299 3881 Apostoli
3325 3809 3388 3867 de
3414 3807 3594 3883 Epist.
3643 3811 3714 3867 ad

404 3904 522 3963 quae
552 3892 788 3950 Marcion
832 3895 1113 3966 rejiciebat.
2109 3896 2453 3956 Colossenses.
3709 3903 3719 3909 ’

479 3984 541 4043 C.
583 3985 645 4042 II.
692 3987 889 4044 Deinde
915 3998 1020 4043 tum
1062 4004 1153 4059 per
1189 3994 1546 4060 argumentum
1586 3997 1632 4043 et
1671 3986 1821 4044 verba
1850 3987 2006 4060 Ἄρος
2182 3988 2244 4046 C.
2285 3989 2406 4058 XX.
2447 3990 2526 4046 De
2560 3990 2726 4062 Epist.
2760 3992 2830 4048 ad
2864 3993 3247 4065 I’hilippenses.

401 4079 549 4146 stoli’,
582 4080 646 4134 de
681 4080 918 4150 Epistula
950 4081 1021 4135 ad
1052 4079 1265 4136 Galatas
1284 4122 1300 4149 ,
1331 4096 1395 4136 ea:
1422 4097 1538 4153 cap.
1574 4078 1615 4134 I.
2182 4084 2242 4140 C.
2270 4083 2416 4141 XXI.
2440 4083 2707 4143 Postremo
2729 4088 2792 4143 de
2812 4087 2982 4161 Epist.
3006 4090 3077 4143 ad
3097 4087 3470 4146 Philemonem.
3498 4087 3709 4148 Pansa.

478 4170 538 4340 ἓξ
580 4170 671 4321 ξεῖ
706 4170 1488 4349 ἕξζὶἓῖιὲἰέἒῗῗιέἱὶιῗέἰξῗῗῗ,
1512 4170 1714 4336 ξῗῗὶίῗ.
1735 4182 1780 4225 ⁸⁸
1803 4169 1891 4228 ¹¹¹⁹
2422 4230 2449 4239 -
2632 4221 2859 4282 CAPUT
2896 4223 3182 4287 Palmum.

423 4365 437 4436 ‘_
475 4353 537 4411 C.
579 4356 645 4413 V.
691 4356 894 4414 Deinde
939 4376 1031 4432 per
1068 4359 1219 4415 verba
1265 4360 1534 4431 Apostoli,
1562 4360 1626 4415 de
1653 4359 1890 4431 Epistola
1931 4358 2003 4416 ad
2162 4351 2316 4425 Ml"
2344 4352 2462 4411 Sine
2503 4354 2742 4434 origine,
2776 4356 2877 4413 ιιἰεί
2910 4357 3050 4414 Deus
3071 4358 3265 4436 solus:
3297 4374 3418 4431 qua:
3444 4368 3710 4432 quantum

400 4449 690 4511 Corinthios
737 4455 904 4526 prima
925 4496 938 4520 ,
971 4470 1034 4510 ρας
1062 4471 1177 4526 cap,
1209 4452 1247 4508 Ι,
2106 4446 2364 4517 praecedit
2394 4447 2445 4502 in
2475 4456 2619 4503 statu
2648 4451 2887 4504 omnium
2915 4464 3098 4505 rerum
3119 4493 3135 4518 ,
3169 4459 3380 4507 tantum
3430 4454 3710 4523 pra‘cedat

416 4547 429 4625 δ’
476 4544 538 4599 C.
580 4545 667 4602 VI.
711 4546 886 4603 Etiam
915 4564 979 4603 ex
1009 4544 1512 4623 Epistolw'ejugdem
1546 4566 1664 4624 cap,
1693 4549 1739 4606 Π
1766 4560 1813 4605 ει
1843 4549 1926 4606 Ill,
2024 4620 2065 4625 _
2107 4553 2331 4596 necesse
2359 4549 2440 4596 est
2470 4542 2630 4596 etiam
2677 4542 2729 4596 Ill
2769 4552 3062 4600 retractatu
3110 4560 3294 4600 earum
3321 4588 3336 4614 ,
3367 4558 3425 4601 ut
3450 4558 3708 4605 constare

477 4638 542 4697 (ς.
575 4639 697 4719 Νη,
745 4639 991 4715 Ejmdm
1035 4660 1231 4717 quoque
1275 4620 1339 4700 θέε
1375 4661 1493 4720 cap.
1527 4620 1621 4714 IV;
1652 4645 1717 4715 ν,
1748 4645 1841 4715 γι,
1874 4645 1997 4718 νη,
2024 4620 2079 4681 D
2105 4630 2174 4688 de
2199 4641 2341 4689 statu
2371 4635 2555 4705 possit.
2587 4633 2719 4704 Quia
2747 4648 2848 4691 nec
2877 4636 3078 4693 habeas
3099 4636 3363 4710 dispicere
3392 4640 3519 4712 quid
3542 4641 3707 4713 quale

970 4742 973 4745 ν
1102 4744 1103 4747 η
1441 4744 1448 4751 ο
1528 4764 1531 4767 ι
2102 4726 2205 4792 sit,
2237 4726 2550 4782 nisivcertus
2573 4742 2643 4784 an
2662 4729 2767 4792 sit.
2799 4743 2920 4785 cum
2952 4728 3032 4801 (5)
3066 4731 3387 4801 cognoveris
3426 4732 3571 4789 unde
3607 4732 3708 4788 sit;

2732 4428 3143 4442 ._________

398 4718 547 4800 Vm,
577 4733 651 4790 1x
674 4718 726 4790 ει
756 4732 824 4791 x.

466 4826 530 4880 C.
573 4824 711 4882 VIII.
753 4826 885 4882 Item
911 4806 1027 4899 cap.
1054 4829 1125 4886 XI
1149 4873 1163 4898 ,
1196 4830 1291 4885 XII
1310 4874 1323 4895 ,
1351 4830 1473 4887 xm
1496 4840 1541 4886 ει
1567 4831 1712 4890 xlv,
2018 4896 2021 4897 ν
2100 4818 2168 4887 Et
2191 4818 2313 4887 ideo
2346 4834 2416 4879 ex
2444 4820 2689 4891 opusculi
2735 4821 2925 4877 ordine
2949 4822 3016 4877 ad
3045 4823 3186 4879 hanc
3213 4825 3493 4881 materiam
3523 4824 3701 4880 devo-
3742 4892 3753 4903 ἱ

466 4920 526 4975 υ,
570 4918 661 4975 1x,
707 4918 788 4976 Ex
816 4937 932 4993 εαρ,
962 4925 1115 4978 etiam
1144 4923 1241 4982 xv
1270 4925 1433 4996 priori
1467 4935 1631 4997 ρανιε,
2100 4912 2241 4969 Iulus
2262 4955 2277 4979 ,
2322 4914 2554 4989 apostoli
2598 4929 2812 4989 quoque
2853 4915 3005 4972 Pauli
3030 4994 3035 5003 ς
3059 4918 3323 5000 originem
3356 4936 3385 4976 a
3428 4920 3703 4979 Marciane

464 5012 527 5068 C.
568 5011 641 5079 Χ,
683 5012 753 5071 Et
782 5030 846 5070 ex
872 5016 1102 5086 ejusdem
1140 5033 1259 5088 σαρ,
1288 5014 1385 5074 xv
1424 5017 1651 5075 munda
1693 5025 1856 5088 ρατιο,
2015 5069 2025 5074 _
2097 5004 2351 5063 desidero
2374 5048 2388 5072 .
2420 5023 2590 5063 novus
2624 5007 2788 5080 aliqui
2837 5007 3134 5081 discipulus
3158 5052 3174 5078 ,
3205 5027 3305 5068 ncc
3352 5012 3513 5070 ullius
3555 5014 3701 5073 alte-

464 5102 527 5161 C.
559 5103 657 5163 XI.
703 5103 923 5161 Rursum
955 5124 1046 5179 per
1069 5108 1219 5163 verba
1248 5109 1485 5187 Apostoli
1515 5149 1531 5181 ,
1562 5108 1628 5163 de
1653 5107 1824 5181 Epist.
1858 5107 1901 5169 ιι
1925 5108 1995 5164 ad
2099 5102 2212 5157 rius
2241 5100 2477 5169 auditor,
2505 5102 2594 5172 qui
2627 5102 2759 5159 nihil
2798 5104 3011 5189 interim
3040 5105 3258 5163 credam
3282 5148 3298 5175 ,
3324 5109 3427 5166 nisi
3455 5107 3586 5165 nihil
3615 5119 3701 5168 te-

390 5195 622 5253 Corinth.
671 5216 734 5254 ea:
778 5215 895 5270 cap.
927 5198 989 5265 Ι,
1020 5200 1065 5256 ΙΙ
1093 5211 1141 5256 et
1172 5199 1260 5256 Ill.
2099 5209 2247 5249 mere
2277 5193 2631 5250 credendum.
2675 5196 2907 5271 Temere
2946 5215 3107 5273 porro
3146 5199 3294 5271 credi
3319 5200 3701 5280 quodcumque

462 5288 524 5345 C.
567 5289 684 5347 XII.
726 5289 859 5347 Item
883 5308 946 5348 ex
965 5309 1080 5365 cap.
1106 5293 1174 5359 V,
1205 5293 1294 5350 VII
1315 5336 1331 5365 ,
1360 5293 1462 5362 XI,
1489 5293 1582 5351 XII
1604 5303 1651 5350 et
1674 5292 1819 5353 XIII.
2095 5286 2215 5348 sine
2258 5287 2481 5358 originis
2529 5290 2802 5360 agnitione
2845 5292 3108 5359 creditur,
3138 5294 3334 5365 quique
3379 5293 3697 5366 dignissime

463 5382 528 5438 C.
569 5382 716 5440 XIII.
759 5384 930 5442 Porro
964 5388 1116 5443 etiam
1143 5404 1235 5459 per
1255 5389 1408 5443 verba
1444 5388 1699 5459 Apostoli,
1722 5387 1787 5443 de
1816 5386 1987 5458 Epist.
2013 5386 2017 5390 ’
2094 5380 2161 5437 ad
2189 5380 2606 5438 sollicitudinem
2637 5382 2875 5456 redigam
2918 5386 3074 5443 istam
3105 5386 3499 5456 inquisitionem
3521 5427 3537 5452 ,
3564 5402 3694 5443 cum

389 5464 462 5526 iul
488 5472 643 5557 Rom.
677 5490 742 5531 ea:
764 5492 881 5549 cap.
914 5476 975 5547 l,
1002 5477 1049 5533 II
1068 5519 1084 5547 ,
1112 5476 1184 5535 Ill
1205 5520 1221 5549 ,
1248 5476 1317 5546 V,
1344 5476 1414 5535 VI
1442 5488 1490 5534 et
1517 5477 1631 5535 VII.
2093 5477 2140 5537 is
2160 5474 2295 5531 mihi
2321 5473 2619 5533 afﬁrmatur
2658 5479 2934 5551 apostolus
2953 5521 2970 5551 ,
3020 5495 3185 5553 quem»
3209 5479 3288 5554 (b)
3315 5480 3369 5537 in
3395 5479 3518 5537 albo
3555 5494 3695 5553 apo-

1598 5568 1982 5628 LEC'I'IONES
2017 5571 2106 5629 VA
2116 5570 2432 5632 RIANTES.

445 5659 521 5726 (ὅ)
545 5661 666 5715 Cum
686 5662 836 5717 amat.
859 5673 973 5720 Jun.

1752 5747 2313 5811 COMMENTARIUS.

454 5832 606 5891 CAP.
642 5836 868 5913 l.——(b)
911 5842 978 5899 In
1023 5842 1140 5900 albo
1174 5839 1860 5916 apostolorumhlbumbic
1880 5796 2345 5922 est“
2397 5849 2631 5926 apostol.
2683 5850 2994 5926 namapud
3035 5845 3438 5909 Iurcconsultas
3484 5847 3682 5908 album
