4020 6286
352 334 483 412 sea

1506 351 1636 408 LIB.
1678 350 1724 408 V
1763 348 2127 410 ADVERSUS
2163 352 2594 413 MARCIONEM.

3573 356 3683 413 470

366 467 645 526 ειοΙοι-ιιπι
680 465 822 539 apud
855 465 1204 537 Evangelium
1251 478 1360 521 non
1407 463 1777 537 deprehendo.
1813 463 1970 521 Deni-
1998 466 2150 528 Atia
2194 478 2251 526 et
2291 469 2593 526 satisfactio
2616 510 2630 537 ,
2660 470 2803 527 bona
2852 483 2953 541 pro
2991 467 3149 529 malis
3193 468 3540 542 recipientis,
3569 485 3675 525 non

368 577 483 634 que
525 560 751 618 audiens
793 572 983 633 postea
1013 575 1136 617 eum
1167 574 1197 614 a
1226 558 1454 614 Domino
1496 558 1747 615 allectum
1775 560 1888 628 jam
1917 557 1972 613 in

367 655 531 711 cmlis
584 655 925 725 quiescente,
958 651 1111 724 quasi
1160 649 1628 722 improvidentiam
1682 650 1970 717 existimo,

372 749 564 806 sinon
595 759 722 805 ante
752 749 907 805 scivit
935 748 1086 804 illum
1125 747 1227 803 sibi
1278 745 1638 813 necessarium
1686 744 1973 810 Christus;

373 841 478 898 sed
501 840 610 911 jam
632 840 882 896 ordinato
903 839 1084 895 officio
1113 836 1446 909 apostolatus
1467 879 1483 904 ,
1525 845 1581 893 et
1611 838 1663 893 in
1691 852 1786 893 sua
1813 851 1976 909 opera

375 935 605 992 dimisso
628 977 645 1002 ,
670 950 739 990 ett
774 934 991 989 incursu
1013 975 1027 999 ,
1063 946 1170 988 non
1200 946 1268 987 ex
1298 938 1585 1002 prospectu
1612 928 1975 1000 adjiciendum

379 1025 711 1084 existimavit
736 1043 750 1092 ;
784 1025 1103 1082 necessitate
1120 1066 1135 1090 ,
1165 1015 1224 1079 ut
1251 1023 1324 1078 ita
1351 1021 1577 1077 dixerim
1603 1064 1619 1089 ,
1648 1036 1755 1078 non
1782 1020 1975 1076 volun-

376 1130 512 1177 tate.
561 1119 926 1190 Quamobrem
953 1161 967 1187 ,
1009 1118 1230 1173 Pontice
1277 1115 1529 1172 nauclere
1559 1156 1573 1180 ,
1613 1114 1659 1171 si
1706 1130 1978 1187 nunquam

375 1210 604 1273 furtivas
650 1225 862 1267 merces
900 1210 985 1266 vel
1032 1209 1247 1265 illicitas
1277 1206 1356 1282 (η)
1389 1209 1441 1262 in
1470 1216 1655 1265 acatns
1683 1215 1803 1262 tuas
1830 1222 1980 1263 rece-

321 1308 349 1363 τ
375 1303 508 1377 pisti
537 1318 552 1367 ;
583 1304 628 1358 si
659 1301 867 1358 nullum
916 1303 1140 1358 omnino
1187 1316 1326 1356 onus
1375 1299 1613 1356 avertisti
1655 1298 1737 1356 vel
1767 1298 1978 1356 adulte-

376 1395 512 1451 rasti
540 1437 556 1462 ,
584 1396 794 1451 cautior
837 1395 1022 1466 utique
1065 1403 1121 1450 et
1166 1392 1378 1450 ﬁdelior
1407 1393 1458 1449 in
1491 1392 1582 1448 Dei
1614 1393 1777 1449 rebus
1802 1434 1818 1459 ,
1849 1392 1979 1449 edas

378 1487 551 1543 velim
580 1486 737 1543 nobis
766 1502 872 1558 quo
898 1487 1145 1559 symbolo
1182 1484 1488 1556 susceperis
1512 1483 1814 1556 apostolum
1843 1483 1980 1539 Pau-

378 1579 494 1636 lum
517 1580 540 1634 ?
562 1580 684 1651 quis
712 1578 864 1646 illum
910 1577 1047 1634 tituli
1092 1578 1406 1635 charactere
1454 1576 1831 1647 percusserit?
1860 1576 1982 1645 quis

379 1672 748 1728 transmiserit
792 1670 936 1727 tibi?
965 1672 1086 1742 quis
1138 1669 1490 1742 imposuerit,
1539 1678 1596 1724 ut
1640 1667 1814 1741 possis
1858 1683 1981 1725 eum

2077 560 2222 618 aliud
2248 562 2603 634 portendebat
2629 578 2790 635 quam
2821 562 3043 619 Paulum
3071 561 3127 618 in
3157 560 3322 618 Saule
3340 603 3356 631 ,
3384 560 3677 618 secundum

2078 653 2286 720 tribus;
2319 663 2373 710 et
2396 654 2579 713 Jesum
2619 655 2673 710 in
2714 654 2913 722 David,
2945 654 3242 712 secundum
3284 653 3511 727 virginis
3547 669 3680 710 ceu—

2077 761 2218 805 sum.
2260 750 2387 808 Haec
2430 752 2720 825 ﬁgurarum
2766 763 3100 811 sacramenta
3126 753 3173 810 si
3201 752 3296 808 tibi
3340 751 3672 823 displicent,

2079 850 2227 898 certe
2278 844 2412 901 Acta
2462 847 2829 917 apostolorum
2878 845 3029 919 (Act.
3077 844 3173 917 IX)
3206 844 3347 901 hunc
3373 845 3503 901 mihi
3528 845 3677 905 ordi-

2079 949 2202 993 nem
2236 936 2382 994 Pauli
2424 939 2759 999 tradidcrunt
2779 981 2792 1005 ,
2822 956 2853 996 a
2883 948 2936 997 te
2959 953 3176 1027 quoque
3217 952 3325 995 non
3356 937 3680 1010 negandum.

2079 1028 2209 1086 Inde
2261 1033 2563 1102 apostolum
2606 1033 2835 1091 ostendo
2880 1041 3280 1104 persecutorem
3303 1072 3319 1099 ,
3352 1046 3461 1088 non
3488 1031 3558 1086 ab
3587 1031 3686 1087 bo-

2081 1120 2317 1178 ininihus
2346 1164 2361 1190 ,
2393 1138 2567 1195 neque
2597 1139 2694 1196 per
2723 1124 2998 1182 hominem
3029 1137 3046 1190 ;
3077 1122 3205 1181 inde
3236 1131 3293 1179 et
3331 1122 3432 1193 ipsi
3457 1122 3683 1179 credere

2081 1212 2349 1284 inducor;
2381 1216 2508 1275 inde
2535 1227 2588 1273 te
2618 1232 2647 1275 a
2672 1216 2987 1275 defensione
3039 1216 3158 1288 ejus
3200 1215 3454 1287 expello;
3486 1230 3587 1271 nec
3614 1216 3683 1271 ti-

2081 1320 2206 1363 meo
2234 1306 2503 1365 dicentem
2542 1325 2556 1363 :
2588 1309 2669 1367 Tu
2698 1325 2826 1381 ergo
2855 1322 3018 1381 negas
3071 1307 3373 1379 apostolum
3414 1307 3682 1364 Paulum?

2083 1411 2191 1452 non
2242 1397 2561 1470 blaspheme
2609 1416 2767 1473 quem
2823 1409 2997 1459 tueor.
3050 1398 3238 1472 Nego,
3272 1409 3330 1456 ut
3370 1409 3420 1456 te
3457 1400 3688 1471 probare

2084 1490 2427 1561 compella’m.
2457 1490 2635 1563 Nego,
2666 1502 2724 1549 ut
2759 1508 2936 1550 meum
2967 1506 3088 1550 esse
3129 1492 3468 1549 convincam.
3504 1493 3612 1548 Aut
3639 1492 3684 1547 si

2085 1581 2153 1638 ad
2185 1590 2426 1639 nostram
2466 1584 2628 1641 fidem
2677 1594 2891 1657 spectas
2913 1626 2928 1649 ,
2958 1585 3141 1656 recipe
3169 1599 3289 1656 quae
3314 1598 3433 1639 eam
3452 1583 3685 1663 faciunt.

2085 1671 2140 1732 Si
2169 1674 2234 1732 ad
2268 1687 2433 1743 tuam.
2460 1692 2721 1749 provocas
2744 1720 2759 1743 ,
2788 1678 2889 1735 ede
2915 1693 3035 1750 quae
3061 1692 3179 1735 eam
3209 1683 3557 1748 praestruunt.
3586 1676 3691 1742 Aut

380 1773 702 1822 constanter
730 1763 1045 1836 exponere?
1076 1779 1144 1820 ne
1189 1763 1333 1818 illius
1383 1762 1758 1834 probetur,qui
1802 1761 1982 1816 omnia
2089 1768 2255 1840 proba
2303 1783 2456 1833 esse,
2487 1785 2607 1842 qua;
2654 1768 2831 1827 credis
2861 1787 2875 1834 ς
2905 1777 3000 1826 aut
3050 1769 3096 1825 si
3143 1784 3251 1824 ηοη
3301 1767 3528 1840 probas,
3559 1781 3691 1837 quo-

381 1857 718 1929 apostolatus
778 1856 894 1928 ejus
953 1857 1305 1912 instrumenta
1367 1854 1670 1926 protulerit.
1721 1853 1841 1926 [pse
1887 1869 1981 1919 se,
2012 1862 2063 1925 Β
2093 1859 2256 1917 modo
2284 1859 2504 1916 credis?
2534 1863 2643 1927 Aut
2669 1861 2845 1934 qualis
2882 1877 2941 1918 es
2967 1859 3228 1917 adversus
3265 1874 3388 1915 eum
3431 1856 3689 1931 credens,

386 1951 603 2023 inquit,
649 1950 953 2020 apostolum
1017 1959 1101 2005 est
1163 1948 1434 2020 professus
1501 1947 1730 2022 (Cal.l,
1774 1948 1872 2020 ‘1),
1932 1957 1989 2004 et.

390 2043 614 2112 quidem
644 2059 745 2097 non
769 2042 831 2096 ab
862 2042 1148 2096 hominibus
1173 2083 1189 2109 ,
1218 2058 1313 2096 nec
1343 2058 1433 2112 per
1457 2041 1746 2107 hominem,
1777 2040 1869 2097 sed
1898 2056 1989 2111 per

382 2136 565 2191 Iesum
613 2133 893 2191 Clu-istum.
952 2132 1025 2206 (b)
1074 2134 1241 2191 Plane
1287 2133 1529 2206 profiteri
1577 2142 1755 2207 potest
1792 2144 1989 2192 semet-

383 2228 563 2299 ipsum
601 2228 795 2299 quivis.
826 2228 1029 2284 Verum
1081 2227 1348 2299 professio
1387 2227 1505 2299 ejus
1544 2227 1767 2285 alterius
1794 2238 1987 2285 aucto-

386 2321 551 2376 ritate
580 2318 864 2375 cmificitur
888 2338 902 2374 :
931 2320 1067 2375 alius
1091 2318 1304 2387 scribit,
1338 2319 1478 2375 alius
1503 2320 1811 2387 subscribit,
1848 2320 1987 2378 alius

332 2412 666 2485 ‘obsiguat.
696 2414 834 2469 alius
876 2415 1011 2470 actis
1049 2412 1233 2470 refert.
1272 2413 1450 2489 ﬁcum
1489 2414 1685 2490 sitiet
1713 2408 1990 2491 professor

385 2505 769 2585 eruistiieit.
817 2507 1019 2562 Praeter
1060 2508 1175 2562 haec
1214 2507 1398 2577 utique
1422 2506 1601 2579 legisti
1636 2506 1791 2582 (Luc.
1825 2509 1985 2578 XXI,

388 2596 476 2671 8),
507 2599 694 2653 multos
722 2607 960 2654 venturos
988 2586 1075 2671 qui
1101 2599 1273 2653 dicunt
1309 2615 1327 2653 :
1354 2597 1468 2671 Ego
1502 2615 1616 2655 sum
1646 2598 1899 2657 Christus.
1931 2600 1990 2659 Si

386 2699 475 2747 est
498 2691 588 2761 qui
617 2705 677 2746 se
704 2689 978 2746 Christum
1022 2691 1335 2758 mentiatur,
1367 2700 1568 2762 quanto
1613 2693 1784 2764 magis
1810 2692 1901 2765 qui
1930 2708 1990 2755 se

386 2783 693 2856 apostolum
743 2782 998 2853 praedicet
1036 2781 1280 2838 Christi?
1328 2782 1518 2839 Adhuc
1546 2800 1646 2855 ego
1674 2783 1728 2839 in
1760 2798 1990 2855 persona

387 2876 642 2949 discipuli
670 2884 725 2932 et
748 2875 1081 2947 inquisitoris
1109 2889 1425 2942 conversor,
1471 2884 1529 2931 ut
1550 2875 1660 2946 jam
1689 2875 1816 2932 hinc
1844 2884 1902 2932 et
1924 2875 1990 2931 fl-

390 2971 517 3029 dem
557 2979 701 3025 tuam
754 2967 1047 3025 obtundam
1075 3011 1091 3037 ,
1143 2967 1234 3040 qui
1293 2966 1434 3024 unde
1477 2983 1595 3025 eam
1635 2968 1829 3040 probes
1884 2983 1992 3024 non

393 3064 609 3131 habes;
651 3073 705 3119 et
746 3062 1133 3137 impudentiam
1180 3059 1481 3117 suffundam
1515 3103 1530 3128 ,
1572 3061 1661 3132 qui
1711 3059 1986 3130 vindicas,

389 3169 447 3214 et
477 3156 617 3212 unde
656 3155 835 3228 possis
870 3153 1147 3210 vindicare
1195 3168 1302 3210 non
1347 3152 1564 3224 recipis.
1598 3151 1683 3209 Sit
1706 3151 1991 3221 Christus,

2089 1970 2122 2011 a
2145 1969 2252 2026 quo
2279 1954 2396 2010 solo
2422 1954 2679 2026 probatur
2705 1970 2830 2011 esse
2854 1954 2997 2026 quod
3042 1953 3222 2011 credis
3246 1954 3269 2008 ?
3296 1952 3448 2009 Habe
3473 1966 3616 2007 nunc
3637 1957 3695 2007 et

2090 2047 2395 2118 apostolum
2440 2045 2510 2103 de
2538 2060 2694 2115 meo,
2724 2047 2865 2102 sicut
2909 2054 2967 2103 et
3012 2044 3328 2109 Christum;
3359 2052 3467 2099 tam
3511 2045 3692 2099 meum

2089 2139 2391 2211 apostolum
2417 2178 2434 2207 ,
2477 2153 2636 2210 quam
2669 2148 2723 2195 et
2745 2138 3042 2194 Christum.
3077 2135 3150 2211 (c)
3194 2135 3388 2193 Iisdem
3414 2145 3467 2191 et
3493 2133 3583 2191 hic
3607 2134 3691 2190 di-

2092 2231 2408 2290 micahimus
2437 2232 2628 2299 lineis,
2658 2232 2711 2289 in
2744 2232 2862 2302 ipso
2897 2231 3069 2304 gradu
3109 2230 3520 2302 provocabimus
3551 2244 3692 2301 prie-
3746 2266 3755 2271 -

2089 2324 2429 2396 scriptionis,
2457 2333 2710 2398 Oportere
2733 2324 2941 2382 scilicet
2965 2332 3021 2379 et
3044 2323 3347 2395 apostolum
3398 2323 3488 2393 qui
3517 2309 3683 2378 Crea.

2091 2419 2223 2476 toris
2248 2428 2495 2491 negetur,
2522 2420 2632 2476 imo
2659 2429 2714 2478 et
2742 2416 3000 2475 adversus
3019 2416 3332 2475 Creatorem
3358 2415 3690 2488 proferatur,

2090 2510 2225 2569 nihil
2249 2511 2465 2579 docere,
2490 2511 2623 2568 nihil
2644 2526 2858 2582 sapere,
2882 2509 3015 2568 nihil
3043 2510 3185 2567 velle
3214 2509 3507 2567 secundum
3531 2508 3697 2565 Crea-

2092 2611 2290 2672 torem,
2316 2612 2371 2659 et
2397 2603 2450 2659 in
2480 2602 2666 2674 primis
2691 2612 2834 2659 tanta
2863 2604 3164 2660 constantia
3191 2603 3357 2658 alium
3383 2602 3548 2658 Deum
3578 2602 3696 2657 edi-

2092 2708 2254 2767 cere,
2304 2703 2502 2766 quanta
2541 2709 2571 2750 a
2616 2694 2734 2767 lege
2756 2694 3026 2751 Creatoris
3053 2693 3287 2765 abrupit.
3330 2692 3513 2764 Neque
3552 2691 3695 2759 enim

2092 2765 2365 2873 verisimile
2392 2796 2510 2858 est,
2558 2796 2615 2843 ut
2642 2765 2894 2844 avertens
2934 2800 2964 2842 a
3000 2784 3301 2858 judaismo,
3345 2800 3453 2841 non
3492 2784 3700 2858 pariter

2095 2880 2405 2938 ostenderet
2445 2882 2498 2937 in
2538 2880 2689 2953 cujus
2716 2881 2814 2937 Dei
2852 2879 3011 2936 fidem
3044 2887 3343 2936 averteret:
3387 2879 3513 2950 quia
3537 2881 3699 2934 nemo

2096 2974 2325 3031 transire
2352 2983 2537 3046 posset
2548 2989 2577 3028 a
2591 2971 2871 3041 Creatore,
2887 2970 3137 3028 nesciens
3151 2970 3217 3026 ad
3231 2985 3390 3041 quem
3415 2979 3702 3026 transeun-

2095 3067 2227 3125 dum
2269 3067 2369 3123 sibi
2403 3076 2568 3124 esset.
2601 3066 2727 3127 Sive
2764 3065 2907 3122 enim
2951 3064 3199 3123 Christus
3215 3064 3326 3134 jam
3342 3063 3505 3119 alium
3528 3064 3694 3118 Deum

2095 3159 2461 3226 revelaverat,
2492 3158 2816 3231 sequebatur
2848 3158 3009 3214 etiam
3039 3155 3270 3228 apostoli
3308 3155 3558 3222 testatio;
3603 3155 3691 3211 vel

391 3246 471 3308 sit
491 3248 571 3324 (l)
601 3249 914 3321 Apostolus,
943 3258 1002 3304 ut
1022 3248 1244 3305 alterius
1265 3246 1393 3303 dum
1436 3263 1542 3304 non
1565 3247 1862 3320 probantur
1892 3246 1994 3305 nisi
2022 3256 2068 3321 ο
2100 3266 2170 3308 ne
2199 3264 2305 3306 non
2336 3250 2452 3321 ejus
2480 3250 2576 3309 Dei
2601 3249 2876 3322 apostolus
2906 3249 3228 3318 haberetur,
3268 3262 3427 3320 quem
3452 3247 3701 3305 Christus

390 3344 467 3402 de
518 3344 873 3398 instrumento
922 3340 1212 3397 Creatoris.
1264 3339 1398 3397 Nam
1453 3339 1536 3415 (‘2)
1585 3340 1719 3396 mihi
1771 3339 1998 3396 Paulum

393 3438 561 3494 etiam
592 3435 820 3493 Genesis
867 3434 996 3490 olim
1050 3432 1381 3504 repromisit.
1435 3432 1580 3489 Inter
1619 3431 1741 3487 illas
1768 3432 1912 3488 enim
1939 3430 2003 3486 li-

394 3544 561 3602 guras
590 3538 644 3584 et
668 3528 1009 3599 propheticas
1042 3540 1206 3599 super
1235 3524 1377 3581 filios
1403 3540 1529 3582 suos
1558 3524 1962 3581 benedictiones
1981 3564 1998 3593 ,

395 3620 570 3681 Iacob
617 3635 738 3676 cum
770 3619 837 3675 ad
878 3619 1158 3691 Beniamin
1207 3619 1494 3676 direxisset
1533 3617 1635 3691 (5).
1678 3616 1999 3689 Benjamin,

396 3715 577 3786 inquit
604 3711 755 3785 (Gen.
791 3710 959 3767 XLIX
979 3754 993 3778 ,
1020 3710 1116 3783 27)
1135 3754 1149 3779 ,
1181 3712 1332 3782 lupus
1364 3728 1530 3783 rapax
1555 3752 1569 3778 ,
1598 3710 1669 3765 ad
1695 3711 2003 3766 matutinum

399 3808 630 3865 comedet
657 3807 823 3861 adhuc
843 3849 857 3872 ,
887 3816 934 3861 et
960 3808 1028 3859 ad
1063 3821 1325 3877 vesperam
1365 3803 1507 3860 dabit
1535 3822 1723 3861 escam.
1752 3804 1831 3863 Ex
1861 3805 2000 3860 tribu

396 3903 549 3961 enim
576 3900 857 3972 Benjamin
888 3900 1149 3977 oriturum
1179 3899 1403 3955 Paulum
1430 3897 1783 3970 providebat,
1816 3898 2001 3968 lupum

396 4008 688 4065 rapacem,
721 3991 786 4047 ad
810 3991 1129 4047 matutinum
1167 3989 1540 4046 comedentem
1564 4032 1580 4058 ,
1611 3988 1662 4045 id
1687 3998 1802 4057 est,
1828 3989 2003 4062 prima

395 4096 569 4148 astate
612 4094 943 4141 vastaturum
986 4098 1182 4156 pecora
1235 4082 1478 4151 Domini,
1509 4091 1567 4138 nt
1604 4090 2002 4154 persecutorem

396 4179 774 4240 Ecclesiarum
800 4194 815 4244 ;
847 4174 1045 4232 dehinc
1071 4174 1137 4231 ad
1169 4190 1446 4246 vesperam
1494 4189 1673 4230 eseam
1713 4173 1963 4230 daturum
1987 4215 2004 4244 ,

395 4270 461 4333 id
491 4279 613 4339 est,
646 4269 970 4340 devergente
993 4268 1104 4339 jam
1147 4275 1306 4323 aetate
1330 4282 1459 4323 oves
1499 4264 1696 4322 Christi
1745 4265 2008 4323 educatu-

395 4380 564 4432 rum,
590 4370 651 4419 ut
690 4362 966 4417 doctorem
1021 4359 1323 4416 nationum.
1372 4358 1508 4415 Nam
1538 4369 1593 4414 et
1620 4357 1795 4415 Saulis
1832 4359 2009 4431 primo

392 4456 675 4532 mperitas
719 4452 1091 4511 insectationis
1116 4467 1242 4526 erga
1278 4450 1450 4510 David
1467 4494 1485 4524 ,
1512 4450 1711 4509 dehinc
1737 4453 2007 4523 poeniten-

2104 3343 2471 3410 revelaverat;
2492 3350 2548 3399 et
2570 3342 2693 3416 quia
2717 3358 2822 3399 non
2843 3341 3038 3399 licebat
3053 3340 3311 3398 abscondi
3331 3340 3400 3396 ab
3428 3340 3695 3413 apostolo,

2102 3436 2194 3509 qui
2219 3436 2331 3508 jam
2361 3436 2630 3492 revelatus
2661 3434 2851 3493 fuisset
2874 3450 2906 3491 a
2926 3433 3167 3491 Christo.
3189 3432 3313 3491 Sive
3337 3432 3473 3490 nihil
3503 3434 3610 3490 tale
3635 3431 3706 3490 de

2104 3529 2220 3586 Deo
2245 3528 2495 3585 Christus
2531 3528 2898 3596 revelaverat,
2942 3535 3094 3584 tanto
3133 3528 3303 3599 magis
3335 3527 3405 3583 ab
3456 3526 3705 3596 apostolo

2069 3621 2363 3680 .debuerat
2388 3619 2657 3698 revelari,
2697 3620 2790 3693 qui
2821 3620 2932 3692 jam
2963 3634 3072 3677 non
3100 3627 3288 3692 posset
3321 3619 3388 3676 ab
3414 3620 3553 3687 alio;
3597 3634 3706 3677 non

2105 3712 2407 3771 credendus
2445 3712 2563 3770 siue
2591 3710 2778 3781 dubio,
2809 3712 2856 3769 si
2894 3726 2997 3768 nec
3025 3711 3094 3767 ab
3119 3712 3365 3783 apostolo
3400 3710 3695 3768 revelatus.

2106 3803 2257 3873 Quod
2288 3804 2486 3861 idcirco
2519 3803 2959 3874 praestruximus,
2982 3813 3042 3859 ut
3064 3803 3174 3874 jam
3205 3802 3334 3859 hinc
3355 3800 3704 3874 profiteamur

2105 3912 2207 3955 nos
2233 3895 2455 3968 proinde
2486 3894 2828 3966 probaturos,
2856 3895 3058 3952 nullum
3085 3896 3250 3951 alium
3281 3896 3448 3950 Deum
3480 3894 3549 3950 ab
3575 3908 3707 3965 apo-

2107 3988 2249 4046 stolo
2279 3985 2673 4054 circumlatum,
2704 3988 2844 4044 sicut
2873 3986 3237 4059 probavimus,
3270 4000 3371 4042 nec
3396 4000 3428 4041 a
3453 3984 3710 4054 Christo;

2108 4097 2173 4140 ex
2208 4081 2338 4153 ipsis
2367 4080 2552 4153 utique
2577 4078 2835 4152 Epistolis
2860 4079 3044 4148 Pauli,
3071 4094 3206 4152 quas
3237 4078 3466 4151 proinde
3491 4079 3709 4134 mutila-

2111 4184 2194 4231 tas
2223 4175 2387 4230 etiam
2426 4173 2495 4230 de
2521 4187 2776 4241 numero,
2819 4172 2993 4231 forma
3020 4171 3129 4247 jam
3166 4171 3409 4230 haeretici
3433 4170 3710 4244 Evangelii

2110 4265 2491 4340 praejudieasse
2515 4265 2750 4324 debebit.

2739 4358 2968 4418 CAPUT
3006 4359 3074 4416 Il.

2184 4451 2267 4527 (ά)
2295 4451 2653 4526 Principalem
2681 4451 2854 4525 (Gat.,
2874 4451 2921 4524 Ι)
2946 4451 3210 4512 adversus
3243 4450 3572 4525 judaismum
3600 4448 3717 4523 epi-

1647 4564 2032 4626 LECTIONES
2069 4565 2485 4626 VARIANTES.

468 4687 553 4817 fi}
574 4683 1027 4804 ﬁﬁi'hifnf‘sm.
1053 4743 1253 4798 arma.

2031 4690 2088 4752 ι)
2174 4679 2250 4748 (3)
2273 4680 2495 4736 Dlxisset
2516 4656 2668 4737 nam.
2684 4679 2838 4736 Seml.
2863 4678 3011 4735 Ober.

1794 4849 2349 4912 COMMENTARIUS.
2394 4858 2395 4863 ‘

302 5008 378 5043 ,α
402 4978 498 5032 est
524 4967 807 5043 nutricula
827 5009 842 5034 ,
868 4981 968 5043 seu
998 4964 1269 5043 particula
1283 4963 1634 5043 decurionum
1657 5004 1673 5032 ,
1697 4962 2007 5043 undeualibi

448 5039 741 5110 roscriptio
781 5040 816 5093 l.
867 5034 1170 5110 Herennius
1206 5034 1296 5099 10,
1331 5035 1395 5090 D.
1430 5036 1717 5110 dendecur.
1746 5045 1803 5093 et
1825 5035 1899 5091 ιιι.
1936 5037 2011 5093 Ea

448 5058 741 5110 νοεοηβιιο
781 5058 816 5093 Ι.
867 5058 1170 5094 IIBI'CDIIIUS
1206 5058 1296 5099 ιυ,
1331 5058 1395 5090 υ.
1430 5058 1499 5092 ue
1534 5058 1717 5091 uecur.
1746 5058 1803 5093 et
1826 5058 1875 5091 Ill

402 5058 587 5172 ﬁci-me
634 5113 844 5167 ratione
886 5110 1066 5165 album
1106 5107 1429 5164 Senatorum
1481 5107 1614 5163 dixit
1660 5113 1875 5177 λεύκωμα

2113 4965 2343 5038 vectigal
2379 4965 2615 5023 solutum
2644 4972 2748 5022 est.
2789 4962 2923 5022 Item
2961 4960 3356 5036 profitebantur
3383 4960 3522 5038 filios
3558 4968 3716 5019 natos
3730 5010 3785 5036 ,.

2118 5038 2236 5110 sibi
2265 5036 2410 5110 apud
2450 5049 2577 5110 acta
2606 5044 2856 5110 veteres:
2901 5050 3022 5110 qua}
3065 5049 3155 5091 res
3181 5044 3291 5110 tum
3321 5036 3558 5110 certam,
3603 5043 3715 5110 tum

1926 5124 2019 5165 τῶν
2119 5104 2328 5166 facilem
2356 5110 2529 5164 aetatis
2553 5107 2777 5164 faciebat
2804 5104 3199 5178 probationem,
3223 5106 3267 5160 si
3290 5104 3504 5178 quando
3528 5104 3714 5175 hujus-

402 5175 1866 5261 pouicuéng_Dion.,lib.Lx,etalhunicitharmdorum
1881 5178 2017 5236 Sue-
2120 5179 2527 5261 iiiodi_duhium
2566 5175 2864 5261 incidisset.
2910 5176 2969 5261 lii
3008 5176 3150 5232 hunc
3182 5190 3414 5261 sensum.
3442 5175 3715 5261 eleganter

410 5249 603 5316 ionius
624 5257 677 5310 in
704 5256 915 5310 Nerone
939 5266 1060 5320 cap.
1088 5250 1180 5307 20.
1210 5249 1289 5306 Ls
1313 5249 1409 5307 Pa.

2121 5253 2251 5308 dicit
2277 5252 2500 5315 Seneca,
2532 5248 2771 5319 profiteri
2798 5261 2874 5303 aes
2901 5244 3248 5319 alienum.”
3270 5244 3715 5319 quodcandidati

489 5324 681 5410 (a)..ln
720 5334 895 5380 acutos
933 5316 1067 5379 tuas.
1109 5322 1309 5410 scarus
1345 5322 1465 5378 sive
1509 5328 1686 5383 aui-oc
1724 5328 1780 5376 et
1813 5324 1991 5405 εὶκάτιο

2122 5324 2313 5410 facere
2327 5316 2932 5410 cogebantur'etre'i‘.rde
2945 5316 3139 5410 Benef.
3268 5316 3354 5400 ῩΙ.
3374 5316 3571 5410 Ιιίνίιιες1
3585 5331 3710 5410 pro-

416 5393 818 5470 navi'giigenns
848 5405 962 5462 est,
995 5393 1138 5465 quod
1166 5393 1320 5462 velis,
1353 5407 1461 5448 non
1488 5402 1666 5449 autem
1693 5393 1857 5448 remis
1886 5407 2018 5465 age-

414 5468 601 5530 batur.
628 5469 709 5526 Ls
735 5468 835 5524 Pa.

494 5536 580 5617 (b)
614 5538 788 5617 Plane
814 5536 1045 5612 proﬁteri
1073 5543 1233 5617 potest
1268 5536 1489 5617 seipsum
1502 5536 1708 5617 ‘quivis.
1753 5534 2015 5617 Doquitur

494 5553 580 5617 (lt)
614 5553 788 5597 Plane
814 5553 1045 5612 propter:
1112 5553 1233 5591 mest
1268 5553 1489 5608 seipsum
1562 5553 1708 5592 uiuis.
1753 5553 2008 5605 Loquitur

418 5613 497 5689 de
534 5612 871 5689 prpfessione
906 5623 1035 5689 quis
1070 5553 1131 5662 Et
1164 5608 1305 5689 apud
1343 5553 1638 5689 acta._Nqani
1673 5607 2008 5689 profitemur,

418 5678 555 5743 dum
583 5678 795 5755 publice
819 5678 1037 5755 et_apuil
1067 5689 1183 5734 acta
1216 5678 1415 5750 aliquid
1440 5679 1579 5755 ultro
1609 5679 2010 5755 denuntiamus,

418 5750 742 5824 volaticum
771 5750 1088 5824 profitemur
1142 5765 1350 5824 merces
1383 5765 1461 5824 _ne
1499 5751 1552 5805 in
1596 5750 1840 5824 vectigali
1865 5765 2014 5824 Δριξη-

419 5826 611 5886 ῦωιάο
622 5820 1121 5897 Reipuliliczefraus
1146 5822 1261 5877 fiat.‘
1280 5821 1433 5878 Unde
1453 5837 1659 5879 merces
1684 5820 2015 5897 iiuprofessas

420 5891 806 5960 Iarcianus'in
828 5894 1115 5951 Pandectis
1136 5903 1310 5961 vocat,
1334 5907 1554 5966 quarum
1573 5894 1788 5950 nomine
1810 5891 2012 5949 nullum

2125 5396 2262 5453 fiteri
2291 5387 2634 5455 frumentum,
2664 5390 2756 5445 lib.
2788 5389 2878 5454 ιν,
2901 5389 3021 5446 dec.
3065 5389 3121 5454 i,
3144 5387 3233 5441 ubi
3279 5388 3331 5442 in
3388 5387 3713 5457 pervulgatis

2124 5463 2519 5534 exemplaribus
2548 5461 2804 5517 mendose
2836 5461 3031 5532 legitur
3053 5458 3297 5515 confiteri
3326 5457 3569 5530 cogendo
3594 5456 3710 5513 fru-

2116 5546 2376 5594 mentum.
2408 5534 2583 5589 Ross.

2188 5607 2261 5680 (c)
2300 5604 2557 5680 Iisdem‘et
2580 5604 2662 5658 hic
2681 5599 3031 5680 dimieabimus
3056 5599 3224 5655 lineis.
3254 5598 3546 5680 Linearum
3574 5613 3705 5669 pro-

2114 5671 2422 5735 verh'ialiter
2443 5676 2630 5731 lubens
2657 5671 2920 5740 meminit,
2947 5681 3026 5739 ut,
3044 5687 3249 5726 rursum
3273 5672 3342 5726 ad
3366 5672 3546 5737 lineas,
3574 5684 3708 5743 pra:-

2117 5753 2298 5806 ducere
2325 5749 2500 5803 lineas.
2536 5747 2710 5801 Busa.

2187 5821 2340 5878 CAP.
2378 5816 2605 5889 ll.—(d)
2624 5814 2970 5889 Principatem
2997 5814 3583 5889 adversusjudaismum,
3599 5819 3708 5889 etc.

2115 5891 2270 5963 Quod
2297 5907 2364 5947 ex
2392 5884 2629 5961 margine
2657 5888 2709 5944 in
2738 5884 3050 5945 contextum
3078 5884 3390 5960 irrepserat,
3421 5884 3616 5940 iterum
3649 5887 3705 5939 in
