4020 6286
394 289 497 350 m
557 263 570 276 '

1811 275 2277 339 TERTULLIANI

3572 290 3680 351 4'13

330 427 356 476 τ
394 405 589 463 stulam
622 415 721 459 nos
764 416 981 474 quoque
1021 397 1375 466 confitemur,
1406 410 1527 469 qua:
1556 396 1777 453 Galatas
1814 396 1989 453 docet.
2020 396 2077 455 Α
2100 394 2241 449 enim
2271 402 2327 450 et
2350 394 2576 452 Creator
2600 394 2950 470 Evangelium
2990 399 3347 473 repromittit,
3376 402 3557 464 dicens
3585 424 3678 480 per

399 496 795 567 Amplectimnr
826 493 1029 548 ctenim
1055 505 1272 546 omnem
1302 488 1450 545 illam
1489 488 1620 560 legis
1646 489 1841 543 veteris
1867 487 1996 542 abn-

400 588 663 653 litiouem,
692 593 749 639 ut
778 593 833 639 et
863 585 1032 653 ipsam
1066 582 1136 639 de
1157 580 1436 637 Creatoris
1473 580 1777 635 venientem
1808 578 1995 649 dispo-

402 678 621 744 sitionc,
644 676 783 732 sicut
807 688 951 746 saepe
974 674 1087 745 jam
1115 674 1167 729 in
1198 673 1301 728 isto
1324 670 1516 727 ordine
1538 670 1902 737 tractavimus,
1929 668 1997 725 de

401 767 688 840 pradicata
718 766 1004 822 novatioue
1033 781 1061 819 a
1096 763 1378 835 praplietis
1405 761 1500 818 Dei
1526 762 1719 818 nostri.
1762 760 1916 830 Quod
1950 761 1997 818 si

399 859 626 920 Creator
650 860 869 932 quidem
896 869 1080 915 vetera
1111 872 1329 913 cessura
1357 855 1637 928 promisit,
1669 855 1825 912 novis
1848 855 1998 911 scili-

401 964 488 1012 cet
511 955 729 1013 oritnris
755 969 774 1023 ;
802 954 1047 1010 Christus
1075 967 1205 1008 vero
1227 960 1440 1020 tempus
1461 942 1823 1006 distinctionis
1845 948 1998 1005 istius

404 1047 541 1116 (Lex
577 1057 624 1103 et
667 1046 946 1116 Propheta
987 1060 1142 1115 usque
1182 1044 1252 1098 ad
1289 1040 1566 1112 Joannem)
1613 1041 1898 1097 terminum
1940 1041 1997 1096 in

402 1139 611 1197 Joanne
650 1148 893 1195 statuens
927 1138 1072 1194 inter
1101 1149 1392 1208 utrmnqne
1426 1135 1670 1191 ordinem
1693 1178 1707 1201 ,
1738 1135 1997 1193 desinen-

402 1232 534 1287 tium
564 1231 758 1289 exinde
783 1238 1026 1288 veterum
1059 1240 1114 1286 et
1146 1230 1516 1300 incipientium
1558 1215 1854 1295 novorum;
1897 1245 1996 1284 nc-

397 1329 633 1387 cessarie
661 1338 717 1384 et
748 1328 1039 1399 Apostolus
1071 1327 1123 1382 in
1153 1325 1372 1382 Christo
1405 1334 1524 1394 post
1547 1324 1808 1380 Joannem
1841 1337 1998 1379 reve-

400 1425 512 1480 lato
547 1432 726 1480 vetera
763 1425 1028 1490 infirmat,
1061 1435 1196 1477 nova
1238 1433 1372 1475 vero
1395 1417 1707 1481 confirmat,
1738 1425 1898 1487 atque
1927 1416 1998 1470 ita

405 1530 514 1572 non
545 1514 768 1571 alterius
799 1515 893 1570 Dei
941 1513 1099 1569 ﬁdem
1137 1520 1289 1568 curat
1325 1524 1487 1582 quam
1521 1508 1827 1573 Creatoris,
1858 1508 2000 1580 apud

395 1624 555 1681 quem
575 1617 632 1667 et
643 1617 819 1665 vetera
838 1608 1121 1664 decessum
1142 1604 1586 1676 praedicabantur.
1602 1601 1831 1671 lgituret
1845 1599 2001 1672 Legis

398 1701 734 1767 destructio,
772 1707 829 1756 et
866 1698 1142 1770 Evangelii
1164 1695 1471 1761 aediﬁcatio,
1495 1708 1598 1766 pro
1613 1708 1699 1749 me
1718 1692 1920 1748 faciunt
1945 1692 2000 1747 in

399 1794 501 1851 ista
523 1809 739 1866 quoque
761 1792 1019 1864 Epistola,
1042 1791 1108 1847 ad
1132 1805 1249 1847 eam
1286 1789 1594 1846 Galatarum
1626 1785 1995 1858 praesumptio-

397 1902 528 1947 nem
561 1889 915 1959 pertinentes,
938 1902 1040 1957 qua
1068 1884 1465 1956 przesumebant
1506 1881 1776 1938 Christum
1818 1890 2003 1952 utputa

403 1978 848 2045 Creatoris,salva
869 1975 1142 2033 Creatoris
1157 1977 1275 2047 lege
1288 1973 1617 2031 credendum
1636 1972 1807 2044 :quod
1827 1971 2005 2029 adhuc

403 2069 721 2129 incredibile
772 2069 1069 2134 videretur,
1115 2068 1285 2139 legem
1327 2066 1489 2123 a’suo
1524 2071 1746 2122 auctore
1782 2064 2002 2136 deponi.

402 2162 597 2231 Porro,
628 2163 673 2219 si
701 2164 920 2218 omnino
944 2162 1105 2217 alium
1130 2161 1298 2218 Deum
1326 2160 1394 2216 ab
1416 2160 1676 2232 Apostolo
1704 2159 2000 2226 audissent,

404 2255 551 2312 ultro
576 2255 757 2327 utique
795 2255 1024 2310 scissent
1062 2252 1461 2310 abscedendum
1504 2252 1608 2309 sibi
1648 2266 1770 2309 esse
1810 2266 1841 2306 a
1885 2251 2004 2323 lege

398 2347 521 2418 ejus
550 2348 641 2403 Dei
669 2361 829 2417 quem
857 2346 1234 2417 reliquissent,
1263 2345 1427 2399 alium
1463 2344 1660 2400 secuti.
1689 2343 1822 2412 Quis
1858 2344 2002 2399 enim

400 2446 746 2510 exspectaret
791 2438 995 2493 diutius
1045 2436 1296 2504 discere,
1346 2435 1490 2507 quod
1538 2449 1735 2491 novam
1780 2434 2006 2491 deberet

398 2532 599 2588 sectari
636 2529 974 2602 disciplinam
999 2570 1015 2596 ,
1054 2529 1148 2601 qui
1212 2542 1407 2584 novum
1473 2526 1642 2584 Deum
1678 2525 2006 2598 recepisset?

405 2622 541 2689 lmo,
574 2624 698 2694 quia
728 2622 914 2679 eadem
958 2622 1176 2693 quidem
1211 2621 1465 2677 divinitas
1518 2620 1909 2692 praedicabatur
1949 2622 2004 2677 in

402 2713 719 2787 Evangelia,
741 2730 861 2787 quae
885 2729 1103 2786 semper
1123 2724 1249 2770 nota
1274 2714 1446 2770 fuerat
1470 2714 1523 2770 in
1535 2713 1699 2786 Lege,
1719 2714 2005 2786 disciplina

404 2822 541 2865 vero
567 2823 675 2863 non
705 2808 916 2875 eadem,
946 2807 1032 2862 hic
1064 2817 1180 2863 erat
1208 2816 1350 2863 totus
1374 2807 1690 2878 qumstionis
1716 2816 1908 2874 status,
1934 2824 2003 2864 an

400 2900 488 2956 lex
511 2898 784 2955 Creatoris
813 2898 882 2954 ab
905 2899 1194 2971 Evangelia
1221 2898 1445 2956 deberet
1477 2898 1688 2955 excludi
1714 2899 1766 2954 in
1789 2897 2005 2956 Christo

402 2987 697 3047 Creatoris.
724 2989 987 3062 Denique,
1015 2989 1167 3047 aufer
1193 2990 1336 3057 hunc
1355 2998 1577 3053 statum,
1606 2999 1659 3046 et
1681 3000 1834 3045 vacat
1858 3005 2007 3062 qna:-

402 3084 530 3141 stio.
556 3084 795 3141 Vacante
821 3094 999 3140 autem
1026 3085 1345 3156 quaestione,
1374 3085 1514 3140 ultro
1534 3084 1786 3141 omnibus
1805 3100 2004 3157 agnos-

2099 487 2312 542 Esaiam
2351 488 2480 562 (1a.,
2511 490 2605 546 XL
2623 533 2639 559 ,
2682 492 2737 565 9)
2763 509 2779 548 :
2809 493 3048 562 :Ascende
3077 495 3130 549 in
3158 505 3379 552 utentem
3406 502 3679 573 excelsum,

2098 582 2188 653 qui
2214 582 2530 655 euangelizas
2561 583 2745 652 Sioni;
2784 587 2972 641 extolle
3012 602 3185 643 vocem
3220 589 3275 643 in
3316 591 3528 648 valentia
3566 604 3682 665 tua,

2098 672 2187 744 qui
2212 674 2528 746 euangelizas
2554 674 2900 732 Hierusalem.
2919 676 3048 734 item
3076 678 3205 751 (13.,
3236 679 3344 760 ιιι,
3372 682 3428 754 7)
3456 684 3522 739 ad
3556 701 3686 757 apo-

2100 767 2362 824 stolorum
2395 784 2680 839 personam
2704 789 2720 827 :
2752 771 2921 837 Quam
2951 775 3231 843 tempestivi
3259 776 3410 843 pedes
3438 780 3685 851 evangeli-

2101 861 2325 917 zanlium
2356 878 2565 933 pacem,
2597 865 3053 937 euangelizandum
3088 867 3257 932 bona;
3302 869 3484 939 utique
3511 879 3566 926 et
3591 887 3686 928 na-

2103 950 2338 1008 tionibus
2368 954 2891 1024 evangelizantium;
2934 957 3186 1027 quoniam
3229 965 3318 1013 et:
3372 958 3441 1013 In
3494 962 3691 1017 nomine

2101 1045 2233 1117 ejus,
2259 1047 2432 1118 inquit
2460 1046 2589 1119 (ιι,
2621 1046 2783 1110 XLII,
2810 1048 2892 1119 4),
2926 1050 3157 1104 nationes
3181 1050 3479 1120 sperabunt,
3495 1050 3693 1110 Christi

2101 1137 2341 1204 scilicet;
2371 1138 2458 1194 cui
2482 1139 2597 1195 ait:
2630 1139 2794 1195 Ροδυὶ
2819 1149 2867 1195 te
2891 1141 2944 1195 in
2972 1142 3142 1198 lumen
3172 1144 3456 1198 nationum.
3492 1145 3583 1199 Est
3610 1146 3690 1218 (2)

2103 1239 2281 1286 autem
2306 1229 2658 1303 Evangelium
2688 1232 2851 1287 etiam
2876 1232 2970 1288 Dei
3002 1234 3148 1301 novi,
3176 1234 3317 1305 quod
3351 1234 3453 1300 vis,
3485 1242 3609 1290 tunc
3629 1236 3694 1292 ab

2103 1322 2362 1391 Apostolo
2398 1322 2701 1378 defensum.
2757 1322 2876 1379 Jam
2918 1339 3048 1396 ergo
3091 1325 3201 1380 duo
3244 1335 3370 1381 sunt
3416 1324 3695 1397 Evangelia

2102 1410 2245 1482 apud
2282 1412 2422 1467 duos
2454 1412 2631 1481 Deos,
2669 1421 2726 1469 et
2749 1414 3005 1470 mentitus
3030 1416 3135 1470 erit
3161 1416 3481 1487 Apostolus,
3515 1412 3697 1474 dicens

2103 1503 2248 1575 quod
2291 1504 2434 1560 aliud
2475 1506 2697 1561 omnino
2727 1519 2834 1561 non
2863 1515 2977 1574 est,
3020 1522 3142 1563 cum
3173 1508 3244 1564 sit
3268 1517 3323 1564 et
3353 1508 3535 1574 aliud;
3579 1524 3696 1565 cum

2103 1597 2183 1653 sic
2208 1612 2366 1652 suum
2395 1596 2743 1669 Evangelium
2781 1596 3072 1656 defendere
3100 1600 3403 1669 potuisset,
3433 1610 3491 1655 ut
3528 1600 3698 1671 potius

2104 1688 2499 1749 demonstraret
2519 1732 2536 1756 ,
2573 1704 2682 1746 non
2724 1698 2782 1745 ut
2813 1706 2975 1746 unum
3005 1690 3412 1747 determinaret.
3460 1690 3566 1747 Sed
3596 1691 3701 1748 for-

2026 1789 2077 1852 Β
2107 1788 2249 1838 tassc
2295 1790 2355 1836 ut
2399 1780 2569 1853 fugias
2606 1779 2766 1849 hinc;
2806 1791 2863 1840 et
2904 1781 3025 1838 ideo
3062 1782 3165 1856 (3),
3212 1782 3378 1851 dices,
3431 1782 3697 1840 subtexit:

2109 1872 2249 1931 Licet
2275 1874 2487 1946 angelus
2523 1874 2590 1930 de
2623 1874 2750 1930 caelo
2788 1873 2938 1930 aliter
2963 1873 3403 1947 evangelizziverit,
3438 1877 3703 1929 anathema

2108 1969 2207 2036 sit;
2235 1968 2357 2040 quia
2382 1977 2439 2025 et
2465 1966 2776 2026 Creatorem
2806 1966 3010 2024 sciebat
3030 1968 3543 2039 cvangelizaturum.
3572 1966 3705 2024 Rur-

2107 2074 2202 2117 sus
2229 2075 2359 2131 ergo
2385 2070 2438 2116 te
2481 2060 2743 2131 implieas.
2778 2060 2892 2116 lloe
2932 2070 3017 2116 est
3060 2061 3202 2117 enim
3233 2076 3343 2132 quo
3370 2062 3699 2133 astringeris.

2108 2152 2225 2209 Duo
2256 2154 2400 2209 enim
2441 2153 2729 2225 Evangelia
2773 2152 3132 2222 conﬁrmare,
3187 2171 3292 2209 non
3339 2164 3431 2211 est
3470 2155 3587 2226 ejus
3619 2155 3705 2227 qui

2108 2245 2250 2302 aliud
2274 2245 2383 2317 jam
2411 2246 2638 2318 negarit.
2665 2246 2870 2303 Tamen
2901 2246 3043 2303 lucet
3067 2261 3261 2304 sensus
3290 2247 3415 2319 ejus
3441 2248 3532 2319 qui
3557 2261 3705 2302 suam

2110 2339 2372 2412 praemisit
2398 2354 2704 2411 personam.
2736 2340 2844 2397 Sed
2868 2349 2913 2395 et
2942 2341 2988 2396 si
3014 2357 3108 2396 nos
3136 2350 3223 2396 aut
3250 2342 3467 2413 angelus
3496 2342 3561 2396 de
3583 2340 3706 2397 coelo

2105 2433 2256 2489 aliter
2271 2432 2686 2505 cvangelizaverit
2696 2450 2716 2501 ;
2742 2432 2887 2488 verbi
2905 2432 3046 2489 enim
3064 2434 3235 2504 gratia
3247 2433 3452 2490 dictum
3467 2443 3572 2490 est.
3591 2433 3700 2491 Cae-

2109 2532 2305 2589 terum,
2346 2525 2392 2580 si
2420 2538 2521 2580 nec
2549 2525 2665 2597 ipse
2692 2524 2851 2580 aliter
2878 2526 3365 2597 evangelizaturus,
3400 2527 3583 2597 utique
3613 2539 3708 2582 nec

2108 2616 2360 2689 angelus.
2404 2615 2481 2672 ita
2516 2616 2768 2688 angelum
2799 2616 2866 2671 ad
2898 2616 3001 2673 hoc
3032 2619 3360 2685 nominavit,
3394 2635 3506 2691 quo
3544 2619 3709 2675 multo

2108 2708 2281 2779 magis
2309 2707 2618 2763 hominibus
2643 2722 2753 2764 non
2784 2718 2928 2763 esset
2965 2708 3319 2776 credendum,
3351 2712 3571 2782 quando
3613 2724 3710 2766 nec

2108 2800 2332 2873 angelo,
2364 2815 2463 2857 nec
2503 2800 2787 2874 apostolo;
2814 2815 2923 2857 non
2953 2807 3204 2873 angelum
3246 2802 3313 2858 ad
3357 2802 3709 2875 Evangeliutn

2108 2895 2333 2952 referret
2360 2893 2891 2961 Creatoris.Exinde,
2903 2894 3196 2952 decurrens
3213 2880 3465 2954 ordinem
3484 2913 3713 2954 convcr-

2108 2989 2277 3047 sionis
2338 3004 2453 3045 sua:
2498 2989 2568 3045 de
2606 2998 2955 3061 persecutore
2996 2989 3050 3044 in
3088 2991 3442 3061 apostolum;
3476 2991 3705 3062 scriptu-

2107 3097 2224 3139 ram
2242 3084 2497 3139 Actorum
2511 3081 2592 3155 (4)
2607 3081 3040 3153 Apostolicorum
3056 3083 3363 3151 conﬁrmat,
3382 3085 3536 3155 apud
3557 3098 3715 3155 quam

405 3177 658 3236 eentibus
687 3176 1071 3234 discedendum
1110 3177 1211 3233 sibi
1249 3192 1372 3234 esse
1407 3177 1479 3232 ab
1512 3164 1704 3234 ordine
1732 3178 2004 3236 Creatoris
2030 3179 2078 3244 Ο
2112 3175 2223 3248 ipsa
2252 3176 2414 3232 etiam
2444 3173 2698 3246 Epistolas
2724 3173 2878 3229 istius
2904 3174 3126 3230 materia
3158 3178 3599 3246 recognoscitur,
3639 3177 3723 3233 in»

404 3283 506 3339 per
534 3267 694 3324 ﬁdem
725 3268 818 3325 Dei
846 3268 1100 3338 alterius,
1134 3267 1274 3323 nulla
1304 3268 1564 3339 Apostolo
1602 3270 1825 3325 materia
1852 3283 2005 3326 eom-

407 3361 665 3430 petisset,
697 3360 748 3415 id
773 3368 879 3415 tam
909 3374 1096 3431 presse
1119 3358 1371 3425 docendi,
1390 3359 1535 3431 quod
1564 3360 1707 3417 ultro
1730 3360 1862 3417 ﬁdes
1891 3362 2005 3433 ipsa

394 3452 682 3510 dictasset.
702 3448 866 3524 igitur
888 3461 994 3509 tota
1016 3453 1241 3509 intentio
1262 3451 1517 3524 Epistolis
1539 3454 1692 3510 istius
1709 3453 1841 3509 nihil
1861 3454 2006 3511 aliud

404 3545 597 3612 docet,
641 3560 801 3616 quam
833 3544 991 3615 Legis
1036 3544 1427 3601 discessionem
1471 3543 1552 3617 (Ι)
1597 3547 1901 3603 venientem
1940 3545 2008 3602 de

411 3635 686 3693 Creatoris
706 3635 1081 3706 dispositione,
1110 3644 1173 3691 ut
1194 3635 1370 3692 adhuc
1398 3650 1769 3708 suggeremus.
1800 3637 1854 3694 Si
1879 3638 2007 3693 item
2032 3654 2037 3657 ·

413 3728 611 3785 nullius
642 3728 770 3783 novi
814 3728 904 3784 Dei
935 3727 1107 3784 exerit
1147 3730 1513 3796 mentionem,
1562 3730 1705 3802 quod
1745 3745 2007 3804 nusquam

412 3822 584 3894 magis
624 3822 876 3890 fecisset,
917 3835 1077 3891 quam
1121 3821 1176 3877 in
1208 3822 1310 3877 ista
1341 3822 1602 3889 materia,
1647 3831 1706 3878 ut
1743 3823 2007 3880 rationem

412 3915 623 3972 scilicet
647 3913 959 3985 ablegandae
980 3912 1140 3985 Legis
1166 3915 1318 3971 unica
1346 3913 1447 3970 hac
1471 3924 1528 3971 et
1554 3904 2009 3973 sufficientissima

403 4007 719 4065 definitione
744 4016 1069 4078 proponeret
1095 4022 1248 4064 nova:
1273 4007 1590 4076 divinitatis,
1614 4020 1839 4080 apparet
1864 4025 2007 4083 quo—

408 4099 573 4156 modo
614 4099 816 4155 scribat
863 4117 877 4156 :
925 4099 1089 4155 Miror
1128 4117 1215 4156 vos
1263 4109 1365 4156 tam
1392 4102 1492 4157 cito
1519 4104 1808 4175 transferri,
1845 4104 1909 4158 ab
1951 4121 2010 4162 eo

406 4194 494 4264 qui
542 4209 633 4249 vos
671 4193 867 4248 vocavit
908 4193 962 4245 in
1013 4194 1265 4263 gratiam,
1292 4194 1362 4247 ad
1381 4195 1526 4249 aliud
1553 4194 1911 4267 evangelium:
1942 4210 2010 4252 ex

409 4283 821 4341 convcrsMione
849 4282 1017 4350 aliud,
1046 4297 1152 4339 non
1184 4298 1248 4338 cx
1281 4284 1578 4357 religione;
1610 4300 1677 4343 ex
1698 4284 2003 4358 disciplina,

414 4391 520 4432 non
575 4391 641 4431 ex
699 4374 995 4430 divinitate.
1064 4374 1329 4443 Quoniam
1387 4377 1604 4448 quidem
1658 4377 2008 4451 Evangelium

408 4467 609 4527 Christi
646 4484 675 4523 a
702 4467 846 4540 Lege
880 4481 1111 4524 evocare
1150 4468 1371 4525 deberet
1411 4470 1478 4526 ad
1525 4472 1787 4543 gratiam,
1831 4487 1938 4530 non
1978 4489 2010 4530 a

2110 3254 2425 3325 tercessisse
2448 3267 2709 3339 quosdam
2724 3266 2823 3339 (a),
2847 3267 2935 3337 qui
2957 3266 3201 3323 dicerent
3221 3270 3548 3328 circumcidi
3562 3286 3723 3343 opor-

2116 3370 2230 3420 tere
2260 3403 2275 3426 ,
2303 3370 2358 3417 et
2399 3359 2790 3417 observandam
2817 3374 2940 3416 esse
2974 3359 3142 3433 Moysi
3181 3361 3352 3432 legem
3375 3381 3393 3418 :
3440 3373 3570 3422 tunc
3602 3378 3727 3437 apo-

2112 3454 2286 3511 stolos
2324 3452 2393 3510 de
2434 3452 2537 3507 ista
2569 3451 2867 3524 quaastione
2916 3453 3230 3519 consultos,
3269 3469 3336 3510 ex
3406 3458 3722 3514 auctoritate

2111 3546 2335 3618 spiritus
2365 3546 2729 3614 renuntiasse,
2762 3560 2872 3601 non
2897 3560 3021 3602 esse
3053 3546 3379 3618 imponenda
3417 3565 3588 3607 onera
3615 3551 3715 3607 bo-

2113 3636 2386 3702 minibns,
2416 3651 2538 3707 qua-
2565 3645 2745 3707 patres
2787 3635 2888 3707 ipsi
2916 3652 3021 3691 non
3064 3636 3371 3708 potuissent
3420 3643 3717 3699 sustinere.

2111 3727 2266 3798 Quod
2286 3726 2332 3782 si
2360 3737 2415 3784 et
2434 3742 2502 3784 ex
2536 3726 2640 3783 hoc
2666 3735 2968 3799 congruunt
2995 3727 3163 3784 Paulo
3210 3732 3591 3801 apostolorum
3615 3733 3722 3789 Ac-

2112 3827 2188 3887 ta,
2220 3833 2319 3876 cur
2357 3833 2421 3876 ea
2458 3819 2729 3890 respuatis
2766 3820 2876 3889 jam
2907 3830 3153 3891 apparet,
3197 3830 3257 3876 ut
3301 3822 3479 3880 Deum
3519 3825 3726 3881 scilicet

2112 3925 2221 3969 non
2253 3910 2418 3967 alium
2448 3910 2796 3984 prtedicantia
2832 3928 2991 3984 quam
3019 3911 3353 3983 Creatorem,
3393 3933 3499 3974 nec
3535 3917 3724 3974 Chriso

2114 4012 2227 4059 tum
2256 4003 2479 4059 alterius
2506 4017 2670 4074 quam
2713 4001 3010 4071 Creatoris,
3036 4006 3253 4077 quando
3293 4021 3395 4063 nec
3433 4010 3726 4079 promissio

2112 4096 2344 4169 Spiritus
2384 4095 2567 4153 Sancti
2595 4095 2814 4152 aliunde
2844 4096 3106 4167 probetur
3135 4098 3373 4155 exhibita
3400 4140 3418 4170 ,
3450 4115 3617 4173 quam
3656 4100 3728 4158 de

2115 4190 2470 4248 instrumento
2513 4190 2795 4246 Actorum.
2854 4189 2987 4258 Quae
3041 4190 3229 4263 utique
3266 4193 3574 4252 verisimile
3619 4208 3729 4251 non

2114 4293 2217 4350 est,
2243 4297 2311 4340 ex
2337 4291 2488 4356 parte
2520 4281 2737 4355 quidem
2764 4281 3026 4354 Apostolo
3068 4284 3362 4341 convenire
3384 4326 3403 4354 ,
3453 4301 3584 4343 cum
3630 4301 3724 4342 or-

2114 4376 2298 4433 dinem
2329 4374 2449 4448 ejus
2478 4374 2777 4432 secundum
2803 4376 2971 4447 ipsius
2992 4375 3359 4432 testimonimu
3390 4377 3726 4445 ostendunt;

2115 4487 2180 4528 ex
2206 4479 2360 4543 parte
2387 4483 2521 4526 vero
2545 4468 2812 4526 dissidere
2832 4511 2848 4537 ,
2880 4485 3001 4525 cum
3031 4468 3367 4525 divinitatem
3413 4470 3469 4525 in
3502 4472 3729 4528 Christo

413 4562 673 4619 Creatme
702 4559 770 4616 ad
799 4561 961 4617 alium
1003 4561 1195 4616 Deum.
1237 4561 1408 4621 Nemo
1435 4564 1580 4621 cnim
1619 4564 1739 4623 illos
1767 4576 2089 4640 moveratD
2114 4564 2388 4626 Creatoris
2443 4563 2797 4630 annuutiant;
2866 4570 2925 4617 ut
2985 4563 3424 4634 prtedieationem
3496 4563 3726 4635 quidem

410 4669 439 4706 a
478 4652 769 4719 Creatore,
806 4662 867 4708 ut
907 4651 1219 4709 viderentur
1261 4654 1339 4710 sic
1381 4655 1446 4710 ad
1487 4655 1629 4713 aliud
1657 4656 2002 4731 Evangelium
2108 4656 2476 4733 apostolorum
2524 4655 2746 4711 omnino
2773 4655 2846 4711 sit
2874 4653 2956 4728 (5)
2989 4663 3204 4712 secutus
3233 4654 3456 4724 Paulus,
3488 4657 3585 4728 qui
3615 4656 3729 4713 for-

412 4747 729 4814 transferri,
769 4746 922 4817 quasi
965 4745 1093 4801 dum
1133 4746 1199 4801 ad
1236 4746 1545 4804 Creatorem
1590 4750 2003 4809 transferuntur.

411 4840 545 4897 Nam
570 4847 625 4895 et
647 4838 928 4909 adjicicns,
951 4838 1092 4911 quod
1114 4840 1259 4896 aliud
1284 4840 1633 4913 Evangelium
1650 4843 1873 4902 omnino
1899 4861 2005 4903 non

412 4943 576 5005 esset,
606 4930 879 4991 Creatoris
911 4932 1197 4992 continuat
1230 4934 1314 5006 id,
1339 4936 1484 5008 quod
1512 4951 1636 4996 esse
1655 4937 1914 4997 defendit.
1948 4940 2007 4999 Si

2113 4765 2253 4809 mam
2274 4748 2343 4808 ab
2364 4748 2443 4806 eis
2470 4746 2793 4805 dedoCeudae
2824 4746 2955 4818 legis
2982 4749 3207 4819 accepit.

2735 4838 2965 4897 CAPUT
2990 4837 3081 4896 Ill.

2183 4937 2423 5010 Denique
2451 4932 2619 5006 (Gal.,
2640 4933 2683 4993 ll
2704 4943 2750 4993 et
2776 4933 2887 5007 Ill),
2915 4933 2983 4991 ad
3000 4933 3358 5007 patrocinium
3378 4932 3532 4992 Petri
3561 4942 3732 4994 ciete.

1638 5052 2021 5117 LECTIONES
2057 5054 2467 5120 VARIANTES.

498 5224 551 5295 Ξ)
570 5230 690 5295 Esto
711 5224 1176 5295 fortcaitlegendwn
1194 5237 1332 5285 esset.

471 5166 550 5227 (tl
574 5166 937 5227 Decesslonem,
950 5164 1102 5218 Enen.
1130 5164 1280 5220 Seml.
1300 5166 1497 5224 οὔρει-αι.
1515 5168 1839 5225 dicessloaem
1861 5174 2008 5227 Pam.

499 5169 523 5219 l
574 5166 928 5219 Decesslonem
950 5168 988 5218 Il

499 5166 551 5359 ἓξ
574 5230 690 5306 Esto
711 5228 897 5303 fqrtcan
919 5224 988 5295 leg

499 5296 529 5344 5
567 5292 696 5345 Hinc
717 5294 861 5344 vtdeo
883 5293 988 5345 Lat.

2198 5170 2251 5224 ll
2274 5173 2510 5224 Actorum
2528 5167 2680 5223 omitt.
2707 5170 2831 5222 Jun.

2198 5174 2227 5223 4
2274 5173 2510 5224 Actorum
2528 5170 2680 5223 omitt.
2707 5170 2831 5222 Jun.

2172 5170 2252 5301 is;
2272 5232 2609 5300 Apostolorum
2633 5246 2730 5285 nou
2751 5234 2815 5285 sit
2837 5233 2979 5285 Plan.

1767 5406 2343 5471 COMMENTARIUS.

414 5525 743 5609 marginem,
777 5522 889 5580 tum
920 5522 1025 5581 hoc
1052 5522 1203 5607 loco,
1240 5530 1358 5610 tum.
1386 5522 1602 5610 ubique
1617 5523 1784 5591 infra,
1811 5525 2013 5651 reieci-

415 5613 559 5655 mus.
583 5595 820 5678 'fttulutn
848 5611 1040 5667 nempe
1066 5595 1737 5678 IIDJDS‘CapI.ll‘S:.Ept_8lola
1758 5597 1848 5678 atl_
1895 5597 2007 5652 ala-

414 5680 513 5735 tas,
542 5670 627 5725 cui
653 5665 946 5735 adiecimus
972 5665 1037 5722 ea:
1059 5683 1177 5735 cap.
1210 5665 1369 5735 Atqui
1396 5667 1521 5722 facit
1546 5667 1808 5722 adversus
1835 5667 2005 5723 luere-

418 5742 555 5806 ticos
583 5737 871 5795 hodiernos
901 5737 1032 5793 illud
1064 5738 1393 5806 principalem
1407 5738 1663 5805 ~artua-ram
1678 5738 2001 5806 judaismum

2116 5536 2219 5595 tes,
2251 5543 2357 5584 non
2382 5525 2642 5598 adversus
2660 5525 3013 5598 iudaismum,
3036 5522 3133 5583 sed
3161 5524 3423 5598 adversus
3457 5525 3737 5598 ecclesia-

2110 5600 2273 5654 sticas
2298 5598 2555 5656 festorum
2576 5595 2788 5655 dierum
2813 5598 3237 5660 observationes,
3267 5595 3429 5664 hujus
3457 5595 3731 5665 Epistolze

2108 5669 2269 5727 verba
2293 5685 2413 5741 cap.
2440 5670 2507 5726 IV
2541 5686 2646 5725 non
2673 5678 2927 5726 verentur
2949 5669 3200 5741 allegare.
3229 5667 3437 5741 Pansa.

2181 5741 2258 5813 (a)
2289 5738 2639 5797 Inter-cessisse
2659 5741 2928 5813 quosdam,
2947 5749 3052 5795 etc.
3081 5740 3191 5797 lloc
3213 5746 3296 5795 est
3321 5738 3727 5805 intervenisse,

428 5802 726 5878 "‘aiﬂ'olam,
753 5810 843 5879 qui
856 5802 1073 5865 sensum
1107 5802 1395 5864 verborum
1408 5802 1461 5863 VA
1470 5807 1661 5880 postoli
1678 5802 1998 5877 'perverten-
2106 5802 2424 5888 opposuisse
2449 5828 2510 5872 se
2533 5802 3019 5885 quosdamdhea.
