4020 6286
180 244 231 309 I‘

718 196 863 257 s-..'

375 290 498 350 475

1493 280 1623 339 LIB.
1667 279 1710 337 ν
1748 273 2110 338 ADVERSUS
2146 274 2572 336 MARCIONEM.

3578 282 3687 341 474

379 415 688 476 rerumque
747 399 1119 474 apostolorum
1178 396 1489 457 ascendisse
1548 395 1979 469 Hierosolymam
2014 396 2062 454 Α
2096 403 2153 450 ut
2179 408 2369 450 omnes
2398 392 2723 453 lucraretur.
2746 395 2801 454 Si
2829 396 2944 453 hare
2971 411 3185 470 quoque
3223 397 3448 472 intelligi
3479 414 3544 456 ex
3584 400 3687 458 hoc

380 507 513 569 post
542 510 716 552 annos
745 494 1175 567 quatuordecim,
1216 492 1422 559 scribit,
1454 476 1515 548 ut
1556 491 1829 547 conferret
1861 506 1984 549 eum

381 591 499 647 illis
527 589 599 647 de
630 589 903 660 Evangelii
928 589 1011 644 sui
1041 587 1243 660 regula,
1275 601 1344 643 ne
1374 586 1430 643 in
1453 600 1678 642 vacuum
1708 593 1787 642 tot
1827 586 1986 644 anuis

382 686 741 753 cucttrrisset,
771 693 862 738 aut
888 689 1171 746 curreret;
1208 679 1255 736 si
1279 677 1410 751 quid
1449 678 1657 735 scilicet
1691 677 1827 734 citra
1868 678 1983 735 for-

384 791 538 833 mam
568 775 780 831 illorum
813 773 1224 845 cvangelizaret.
1282 770 1434 827 Adeo
1476 769 1547 826 ab
1593 769 1706 827 illis
1746 771 1983 843 probari,

381 859 443 927 et
507 868 841 927 constabiliri
902 866 1235 924 desiderarat
1300 863 1400 938 (l).
1455 863 1610 934 Quod
1673 865 1719 921 si
1771 865 1987 937 quando

382 965 552 1021 vultis
601 963 680 1037 (2)
728 961 983 1033 judaismi
1034 960 1204 1032 magis
1249 956 1438 1016 affines
1475 950 1803 1031 subintelligi
1855 960 1982 1034 (5),

382 1073 512 1114 eum
546 1057 735 1129 (Haec
765 1055 846 1127 (5)
881 1052 1052 1110 Titum
1082 1052 1211 1111 dicit
1232 1053 1629 1120 circumcisum;
1664 1053 1776 1125 jam
1801 1054 1988 1125 incipit

384 1147 680 1206 ostendere
707 1148 877 1203 solam
930 1143 1015 1219 (6)
1057 1144 1486 1201 circutncisionis
1512 1144 1869 1217 quaestionem
1917 1160 1985 1203 ex

382 1241 704 1297 defensione
721 1238 895 1295 adhuc
913 1237 1075 1310 Legis
1099 1250 1421 1294 concussam
1444 1236 1513 1294 ab
1538 1236 1638 1305 eis,
1666 1251 1805 1310 quos
1829 1253 1987 1310 prop-

380 1342 535 1389 terea
583 1332 749 1388 falsos
792 1340 846 1387 et
875 1329 1350 1403 superinductitios
1385 1328 1466 1402 (7)
1494 1327 1685 1386 fratres
1703 1330 1938 1402 appellat
1964 1370 1982 1400 ,

385 1441 497 1481 non
539 1423 685 1481 aliud
730 1432 968 1480 statuere
1007 1432 1292 1494 pergentes
1315 1437 1476 1494 quam
1527 1424 1984 1492 perseverantiam

381 1520 570 1593 Legis,
594 1535 660 1576 ex
690 1519 794 1575 fide
821 1520 938 1575 sine
963 1518 1127 1574 dubio
1152 1517 1359 1589 integra
1386 1518 1657 1574 Creatoris
1682 1535 1696 1585 ;
1722 1525 1884 1591 atque
1912 1518 1985 1575 ita

383 1621 762 1684 pervertentcs
805 1609 1180 1682 Evangelium,
1217 1624 1325 1666 non
1357 1610 1773 1681 iuterpolatione
1802 1610 1985 1682 Scrip-

384 1715 525 1762 tura:
547 1706 645 1778 (α),
680 1720 786 1777 qua
805 1703 1078 1761 Christum
1101 1702 1372 1759 Creatoris
1396 1699 1740 1774 effingereut,
1770 1702 1865 1760 sed
1893 1719 1977 1758 re-

2091 488 2381 559 postulant,
2411 487 2464 545 id
2492 503 2705 561 quoque
2735 504 2896 547 nemo
2918 490 3183 548 dubitavit
3207 493 3350 566 (Il),
3379 492 3498 565 ejus
3518 495 3611 551 Dei
3632 504 3690 553 et

2087 578 2288 636 Christi
2319 579 2729 651 praedicatorem
2760 581 2985 638 Paulum
3009 624 3025 649 ,
3056 582 3213 654 cujus
3246 584 3416 657 legem
3438 626 3452 652 ,
3494 601 3689 658 qnam-

2089 673 2171 730 vis
2199 671 2515 741 excludens,
2558 672 2775 730 interim
2805 683 2982 730 tamen
3013 689 3113 746 pro
3142 678 3473 748 temporibus
3509 678 3687 737 admi-

2087 777 2253 836 serat,
2273 768 2453 828 statim
2474 769 2835 825 amoliendam
2856 770 2903 824 si
2930 786 3129 827 novum
3158 772 3328 829 Deum
3352 774 3687 845 protulisset.

2087 862 2239 920 Bene
2263 863 2429 935 igitur
2457 863 2603 935 quod
2631 873 2688 922 et
2711 863 2963 922 dexteras
2999 865 3165 922 Paulo
3191 865 3459 924 dederunt
3491 868 3685 928 Petrus

2086 966 2143 1013 et
2166 955 2399 1014 Iacobus
2425 965 2481 1014 et
2506 956 2778 1024 Joannes;
2809 966 2866 1013 et
2887 957 2957 1015 de
2982 956 3148 1015 oflicii
3176 958 3558 1017 distributione
3583 975 3685 1032 pe-

2088 1052 2355 1124 pigerunt,
2386 1059 2444 1108 ut
2480 1051 2679 1108 Paulus
2702 1052 2756 1107 in
2800 1053 3067 1119 nationes,
3102 1052 3180 1110 illi
3217 1054 3270 1110 in
3310 1055 3682 1111 circumcisio-

2089 1160 2254 1213 nem;
2296 1152 2505 1201 tantum
2533 1154 2591 1201 ut
2617 1145 2989 1203 meminissent
3013 1154 3329 1216 egenorum,
3376 1146 3562 1205 ethoc
3591 1160 3683 1204 se-

2087 1235 2324 1295 cundum
2354 1236 2526 1309 legem
2552 1234 2847 1305 Creatoris,
2880 1252 3143 1307 pauperes
3168 1246 3224 1293 et
3251 1252 3451 1312 egenos
3492 1238 3682 1295 foven-

2089 1331 2179 1399 tis,
2211 1332 2352 1389 sicut
2377 1331 2432 1387 in
2460 1330 2739 1402 Evangelii
2766 1331 2931 1388 vestri
2959 1340 3249 1389 retractatu
3272 1333 3552 1404 probatum
3574 1343 3683 1393 est.

2088 1425 2240 1483 Adeo
2267 1435 2480 1483 constat
2502 1426 2571 1483 de
2596 1427 2739 1497 Lege
2780 1425 2895 1481 sola
2932 1425 3098 1483 fuisse
3135 1427 3523 1498 quaestionem,
3550 1428 3683 1485 dum

2086 1517 2389 1574 ostenditur
2415 1516 2543 1590 quid
2567 1533 2635 1574 es
2665 1516 2808 1589 Lege
2834 1517 3093 1574 custodiri
3117 1520 3449 1575 convenerit.
3469 1520 3544 1593 (b)
3573 1519 3682 1577 Sed

2085 1610 2409 1681 reprehendit
2460 1608 2695 1679 Petrum,
2745 1626 2848 1664 non
2893 1619 3032 1666 recto
3083 1610 3209 1681 pede
3252 1610 3565 1667 incedentem
3612 1614 3682 1668 ad

2088 1700 2362 1774 Evangelii
2388 1702 2670 1757 veritatem.
2699 1701 2864 1759 Plane
2888 1702 3239 1775 reprehendit
3261 1720 3278 1771 ;
3301 1718 3411 1760 non
3440 1705 3511 1762 ob
3537 1705 3683 1764 aliud

390 1798 638 1854 teutione
662 1797 859 1851 veteris
905 1793 1222 1865 discipliute,
1251 1808 1318 1850 ne
1363 1793 1536 1864 legem
1564 1792 1837 1850 Creatoris
1884 1810 1980 1850 ex-
2011 1794 2060 1855 B
2091 1804 2291 1862 tamen,
2323 1809 2484 1867 quam
2510 1796 2571 1850 ob
2597 1795 2993 1850 inconstantiam
3019 1790 3200 1862 uictus,
3231 1811 3391 1867 quem
3421 1812 3518 1868 pro
3542 1811 3683 1868 ,βενε

380 1887 692 1944 eluderent.
711 1886 875 1957 Ergo,
894 1885 1115 1957 Propter
1132 1885 1598 1957 superinductitios,
1619 1885 1808 1957 inquit,
1825 1885 1984 1959 falsos

380 1984 575 2053 fratres
596 2020 612 2045 ,
640 1979 729 2050 qui
756 1978 1164 2033 subintraverant
1191 1977 1261 2031 ad
1286 1977 1653 2050 speculandum
1703 1978 1983 2033 libertatem

380 2078 635 2137 nostram,
662 2084 813 2139 quam
833 2068 1076 2125 habemus
1103 2069 1158 2123 in
1199 2067 1423 2136 Christo,
1456 2076 1513 2122 ut
1550 2084 1643 2123 nos
1696 2067 1982 2140 subigerent

378 2160 617 2217 servituti
634 2201 651 2226 ,
682 2175 773 2214 nec
798 2159 866 2214 ad
891 2159 1072 2214 lteram
1099 2160 1340 2214 cessimus
1370 2158 1692 2231 subjectioni.
1726 2159 1980 2217 lnteuda-

378 2271 506 2312 ntus
536 2256 680 2313 enim
708 2263 764 2311 et
789 2255 971 2312 sensui
999 2254 1120 2325 ipsi,
1154 2262 1207 2309 et
1231 2267 1441 2311 caussa:
1462 2253 1603 2325 ejus,
1631 2254 1983 2325 etapparebit

376 2350 595 2407 vitialio
615 2350 921 2421 scripturae,
950 2362 1072 2405 cum
1101 2348 1379 2418 prtemittit
1408 2365 1422 2402 :
1456 2346 1566 2403 Sed
1587 2364 1677 2402 nec
1703 2342 1873 2413 Titus,
1894 2346 1983 2417 qui

376 2459 579 2498 mecum
601 2451 732 2508 erat,
756 2458 870 2495 cum
900 2451 1026 2496 esset
1048 2456 1244 2512 gra'cus
1261 2481 1279 2509 ,
1310 2449 1513 2495 coactus
1535 2448 1611 2494 est
1639 2440 1935 2496 circumcidi
1963 2458 1978 2497 :

377 2533 584 2590 dehinc
613 2531 885 2602 subjungit
913 2547 930 2587 :
960 2540 1171 2601 propter
1188 2530 1636 2601 superinductitios
1673 2530 1835 2602 falsos
1873 2535 1983 2603 fra-

376 2638 506 2692 tres,
538 2632 595 2680 et
615 2623 821 2695 reliqua
851 2640 865 2678 :
894 2622 1148 2679 contrarii
1182 2623 1365 2693 utique
1383 2621 1509 2678 facti
1537 2621 1723 2694 incipit
1750 2621 1981 2681 reddere

374 2719 668 2784 rationem,
698 2715 989 2773 ostendens
1019 2724 1240 2787 propter
1270 2713 1399 2786 quid
1431 2713 1655 2782 fecerit;
1687 2714 1832 2786 quod
1880 2729 1982 2773 nec

276 2812 283 2815 ’
373 2815 620 2878 fecisset,
652 2827 753 2867 nec
778 2810 1106 2867 ostendisset
1132 2851 1148 2878 ,
1176 2810 1220 2864 si
1250 2808 1380 2865 illud
1409 2817 1626 2880 propter
1647 2807 1792 2881 quod
1816 2806 1941 2866 fecit
1961 2850 1978 2876 ,

375 2925 492 2967 non
519 2907 825 2965 accidisset.
869 2907 1130 2979 Denique,
1160 2904 1312 2962 dicas
1340 2904 1501 2962 velim
1526 2945 1541 2969 ,
1572 2903 1618 2961 si
1657 2903 1982 2960 subintrois-

373 3011 507 3061 sent
534 3001 656 3057 falsi
685 3000 760 3057 illi
788 2999 985 3056 fratres
1011 3000 1081 3055 ad
1109 2997 1493 3071 speculandam
1520 2997 1827 3053 libertatem
1878 3011 1976 3053 co-

373 3109 524 3161 rum,
564 3093 859 3150 cessissent
885 3088 1252 3162 subjectioni?
1289 3105 1397 3146 non
1424 3090 1636 3161 opinor.
1678 3088 1823 3160 Ergo
1860 3100 1979 3143 ces-

2088 1903 2342 1945 sonarum
2370 1889 2628 1959 qualitate
2664 1887 2942 1957 variabat,
2987 1889 3167 1944 timens
3211 1904 3296 1945 cos
3321 1890 3408 1959 qui
3447 1899 3591 1947 eram
3619 1908 3684 1948 ea:

2085 1981 2501 2048 circumcisione;
2533 1995 2639 2037 non
2671 1980 2742 2036 ob
2765 1979 3000 2053 aliquam
3030 1980 3324 2039 divinitatis
3350 1982 3681 2053 perversita-

2089 2082 2236 2143 tem,
2293 2073 2364 2131 de
2414 2089 2518 2147 qua
2566 2083 2622 2130 et
2651 2073 2851 2130 aliisin
2894 2073 3086 2129 faciem
3131 2073 3440 2143 restitisset,
3486 2077 3576 2147 qui
3613 2076 3684 2132 de

2086 2168 2298 2224 minore
2320 2180 2510 2224 caussa
2543 2167 2969 2225 conversationis
2987 2166 3249 2239 ambiguae
3263 2167 3423 2224 Petro
3446 2168 3547 2239 ipsi
3574 2182 3681 2225 non

2084 2259 2350 2331 pepercit.
2385 2258 2492 2315 Sed
2521 2257 2793 2330 quomodo
2820 2257 3151 2314 Marcionita:
3173 2258 3362 2315 volunt
3390 2260 3536 2316 credi
3560 2261 3584 2315 ?
3607 2261 3685 2318 De

2084 2362 2285 2406 caetero
2327 2358 2514 2422 pergat
2559 2350 2869 2421 Apostolus,
2918 2363 3125 2421 negans
3166 2365 3230 2405 ea:
3271 2351 3506 2421 operibus
3530 2351 3683 2424 chis

2075 2442 2361 2513 justiﬁcari
2386 2442 2666 2509 hominem,
2697 2442 2787 2497 sed
2817 2458 2880 2497 ex
2909 2442 3048 2513 fide,
3079 2441 3321 2514 ejusdem
3351 2452 3530 2501 tamen
3561 2445 3678 2512 Dei,

2084 2535 2239 2605 cujus
2263 2544 2317 2592 et
2338 2532 2472 2590 Lex.
2500 2534 2610 2591 Nec
2638 2534 2781 2592 enim
2801 2533 3099 2590 laborasset
3115 2533 3275 2590 fidem
3294 2549 3323 2590 a
3341 2535 3457 2606 lege
3480 2536 3682 2593 discer-

2084 2642 2238 2696 nere,
2263 2642 2425 2699 quam
2463 2625 2754 2684 diversitas
2781 2631 2921 2683 ultro
2952 2627 3122 2699 ipsius
3142 2626 3436 2684 divinitatis
3470 2626 3679 2687 discre-

2086 2720 2271 2788 visset,
2296 2721 2341 2776 si
2364 2720 2575 2777 fuisset.
2625 2720 2816 2776 Merito
2866 2735 2972 2776 nou
3017 2720 3376 2778 rctedilicabat
3416 2737 3536 2794 qua:
3582 2722 3682 2781 de-

2083 2814 2296 2870 struxit.
2327 2813 2536 2871 Destrui
2551 2822 2729 2870 autem
2742 2813 2853 2870 Lex
2882 2813 3085 2877 habuit,
3104 2828 3171 2870 ex
3199 2829 3306 2886 quo
3329 2830 3430 2871 vox
3459 2816 3683 2873 Joannis

2083 2906 2337 2962 clamavit
2374 2906 2534 2975 (Luc.
2572 2906 2634 2961 III
2657 2905 2677 2980 )
2704 2907 2757 2961 iu
2783 2911 3009 2963 eremo:
3045 2907 3238 2964 Parate
3278 2909 3386 2964 nias
3424 2908 3681 2978 Domini;

2086 3004 2143 3052 ttt
2169 2995 2363 3053 fierent
2388 2997 2485 3052 riui
2510 3005 2559 3052 et
2582 2997 2738 3052 colles
2766 3008 2814 3052 et
2839 3006 3034 3053 montes
3059 2999 3238 3069 repleti
3259 3010 3306 3055 et
3327 2999 3681 3070 Ituntiliati,,et

2082 3100 2312 3146 tortuosa
2339 3099 2388 3146 et
2409 3104 2593 3163 aspera
2616 3092 2672 3147 in
2699 3090 3049 3147 rectitudinem
3074 3100 3121 3147 ct
3141 3093 3194 3147 in
3225 3108 3454 3166 campos,
3487 3094 3543 3150 id
3571 3103 3678 3165 est,

374 3193 606 3250 serunt,
639 3183 761 3254 quia
804 3183 1021 3239 fuerunt
1061 3181 1140 3256 (8)
1196 3191 1417 3254 propter
1457 3195 1593 3252 quos
1646 3180 1931 3237 cederetur
1953 3220 1972 3251 ,
2003 3190 2049 3254 ρ
2083 3182 2245 3257 Legis
2283 3182 2627 3241 difﬁcultates
2647 3184 2700 3239 in
2729 3183 3003 3265 Evangelii
3034 3183 3339 3241 facilitates.
3365 3185 3682 3244 Meminerat

373 3278 486 3333 hoc
513 3275 659 3332 enim
702 3274 825 3331 rudi
868 3273 991 3331 fidei
1023 3285 1079 3331 et
1118 3272 1293 3330 adhuc
1316 3273 1384 3330 de
1424 3272 1558 3345 legis
1596 3271 1974 3330 observatione

371 3383 660 3440 suspensae
684 3369 1049 3440 competebat,
1080 3368 1199 3439 ipso
1231 3380 1445 3438 quoque
1486 3365 1769 3437 apostolo,
1819 3381 1882 3421 ne
1920 3365 1974 3420 in

371 3452 595 3520 vacuum
621 3452 631 3461 ’
659 3462 966 3518 cucurrisset
1018 3469 1108 3517 aut
1160 3467 1406 3525 curreret,
1460 3467 1734 3529 suspecto.
1792 3457 1977 3529 Itaque

371 3554 673 3613 frustrandi
704 3563 861 3611 erant
888 3553 1007 3609 falsi
1037 3551 1254 3620 fratres,
1283 3551 1624 3623 speculantes
1670 3550 1974 3607 libertatem

370 3648 750 3716 christianam,
800 3662 867 3711 ne
893 3655 1021 3702 ante
1043 3660 1161 3702 eam
1189 3644 1243 3699 iu
1282 3640 1429 3701 serti
1455 3650 1595 3699 utem
1643 3641 1977 3701 abducerent

365 3738 651 3814 jndaismi,
688 3753 849 3811 quam
882 3737 1081 3794 Paulus
1115 3732 1280 3793 sciret
1305 3750 1366 3792 se
1399 3750 1507 3792 non
1530 3737 1584 3791 in
1611 3751 1837 3792 vacuum
1875 3750 1974 3792 eu-

369 3832 636 3899 currisse,
651 3845 810 3904 quam
841 3831 1091 3887 dexteras
1120 3829 1169 3884 ei
1199 3828 1391 3884 darent
1407 3835 1799 3897 antecessores,
1814 3842 1974 3900 quam

368 3940 442 3982 es
471 3939 641 3980 censu
666 3938 854 3979 eorum
884 3923 937 3978 in
966 3923 1212 3978 nationes
1240 3920 1566 3993 praedicandi
1595 3937 1788 3978 munus
1818 3921 1968 3978 subi-

366 4026 455 4075 ret
489 4014 597 4089 (9).
652 4014 968 4071 Necessario
1020 4013 1181 4086 igitur
1216 4014 1381 4069 cessit
1416 4013 1484 4069 ad
1514 4022 1746 4086 tempus.
1796 4013 1889 4074 Sic
1920 4013 1971 4071 ei

365 4112 516 4169 ratio
541 4117 775 4178 constat,
797 4107 1140 4165 Timotheum
1166 4106 1606 4174 circumeidendi,
1635 4116 1693 4166 et
1712 4122 1864 4165 rasos
1887 4109 1974 4165 in-

367 4200 693 4260 troducendi
722 4200 775 4257 in
804 4200 1086 4273 templum,
1113 4215 1232 4271 qua:
1257 4200 1311 4256 in
1339 4201 1491 4257 Actis
1525 4199 1664 4273 (Act.
1692 4200 1837 4268 XVI,
1876 4201 1971 4276 21)

365 4295 685 4360 edicuntur,
735 4291 874 4349 adeo
906 4307 1054 4360 vera,
1087 4301 1143 4347 ut
1171 4291 1431 4364 Apostolo
1456 4301 1756 4349 consonent
1804 4296 1972 4366 proli-

364 4386 507 4444 teuti
536 4383 577 4458 ι(
603 4383 626 4439 I
653 4384 773 4441 Cor.
805 4383 901 4452 IX,
931 4383 1003 4440 20
1029 4384 1048 4456 )
1073 4401 1086 4439 :
1122 4382 1343 4438 Factum
1397 4400 1452 4440 se
1474 4381 1676 4439 Judteis
1718 4385 1971 4456 iudicum,

361 4489 425 4537 ut
464 4475 683 4533 Judteos
708 4476 1066 4548 lucrifaceret,
1096 4483 1145 4530 et
1171 4473 1266 4534 sub
1296 4472 1433 4547 Lege
1451 4484 1682 4548 agentem
1706 4517 1722 4542 ,
1770 4487 1976 4551 propter

2075 3275 2187 3347 jam
2228 3284 2283 3333 et
2309 3275 2505 3333 Psalmi
2539 3274 2660 3349 (Ps.
2687 3273 2754 3349 ll)
2776 3290 2897 3332 esse
2942 3285 3191 3348 tempus:
3221 3277 3616 3350 Disrumpamus
3646 3297 3681 3335 α

2079 3367 2225 3424 nobis
2247 3369 2452 3425 vincula
2482 3384 2658 3425 eorum
2681 3410 2698 3437 ,
2724 3379 2771 3425 et
2798 3369 3099 3442 abjiciamus
3119 3387 3153 3424 a
3176 3370 3319 3426 nobis
3330 3371 3517 3444 jugum
3541 3372 3681 3443 ipso-
3744 3375 3749 3379 ’

2077 3482 2195 3521 rum
2212 3481 2233 3521 :
2258 3464 2336 3522 Ex
2361 3479 2470 3535 quo
2497 3464 2821 3520 tumuttuatw
2841 3475 2959 3520 sunt
2979 3474 3171 3537 gentes,
3200 3465 3437 3538 etpOpuli
3452 3465 3679 3522 meditati

2079 3568 2198 3616 sunt
2224 3558 2400 3614 inania
2420 3600 2437 3627 ,
2472 3558 2742 3615 astiterunt
2768 3575 2910 3631 reges
2939 3567 3108 3626 teme,
3126 3567 3178 3615 et
3199 3559 3526 3631 magistratus
3553 3574 3679 3614 con-

2078 3654 2276 3727 gregati
2314 3663 2432 3712 sunt
2476 3652 2530 3707 in
2573 3669 2734 3709 unum
2764 3652 3007 3706 adversus
3024 3650 3306 3708 Dominum
3346 3660 3395 3706 et
3433 3651 3679 3708 adversus

2079 3744 2339 3800 Christum
2382 3744 2585 3816 ipsius;
2622 3752 2679 3799 ut
2703 3743 2815 3814 jam
2847 3758 2914 3800 ex
2943 3742 3066 3799 ﬁdei
3091 3742 3337 3801 libertate
3356 3743 3679 3816 justificetur

2079 3835 2265 3905 homo,
2296 3852 2402 3892 non
2424 3851 2495 3892 ex
2523 3836 2658 3907 legis
2681 3836 2970 3893 servitute:
2993 3835 3127 3903 Quia
3155 3833 3345 3907 (Hebr.
3368 3834 3541 3905 X,38)
3556 3837 3677 3907 jus-

2079 3938 2161 3985 tus
2176 3945 2242 3985 ex
2257 3929 2358 3999 (ide
2370 3928 2668 3994 vivit.Quod
2682 3928 2725 3983 si
2754 3926 3046 3999 prophetes
3065 3925 3678 3998 llabacuc(flabac.ll,4)

2077 4019 2479 4093 prmuuutiavit,
2508 4018 2675 4075 habes
2701 4026 2757 4073 et
2809 4017 3111 4089 apostolum
3153 4015 3451 4087 Prophetas
3472 4015 3672 4075 conﬁr-

2080 4122 2339 4181 mantem,
2362 4114 2498 4171 sicut
2529 4122 2586 4169 et
2607 4112 2880 4170 Christus.
2904 4111 3038 4182 Ejus
3054 4125 3185 4183 ergo
3220 4110 3314 4166 Dei
3337 4110 3439 4166 crit
3464 4109 3598 4167 fides
3624 4111 3678 4168 in

2076 4221 2181 4279 qua
2207 4207 2355 4263 vivet
2373 4207 2551 4279 justus
2575 4221 2591 4272 ;
2611 4205 2764 4276 cujus
2788 4213 2846 4261 et
2871 4204 2980 4273 lex,
3004 4203 3060 4260 in
3087 4218 3191 4274 qua
3223 4217 3330 4260 nou
3354 4202 3680 4274 jnstilicatur

2077 4300 2376 4370 operarius.
2410 4297 2641 4357 Proinde
2661 4339 2677 4366 ,
2715 4298 2761 4353 si
2789 4297 2843 4352 in
2872 4297 2988 4370 lege
3018 4295 3326 4353 maledictio
3351 4304 3456 4364 est,
3488 4295 3542 4352 in
3573 4296 3679 4354 lide

2075 4408 2206 4450 vero
2228 4392 2568 4460 benedictio;
2615 4401 2906 4464 utrumque
2944 4389 3112 4446 habes
3157 4389 3491 4461 propositum
3533 4390 3678 4461 apud

2047 4467 2388 4544 °Crcatorem
2418 4502 2433 4540 :
2465 4483 2600 4539 Ecce
2622 4483 2792 4554 posui,
2832 4480 3005 4554 inquit
3034 4479 3216 4555 (Deut.
3247 4480 3350 4547 XI,
3377 4479 3473 4553 ‘26)
3503 4520 3520 4546 ,
3551 4490 3676 4536 ante

362 4587 457 4629 eos
483 4571 575 4642 qui
602 4569 695 4626 sub
724 4567 862 4643 Lege
885 4571 1133 4642 agerent:
1163 4568 1244 4627 sic
1268 4577 1322 4626 et
1351 4576 1574 4640 propter
1613 4571 1970 4641 superinduc-
1997 4588 2050 4650 ι)
2076 4586 2126 4635 te
2153 4567 2557 4634 maledictionem
2580 4585 2629 4633 et
2657 4573 3075 4632 benedictionem.
3105 4572 3222 4630 Non
3252 4580 3429 4644 potest
3462 4569 3677 4627 distan-

361 4664 522 4725 titios
550 4661 671 4740 (10)
696 4662 840 4732 illos,
868 4670 922 4721 et
946 4662 1197 4739 omnibus
1226 4661 1521 4721 novissime
1541 4665 1722 4722 omnia
1743 4664 1964 4738 factum,

2078 4670 2204 4726 tiam
2236 4668 2550 4739 vindicare;
2607 4683 2730 4743 qua:
2758 4666 2862 4727 etsi
2903 4680 3087 4725 rerum
3115 4675 3222 4735 est,
3254 4679 3363 4724 non
3392 4662 3515 4722 ideo
3543 4677 3675 4723 auc-

1598 4777 1981 4845 LECTIONES
2020 4783 2438 4846 VARIANTES.

487 4915 510 5298 ὲ

455 4915 510 4989 1)
530 4916 859 4989 ἓθείάθηδδί
879 4916 983 4989 Ψ·
1024 4977 1056 4989 .-
1091 4978 1117 4989 -
1161 4983 1173 4989 -
1924 4925 1931 4929 ⁴
2134 4920 2628 4989 (7)'.S_uperductitios
2819 4900 3254 4989 seminoberth;
3316 4904 3317 4907 “

455 4920 478 4971 1
530 4920 859 4969 Desiderat)“
879 4920 983 4968 ιαιο
1924 4925 1931 4929 “
2158 4922 2187 4974 7
2220 4922 2628 4989 :Superduetitios
2648 4920 2800 4973 Rhea.
2825 4920 2979 4971 Semt.
3018 4920 3215 4972 Obertlt.

451 4920 510 5093 si
532 4979 945 5093 suam“
959 4977 1065 5031 νυιι
1086 4978 1194 5033 ιατο
2977 4979 3182 5048 0W-
3214 4978 3349 5046 ετεο
3378 4981 3674 5042 Ws"

534 5041 985 5177 ξ’έῗέὴὲᾇῖί
1003 5102 1153 5159 Seml.
1173 5102 1373 5160 Oberth.

2081 5041 2403 5110 quia'fuerant
2417 5048 2529 5101 cod.
2554 5041 2743 5101 Woutu.

2137 5108 2215 5177 (9)
2226 5110 2409 5177 (obiret
2698 5174 2728 5177 _

453 5106 488 5155 4
534 5106 670 5157 Vero
684 5106 807 5177 add.
831 5106 985 5158 Rhea.
1003 5106 1153 5159 Semt.
1173 5106 1373 5160 Oberth.

452 5106 933 5298 altuma-

2091 5106 2107 5110 '
2161 5110 2409 5225 Sibospim
2694 5167 2829 5224 nam
2893 5168 3029 5221 Semt
3094 5166 3271 5223 Obertlt

2133 5108 2246 5300 in}
2268 5180 2681 5289 nmmum.
2705 5207 2857 5289 Sami.
2880 5206 3076 5289 Oberlin
3124 5225 3127 5229 ‘
3281 5205 3291 5219 ’

452 5170 933 5298 stemma
2133 5170 2857 5301 tristissimas.
2880 5170 3076 5289 sua.

1728 5353 2293 5423 COMMENTARIUS.

434 5471 595 5535 an
628 5469 898 5550 ιιι,...(α)
925 5471 1071 5530 ιηιεν
1082 5470 1349 5550 potatione
1373 5470 1680 5550 Scriptum.
1712 5473 1961 5550 Interpo-

357 5544 515 5606 lator
536 5557 638 5616 seu
658 5543 946 5616 corruptor
968 5554 1063 5616 est
1082 5543 1370 5601 haereticus
1400 5545 1492 5616 qui
1519 5544 1843 5616 detorquet,
1865 5543 1964 5616 de-

356 5624 603 5688 ment,
625 5615 915 5688 imminuit,
947 5615 1168 5688 addjtve
1221 5630 1389 5671 sacra:
1416 5615 1734 5688 Scriptum.
1758 5616 1834 5673 Ls
1861 5615 1960 5674 Pa.

438 5688 523 5763 (ι)
530 5685 663 5763 _Sed
680 5685 1243 5763 reprehendit‘Petrum
1261 5702 1371 5763 non
1380 5697 1528 5763 _recto
1540 5685 1683 5763 :pede
1719 5687 1960 5763 inceden-

348 5755 920 5905 mmozzt
942 5760 1312 5892 tiatmsaozm.
1353 5755 1652 5843 Notandum
1679 5766 1857 5842 tamen
1875 5829 1887 5842 _
1904 5761 1960 5816 in
2062 5755 2437 5837 cognominem.
2468 5755 2546 5820 Li:
2577 5755 2676 5821 Ριῖ.

907 5872 925 5903 ,
1035 5830 1178 5905 quod
1203 5829 1365 5890 habet
1396 5828 1663 5891 Eusebtus
1686 5833 1815 5891 inst.
1852 5830 1955 5890 ιιι).

907 5872 925 5903 ,
953 5830 1006 5892 id
1035 5830 1178 5905 quod
1203 5829 1365 5890 habet
1396 5828 1663 5891 Eusebius
1686 5830 1815 5891 bist.
1852 5829 1955 5890 lib.

176 6024 313 6139 ἃ

2070 5491 2186 5549 cap.
2210 5476 2316 5549 12,
2363 5476 2455 5535 ubi
2482 5476 2646 5534 alium
2672 5475 2838 5534 fuisse
2862 5475 3149 5547 Cephama
3180 5476 3241 5532 Β.
3279 5474 3463 5541 Petro,
3494 5473 3572 5530 ait
3599 5489 3669 5533 ex

2069 5547 2150 5606 S.‘
2194 5547 2616 5606 Clctnenteuvé
2693 5559 2811 5619 φησι
2863 5555 3098 5620 γεγονέναι
3185 5563 3275 5605 τῶν
3339 5550 3668 5620 ἑϐδομῄξσντα

2065 5624 2314 5691 μαθητῶν,
2359 5626 2602 5689 ὁμώνυμον
2640 5615 2801 5692 Πέτρῳ
2827 5615 3046 5692 ςῦκᾷντοε
3178 5620 3448 5692 ἀπέστόλῳ,
3491 5615 3667 5692 Unum
3716 5686 3727 5689 _

2064 5687 2223 5764 fuisse
2246 5693 2319 5747 ait
2363 5687 2428 5748 ea:
2454 5687 2789 5764 septuaginta
2807 5688 3075 5761 discipulis
3111 5687 3176 5745 Β.
3222 5688 3384 5744 Petro
3429 5687 3667 5758 apostolo

3635 5804 3672 5832 Α
