4020 6286
380 295 489 363 475

1818 307 2280 367 TERTULLIANI

3576 293 3686 374 I76

382 426 599 484 torum;
632 434 754 491 qua:
782 421 848 478 ab
873 436 980 479 uno
999 432 1220 481 auctore
1263 426 1603 498 preponitur.
1655 427 1763 483 Cur
1801 438 1979 485 autem
2008 431 2057 492 Α
2086 440 2168 486 est
2194 432 2298 487 hoc
2325 430 2638 489 humanitus
2663 431 2866 490 dictum
2892 449 2907 490 :
2937 445 3045 490 non
3073 433 3218 491 enim
3239 435 3552 509 exemplum
3575 447 3677 506 est,

386 509 635 567 Christus
665 511 836 582 factus
866 513 935 570 sit
964 530 1059 584 pro
1084 517 1239 572 nobis
1271 518 1576 574 maledictio
1603 563 1616 585 ,
1651 520 1772 592 ipso
1803 523 1978 593 Apos—

383 603 494 660 tolo
516 605 779 663 cdocente
808 609 1149 666 manifestum
1176 621 1277 679 est,
1302 629 1461 684 quam
1482 615 1758 672 nobiscum
1791 617 1972 686 faciat,

382 693 437 751 id
466 705 583 763 est,
630 699 924 756 secundum
961 700 1120 757 ﬁdem
1149 702 1441 760 Creatoris.
1472 705 1656 778 Neque
1683 709 1823 763 enim
1856 710 1981 781 quia

382 783 613 844 Creator
641 792 1039 859 pronuntiavit:
1070 794 1375 851 Maledictus
1402 800 1566 854 omnis
1593 800 1645 853 in
1673 801 1811 872 ligno
1852 819 1982 857 sus-

382 894 610 949 pensus;
638 879 760 937 ideo
787 884 1055 941 videbitur
1084 887 1307 943 alterius
1335 889 1430 945 Dei
1469 906 1588 948 esse
1612 892 1860 950 Christus
1882 938 1896 965 ,
1927 905 1983 952 et

383 968 588 1027 idcirco
629 989 660 1030 a
688 973 945 1032 Creatore
967 979 1078 1047 jam
1115 989 1244 1036 tunc
1282 981 1334 1037 in
1364 983 1481 1054 lege
1525 987 1860 1044 maledicms.
1914 991 1982 1047 Et

382 1065 654 1134 quomodo
682 1069 1167 1136 praemaledixisset
1193 1089 1313 1130 cum
1353 1076 1595 1147 Creator,
1629 1097 1784 1152 quem
1827 1085 1981 1156 igno-

382 1155 496 1210 rat?
517 1155 626 1211 Cur
654 1169 830 1215 autem
862 1175 967 1216 non
1000 1165 1168 1234 magis
1195 1179 1468 1238 competat
1493 1171 1754 1238 Creatori,
1785 1155 1979 1235 Filium

381 1259 535 1302 suum
581 1249 793 1307 dedisse
839 1254 1198 1313 maledictioni
1231 1276 1363 1328 sum,
1397 1279 1554 1334 quam
1595 1268 1668 1322 illi
1717 1270 1826 1326 Deo
1883 1280 1974 1328 tuo

381 1338 686 1396 subdidisse
716 1343 1104 1415 maledictioui,
1139 1361 1192 1406 et
1222 1353 1438 1424 quidem
1470 1373 1566 1427 pro
1594 1359 1811 1419 homine
1846 1365 1980 1421 alie-

383 1432 501 1486 no?
531 1433 790 1506 Denique,
819 1439 862 1492 si
889 1449 1040 1497 atrox
1073 1444 1285 1501 videtur
1314 1447 1416 1504 hoc
1442 1449 1494 1504 in
1536 1450 1798 1513 Creatore
1836 1460 1980 1516 circa

383 1517 594 1587 Filium,
619 1527 842 1595 proinde
863 1539 954 1586 tuo
981 1533 1034 1588 in
1058 1534 1187 1590 Deo.
1209 1537 1263 1592 Si
1289 1555 1419 1596 vero
1439 1543 1696 1602 rationale
1714 1558 1768 1602 et
1789 1549 1839 1604 in
1866 1559 1976 1620 tuo,

380 1614 608 1698 proinde
647 1619 782 1674 etin
813 1637 954 1689 meo,
994 1633 1048 1680 et
1090 1629 1258 1700 magis
1299 1630 1351 1686 in
1380 1647 1519 1688 meo.
1563 1636 1792 1695 Facilius
1837 1614 1978 1700 enim

379 1704 712 1776 crederetur,
744 1711 860 1782 ejus
889 1729 1010 1772 esse
1041 1733 1135 1787 per
1184 1722 1613 1782 maledictionem
1641 1728 1842 1787 Christi
1879 1733 1979 1791 be-

2084 524 2179 581 sed
2210 525 2430 581 veritas.
2458 525 2592 595 Quis
2619 527 2762 582 enim
2790 527 3064 599 parvulus,
3096 529 3278 599 utique
3308 543 3494 595 sensu,
3539 532 3679 602 quod

2084 627 2209 674 sunt
2252 619 2495 675 nationes
2518 661 2534 688 ,
2579 636 2684 676 non
2712 621 2996 676 elementis
3022 620 3297 692 subjectus
3333 631 3418 678 est
3445 623 3630 680 mundi
3661 669 3677 696 ,

2083 729 2205 785 quae
2251 729 2351 784 pro
2393 715 2505 770 Deo
2546 717 2773 788 suspicit
2813 716 2934 788 (5)?
2987 716 3118 772 Illud
3158 726 3338 774 autem
3379 717 3505 774 facit
3559 717 3638 792 (4)
3663 762 3678 788 ,

2085 804 2228 876 quod
2257 820 2378 861 cum
2411 804 2705 861 secundum
2734 807 3005 862 hominem
3031 807 3274 875 dixisset,
3311 817 3490 871 tamen
3523 819 3684 866 testa-

2087 906 2325 952 mentum
2377 896 2615 954 hominis
2666 913 2830 954 nemo
2874 901 3082 968 spernit
3139 908 3233 954 aut
3281 900 3678 971 superordinat.

2086 992 2350 1062 Exemplo
2379 994 2521 1049 enim
2551 993 2768 1050 humani
2798 993 3106 1049 testamenti
3131 996 3516 1064 permanentis,
3543 994 3682 1050 divi-

2085 1101 2212 1141 num
2240 1085 2505 1141 tuebatur.
2542 1085 2763 1140 Abrahte
2783 1086 2932 1141 dieue
2956 1097 3074 1141 sunt
3097 1087 3461 1158 promissiones
3481 1128 3496 1153 ,
3527 1097 3574 1142 et
3599 1104 3683 1141 se-

2083 1177 2212 1232 mini
2251 1179 2380 1249 ejus.
2417 1177 2540 1232 Non
2568 1178 2697 1232 dixit
2723 1218 2737 1243 ,
2764 1177 3073 1250 seminibus,
3106 1178 3255 1249 quasi
3283 1178 3557 1250 pluribus;
3595 1181 3684 1234 sed

2083 1269 2282 1335 semini,
2335 1279 2579 1341 tanquam
2616 1270 2727 1335 uni,
2770 1270 2908 1340 quod
2954 1270 3188 1325 Christus
3234 1280 3325 1325 est.
3386 1271 3686 1326 Erubescat

2084 1361 2308 1433 Spongia
2347 1360 2638 1416 Marcionis
2660 1402 2675 1428 ,
2709 1361 2812 1416 nisi
2841 1361 2982 1433 quod
3015 1377 3082 1417 ex
3112 1361 3402 1418 abundanti
3445 1372 3684 1419 retracto

2085 1469 2204 1525 quae
2245 1453 2485 1518 abstulit,
2518 1468 2638 1508 cum
2673 1452 2901 1508 validius
2945 1454 3016 1508 sit
3059 1453 3209 1509 illum
3242 1469 3309 1509 ex
3339 1454 3426 1510 his
3470 1455 3677 1510 revinci

2084 1564 2203 1620 qua:
2231 1547 2484 1602 servavit.
2514 1544 2642 1603 Cant
2671 1557 2841 1600 autem
2866 1547 3029 1602 evenit
3057 1546 3260 1618 impleri
3283 1555 3502 1617 tempus,
3537 1546 3680 1601 misit

2084 1640 2223 1697 Deus
2251 1640 2446 1696 Filium
2473 1656 2660 1706 suum;
2693 1640 2873 1711 utique
2890 1640 2958 1707 is,
2979 1639 3072 1711 qui
3093 1641 3258 1697 etiam
3279 1641 3515 1711 ipsorum
3540 1646 3680 1696 tem-

2085 1750 2276 1807 porum
2307 1734 2450 1789 Deus
2475 1741 2577 1799 est,
2609 1732 2803 1804 quibus
2834 1732 3093 1788 Steculum
3118 1741 3364 1799 constat;
3396 1733 3487 1804 qui
3528 1733 3685 1805 signa

381 1798 740 1859 nedictionem
777 1811 1120 1879 pr05pcxisse
1151 1812 1354 1871 homini
1379 1859 1392 1882 ,
1427 1819 1516 1890 qui
1546 1806 1608 1876 e't'
1641 1823 1978 1882 maledictio-
2009 1829 2057 1890 B
2085 1798 2298 1901 quoque
2328 1836 2630 1898 temporum
2659 1825 2948 1892 ordinavit,
2989 1826 3155 1892 soles,
3179 1835 3233 1881 et
3259 1825 3433 1890 lunas,
3458 1833 3511 1881 ct
3539 1826 3688 1882 side-

381 1906 504 1984 nem
538 1894 844 1966 ‘aliquando
894 1909 948 1956 et
990 1901 1421 1964 benedictionem
1470 1917 1808 1984 proposuerit
1855 1928 1981 1976 ante

387 1982 694 2054 hominem,
743 2006 900 2059 quam
941 1995 1032 2063 qui
1078 2010 1326 2054 neutrum
1368 1982 1597 2074 unquam
1638 2008 1707 2062 sit
1742 2011 1880 2081 apud
1929 2021 1980 2069 te

379 2077 671 2145 professus.
724 2081 1022 2156 Accepimus
1060 2089 1218 2160 igitur
1263 2094 1655 2154 benedictionem
1701 2077 1979 2173 spiritalem

380 2186 474 2262 per
503 2173 658 2240 ﬁdem
678 2215 693 2241 ,
728 2174 919 2248 inquit,
949 2195 1016 2234 ex
1051 2196 1154 2252 qua
1184 2185 1391 2243 scilicet
1416 2189 1555 2246 vivet
1583 2192 1756 2262 justus
1784 2211 1973 2254 secun.

381 2260 512 2358 dum
558 2264 888 2325 Creatorem.
938 2271 1051 2328 Hoc
1089 2285 1174 2331 est
1202 2293 1333 2350 ergo
1361 2283 1501 2350 quod
1539 2260 1681 2352 dico,
1725 2288 1840 2358 ejus
1882 2291 1977 2349 Dei

382 2353 544 2413 ﬁdem
575 2373 731 2428 esse,
763 2365 915 2434 cujus
941 2377 1024 2421 est
1053 2367 1224 2425 forma
1251 2375 1436 2443 gratiae
1468 2375 1612 2432 ﬁdei.
1645 2353 1830 2438 Sed'et
1854 2399 1975 2442 cum

377 2448 594 2548 adjicit;
629 2452 817 2548 Omnes
832 2457 965 2512 enim
982 2460 1081 2529 ﬁlii
1105 2466 1223 2517 estis
1234 2466 1359 2533 ﬁdei
1382 2509 1396 2533 ,
1425 2471 1728 2529 OSIenditur
1753 2475 1826 2546 (a)
1847 2477 1972 2548 quid

377 2554 540 2611 supra
570 2542 821 2602 haeretica
852 2548 1114 2609 industria
1144 2559 1398 2625 eraserit;
1421 2542 1978 2626 mentionemscilicet

382 2633 646 2730 Abrahae,
679 2653 784 2709 qua
812 2655 911 2697 uos
941 2645 1231 2716 Apostolus
1262 2648 1399 2707 ﬁlios
1425 2654 1656 2712 Abrahae
1685 2674 1780 2730 per
1818 2661 1976 2718 ﬁdem

382 2727 641 2825 afﬁrmat,
672 2733 969 2791 secundum
998 2753 1156 2809 quam
1189 2743 1512 2801 mentionem
1541 2746 1627 2804 hic
1657 2727 1870 2825 quoque
1911 2755 1976 2825 ﬁs

385 2817 488 2874 Iios
528 2819 651 2878 ﬁdei
682 2825 904 2881 notavit.
940 2828 1203 2888 Cmterum
1231 2876 1245 2900 ,
1277 2839 1546 2903 quomodo
1577 2817 1863 2900 ﬁlii-ﬁdei?
1919 2822 1979 2904 ett

378 2910 534 2980 cujus
568 2911 737 2984 ﬁdei,
769 2917 813 2972 si
843 2933 950 2976 non
976 2921 1239 2981 Abrahae!
1278 2926 1336 2982 Si
1375 2930 1518 2984 eitim
1563 2932 1823 2990 Abraham
1867 2937 1979 2994 Deo

381 3003 637 3070 credidit,
667 3017 712 3062 et
742 3010 1042 3082 deputatum
1082 3016 1160 3089 (l)
1194 3029 1267 3073 est
1306 3021 1543 3093 justitia',
1589 3037 1750 3098 atque
1784 3031 1979 3090 exinde

378 3105 535 3168 pater
574 3101 863 3160 multarum
922 3109 1198 3166 nationum
1250 3115 1445 3171 meruit
1498 3124 1833 3192 nuncupari;
1882 3142 1979 3184 nos

2084 1937 2165 1989 ra,
2198 1932 2251 1976 et
2276 1920 2498 1986 stellas;
2546 1920 2636 1990 qui
2668 1918 2784 1974 Filii
2809 1917 3042 1988 denique
3069 1919 3150 1973 sui
3195 1918 3578 1974 revelationem
3631 1919 3685 1975 in

2083 2013 2478 2072 extremitatem
2520 2022 2822 2082 temporum
2866 2018 2922 2067 et
2955 2011 3220 2082 disposuit
3275 2020 3329 2067 et
3374 2010 3689 2082 prmdicavit
3791 2079 3800 2086 _

2081 2106 2209 2180 (ls.,
2246 2104 2308 2175 II,
2335 2103 2392 2180 ‘2)
2424 2103 2524 2160 :In
2541 2103 2825 2159 novissimis
2856 2101 3030 2156 diebus
3061 2103 3154 2157 erit
3198 2103 3500 2176 manifestus
3536 2119 3688 2157 mons

2083 2199 2326 2268 Domini,
2355 2209 2409 2254 et
2441 2196 2602 2268 (Joel,
2633 2195 2698 2263 Il,
2731 2195 2823 2268 28)
2849 2213 2862 2250 :
2891 2193 2960 2250 In
2985 2194 3272 2250 novissimis
3292 2195 3469 2250 diebus
3507 2193 3688 2262 e/fun-

2083 2294 2204 2348 dam
2236 2293 2297 2346 de
2321 2292 2508 2362 spiritu
2538 2305 2648 2344 meo
2675 2289 2728 2343 in
2753 2304 2950 2343 onmem
2981 2304 3208 2354 carnem,
3237 2286 3532 2343 secundum
3562 2285 3690 2343 Joe-

2084 2387 2211 2443 lem.
2255 2385 2428 2458 Ipsius
2478 2392 2594 2439 erat
2634 2383 2952 2439 sustinuisse
2998 2391 3208 2452 tempus
3251 2381 3482 2452 impleri,
3529 2381 3687 2452 cujns

2082 2491 2199 2538 erat
2225 2481 2388 2536 etiam
2417 2478 2539 2534 linis
2565 2477 2822 2549 temporis
2841 2476 2978 2532 sicut
3003 2476 3234 2531 initium.
3251 2474 3515 2531 Caeterum
3539 2475 3687 2530 Deus

2082 2574 2443 2639 illc‘otiosus,
2495 2585 2592 2637 nec
2637 2568 2990 2640 Operationis,
3031 2582 3132 2624 nec
3169 2565 3568 2639 praedicationis
3601 2566 3688 2620 ul-

2081 2667 2206 2734 lius,
2264 2676 2426 2737 atque
2468 2663 2540 2719 ita
2568 2678 2670 2720 nec
2697 2661 2954 2733 temporis
2995 2659 3242 2729 alicujus,
3291 2657 3417 2730 quid
3461 2657 3687 2714 omnino

2081 2763 2191 2833 egit
2209 2757 2352 2832 quod
2387 2757 2630 2813 efﬁceret
2673 2767 2884 2825 tempus
2907 2752 3140 2824 impleri,
3163 2750 3322 2806 etiam
3357 2749 3688 2822 (5)implen-

2083 2853 2210 2909 dum
2260 2847 2562 2905 sustineri?
2599 2847 2654 2903 Si
2683 2845 2837 2912 nihil,
2870 2845 2999 2900 satis
3026 2858 3222 2898 vanum
3245 2853 3329 2898 est
3363 2850 3423 2897 ut
3451 2841 3685 2898 Creato-

2081 2945 2158 3001 ris
2185 2953 2424 3012 tempora
2452 2939 2770 2996 sustinuerit
2795 2939 3038 2994 serviens
3063 2933 3331 2992 Creatori.
3363 2933 3461 2989 Cui
3493 2943 3678 2990 autem

2083 3038 2164 3094 rei
2191 3035 2326 3090 misit
2348 3033 2546 3088 Filium
2571 3032 2760 3086 suum?
2795 3029 2862 3086 Ut
2885 3045 2968 3084 eos
2989 3028 3074 3098 qui
3099 3027 3190 3082 sub
3219 3028 3328 3098 lege
3353 3036 3518 3091 erant,
3541 3026 3686 3079 redi-

2083 3141 2236 3188 meret
2261 3146 2280 3186 :
2319 3129 2424 3184 hoc
2447 3137 2553 3194 est,
2593 3135 2653 3181 ut
2683 3125 2922 3180 efﬁceret
2952 3122 3081 3195 (Is.,
3103 3120 3221 3188 XL,
3251 3119 3309 3193 4)
3346 3129 3577 3175 tortuosa
3604 3118 3686 3191 (6)

377 3194 866 3292 autem‘credendo
907 3199 1016 3256 Deo
1051 3205 1242 3275 magis,
1295 3209 1520 3276 proinde
1566 3213 1928 3284 justiﬁcamur
1958 3263 1974 3289 ,
2003 3227 2049 3292 C
2082 3225 2137 3282 in
2157 3225 2291 3279 viam
2317 3230 2526 3288 rectam,
2553 3229 2600 3274 et
2627 3234 2810 3291 aspera
2842 3216 2896 3270 in
2934 3194 3042 3272 vias
3067 3215 3203 3270 lenes
3234 3214 3313 3287 (7)
3334 3254 3350 3281 ,
3384 3212 3684 3268 secundum

377 3279 521 3378 sicut
556 3282 866 3357 Abraham;
899 3299 955 3346 et
986 3293 1148 3350 vitam
1179 3299 1404 3367 proinde
1433 3279 1837 3378 consequimur,
1864 3279 1972 3370 sic;

475 3371 655 3468 justus
695 3391 766 3432 ex
799 3378 904 3438 ﬁde
929 3383 1089 3452 vivit;
1123 3387 1200 3444 sic
1221 3389 1282 3445 ﬁt
1311 3401 1366 3446 ut
1396 3402 1449 3448 et
1479 3371 1637 3468 supra
1657 3440 1672 3466 ,
1707 3371 1848 3458 ﬁlios
1874 3420 1975 3464 nos

377 3464 611 3523 Abrahae
652 3475 1033 3548 pronuntiarit,
1080 3497 1184 3554 qua
1212 3487 1377 3555 patris
1410 3464 1558 3558 ﬁdei,
1603 3464 1666 3550 et
1702 3497 1790 3553 hic
1833 3498 1974 3558 ﬁlios

378 3558 528 3628 fidei,
559 3577 655 3633 per
680 3582 840 3637 quam
871 3571 1143 3631 Abraham
1175 3591 1329 3648 pater
1356 3584 1632 3642 nationum
1675 3588 1851 3648 fuerat
1883 3609 1972 3650 re-

377 3655 700 3722 promissus.
728 3658 909 3730 Ipsum
938 3667 1080 3736 quod
1112 3667 1269 3726 ﬁdem
1295 3688 1325 3728 a
1357 3675 1770 3738 circumcisione
1820 3700 1976 3742 revo-

377 3747 557 3852 eabat,
590 3765 770 3852 nonne
795 3757 1025 3816 Abrahae
1056 3763 1195 3819 ﬁlios
1211 3769 1850 3847 constituerequacrebat,
1881 3783 1972 3852 qui

379 3844 433 3940 in
457 3844 656 3940 .carnis
686 3847 990 3922 integritate
1029 3858 1379 3918 crediderat?
1422 3865 1659 3940 Denique
1687 3911 1702 3938 ,
1752 3844 1974 3933 alterius

291 3943 301 3949 ·
375 3927 470 3987 Dei
503 3933 655 4035 ﬁdes,
686 3939 753 3995 ad
784 3941 1008 4003 formam
1030 3948 1124 4007 Dei
1147 3953 1368 4011 alterius
1389 3973 1493 4015 non
1525 3927 1700 4032 potcsi
1743 3927 1970 4035 admitti;

375 4033 433 4080 ut
461 4031 744 4132 credentes
764 4036 985 4105 justitire
1011 4043 1270 4116 deputet,
1305 4060 1361 4105 ut
1382 4052 1558 4122 justos
1580 4059 1763 4115 vivere
1792 4031 1971 4132 faciat,

374 4128 434 4175 ut
465 4125 709 4225 nationes
735 4130 871 4188 lilios
895 4135 1014 4192 ﬁdei
1041 4139 1218 4196 dicat:
1251 4153 1419 4200 totum
1452 4147 1552 4203 hoc
1577 4149 1693 4221 ejus
1741 4151 1821 4225 (2)
1865 4125 1972 4225 est,

371 4213 515 4284 apud
555 4233 712 4287 quem
741 4233 864 4279 ante
891 4225 998 4294 jam
1033 4241 1217 4288 notum
1247 4243 1330 4291 est
1372 4237 1472 4295 sub
1502 4241 1689 4298 eadem
1738 4213 1972 4305 Abrahae

371 4307 674 4376 mentione,
707 4310 835 4370 dum
867 4317 986 4390 ipso
1011 4337 1173 4380 sensu
1203 4328 1538 4387 revincatur.

1002 4412 1231 4474 CAPUT
1260 4419 1349 4476 IV.

441 4487 652 4591 Adhuc,
698 4495 876 4591 inquit
915 4502 1082 4577 (Gal.,
1125 4508 1212 4576 Ill,
1237 4511 1327 4582 IV,
1366 4513 1407 4570 V
1445 4522 1493 4571 et
1521 4516 1676 4591 Vl),'
1694 4525 1974 4582 secundum

2079 3316 2318 3383 Esaiam;
2342 3323 2576 3371 utvetera
2598 3312 2888 3379 transirent,
2912 3317 2959 3364 et
2972 3325 3099 3364 nova
3124 3308 3402 3372 orirentur;
3420 3305 3526 3360 Lex
3553 3322 3686 3361 nova

2079 3427 2143 3466 ex
2171 3409 2321 3475 Sion,
2355 3415 2400 3462 et
2427 3421 2589 3462 sermo
2617 3401 2826 3458 Domini
2874 3417 2937 3456 ea:
2975 3399 3299 3455 Hierusalem
3337 3396 3439 3470 (Is.
3469 3397 3536 3464 Il,
3574 3397 3636 3470 ὅ)
3669 3413 3684 3452 :

2078 3513 2134 3560 et
2163 3485 2553 3571 utadoptionem
2575 3497 2799 3568 ﬁliorum
2818 3495 3183 3566 acciperemus,
3202 3493 3387 3563 utique
3409 3492 3684 3556 nationes.

2078 3613 2198 3670 qua:
2217 3596 2308 3652 ﬁlii
2327 3611 2433 3652 non
2452 3607 2687 3658 eramus.
2713 3591 2780 3647 Et
2795 3590 2909 3662 ipse
2931 3589 3074 3645 enim
3095 3591 3186 3642 tua:
3207 3587 3302 3642 erit
3325 3585 3618 3652 nationum,
3637 3593 3685 3640 et

2079 3690 2132 3746 in
2155 3687 2374 3746 nomine
2417 3688 2535 3757 ejus
2595 3684 2841 3740 nationes
2887 3679 3201 3753 sperabunt.
3254 3678 3332 3750 (b)
3360 3676 3548 3749 Itaque
3583 3685 3686 3745 ,ut

2079 3793 2287 3840 certum
2316 3791 2461 3838 esset
2486 3794 2585 3835 nos
2614 3776 2754 3834 ﬁlios
2775 3775 2867 3832 Dei
2899 3788 3041 3842 esse,
3075 3773 3212 3827 misit
3237 3770 3493 3842 Spiritum
3531 3785 3683 3825 suum

2077 3879 2131 3932 iu
2153 3877 2308 3932 corda
2339 3884 2514 3930 nostra
2535 3915 2549 3940 ,
2582 3871 2888 3926 clamantem
2916 3909 2932 3936 ,
2966 3866 3124 3930 Abba,
3153 3863 3330 3920 Pater.
3365 3861 3434 3917 In
3461 3862 3682 3917 novissi-

2078 3973 2174 4026 mis
2203 3968 2368 4033 enim,
2393 3966 2562 4038 inquit
2597 3963 2754 4036 (Joel,
2783 3963 2850 4033 ll,
2870 3960 2988 4031 28),
3006 3959 3180 4014 diebus
3195 3955 3455 4026 effundam
3481 3953 3545 4010 de
3573 3970 3683 4010 meo

2080 4063 2285 4135 Spiritu
2317 4062 2372 4114 in
2398 4075 2597 4114 omnem
2616 4073 2842 4111 carnem.
2885 4052 3052 4124 Cujus
3092 4051 3314 4122 gratim,
3369 4047 3473 4104 nisi
3523 4047 3682 4118 cujus

2078 4165 2133 4212 et
2163 4153 2449 4225 promissio
2475 4151 2662 4224 gratiae
2688 4151 2712 4203 γ
2749 4148 2870 4221 quis
2895 4147 3074 4209 Pater,
3109 4144 3209 4199 nisi
3257 4142 3350 4224 qui
3376 4151 3430 4198 et
3456 4141 3630 4197 factor
3656 4142 3681 4196 Ἰ

2078 4248 2209 4306 Post
2249 4251 2343 4304 has
2372 4247 2548 4316 itaque
2577 4243 2789 4300 divitias
2821 4283 2835 4308 ,
2888 4255 2993 4295 non
3022 4247 3142 4294 erat
3200 4233 3582 4293 revertendum
3613 4232 3680 4290 ad

2076 4342 2282 4412 inﬁrma
2311 4351 2358 4396 et
2382 4338 2613 4394 mendica
2662 4335 2926 4392 elementa.
2981 4331 3267 4388 Elementa
3321 4337 3502 4384 autem
3524 4326 3673 4399 apud

1987 4453 2004 4475 ο
2078 4432 2350 4491 Romanos
2375 4445 2590 4505 quoque
2623 4429 2800 4485 ‘etiam
2850 4423 3272 4498 primmJitterte
3319 4420 3500 4478 solent
3545 4419 3678 4475 dici.

2076 4525 2195 4585 Non
2224 4541 2351 4596 ergo
2394 4539 2488 4595 per
2533 4518 2888 4576 mundialium
2941 4516 3331 4572 elementorum
3371 4511 3680 4586 derogatio-

371 4578 625 4691 hominem
671 4589 806 4658 dico,
862 4593 986 4650 dum
1032 4615 1253 4658 essemus
1301 4609 1522 4677 parvuli,
1569 4578 1664 4667 sub
1711 4615 2047 4692 elementisD
2076 4634 2250 4676 nema
2282 4578 2600 4674 Deo'eornm
2621 4623 2865 4668 avertere
2887 4605 3299 4680 cupiebat;etsi
3319 4602 3552 4662 dicendo
3577 4618 3671 4659 su.

369 4677 548 4733 mundi
575 4697 779 4740 eramus
805 4690 979 4763 positi,
1005 4695 1076 4749 ad
1098 4695 1479 4758 deserviendo»:
1504 4706 1596 4762 eis.
1625 4707 1825 4781 Atquin
1856 4727 1962 4767 non

2073 4727 2206 4784 pra:
2247 4710 2309 4766 Si
2337 4725 2454 4781 ergo
2473 4707 2550 4761 his
2574 4705 2660 4776 qui
2681 4721 2783 4760 non
2803 4711 2995 4758 natura
3018 4708 3138 4756 sunt
3169 4697 3264 4755 Dei
3285 4697 3506 4765 servitis;
3538 4693 3678 4768 phy-

1617 4818 1999 4884 LECTIONES
2035 4821 2451 4882 VARIANTES.

531 4901 808 4970 erutatur
832 4914 936 4967 Lat.

488 4900 510 5158 ἓ

425 4901 486 5012 έ
531 4901 808 5016 ill-apum“
832 4914 936 4967 m‘
1218 4942 1219 4945 “
2155 4939 2184 4987 5
2234 4935 2332 4986 Aut
2348 4937 2446 4998 jam
2471 4935 2576 4986 Lat.

431 4897 510 5154 ἔδὲ
533 4970 944 5090 ΒὲὶαᾷῖἵιΡω’
1350 5067 1355 5072 ,
2131 4936 2210 5126 ἓϐξ
2229 4998 2516 5048 Tortuosam
2539 4997 2583 5050 vi

455 5090 484 5138 4
533 5050 790 5153 Fuit
815 5075 830 5091 ’
2157 5063 2184 5112 ’7
2235 5061 2407 5112 Laeves
2420 5068 2533 5110 Jun.

456 4936 494 5012 ἐ.
531 4936 807 5030 ἕ]ῖῖῗᾶῖὲ
819 4936 944 5030 ἕεῖοἰ
1218 4942 1219 4945 γ

456 4936 830 5126 ditauit.“-
1350 5067 1355 5072 κ

2155 4939 2184 4987 5
2234 4936 2332 4986 Aut
2348 4937 2446 4998 jam
2471 4936 2576 4986 Lat.

2156 4999 2185 5047 6
2229 4998 2516 5048 Tortuosam
2539 4997 2662 5050 viam
2685 5004 2834 5048 Fran.

2131 4936 2210 5126 bi
2235 5061 2407 5112 Laeves
2420 5068 2533 5110 Jun.

455 5090 508 5153 4)
533 5091 648 5147 Fuit
668 5090 706 5147 ξῙ
709 5112 790 5153 un.

1740 5229 2308 5290 COMMENTARIUS.

373 5322 521 5412 1(4)
553 5324 871 5412 ῼξιίάνεαρνα
895 5333 1132 5412 ᾒωνεέὶεᾳ
1165 5339 1419 5397 industria
1446 5347 1694 5412 eraserit;
1741 5349 1956 5403 mentia-

372 5409 488 5482 nem
511 5398 718 5482 scilicet
751 5398 986 5482 Abrahae.
1014 5408 1336 5482 iSubindicat
1357 5398 1595 5473 erasisse
1617 5398 1956 5475 ’M’aréiiiiiéin

375 5473 682 5558 Ξιξφαξξιῐξίρλ
707 5473 864 5558 hujus
907 5481 1131 5558 capitis,
1167 5493 1276 5538 tum
1314 5495 1440 5541 ante
1465 5487 1608 5543 dicta
1633 5473 1768 5558 jam,
1791 5473 1954 5546 verba

372 5541 794 5634 aliquot
815 5541 1182 5634 praecedentes
1207 5572 1224 5634 ;_
1255 5558 1394 5634 quod
1426 5541 1811 5634 ipsumiraepetit—
1833 5541 1952 5634 cap;

373 5614 639 5698 ﬁliifilii.
664 5614 834 5698 idque
865 5636 968 5674 non
997 5624 1170 5680 Solum
1193 5614 1260 5681 de
1273 5614 1418 5681 'Abra
1431 5614 1510 5682 lizc
1541 5614 1960 5698 tneut‘ione,s5d

375 5684 535 5774 etiam
565 5684 634 5737 de
663 5684 772 5774 illp,
807 5700 973 5774 tamen
1003 5706 1350 5751 testamentum
1369 5699 1586 5756 hominis
1608 5684 1728 5756 non

376 5759 462 5802 aut
486 5758 857 5821 superordiuat.
889 5763 1019 5818 PAM-

448 5823 601 5890 CAP.
625 5834 714 5890 IV.
747 5868 815 5876 —
839 5837 914 5911 (b)
939 5838 1120 5910 Itaque
1153 5850 1207 5894 ut
1236 5850 1426 5896 certum
1451 5853 1577 5898 esset
1605 5860 1698 5899 nos
1719 5845 1852 5917 ﬁlios
1877 5844 1969 5903 Dei

2072 5350 2315 5422 esse._Sic
2339 5348 2712 5419 explicatillud
2729 5351 2968 5422 Apostoli
2998 5369 3012 5408 :
3047 5317 3301 5417 Quoniam
3339 5358 3506 5422 autem
3554 5350 3674 5422 estis

2075 5421 2170 5490 ﬁlii
2203 5420 2312 5474 Dei.
2347 5422 2709 5478 Conﬁrmatur
2747 5420 2985 5478 omnium
3037 5423 3321 5480 latinorum
3375 5421 3534 5478 lectio
3581 5421 3671 5488 qui

2065 5491 2406 5573 Deiadilunt,
2430 5491 2571 5573 quod
2596 5493 2745 5573 juxta
2773 5503 3107 5573 constantem
3134 5506 3428 5573 graecorum
3457 5493 3671 5573 patrnm

2064 5563 2372 5630 lectionem,
2403 5561 2542 5633 apud
2571 5561 2664 5620 eos
2681 5565 3036 5626 desideratur.
3065 5561 3382 5620 stt—vicissim
3407 5561 3532 5634 legit
3563 5561 3672 5617 Au-

2067 5637 2366 5708 ctotﬁcorda
2403 5647 2573 5690 nostra
2599 5680 2612 5704 ,
2639 5637 2788 5708 juxta
2813 5636 2956 5708 quod
3007 5651 3182 5708 graece
3201 5645 3284 5690 est
3320 5643 3492 5708 ἡμῶνὲ
3530 5647 3670 5688 con-

2069 5705 2426 5762 sentientibus
2456 5702 2612 5762 etiam
2640 5702 2775 5763 'BB.
2804 5702 2986 5762 A'mbr.
3009 5702 3070 5763 ct
3116 5702 3419 5762 IIieron.‘iu
3448 5702 3664 5759 Comm.

2110 5791 2169 5854 r_o
2197 5793 2262 5832 eo
2289 5778 2427 5848 quod
2455 5779 2544 5832 alii
2576 5789 2756 5854 vestra,
2805 5780 2968 5854 [ferro
3013 5790 3158 5854 recte
3211 5776 3281 5832 ibi
3314 5774 3666 5854 subintelligit

2125 5843 2386 5918 henanus,
2409 5857 2500 5918 est,
2516 5865 2638 5906 cum
2657 5850 2786 5907 dicit
2810 5851 3031 5921 Auctor,
3062 5851 3210 5922 cujus
3233 5843 3420 5922 gratia.
3441 5843 3616 5902 Puf
3659 5913 3662 5916 ι
