4020 6286
447 276 562 335 4⁸77

1550 274 1678 330 LlB.
1717 275 1763 333 v
1799 231 2166 333 ADVERSUS
2192 272 2622 333 MARCIONEM.

3659 269 3766 330 478

451 393 609 462 siem,
666 392 720 449 id
750 401 867 462 est,
915 390 1173 449 naturalis
1230 389 1628 462 superstitionis
1665 391 1931 446 elementa
1960 404 2060 460 pro
2085 390 2603 461 Arepromissionem
2626 405 2647 455 ;
2691 386 2955 463 quwfsunt
2998 387 3314 461 allegorica,
3343 385 3398 443 id
3445 393 3567 454 est,
3622 386 3768 444 aliud

454 485 573 541 Deo
596 484 847 541 habentis
869 485 1150 556 sugillabat
1170 482 1252 556 (l)
1269 496 1530 545 errorem,
1553 496 1652 537 nec
1667 481 1746 536 sic
1768 490 1943 536 tamen
1961 480 2064 536 cle-

452 589 772 636 mentorum
796 579 962 634 Deum
982 588 1189 633 laxans.
1232 575 1341 632 Sed
1369 591 1489 646 quae
1517 573 1652 630 velit
1675 573 1900 644 intelligi
1951 572 2064 629 ele-

456 679 646 729 menta
659 713 672 736 ,
687 670 894 742 primas
915 669 1121 725 scilicet
1138 668 1344 723 litteras
1359 650 1635 738 legis,ipsé
1652 664 1920 721 declarat:
1941 663 2063 720 Dies

458 764 758 831 observatis,
787 773 834 819 et
854 779 1049 819 menses
1067 771 1158 827 ,‘et
1184 772 1429 833 tempora,
1456 768 1503 814 et
1531 775 1715 821 annos.
1739 768 1796 815 et
1819 757 2061 824 sabbata,

456 865 519 912 ut
539 856 735 927 Opinor
756 898 772 924 ,
806 862 862 911 et
884 854 961 927 (a)
980 868 1165 910 coenas
1186 864 1368 927 purus,
1401 860 1456 908 et
1478 850 1681 922 jejuuia
1700 860 1753 905 et
1778 849 1895 906 dies
1916 864 2063 921 mag-

457 964 582 1007 nos.
612 947 841 1004 Cessare
867 946 1010 1003 enim
1041 946 1110 1001 ab
1135 945 1221 1001 his
1248 960 1461 1017 quoque
1508 946 1649 1000 sicut
1670 951 1725 1000 et
1767 942 2060 1000 circumci-

457 1041 616 1095 sione
642 1037 929 1109 oportebat
982 1052 1049 1094 ex
1095 1036 1329 1092 decretis
1375 1035 1689 1102 Creatoris,
1722 1036 1812 1107 qui
1860 1044 1917 1091 et
1968 1050 2065 1107 per

459 1130 676 1186 Esaiam
706 1130 819 1201 (,ls.
851 1127 894 1197 1,
921 1129 1012 1199 14)
1049 1146 1063 1182 :
1092 1127 1405 1188 Neomenias
1456 1139 1648 1183 vestras
1695 1137 1743 1182 et
1761 1126 1969 1183 sabbata
2016 1136 2065 1184 et

458 1225 595 1280 diem
623 1241 866 1296 magnum
888 1240 990 1279 non
1012 1224 1269 1280 sustinebo
1284 1240 1302 1278 :
1305 1224 1565 1295 jejunium
1590 1234 1635 1279 et
1660 1224 1814 1295 ferias
1841 1233 1886 1278 et
1913 1239 2064 1278 ca’re-

454 1318 659 1371 manias
682 1310 870 1370 vestras
899 1315 1005 1370 odit
1034 1315 1208 1370 anima
1231 1330 1384 1381 mea;
1422 1325 1476 1371 et
1513 1330 1608 1386 per
1638 1314 1804 1371 Amos
1830 1315 1972 1384 (Ani.
1992 1316 2061 1385 V,

451 1409 596 1481 21):
631 1409 754 1477 Odi,
798 1409 953 1472 reieci
994 1408 1324 1464 cwremonias
1372 1417 1592 1476 vestras,
1639 1418 1686 1463 et
1734 1425 1838 1463 non
1879 1408 2067 1463 odora-

453 1504 552 1559 bar
567 1503 646 1575 (2)
662 1504 713 1557 in
728 1504 1375 1577 frequentiisvestrithem
1402 1503 1649 1575 perOsee
1677 1504 1795 1578 (0s.
1820 1504 1894 1571 ll,
1922 1503 2013 1577 11)
2046 1522 2062 1560 :

453 1597 698 1663 Avertam
718 1586 980 1654 universas
1000 1599 1349 1670 jucundilates
1360 1601 1491 1672 ejus,
1507 1608 1554 1655 et
1577 1600 1907 1656 cwremonias
1927 1601 2061 1672 ejus,

451 1702 503 1746 et
533 1690 764 1759 sabbata,
789 1702 835 1745 et
854 1693 1142 1748 neomenias
1173 1694 1302 1767 ejus,
1328 1702 1374 1748 et
1400 1711 1572 1748 omnes
1599 1694 1909 1767 frequentias
1933 1697 2063 1764 eius.

2167 483 2543 554 portendentia
2567 501 2580 537 :
2606 486 2714 539 haec
2730 492 2849 538 sunt
2878 483 3013 538 enim
3035 482 3135 538 duo
3157 488 3477 549 testamenta,
3501 480 3616 537 sive
3646 478 3769 536 dum

2164 576 2522 639 ostensiones,
2549 574 2689 631 sicut
2714 575 3015 631 invenimus
3043 575 3451 645 interpretatum
3485 588 3685 627 :ttnum
3733 590 3767 627 a

2165 679 2334 724 monte
2378 668 2510 725 Sina
2534 708 2549 732 ,
2595 669 2648 722 in
2710 684 3024 740 synagogam
3080 665 3385 722 Judteorunt
3413 707 3430 732 ,
3487 666 3766 722 secundum

2167 763 2367 833 legem,
2395 778 2642 832 generans
2685 763 2740 815 in
2769 762 3095 828 servitutem;
3150 760 3293 815 aliud
3333 758 3417 833 (7)
3464 774 3630 831 super
3652 774 3767 815 om-

2168 869 2292 909 nem
2326 853 2684 926 principatum
2707 895 2721 919 ,
2745 869 2992 925 gener-aiis
3019 853 3126 908 vim
3154 894 3169 916 ,
3216 851 3642 908 dominationem
3672 892 3686 916 ,
3713 857 3768 906 ct

2165 961 2327 1002 omne
2372 962 2569 1002 nomen
2609 945 2753 1018 quod
2807 946 3153 1014 nominatur,
3201 957 3308 999 non
3342 951 3547 999 tantum
3588 942 3767 999 inhoc

2165 1053 2303 1104 sevo,
2333 1037 2426 1093 sed
2456 1037 2506 1093 in
2537 1036 2718 1093 futuro
2743 1055 2757 1103 ;
2781 1054 2893 1103 qua:
2912 1047 2986 1092 est
3012 1047 3175 1091 mater
3199 1046 3397 1102 nostra,
3420 1036 3473 1090 in
3495 1049 3654 1106 quam
3678 1050 3766 1090 rc-

2167 1130 2516 1202 promisimus
2561 1142 2801 1185 Sanctam
2857 1129 3203 1196 Ecclesiam;
3251 1128 3481 1199 ideoque
3536 1126 3763 1197 adjicit:

2168 1223 2390 1297 Propter
2426 1226 2580 1295 quod,
2606 1226 2813 1297 fratres,
2845 1241 2947 1280 non
2976 1240 3149 1279 sumus
3169 1222 3376 1279 ancilla:
3400 1222 3498 1293 ﬁlii
3529 1264 3545 1290 ,
3577 1222 3667 1276 sed
3696 1220 3765 1275 li-

2167 1317 2318 1376 berte.
2352 1318 2549 1389 Utique
2583 1317 2946 1373 manifestavit
2964 1325 3020 1373 et
3063 1314 3443 1373 christianismi
3486 1313 3767 1385 generosi-

2169 1420 2330 1466 tatem
2354 1411 2409 1466 in
2436 1411 2551 1466 tilio
2579 1410 2808 1466 Abrahae
2838 1426 2903 1466 ex
2930 1409 3098 1466 libera
3126 1416 3251 1464 nato
3281 1407 3547 1479 allegoria:
3596 1406 3781 1465 babe-.

2168 1519 2227 1560 re
2252 1514 2671 1568 sacramentum,
2731 1503 2870 1558 sicut
2900 1511 2955 1558 et
2977 1501 3232 1572 judaismi
3274 1501 3586 1557 servitutem
3616 1500 3766 1569 lega-

2168 1595 2274 1652 lcm
2303 1596 2356 1650 in
2378 1594 2709 1650 ﬁlioaneilla:
2738 1611 2754 1661 ;
2790 1594 3036 1666 atqueita
3054 1593 3172 1664 ejus
3215 1592 3308 1649 Dei
3329 1606 3450 1648 esse
3484 1599 3766 1663 utramque

2167 1689 2602 1760 diSpositionem,
2658 1688 2799 1761 apud
2816 1704 2976 1761 quem
3001 1688 3305 1744 invenimus
3332 1686 3612 1757 utriusque
3655 1685 3766 1741 dis-

451 1782 590 1853 Quae
611 1783 1884 1858 ipseconStitiierat,inquis,erasit?Magisquam
1900 1787 2059 1843 alius:
2092 1793 2140 1854 Β
2170 1782 2451 1854 positionis
2481 1782 2892 1839 delineationem
2945 1782 3050 1856 (8).
3097 1781 3277 1854 Ipsum
3326 1780 3470 1853 quod
3500 1780 3576 1835 ait
3604 1782 3622 1849 ,
3653 1778 3766 1848 Qua

450 1884 551 1930 aut
568 1875 650 1947 (5)
675 1875 720 1930 si
735 1875 895 1941 alius,
919 1891 1048 1948 ergo
1068 1876 1156 1933 ille
1182 1872 1391 1948 adjuvit
1419 1878 1743 1934 sententiam
1759 1877 2053 1948 Creatoris,

449 1966 713 2024 auferens
729 1983 847 2040 qua:
877 1979 931 2024 et
953 1969 1045 2024 ille
1091 1969 1461 2026 damnaverat.
1492 1968 1598 2027 Sed
1654 1986 1760 2026 non
1794 1970 1953 2041 hujus
1978 1971 2059 2027 lo-

444 2061 503 2115 ci
536 2063 785 2131 qumstio,
816 2076 914 2117 cur
938 2061 1088 2134 leges
1118 2078 1243 2119 suas
1270 2063 1494 2119 Creator
1522 2062 1820 2136 infregerit.
1849 2063 2058 2121 Sufﬁcit

451 2154 987 2225 quodinl'racturum
1034 2156 1409 2227 probavimus,
1440 2157 1870 2215 iitconl‘irmetur
1924 2157 2057 2215 nihil

441 2246 784 2316 Apostolum
835 2247 1093 2303 adversus
1120 2248 1434 2307 Creatorem
1463 2244 1856 2307 determinasse
1884 2292 1899 2317 ,
1933 2267 2054 2306 cum

442 2346 509 2393 ct
537 2339 655 2409 ipsa
707 2339 947 2394 amolitio
981 2339 1066 2412 (ξ)
1092 2332 1250 2412 Legis
1277 2356 1307 2397 a
1349 2342 1607 2399 Creatore
1637 2343 1727 2399 sit.
1759 2342 1864 2399 Sed
1895 2352 1950 2398 ut
1974 2342 2055 2417 (5)

437 2429 664 2486 furibus
692 2431 833 2487 solet
856 2432 1055 2504 aliquid
1075 2432 1326 2489 excidere
1350 2434 1418 2490 de
1450 2434 1626 2506 praeda
1660 2436 1712 2491 in
1745 2436 2001 2492 indicium
2035 2479 2052 2506 ,

438 2522 524 2578 ita
548 2523 719 2580 credo
748 2532 804 2580 et
830 2524 1156 2582 Marcionem
1185 2527 1531 2583 novissimam
1561 2529 1794 2586 Abrahie
1823 2530 2055 2586 mentio-

433 2630 575 2672 nem
605 2615 984 2688 dereliqulsse.
1014 2617 1219 2674 nullam
1251 2618 1422 2691 magis
1452 2619 1826 2688 auferendam,
1853 2623 1956 2678 etsi
1987 2638 2055 2679 ex

430 2716 604 2781 parte
627 2708 894 2764 convertit
936 2707 1043 2783 (6).
1091 2708 1149 2766 Si
1188 2714 1331 2767 enim
1384 2710 1648 2768 Abraham
1687 2712 1815 2768 duos
1872 2713 2055 2769 liberos

451 2800 642 2856 habuit
666 2844 683 2868 ,
703 2818 859 2856 unum
884 2819 947 2858 ex
967 2803 1157 2859 ancilla
1176 2846 1192 2870 ,
1215 2814 1262 2859 et
1292 2804 1450 2859 alium
1493 2821 1557 2860 ea:
1613 2805 1768 2861 libera
1798 2807 1928 2862 :sed
1970 2806 2056 2878 qui

2163 1878 2392 1933 libarlate
2429 1877 2659 1933 Christus
2696 1893 2789 1932 nos
2815 1875 3147 1943 manumisit,
3183 1888 3362 1931 nonne
3394 1888 3516 1929 eum
3561 1872 3766 1928 consti-

2129 1971 2137 1979 '
2164 1971 2264 2027 tuit
2292 1974 2737 2041 manumissorem
2768 2012 2781 2035 ,
2827 1970 2917 2041 qui
2967 1968 3065 2025 fuit
3097 1968 3353 2023 Dominus
3379 1967 3402 2021 ?
3434 1965 3512 2040 (b)
3543 1965 3763 2021 Alienus

2163 2064 2307 2120 enim
2336 2077 2604 2119 servosne
2619 2061 2788 2120 Galba
2827 2063 3042 2134 quidem
3075 2060 3156 2134 (9)
3200 2060 3534 2123 manumisit,
3558 2057 3766 2115 facilius

2162 2155 2361 2211 liberos
2394 2156 2689 2210 soluturus.
2715 2155 2798 2211 Ab
2829 2169 2895 2211 eo
2927 2154 3086 2225 igitur
3130 2151 3474 2225 praestabitur
3495 2151 3716 2207 libertas
3745 2193 3761 2217 ,

2161 2248 2301 2320 apud
2325 2264 2481 2320 quem
2506 2247 2601 2304 fuit
2630 2247 2857 2303 servitus
2888 2246 3040 2319 legis.
3071 2245 3141 2301 Et
3173 2245 3386 2302 merito.
3421 2242 3494 2317 (c)
3533 2243 3650 2299 Non
3680 2243 3768 2298 de-

2161 2257 2301 2320 apttd
2325 2264 2481 2320 quem
2506 2257 2601 2304 luit
2630 2257 2857 2303 servitus
2889 2257 3040 2319 legis.
3071 2257 3141 2301 Et
3173 2257 3386 2302 merito.
3421 2257 3494 2317 (ο)
3533 2257 3650 2299 t‘ton
3680 2257 3768 2298 ite-

2159 2342 2316 2398 cebat
2336 2342 2699 2397 manumissos
2720 2353 2906 2395 rursus
2935 2338 3064 2409 jugo
3102 2337 3377 2393 servitutis
3401 2377 3415 2401 ,
3457 2336 3508 2391 id
3535 2343 3619 2393 est
3641 2377 3658 2403 ,
3683 2257 3801 2433 le-E

2157 2433 2238 2504 gis
2265 2433 2547 2504 adstringi,
2571 2433 2683 2503 jam
2712 2431 2923 2487 Psalmo
2949 2429 3070 2504 (Ps.
3098 2429 3164 2501 ll)
3194 2429 3519 2501 adimpleto:
3555 2428 3765 2483 Dirum-

2157 2542 2341 2597 pamus
2368 2524 2570 2580 uincula
2592 2541 2767 2579 eorum
2792 2566 2807 2589 ,
2840 2532 2887 2578 et
2911 2522 3217 2593 abjiciamus
3257 2538 3289 2576 a
3316 2521 3458 2576 nobis
3478 2521 3662 2593 jugum
3685 2522 3765 2594 ip-

2157 2634 2371 2685 sorum;
2413 2626 2695 2689 postquam
2721 2615 2987 2671 are/iantes
3007 2615 3297 2687 congregati
3335 2622 3451 2669 sunt
3499 2615 3755 2677 in,ununi

2161 2711 2403 2767 adversus
2430 2711 2741 2777 Dominum,
2789 2719 2836 2764 et
2876 2709 3119 2764 adversus
3158 2705 3417 2764 Christum
3467 2707 3649 2778 ipsius.
3684 2708 3759 2763 De

2161 2804 2419 2859 servitute
2441 2802 2605 2873 igitur
2657 2812 2959 2872 exemptos,
3024 2801 3193 2870 ipsam
3249 2798 3526 2854 servitutis
3576 2810 3760 2857 notam

437 2910 516 2950 ea:
537 2893 738 2949 ancilla
762 2934 779 2960 ,
809 2895 1085 2951 carnaliter
1111 2903 1260 2951 natus
1279 2905 1396 2963 est;
1423 2897 1509 2969 qui
1532 2912 1649 2953 vero
1678 2913 1742 2953 ea:
1762 2898 1940 2965 libera,
1973 2914 2063 2969 per
2089 2887 2134 2950 C
2167 2894 2389 2953 eradere
2403 2895 2777 2967 perseverabat
2811 2934 2827 2962 ,
2862 2891 3362 2961 circumcisionem;
3404 2907 3471 2948 cx
3501 2891 3759 2966 praedica-

1670 3013 2058 3073 LECTIONES
2095 3009 2512 3069 VARIANTES.

608 3127 1017 3193 nggillatlllten.
1037 3128 1191 3193 Sami.
1215 3128 1414 3193 oua-iii.
1495 3109 1505 3116 “

604 3190 855 3243 Adorabor
877 3190 1029 3245 Rhea.
1056 3191 1211 3247 Seml.
1240 3191 1433 3248 Obertli.

611 3253 676 3302 At
698 3256 822 3304 Par.

600 3317 817 3367 Abolitio
836 3315 907 3369 al.

606 3378 669 3431 Et
689 3380 813 3431 Par.

530 3129 550 3180 l

526 3190 561 3240 2

525 3255 561 3303 5

527 3318 557 3366 ι

524 3378 560 3428 3

563 3125 587 3444 ἐ

2233 3183 2284 3240 7i
2309 3191 2472 3239 Alium
2498 3186 2649 3240 Rhea.
2671 3184 2824 3239 Seml.
2855 3184 3017 3238 Oberl.
3041 3183 3253 3235 alterum
3280 3184 3384 3236 Lat.

2230 3246 2282 3303 8i
2308 3251 2697 3302 Delineationem
2721 3253 2861 3300 Pam.
2879 3246 3256 3303 declinationem
3269 3253 3384 3298 Jun.

2231 3127 2262 3177 6
2304 3126 2558 3180 Converrit
2581 3126 2685 3176 Lat.

2233 3191 2259 3240 7
2309 3191 2472 3239 Alium
2498 3186 2685 3240 Rhein:

2231 3126 2284 3318 ξιξ
2306 3251 2685 3318 pelineationeu

2231 3127 2262 3177 6
2304 3127 2558 3180 Converrit
2581 3127 2685 3176 Lat.

2233 3191 2259 3240 7
2309 3191 2472 3239 Alium
2498 3186 2649 3240 Rhea.
2671 3184 2824 3239 Seml.
2855 3184 3017 3238 Oberl.
3041 3183 3074 3234 aT

2230 3254 2260 3301 8
2308 3251 2697 3302 Delineationem
2721 3253 2861 3300 Pam.
2879 3246 3074 3302 declinat

2230 3315 2263 3367 9
2267 3324 2282 3382 j
2305 3314 2410 3367 Nec
2429 3313 2574 3380 galba
2594 3321 2709 3364 Jun.
2730 3310 2833 3364 sine
2855 3310 3074 3375 quidem.

1815 3463 2380 3527 COMMENTARIUS.

508 3571 595 3651 (η)
629 3571 806 3631 Canas
839 3592 1018 3651 puras.
1047 3576 1392 3651 Parascevas.
1423 3584 1470 3637 ιν
1496 3590 1557 3650 τῇ
1581 3585 1812 3651 inagro-iv
1838 3588 2043 3650 ἡμερῶν.

423 3642 531 3701 εἰό
555 3642 936 3718 interpretatur
968 3647 1222 3723 Ireumus,
1245 3648 1340 3705 lib.
1364 3649 1406 3719 Ι,
1428 3642 1549 3723 cap.
1579 3642 1908 3721 10,'Gloss:e,
1924 3642 2046 3709 Cte-

424 3730 502 3772 na
540 3731 697 3787 pura,
730 3726 1072 3788 προσάϐϐατον.
1100 3718 1222 3776 th.

348 3814 485 3879 *βω
501 3788 609 3879 ψ).
621 3788 826 3879 alienos
852 3791 1169 3879 enimsarvos
1190 3808 1255 3847 ne
1281 3791 1464 3879 Galba
1478 3792 1680 3863 quidem
1721 3795 2040 3879 manumisit.

331 3858 385 3943 ιξ
424 3858 530 3941 Sic
576 3858 805 3943 Omnia?
851 3862 1034 3943 legunt
1065 3863 1451 3943 exemplaria,
1490 3858 1689 3943 neque
1728 3866 2042 3943 mutandum

427 3931 748 4002 quicquam.
774 3931 828 3987 In
857 3931 924 3988 ea
937 3933 1042 3997 [uit
1065 3931 1256 3992 haeresi
1282 3934 1536 4002 Marcion,
1555 3931 1613 3991 ut
1640 3935 1841 3991 diceret
1862 3936 2044 3994 Chris-

428 4011 552 4075 tum
586 4018 691 4075 non
739 4003 1103 4075 essegFilium
1132 4005 1225 4061 Dei
1255 4005 1560 4075 Creatoris;
1590 4006 1859 4075 aliumque
1913 4022 2035 4065 esse

426 4072 610 4148 [lenm
642 4072 852 4148 Veteris
868 4073 1216 4148 Testameuti,
1246 4077 1360 4131 sive
1378 4072 1557 4148 Legis,
1585 4078 1746 4133 alium
1774 4072 2035 4136 Novisive

364 4204 369 4215 ,
428 4144 740 4218 Evangelii.
774 4146 938 4218 Deum
959 4147 1118 4218 Legis
1133 4162 1255 4203 esse
1274 4144 1608 4214 Creatorem,
1640 4159 1842 4205 trucem
1859 4161 1914 4204 et
1939 4166 2031 4207 sa:-

427 4230 565 4289 vuni
596 4233 612 4281 ;
640 4216 917 4286 Evangelii
944 4216 1073 4274 vero
1115 4219 1301 4289 Deum,
1332 4220 1465 4275 nihil
1495 4234 1747 4286 creasse;
1796 4230 2029 4278 tantum-

426 4284 614 4374 modo
633 4302 754 4343 esse
776 4284 970 4342 bonum
995 4300 1047 4343 et
1075 4284 1595 4374 indulgentissimum
1619 4333 1635 4360 ,
1688 4284 1914 4374 .qlll-‘IIQS
1933 4309 2027 4363 per

424 4357 708 4435 Christum
733 4373 890 4435 stium
920 4361 1204 4415 truculenti
1227 4357 1374 4435 ii_lius
1398 4377 1467 4435 ac
1493 4357 1753 4435 tyrannici
1774 4363 1870 4435 Dei
1894 4357 2024 4435 jugo

427 4429 702 4505 liberarit.
725 4430 880 4505 lianc
909 4435 1225 4487 sententiam
1249 4429 1611 4489 Tertullianus
1635 4434 1816 4505 multis
1854 4429 2018 4505 argu-

2148 3582 2522 3640 Serviebamus
2534 3582 2673 3653 apud
2690 3580 2999 3638 Creatorem
3017 3596 3031 3636 :
3048 3578 3287 3649 oportuit
3306 3592 3436 3650 ergo
3448 3579 3743 3636 manumis-

2149 3668 2369 3710 sorcma
2400 3653 2654 3711 Creatore
2680 3653 2910 3709 venisse.
2962 3653 3179 3708 Alienus
3222 3653 3366 3708 enim
3408 3666 3593 3707 servos
3649 3653 3741 3721 qui

2149 3727 2510 3792 manumittit,
2534 3727 2662 3781 nihil
2696 3725 2822 3795 agit.
2852 3723 2948 3779 llic
2973 3738 3102 3778 vero
3151 3738 3300 3777 more
3325 3739 3425 3777 suo
3450 3721 3740 3778 Tertullia-

2149 3814 2249 3853 nus
2272 3798 2469 3867 aliquid
2500 3798 2626 3851 salis
2652 3795 2940 3866 adspergit.
2992 3795 3196 3849 Alienas
3224 3797 3359 3867 enim
3398 3810 3569 3867 servos
3594 3835 3606 3856 ,
3653 3795 3738 3848 iii-

2157 3871 2292 3939 quit,
2325 3865 2390 3924 rie
2421 3868 2585 3923 Galba
2612 3868 2815 3939 quidem
2826 3865 3143 3939 _manuiiit'sit
3166 3865 3627 3939 Lfaciliusliberos
3653 3881 3739 3918 so-

2148 3916 3139 4006 natiiis:magis(satiassatias;
3165 3916 3732 4006 Tiniiqiiiiliiiiiﬁiic-
3762 3916 3789 3968 ⁷

2149 4019 2317 4065 torem
2347 4011 2444 4067 sibi
2474 4010 2829 4074 familiarem,
2864 4023 2963 4062 nec
3019 4006 3183 4063 semel
3211 4008 3307 4061 abs
3365 4022 3424 4061 se
3465 4006 3685 4061 citatum
3713 4048 3729 4075 ,

2141 4082 2343 4136 caedem
2374 4081 2600 4137 Neronis
2630 4089 2832 4136 tantum
2863 4078 3112 4149 gaudium
3142 4078 3351 4150 publice
3388 4077 3684 4150 praebuisse
3714 4120 3728 4142 .

2135 4163 2195 4209 ut
2227 4154 2376 4222 plebs
2404 4155 2596 4223 pileata
2624 4162 2732 4206 tota
2758 4148 2888 4205 urbe
2920 4148 3271 4223 discurreret,
3321 4149 3471 4223 quasi
3503 4148 3728 4205 liberata

2134 4220 2272 4279 tristi
2302 4220 2574 4280 servitutis
2595 4224 2723 4295 jiigo
2749 4240 2762 4277 :
2793 4223 3017 4295 Galbam
3046 4236 3173 4295 vero
3201 4220 3426 4295 Neronis
3450 4234 3729 4295 successus

2128 4310 2242 4350 rem
2273 4296 2387 4351 hinc
2405 4297 2485 4352 sui
2511 4292 2835 4367 principatus
2857 4292 3552 4367 auspicia_sumpsisse.‘cum
3575 4292 3724 4361 quasi

2131 4362 2541 4422 manumissioni
2572 4362 2858 4421 vacaturus
2886 4362 3116 4420 tribunal
3165 4362 3567 4418 conscendisset
3599 4405 3612 4421 .
3661 4378 3724 4418 ac

2127 4439 2422 4508 propositis
2449 4447 2575 4493 ante
2605 4453 2663 4492 se
2690 4438 3059 4491 damnatorum
3079 4435 3485 4503 occisorumque
3504 4450 3531 4485 a
3558 4432 3724 4508 Nero-

427 4501 633 4588 iiient'i‘s
657 4501 1064 4588 refellithatque
1087 4504 1360 4588 hoe_intfr_
1386 4514 1579 4588 caetera
1605 4547 1621 4572 ,
1647 4504 1812 4587 quod.
1832 4501 2018 4562 Cliris-
2051 4526 2105 4588 D
2128 4501 2200 4588 ne
2226 4501 2383 4578 quam
2418 4509 2657 4588 plurimis
2685 4508 3010 4588 imaginibus
3029 4515 3327 4588 temporum
3381 4501 3579 4588 statum
3621 4503 3721 4586 de-

429 4570 547 4625 tuin
573 4570 803 4639 Paulus,
860 4570 1096 4642 Epistula
1141 4574 1209 4630 ad
1266 4573 1525 4641 Galatas,
1579 4570 2025 4635 manumissorein

426 4651 676 4717 nostrum
708 4658 829 4717 esse
856 4644 1233 4717 _dicat.Quam
1292 4645 1583 4716 Epistolam
1639 4646 2023 4717 nectMarcion

424 4714 909 4788 quidemaejecit.
939 4714 1089 4788 Alnde
1131 4729 1308 4773 autem
1341 4714 1644 4773 necessario
1693 4714 1888 4788 sellltit
1926 4734 2045 4776 nos.

423 4784 723 4858 aliquando
745 4784 909 4842 fuisse
935 4786 989 4841 iu
1013 4788 1270 4843 servitute
1313 4789 1452 4858 apud
1483 4789 1631 4843 illum
1664 4784 1829 4843 Deu‘m
1857 4787 2022 4845 Crea-

424 4854 628 4920 torem,
653 4854 1038 4928 Christumque
1061 4873 1182 4915 esse
1209 4859 1303 4914 Dei
1326 4854 1751 4917 illiusCreatoris
1778 4859 1971 4917 Filiiim
2002 4881 2014 4918 :

420 4928 808 5004 cumiiecdici
841 4943 941 4984 nec
967 4944 1086 5004 esse
1133 4931 1726 5004 possitginanumissor,
1780 4932 1883 4988 nisi
1919 4936 2020 5004 qui

419 4998 530 5053 fuit
560 4998 852 5073 Dominus;
884 5015 984 5073 nec
1012 5002 1253 5066 libertus,
1281 5001 1385 5056 nisi
1438 5003 1545 5073 qui
1560 5001 1760 5073 justam
1790 4998 2018 5061 servitu-

421 5076 540 5144 tem
568 5070 793 5144 ser_viv_it
822 5071 961 5144 apud
992 5070 1471 5128 manumissorem.‘
1506 5070 1614 5128 Nos
1648 5075 1842 5144 igitur,
1871 5076 2015 5144 quod

421 5139 885 5213 gadeuiEpistola
908 5143 1085 5210 docet,
1112 5158 1295 5199 servos
1345 5139 1859 5213 aliquamdiu'tuisse
1888 5139 2014 5202 'sub

419 5210 808 5284 LegerYeteris
829 5212 1152 5270 Testamenti
1179 5231 1193 5281 ;
1228 5224 1411 5284 postea
1439 5210 1586 5271 'vero
1624 5215 1820 5272 Christi
1850 5215 2014 5273 bene-

2133 4575 2343 4649 plor'ai'e
2372 4575 2625 4650 erupisset
2657 4598 2671 4646 ;
2703 4581 2754 4634 iii
2783 4575 2953 4650 coque
2977 4576 3182 4650 habitu
3207 4578 3320 4631 sive
3345 4585 3488 4642 actu,
3521 4575 3588 4650 ab
3617 4578 3723 4650 cir-

2130 4647 2520 4706 cumstantibus
2546 4647 2934 4706 consalutatum
2966 4648 3129 4704 fuisse
3168 4647 3571 4716 Imperatorem.
3631 4648 3722 4704 Ait

2129 4721 2292 4793 igitur
2316 4723 2699 4786 Tertullianus,
2735 4737 2801 4777 ne
2830 4721 3052 4778 Galbam
3082 4719 3319 4793 quidem,
3350 4733 3620 4793 ea_rerum
3645 4720 3721 4793 fa-

2127 4789 2212 4848 cie
2236 4835 2251 4859 ,
2280 4808 2465 4849 servos
2495 4796 2702 4850 alienos
2730 4793 3125 4848 manumisisse.
3157 4790 3354 4855 Addit,
3394 4789 3622 4845 Facilius
3649 4792 3718 4845 li-

2125 4863 2268 4921 beros
2293 4867 2599 4930 soluturum,
2630 4866 2830 4920 reddita
2848 4865 3096 4920 videlicet
3121 4861 3365 4918 libertate
3383 4862 3585 4917 civibus
3605 4861 3716 4917 Rn-

2124 4937 2299 4991 manis
2322 4979 2338 5005 ,
2362 4938 2449 5009 qui
2475 4937 2669 4993 laedam
2691 4936 2791 4991 sub
2814 4935 3030 4993 Nerone
3044 4934 3355 4995 servitutem
3371 4932 3713 5059 Iserviebant.

3422 5019 3495 5059 io.

3422 5019 3495 5060 lC.

2196 5078 2274 5151 (c)
2298 5078 2420 5135 Non
2472 5079 2678 5135 decebat
2700 5079 3039 5151 manumissos
3062 5076 3396 5151 rursusjugo
3435 5074 3707 5151 seruitutis.

2120 5144 2295 5205 Verba
2348 5153 2460 5206 haec
2508 5167 2575 5206 ex
2625 5165 2676 5205 c.
2743 5149 2804 5216 V,
2869 5149 2936 5203 ad
2980 5147 3194 5207 Galatas
3241 5144 3406 5216 juxta,
3447 5144 3712 5201 editiones

2117 5234 2305 5275 omnes
2330 5221 2610 5292 desumpta
2641 5215 2794 5274 sunt.
2838 5220 2999 5292 Atqui
3058 5225 3201 5292 recte
3250 5215 3500 5292 adstringi
3552 5217 3712 5292 vertit

418 5281 552 5365 licio
580 5283 835 5365 liberatos
858 5300 924 5365 ea
936 5289 1203 5365 servitute
1230 5281 1409 5365 Legis,
1446 5302 1547 5365 nec
1568 5286 1676 5357 jam
1701 5288 1827 5365 “sub
1869 5287 2011 5365 l_.ege
2036 5345 2039 5348 ,
2115 5293 2255 5362 quod
2268 5308 2440 5365 graece
2468 5281 2548 5348 esi.
2571 5296 2832 5365 ίνεχισοριι,
2855 5281 2940 5365 Ibi"
2958 5298 3137 5365 autem
3158 5288 3321 5354 ipsam
3340 5281 3592 5365 seruitutis
3611 5304 3712 5365 ne:

590 5354 907 5433 verunlsub
934 5356 1242 5433 Evangelia.
1272 5353 1475 5429 Itaque,
1503 5353 1586 5433 sic
1633 5353 1832 5433 colligit
1873 5353 2008 5417 Ter-

420 5420 690 5501 tullianns
707 5443 724 5482 :
754 5424 813 5482 Si
833 5420 1277 5501 manuinis'sorem
1308 5420 1653 5500 agnoscimus
1699 5420 1968 5501 Christum
2000 5474 2020 5501 ,

416 5497 733 5571 necessario
746 5512 1040 5571 agnoscere
1052 5500 1310 5571 debemus
1326 5497 1570 5571 eumdem
1592 5516 1711 5557 esse
1749 5497 2017 5558 Christum

414 5566 696 5643 creaturis
712 5564 895 5638 illius,
919 5571 1069 5643 cujus
1121 5569 1219 5627 fuit
1259 5570 1457 5643 ea_Lex
1489 5587 1590 5643 qua
1621 5573 1777 5628 soluti
1806 5586 2014 5642 sumus,

564 5646 618 5695 tit
641 5636 908 5697 libertate.
940 5636 1149 5699 Etenim
1191 5643 1292 5698 nisi
1323 5636 1568 5700 Christus
1601 5653 1747 5700 esset
1789 5636 2014 5700 Creatol

424 5708 671 5793 ilignea
705 5708 831 5793 ξυνα
859 5712 1033 5793 ii_os_"ea
1063 5713 1325 5770 servitute
1351 5714 1651 5793 liberasset,
1682 5729 1840 5793 quam
1890 5730 2011 5793 ser-

755 5782 896 5855 apud
936 5788 1245 5845 Creatorem
1267 5826 1283 5854 ,
1338 5788 1439 5844 sub
1466 5787 1608 5843 illius
1635 5780 1767 5856 legis
1793 5784 2007 5844 duritia.

2112 5354 2220 5416 iam
2252 5354 2458 5418 eradere
2484 5354 2828 5434 perseuerabat
2845 5359 3282 5434 circuiiicisionein
3305 5397 3321 5422 ,
3343 5354 3533 5434 alludit
3656 5359 3708 5415 id

2123 5434 2262 5504 quod
2289 5426 2528 5504 sequitur
2556 5433 2750 5504 ibidem
2784 5451 2797 5487 :
2829 5431 3075 5504 Ecceego
3107 5426 3312 5504 Paulus
3353 5426 3484 5504 ilico
3520 5428 3658 5504 vobis
3688 5471 3703 5496 ,

2120 5497 2429 5575 quoniam-si
2456 5503 2893 5575 circuiitcidamfni
2916 5497 3338 5575 [Christusvobis
3355 5498 3485 5575 nihil
3523 5500 3706 5575 prode-

2119 5568 2185 5629 rit
2208 5619 2224 5644 ,
2253 5587 2357 5631 etc.
2389 5592 2557 5647 usque
2584 5575 2649 5629 ad
2674 5576 2815 5629 vers.
2851 5574 2903 5627 6.
2937 5569 3263 5647 Epiphanius
3288 5568 3474 5647 ,‘quod
3502 5578 3588 5647 est
3617 5570 3698 5626 iii-

2122 5638 2434 5703 lerniedinm
2469 5638 2486 5700 ἔ
2515 5647 2689 5701 Testor
2710 5657 2874 5701 autem
2900 5638 3096 5708 rursus,
3127 5640 3263 5709 quod
3303 5638 3451 5692 homo
3480 5640 3701 5694 circum-

2117 5719 2252 5773 cisus
2303 5718 2498 5773 debitor
2526 5728 2596 5773 est
2639 5728 2689 5770 ut
2719 5726 2874 5770 totum
2927 5716 3107 5785 legitur
3139 5710 3364 5785 (inpleat,
3390 5709 3608 5769 adducit
3646 5714 3702 5771 in

2115 5789 2433 5849 Marcionem
2460 5789 2662 5846 contui.
2686 5789 2742 5857 '5,
2765 5802 2832 5843 ex
2852 5787 2953 5861 Ep.
2974 5780 3041 5840 ad
3069 5780 3188 5839 Gal.
3214 5780 3510 5837 PAHELIUS.
