4020 6286
1554 144 1607 169 Ὦ

362 322 473 385 481

1511 315 1638 373 LIB.
1675 316 1714 382 γ
1752 310 2119 400 ADVERSUS
2153 311 2577 370 MARCIONEM.

3574 304 3681 363 483

362 441 607 495 virtutem
626 445 798 493 autem
828 445 874 493 et
900 432 1338 508 sapientiamDei,
1371 433 1587 491 salutem
1615 433 1978 490 consecuturis.
2009 432 2057 493 Α
2087 430 2249 486 etiam
2290 429 2433 500 quod
2475 425 2786 485 scandalum
2834 424 3034 482 Judzeis
3079 424 3335 497 praedicat
3377 422 3680 489 Christum,

367 531 443 587 Et
462 540 529 587 ut
546 529 862 586 Ostenderet
882 529 1022 585 unde
1049 528 1152 585 hoc
1170 526 1431 592 eveniret,
1464 525 1650 596 adjicit
1691 523 1772 597 (l)
1795 541 1809 578 :
1831 522 1976 580 Scri-

365 630 516 694 ptum
540 631 617 677 est
641 621 777 675 enim
800 636 820 675 :
845 619 1071 675 Perdant
1100 618 1401 691 sapientiam
1422 618 1750 688 sapientium,
1784 626 1828 671 et
1856 631 1979 687 pru-

368 712 603 770 dentiam
628 712 955 785 prudentium
984 712 1182 766 irritam
1202 711 1415 783 faciam.
1437 709 1495 766 Si
1543 709 1658 765 hmc
1701 706 1979 765 Creatoris

368 816 521 874 sunt,
549 815 605 863 et
632 821 753 877 qua:
784 805 869 877 (2)
896 805 962 859 ad
982 819 1226 860 caussam
1258 803 1433 859 crucis
1453 803 1721 875 pertinent
1741 799 1979 857 stultitia:

370 902 647 972 deputata:
679 901 789 971 ('5);
826 915 956 971 ergo
984 907 1039 955 et
1072 914 1234 965 crux,
1278 902 1460 967 et'pcr
1488 911 1703 952 erucem
1733 892 1981 949 Christus

353 993 445 1052 .ad
466 992 779 1048 Creatorem
808 989 1117 1061 pertinebit,
1160 1003 1191 1044 a
1220 1002 1326 1059 quo
1356 987 1702 1058 prrcdicatum
1733 992 1818 1041 est
1837 982 1981 1055 quod

268 2865 380 3062 ’Ξ

359 4201 382 4239 1

373 1083 446 1141 ad
473 1099 689 1140 crucem
721 1082 974 1154 pertinet.
1010 1083 1117 1136 Aut
1136 1079 1184 1136 si
1206 1078 1452 1146 Creator,
1484 1093 1587 1150 qua
1617 1076 1867 1141 tumulus,
1896 1073 1982 1130 id-

373 1178 526 1234 circo
573 1175 891 1247 sapientiam
937 1172 1178 1240 abstulit,
1230 1179 1287 1227 ut
1330 1185 1462 1227 crux
1510 1170 1732 1237 Christi,
1778 1168 1984 1225 scilicet

374 1269 697 1338 adversarii,
748 1266 973 1325 stultitia
1022 1267 1339 1338 deputetur;
1391 1274 1445 1322 et
1486 1262 1760 1336 quomodo
1805 1270 1984 1334 potest

375 1363 579 1436 aliquid
593 1363 662 1420 ad
681 1377 894 1420 crucem
911 1361 1111 1418 Christi
1129 1376 1232 1416 non
1249 1361 1329 1417 sui
1346 1358 1569 1416 Creator
1586 1357 1983 1431 pronuntiasse,

376 1472 539 1529 quem
580 1455 859 1528 ignorabat
896 1469 1021 1510 cum
1064 1452 1423 1524 prmdicabat?
1462 1450 1568 1509 Sed
1617 1459 1673 1507 et
1711 1465 1808 1506 cur
1846 1447 1986 1519 apud

378 1549 673 1606 Dominum
725 1547 1011 1619 optimum,
1060 1556 1117 1603 et
1158 1545 1393 1618 profusa:
1441 1542 1848 1609 misericordiae,
1898 1542 1987 1597 alii

377 1643 615 1701 salutem
653 1641 911 1709 referunt,
944 1639 1230 1696 credentes
1257 1653 1473 1695 crucem
1503 1638 1753 1693 virtutem
1801 1645 1855 1690 et
1898 1650 1987 1691 sa-

379 1733 642 1806 pientiam
673 1733 767 1788 Dei
807 1746 964 1798 esse;
997 1724 1093 1786 alii
1139 1730 1517 1801 perditionem,
1552 1729 1746 1801 quibus
1788 1727 1989 1784 Christi

2080 520 2419 592 prophetiam
2442 535 2604 591 super
2623 519 2714 574 illo
2743 518 3021 587 ronsignat
3039 517 3311 572 Creatoris
3336 516 3568 572 dicentis
3590 530 3685 586 per

2083 613 2293 669 Esaiam
2324 612 2446 687 (18.,
2476 609 2710 676 XXVIII,
2735 610 2826 681 15)
2851 627 2865 664 :
2895 608 3028 664 Ecce
3050 608 3196 680 posui
3225 609 3276 662 in
3311 607 3437 663 Sion
3464 605 3687 678 lapidem

2082 706 2409 776 oﬁ’cnsionis,
2468 716 2512 760 et
2570 715 2765 776 petram
2834 703 3067 759 scamtali
3100 717 3119 757 :
3152 710 3297 772 petra
3356 711 3534 757 autem
3593 700 3689 755 luit

2081 800 2350 868 Christus,
2383 802 2545 857 etiam
2572 799 2807 855 Marcion
2838 808 3040 854 servat.
3075 797 3212 867 Quid
3243 807 3325 854 est
3350 807 3527 854 autem
3554 796 3688 852 stul-

2086 904 2190 950 tum
2244 894 2337 948 Dei
2393 893 2674 963 sapientius
2722 890 3042 957 hominibus,
3100 890 3202 946 nisi
3256 905 3385 945 crux
3435 898 3490 946 et
3543 906 3690 947 mors

2084 985 2324 1042 Christi?
2366 984 2507 1053 Quid
2534 986 2797 1053 inﬁrmum
2827 982 2925 1038 Dei
2954 983 3138 1055 {artius
3164 983 3389 1051 homine,
3422 983 3523 1040 nisi
3550 984 3691 1039 nati-

2086 1081 2224 1136 vitas
2253 1087 2308 1136 et
2350 1095 2477 1135 caro
2508 1077 2640 1134 Dei?
2670 1077 2938 1133 Caeterum
2969 1077 3015 1131 si
3058 1091 3157 1132 nec
3196 1084 3353 1132 natus
3382 1091 3447 1132 ex
3486 1074 3694 1147 virgine

2087 1175 2354 1241 Christus,
2387 1188 2487 1228 nec
2525 1188 2688 1228 carne
2731 1179 3093 1238 constructus,
3128 1177 3203 1225 “ac
3237 1185 3330 1240 per
3376 1169 3477 1225 hoc
3520 1184 3695 1240 nequc

2088 1282 2328 1335 crucem,
2354 1280 2538 1336 tneque
2577 1273 2808 1320 mortem
2838 1279 2967 1319 vere
2998 1278 3286 1334 perpessus
3326 1271 3431 1330 est,
3463 1261 3598 1319 nihil
3640 1264 3694 1319 in

2091 1361 2183 1419 illo
2205 1362 2272 1417 sit
2293 1360 2371 1434 (6)
2399 1360 2620 1417 stultum
2642 1370 2693 1417 et
2718 1360 3009 1425 inﬁrmum;
3054 1375 3154 1414 nec
3197 1359 3307 1429 jam
3334 1359 3493 1413 stulta
3517 1358 3695 1413 mumli

2091 1452 2240 1526 elegit
2270 1453 2430 1518 Deus,
2464 1462 2518 1507 ut
2557 1452 2837 1525 confundat
2869 1451 3170 1522 sapientiam
3210 1449 3323 1524 (7);
3367 1465 3466 1505 nec
3490 1451 3699 1520 inﬁrma

2093 1547 2274 1601 mundi
2302 1547 2449 1619 elegit
2480 1546 2637 1614 Deus,
2668 1556 2722 1600 ut
2766 1546 3046 1618 confundat
3076 1545 3268 1617 fortia;
3295 1561 3394 1600 nec
3433 1546 3701 1602 inhonesta

2093 1648 2139 1695 et
2168 1638 2378 1693 minima
2407 1638 2902 1710 ct.rontemptibilia,
2931 1654 3045 1710 qua:
3071 1655 3170 1693 non
3197 1649 3334 1709 sunt,
3368 1640 3419 1696 id
3446 1649 3548 1708 cst,
3581 1656 3699 1713 quin

2095 1745 2201 1786 non
2239 1745 2370 1785 vero
2412 1738 2559 1797 sunt,
2612 1740 2665 1784 ut
2712 1729 2996 1799 confundat
3038 1746 3151 1799 quia
3191 1740 3329 1798 sunt,
3363 1730 3414 1786 id
3454 1741 3558 1797 est,
3584 1748 3701 1801 qua:

378 1842 516 1885 crux
548 1824 771 1881 stultitia
799 1831 1097 1896 reputatur,
1130 1822 1177 1877 si
1207 1839 1311 1878 non
1341 1822 1615 1877 Creatoris
1641 1830 1725 1880 est
1752 1820 1984 1891 aliquam
2016 1831 2064 1891 Β
2092 1838 2221 1878 vere
2237 1829 2385 1878 sunt.
2411 1821 2554 1877 Nihil
2581 1823 2723 1877 enim
2745 1837 2775 1876 a
2807 1822 2916 1877 Deo
2933 1821 3253 1892 dispositum
3275 1833 3357 1878 cst
3383 1821 3465 1895 (8)
3493 1831 3548 1879 et
3575 1840 3704 1881 vere

384 1928 441 1975 et
472 1918 652 1989 populi
682 1926 737 1972 ct
772 1916 992 1972 humani
1022 1915 1236 1987 generis
1262 1912 1523 1969 olfensam
1549 1912 1874 1968 detrimento
1903 1926 1994 1966 sa-

385 2008 608 2081 pientiae
652 2018 816 2079 atque
866 2006 1164 2078 prudentia:
1223 2005 1518 2060 multasse?
1563 2003 1675 2059 Iloc
1715 2002 1994 2073 sequentia

387 2100 811 2168 conﬁrmabant,
842 2114 966 2154 cum
1011 2098 1173 2154 dicit:
1211 2096 1400 2151 Nonne
1434 2096 1708 2168 infamavit
1739 2094 1879 2150 Deus
1906 2111 1994 2150 sa-

391 2192 640 2263 pientiai»
671 2191 850 2246 mundi
867 2192 894 2246 Ρ
917 2189 1160 2260 Cumque
1184 2198 1240 2245 et
1269 2187 1355 2243 hic
1379 2188 1586 2259 adjicit,
1613 2204 1814 2259 quare:
1850 2186 1995 2255 Quo-

393 2286 536 2341 niam
560 2286 615 2340 in
642 2283 740 2340 Dei
760 2283 1010 2355 sapientia
1031 2298 1132 2337 non
1159 2280 1407 2337 intellexit
1436 2281 1657 2336 mundus
1683 2298 1773 2352 per
1795 2282 2001 2351 sapien-

395 2377 524 2430 tiam
568 2374 737 2430 Deum
793 2373 895 2445 (4),
941 2372 1019 2444 (a)
1070 2372 1187 2427 boni
1225 2372 1369 2427 duxit
1420 2371 1559 2428 Deus
1601 2389 1690 2443 per
1733 2372 2000 2428 stultitiam

395 2465 779 2540 praedicationis
824 2462 991 2519 salvos
1036 2464 1205 2535 facere
1248 2463 1529 2519 credentes.
1575 2464 1681 2520 Sed
1739 2463 1887 2535 prius
1932 2463 2001 2520 de

396 2558 604 2615 nntndo
623 2557 956 2628 disceptabo,
991 2566 1258 2630 quatenus
1288 2556 1625 2612 subtilissimi
1657 2556 1893 2612 hazretici
1917 2556 2003 2613 hic

396 2651 489 2708 vel
518 2652 751 2706 maxime
779 2649 1037 2705 mundum
1064 2665 1161 2722 per
1192 2649 1480 2705 Dominum
1502 2649 1688 2705 mundi
1730 2651 2000 2721 interpre-

400 2751 614 2810 tantur;
645 2757 745 2799 nos
770 2750 949 2798 autem
982 2735 1255 2797 hominem
1283 2742 1373 2812 qui
1406 2741 1477 2796 sit
1506 2741 1557 2796 in
1586 2741 1786 2797 mundo
1811 2741 2005 2798 intelli—

399 2838 579 2910 gimus
645 2852 714 2892 ex
778 2834 947 2892 forma
1002 2834 1231 2906 simplici
1290 2834 1519 2907 loquelze
1576 2833 1846 2901 humana),
1901 2850 2004 2905 qua

402 2929 723 3000 plerumque
768 2926 822 2983 id
861 2927 1005 2998 quod
1047 2926 1307 2994 continet,
1358 2927 1604 2996 ponimus
1633 2942 1730 2996 pro
1764 2943 1829 2982 eo
1865 2925 2007 2999 quod

403 3020 735 3077 continetur.
758 3017 951 3075 Circus
979 3018 1232 3074 clamavit
1257 3026 1312 3074 et
1339 3017 1538 3073 Forum
1568 3018 1802 3074 locutum
1824 3027 1927 3085 est,
1955 3025 2010 3074 et

404 3112 639 3169 Basilica
667 3111 915 3177 tremuit;
942 3109 995 3166 id
1017 3118 1120 3178 est,
1149 3109 1241 3180 qui
1271 3109 1325 3165 in
1356 3108 1442 3164 his
1464 3109 1595 3167 locis
1627 3125 1737 3165 rem
1761 3117 2006 3180 egerunt.

2100 1913 2395 1982 modicum,
2430 1923 2483 1968 et
2511 1912 2764 1984 ignobile,
2793 1922 2848 1968 et
2872 1913 3301 1984 contemptibile,
3329 1914 3422 1970 sed
3454 1915 3597 1987 quod
3636 1916 3705 1971 ab

2102 2005 2352 2061 homine:
2393 2005 2532 2076 apud
2563 2006 2876 2061 Creatorem
2925 2015 3102 2061 autem
3153 2006 3314 2062 etiam
3346 2016 3528 2064 vetera
3576 2007 3704 2080 (9),

2099 2096 2370 2165 stultitim,
2404 2105 2458 2153 et
2488 2096 2808 2162 infirmitati,
2852 2104 2908 2153 ct
2938 2097 3289 2167 inhonestati,
3320 2108 3373 2155 et
3402 2100 3706 2173 pusillitali,

2101 2201 2156 2247 et
2199 2191 2530 2262 contemptui
2559 2190 2805 2263 deputari
2834 2200 3083 2262 possunt.
3116 2193 3250 2259 Quid
3300 2194 3535 2262 stultius,
3577 2196 3707 2266 quid

2102 2282 2390 2350 inlirmius,
2422 2298 2579 2354 quam
2611 2282 3002 2338 sacriliciorum
3043 2293 3412 2351 cruentorum,
3458 2296 3512 2342 et
3559 2285 3712 2344 holo-

2104 2383 2471 2432 cautomatutn
2504 2375 2893 2431 uidorosorum‘
2932 2391 2964 2431 a
2995 2376 3103 2432 Deo
3125 2378 3369 2434 exactio?
3394 2378 3533 2448 Quid
3561 2380 3711 2436 inlir-

2106 2467 2266 2535 mins,
2298 2482 2458 2539 quam
2487 2468 2827 2524 vasculorum
2848 2476 2904 2524 et
2930 2468 3274 2540 grabatorum
3299 2471 3416 2544 (10)
3447 2475 3713 2545 purgatio?

2106 2557 2242 2627 Quid
2283 2557 2642 2626 inhonestius,
2676 2575 2834 2631 quam
2865 2560 3044 2618 carnis
3074 2561 3186 2632 jam
3215 2563 3586 2622 erubescenlis
3611 2566 3715 2621 alia

2107 2643 2491 2709 dedecoratio?
2516 2652 2653 2721 Quid
2682 2663 2788 2711 tam
2811 2652 3037 2723 humile,
3061 2670 3219 2725 quam
3245 2656 3455 2713 talionis
3472 2658 3715 2714 indictio?

2108 2744 2245 2813 Quid
2297 2756 2405 2800 tam
2458 2746 2886 2817 contemptibile,
2937 2762 3098 2818 quam
3142 2748 3385 2806 ciborum
3429 2752 3716 2823 exceptio?

2109 2836 2330 2903 Totum,
2363 2837 2507 2908 quod
2546 2838 2733 2904 sciam,
2760 2838 2928 2894 Vetus
2954 2839 3356 2927 Testamentum
3397 2845 3573 2901 omnis
3604 2846 3717 2901 lue-
3745 2848 3808 2927 ξ’

2116 2928 2318 2984 rcticus
2348 2927 2560 2984 irridet.
2588 2928 2759 2984 Stulta
2784 2931 2927 2986 enim
2956 2932 3135 2986 mundi
3163 2933 3308 3005 elegit
3335 2933 3488 3002 Deus,
3523 2946 3576 2990 ut
3596 2953 3718 2993 con-

2112 3018 2298 3091 fundat
2346 3019 2651 3090 sapientiam
2703 3021 2843 3094 (Il).
2895 3022 3179 3080 Marcionis
3230 3026 3369 3082 Deus
3417 3026 3547 3083 nihil
3589 3029 3714 3085 tale.

2113 3109 2247 3177 Quia
2294 3126 2393 3166 nec
2424 3111 2705 3167 aemulatur
2750 3114 3017 3169 contraria
3048 3117 3335 3173 contrariis
3367 3118 3716 3191 redarguere,

406 3205 596 3276 Igitur,
629 3203 754 3274 quia
780 3204 964 3272 homo,
997 3219 1105 3259 non
1132 3202 1276 3259 Deus
1303 3203 1508 3269 mundi,
1538 3202 1590 3257 in
1611 3203 1872 3273 sapientia
1904 3218 2009 3258 non
2036 3226 2081 3287 ρ
2118 3218 2181 3257 ne
2208 3202 2452 3274 glorietur
2479 3204 2641 3260 onmis
2668 3221 2822 3273 caro;
2867 3217 2946 3273 ut,
2995 3208 3422 3279 quemadmodum
3470 3215 3720 3286 scriptum

406 3299 662 3374 cognovit
678 3299 865 3364 Deum,
890 3311 1049 3368 quem
1069 3310 1398 3366 cognoscere
1413 3295 1696 3361 debuerat,
1719 3304 1773 3351 et
1792 3295 2011 3351 Judaeus

408 3395 468 3449 in
493 3392 755 3465 sapientia
778 3390 1205 3460 Scripturarum,
1226 3397 1282 3445 et
1309 3389 1488 3445 omnis
1513 3403 1644 3461 gens
1671 3389 1722 3461 in
1747 3388 2009 3459 sapientia

408 3502 673 3559 operum:
713 3484 836 3541 ideo
878 3484 1022 3540 Deus
1066 3483 1229 3551 idem,
1262 3484 1349 3554 qui
1390 3483 1443 3539 in
1474 3483 1733 3554 sapientia
1760 3498 1856 3539 sua
1902 3499 2008 3540 non

409 3590 531 3638 erat
561 3579 773 3651 agnitus
797 3576 901 3649 (5),
924 3577 1111 3634 statuit
1135 3577 1449 3647 sapientiam
1481 3576 1757 3633 hominum
1785 3578 2013 3634 stultitia

409 3679 782 3744 repercutere,
829 3669 1008 3725 salvos
1048 3667 1297 3724 iaciendo
1338 3668 1623 3725 credentes
1668 3685 1911 3741 quosque
1959 3670 2012 3726 in

410 3766 634 3822 stultam
674 3763 848 3819 crucis
891 3759 1349 3831 praedicationem.
1381 3760 1633 3828 Quoniam
1665 3760 1837 3819 λιιάωὶ
1868 3763 2015 3835 signa

409 3860 724 3926 desiderant,
767 3858 859 3930 qui
896 3860 1009 3931 jam
1047 3857 1116 3914 de
1143 3858 1256 3915 Deo
1290 3855 1427 3913 certi
1453 3870 1573 3913 esse
1610 3855 1936 3923 debuerant;
1967 3865 2016 3914 et

414 3953 587 4012 Gnaei
606 3951 910 4024 sapientiam
937 3961 1209 4024 quierunt;
1234 3950 1323 4021 qui
1355 3963 1507 4005 suam
1528 3948 1753 4017 scilicet,
1787 3965 1895 4005 non
1920 3949 2011 4005 Dei

412 4043 736 4117 sapientiam
767 4044 985 4099 sistunt.
1024 4043 1319 4107 Craterum,
1346 4040 1393 4097 si
1424 4055 1594 4096 novus
1635 4041 1776 4096 Dens
1822 4042 2016 4111 prmdi—

411 4146 654 4203 caretur,
701 4135 826 4208 quid
872 4135 1207 4207 deliquerant
1244 4132 1416 4190 Judaei
1461 4133 1609 4205 signa
1647 4132 2017 4190 desiderantes

411 4230 613 4302 quibus
653 4228 979 4286 crederent?
1016 4236 1108 4284 aut
1149 4225 1324 4284 Gmci
1369 4226 1685 4296 sapientiam
1724 4235 2014 4295 sectantes,

413 4323 508 4380 cui
535 4322 707 4393 magis
745 4321 1061 4378 crederent?
1099 4322 1171 4376 ita
1215 4329 1269 4376 et
1295 4320 1654 4376 remuneratio
1694 4320 1807 4390 ipsa
1841 4322 1892 4376 in
1919 4321 2017 4377 Ju-

412 4416 571 4473 dteos
597 4423 656 4471 et
681 4414 920 4481 Griecos,
952 4424 1006 4470 et
1033 4414 1259 4469 zelotem
1296 4414 1459 4468 Deum
1491 4412 1774 4468 confirmat
1801 4422 1856 4468 ct
1878 4414 2018 4482 judi-

412 4520 564 4572 cem,
591 4506 683 4577 qui
709 4519 775 4561 ex
803 4504 1157 4561 retributione
1179 4503 1372 4559 aemula
1399 4511 1452 4559 et
1470 4502 1651 4573 judice
1678 4502 2020 4561 infatuaverit

2117 3303 2212 3361 est,
2245 3295 2333 3365 qui
2364 3294 2636 3367 gloriatur,
2664 3297 2716 3351 in
2750 3297 2964 3353 Domino
2989 3301 3253 3372 glorietur.
3279 3303 3338 3359 In
3363 3308 3508 3375 quo?
3538 3308 3722 3376 utique

2116 3387 2171 3442 in
2205 3401 2271 3442 eo
2301 3387 2391 3458 qui
2418 3390 2519 3444 hoc
2551 3391 2844 3462 prmcepit:
2879 3391 2982 3447 nisi
3013 3392 3240 3452 Creator
3264 3401 3539 3471 praecepit,
3573 3409 3630 3457 ut
3666 3403 3722 3458 in

2092 3479 2229 3538 'Deo
2260 3481 2379 3555 (12)
2410 3481 2700 3540 Marcionis
2726 3485 3006 3556 glorietur.

2232 3634 2252 3655 ,
2735 3576 2967 3661 CAPDT
3004 3580 3094 3637 v1.

2187 3665 2350 3739 Igitur
2380 3666 2424 3740 (ἰ
2460 3667 2616 3737 Cor.,
2648 3668 2691 3725 II
2722 3680 2768 3725 et
2803 3670 2893 3744 Ill)
2939 3688 3035 3744 per
3065 3675 3182 3733 haec
3225 3680 3403 3738 omnia
3452 3685 3722 3755 ostendit,

2117 3759 2273 3831 cujus
2318 3761 2409 3816 Dei
2448 3762 2766 3844 sapientiam
2814 3765 3065 3837 loquatur
3090 3770 3230 3828 inter
3254 3774 3562 3845 perfectos:
3608 3780 3726 3849 ejus

2118 3851 2326 3909 scilicet
2355 3855 2443 3924 qui
2469 3855 2771 3925 sapientiam
2791 3858 3098 3927 sapientium
3125 3864 3409 3935 abstulerit,
3433 3877 3481 3922 et
3502 3875 3727 3939 pruden-

2119 3947 2242 4000 tiam
2301 3945 2626 4016 prudentia»:
2688 3949 2887 4004 irritam
2958 3952 3171 4022 fecerit;
3233 3959 3324 4028 qui
3390 3958 3730 4019 infatuaverit

2118 4037 2432 4108 sapientiam
2476 4038 2679 4106 mundi,
2714 4041 2875 4096 stulta
2908 4042 3114 4114 eligens
3169 4046 3309 4117 ejus,
3354 4059 3409 4106 et
3439 4052 3730 4124 disponens

2119 4128 2171 4183 in
2202 4128 2449 4185 salutem.
2484 4129 2633 4185 Ilanc
2663 4130 2794 4188 dicit
2838 4135 3158 4204 sapientiam
3198 4139 3254 4193 in
3306 4143 3506 4199 occulto
3534 4146 3724 4214 fuisse,

2121 4236 2240 4293 qua)
2271 4222 2430 4277 luerit
2459 4224 2509 4277 in
2549 4224 2727 4280 stultis
2756 4235 2811 4281 et
2839 4226 2894 4281 in
2928 4229 3138 4299 pusillis
3175 4243 3229 4287 et
3262 4232 3581 4305 inhonestis;
3609 4256 3731 4311 quae

2120 4314 2336 4371 latuerit
2376 4316 2535 4373 etiam
2565 4318 2665 4373 sub
2708 4319 2911 4388 liguris,
2940 4322 3214 4395 allegoriis
3243 4335 3300 4382 et
3327 4330 3724 4401 mnigmalibus,

2121 4407 2410 4464 t’evelanda
2455 4410 2798 4478 postmodum
2849 4412 2901 4466 in
2952 4414 3189 4485 Christo,
3240 4419 3418 4488 posito
3462 4422 3515 4476 in
3549 4422 3731 4481 lumen

2122 4499 2396 4554 nationum
2443 4514 2475 4554 a
2512 4498 2770 4558 Creatore
2809 4502 3153 4573 promittente
3192 4525 3289 4581 per
3319 4512 3492 4569 Esaiae
3522 4530 3733 4584 vocem,

414 4597 743 4669 sapientiam
764 4595 971 4652 mundi.
995 4595 1149 4665 Quod
1177 4595 1222 4651 si
1246 4595 1505 4665 ejussunt
1529 4605 1584 4650 et
1607 4609 1833 4664 caussae,
1865 4597 2097 4679 cujus-D
2122 4591 2511 4664 patefacturum
2576 4609 2637 4650 se
2689 4596 2971 4654 thesauros
3017 4600 3316 4660 invisibiles
3360 4614 3415 4661 et
3467 4607 3733 4664 occultos.

413 4688 749 4751 adhibentur
769 4687 1082 4760 Scriptum,
1104 4703 1235 4760 ergo
1252 4687 1321 4744 de
1347 4687 1457 4744 Deo
1479 4696 1714 4744 tractans
1731 4689 2020 4758 Apostolus
2121 4688 2253 4744 Nam
2303 4700 2361 4744 ut
2409 4689 2751 4747 absconderit
2787 4692 2986 4764 aliquid
3039 4698 3084 4752 is
3118 4698 3277 4768 Deus,
3319 4700 3409 4770 qui
3456 4701 3590 4756 nihil
3622 4704 3733 4773 egit

414 4798 535 4842 non
553 4780 849 4849 intellecto,
863 4779 931 4838 de
944 4777 1200 4837 Creatore
1217 4779 1397 4851 utique
1412 4777 1570 4836 docet
1592 4778 2017 4850 intelligendum,

2125 4782 2347 4838 omnino
2392 4782 2447 4837 in
2475 4783 2619 4854 quod
2663 4785 2864 4857 aliquid
2911 4786 3260 4850 abscondisse
3306 4794 3735 4865 existimaretur,

1667 4893 2051 4954 LECTIONES
2093 4897 2176 4954 VA
2186 4894 2505 4954 RIANTES.

516 5012 572 5079 ι)
595 5014 790 5079 Aliquid
822 5011 981 5079 alien,
1008 5008 1160 5079 Seml.
1188 5002 1383 5079 eterra.

516 5071 573 5138 2)
598 5071 717 5138 Quae
738 5073 1062 5138 omittJllten.
1088 5071 1239 5138 Seml.
1266 5072 1414 5125 Ober.

512 5137 570 5200 5)
594 5137 857 5192 Stultitiam
879 5137 1084 5200 deputat
1104 5137 1250 5200 Pam.

515 5194 571 5255 4')
592 5203 855 5254 Dominum
876 5194 1030 5253 nam
1051 5194 1203 5250 Seml.
1239 5194 1437 5250 Obertlt.

517 5259 571 5328 5i
589 5263 861 5328 ᾼὼευὶιιιε
884 5259 952 5328 αι-

514 5320 570 5394 6)
592 5320 872 5399 Ρωῖιυιεη.
897 5321 1049 5381 Seml.
1089 5320 1286 5378 Oberlin.

2301 5074 2389 5141 Est
2410 5075 2543 5141 abest
2563 5076 2616 5127 in
2638 5075 2864 5141 quibusd.

2302 5136 2431 5186 Vera
2451 5140 2552 5189 Lat.
2650 5136 2660 5141 ’
3178 5151 3211 5174 δ

2195 5008 2244 5070 (7
2294 5011 2543 5077 Sapientia
2567 5015 2691 5065 Par.

2222 5074 2253 5121 8
2301 5074 2389 5124 Est
2410 5075 2543 5127 abest
2563 5076 2616 5127 in
2638 5090 2691 5141 qu

2224 5137 2254 5185 9
2302 5136 2431 5186 Vera
2451 5140 2552 5189 Lat.

2226 5200 2243 5248 l
2284 5198 2616 5250 lGabatarum
2665 5203 2691 5249 ί

2222 5074 2253 5121 8
2301 5072 2389 5124 Est
2410 5075 2543 5127 abest
2563 5076 2616 5127 in
2638 5075 2864 5141 quibusd.

2302 5136 2616 5273 Έέιῗᾳῗειᾳτξιω
2665 5199 2886 5257 Ciaccon.
2922 5206 3046 5261 Jun.

2224 5198 2306 5388 si
2328 5260 2841 5379 saeuitia...
2868 5329 3020 5386 at...

2224 5321 2283 5372 I2

2225 5260 2306 5325 ll)
2329 5260 2581 5325 Sapientia
2606 5265 2728 5315 Par.

2328 5320 2488 5374 De'um
2504 5321 2657 5377 then.
2691 5325 2841 5379 Seml.
2868 5329 3020 5386 Ober.
3046 5336 3148 5400 ,αἱ

1788 5430 2350 5492 COMMENTARIUS.

427 5554 675 5629 deinde:
707 5555 1065 5629 pereuntibus,
1084 5562 1134 5610 et
1160 5551 1340 5629 iis_qui
1373 5551 1500 5608 salvi
1549 5551 1687 5629 ﬁunt
1711 5551 1892 5629 nobis;
1944 5566 2039 5608 ne-

781 5638 827 5684 et
850 5622 1173 5701 sapientiam.
1206 5622 1305 5701 libi
1334 5634 1509 5701 autem
1531 5622 1714 5694 adjicit
1736 5623 1945 5701 Auctor,
1973 5638 2039 5678 ex

429 5627 750 5761 ritabat,
781 5638 827 5684 et
850 5627 1173 5701 sapientiam.
1206 5627 1305 5683 Ubi
1334 5634 1509 5679 autem
1531 5627 1714 5694 adjicit
1736 5627 1937 5679 Auctor
1973 5638 2039 5678 ex

484 5701 732 5773 postulo,
763 5699 1089 5773 prudentiam
1133 5697 1333 5773 irritam
1365 5696 1777 5773 [aciangrzece
1805 5703 1896 5773 est
1923 5700 2040 5749 920c-

430 5764 595 5843 τῆὒα,
620 5764 1143 5846 prodeo‘ittterpres
1166 5764 1412 5846 vulgatus
1435 5807 1448 5834 ,
1477 5777 1529 5846 et
1554 5764 1889 5846 Epiphanius
1903 5780 2039 5846 quo.

2143 5564 2266 5606 nem
2299 5546 2502 5620 confut.
2538 5549 2589 5616 l,
2624 5564 2688 5605 ex
2713 5549 2812 5620 Ep.
2840 5551 2905 5607 ad
2934 5552 3063 5611 Cor.
3089 5556 3228 5613 Pan.

2218 5620 2299 5703 (α)
2347 5618 2672 5703 Bonitluxi‘t
2712 5618 2870 5703 Deus:
2913 5624 3002 5703 Sic
3048 5629 3206 5703 vertit
3254 5629 3396 5700 quod
3439 5647 3614 5703 graece
3659 5644 3745 5695 est

2143 5695 2388 5775 fatum.»
2424 5694 2447 5743 ὅ
2478 5697 2598 5775 ξεὸς.
2627 5691 3091 5775 Quemadmodum
3117 5691 3529 5775 enim_'atteto?es
3557 5691 3744 5765 dicunt

2147 5763 2277 5851 '39“),
2310 5763 2562 5851 “12ml”?
2564 5779 2615 5851 (ἓν
2664 5766 2927 5851 βινητείιυί
2971 5768 3202 5843 bonique
3251 5770 3454 5847 facere,
3502 5776 3581 5833 sic
3625 5763 3743 5851 ipse

434 5834 550 5923 quo
571 5834 939 5921 ,"reprbbabo.
967 5834 1100 5899 Nam
1127 5834 1292 5899 etiam
1322 5837 1427 5896 hoc
1451 5834 1626 5895 vibrat
1647 5834 1736 5896 ille
1763 5837 1817 5894 in
1840 5836 2041 5894 Marcio
2140 5834 2299 5905 dixit,
2334 5834 2469 5894 Boni
2495 5835 2710 5894 ducere.
2743 5835 2916 5895 linea.

192 5982 379 6139 ἃ

192 5982 379 6139 L
