4020 6286
344 290 453 349 485

1730 276 2190 338 TERTULLIANI

3543 279 3651 338 434

348 407 479 464 satis
521 406 852 464 incredibile.
902 405 1025 476 Ipse
1068 403 1115 459 si
1159 410 1326 469 esset,
1368 402 1534 457 latere
1578 411 1684 454 non
1736 405 1941 468 posset,
1970 396 2021 455 Λ
2048 394 2232 452 Jesum
2266 402 2444 452 autem
2487 402 2540 451 et
2570 393 2646 469 (b)
2687 393 2984 452 secundum
3028 401 3271 452 nostrum
3300 376 3655 467 Evangelium

350 501 546 558 nedum
591 502 765 574 aliqua
808 499 925 569 ejus
961 505 1320 553 sacramenta.
1367 495 1589 551 Creator
1618 500 1795 547 autem
1844 499 1969 545 tam

350 595 466 665 ipse
494 604 669 660 notus,
705 608 863 664 quam
903 602 957 646 et
986 597 1322 646 sacramenta
1352 586 1504 657 ejus;
1539 585 1714 656 palam
1747 583 1954 638 scilicet

349 687 690 744 decurrentia
730 686 869 758 apud
897 685 1093 751 Israel;
1134 683 1227 740 sed
1269 681 1336 738 de
1360 679 1729 752 significantiis
1754 678 1949 733 obum-

348 779 522 847 brata,
566 780 617 834 in
647 778 844 849 quibus
873 777 1135 848 sapientia
1170 775 1262 830 Dei
1291 773 1641 829 delitescebat
1672 772 1801 826 inter
1830 787 1949 840 per-

352 876 532 945 fectos,
590 870 862 926 narranda
909 885 1007 925 suo
1043 870 1095 923 in
1141 876 1402 938 tempore,
1444 864 1705 937 proposita
1741 878 1856 916 vero
1897 862 1952 916 in

348 964 610 1034 proposito
637 961 734 1018 Dei
753 971 870 1015 ante
899 959 1106 1015 saecula.
1137 958 1300 1028 Cujus
1328 967 1384 1013 et
1409 956 1628 1022 saecula,
1658 954 1762 1009 nisi
1789 952 1952 1009 Crea-

350 1055 520 1111 toris?
559 1054 614 1111 Si
659 1057 803 1110 enim
854 1061 909 1108 et
950 1051 1147 1107 saecula
1189 1049 1520 1121 temporibus
1563 1055 1765 1102 structa
1793 1054 1948 1112 sunt;

350 1156 592 1218 tempora
622 1156 804 1203 autem
836 1144 1025 1200 diebus
1056 1153 1110 1200 et
1136 1142 1411 1199 mensibus
1446 1150 1501 1199 et
1529 1139 1684 1194 annis
1710 1138 1953 1208 compin-

346 1250 578 1312 guntur;
607 1237 724 1294 dies
748 1252 910 1309 porro
938 1245 994 1294 et
1020 1250 1257 1302 menses,
1279 1244 1334 1289 et
1359 1232 1485 1288 anni
1512 1232 1713 1288 solibus
1737 1240 1791 1287 et
1811 1230 1952 1286 Iunis

347 1340 404 1388 et
427 1329 694 1387 sideribus
706 1328 1315 1400 Creatoris,signantur,
1338 1326 1394 1380 in
1418 1324 1521 1380 huc
1550 1323 1616 1379 ab
1634 1338 1700 1379 eo
1727 1321 1948 1393 positis:

349 1413 428 1489 (η)
464 1412 529 1470 Et
566 1422 716 1471 erunt
772 1414 937 1481 enim,
968 1413 1142 1484 inquit
1173 1410 1405 1486 (Genes.,
1430 1408 1497 1481 Ι),
1539 1410 1594 1464 in
1622 1409 1770 1481 signa
1805 1424 1949 1461 men-

344 1508 479 1563 sium
519 1514 565 1562 et
591 1522 879 1562 annorum:
919 1515 1143 1577 apparet
1168 1514 1223 1561 et
1264 1502 1458 1560 saecula
1498 1499 1772 1557 Creatoris
1798 1513 1948 1565 esse;

346 1609 401 1655 et
428 1615 589 1655 omne
630 1598 776 1672 quod
821 1607 945 1655 ante
969 1597 1165 1655 saecula
1208 1597 1543 1670 propositum
1582 1593 1813 1658 dicatur,
1842 1607 1950 1648 non

345 1689 569 1746 alterius
598 1704 741 1758 esse,
770 1706 931 1761 quam
970 1687 1125 1760 cujus
1163 1696 1219 1744 et
1257 1685 1473 1743 saecula.
1504 1686 1611 1741 Aut
1637 1683 1828 1754 probet
1858 1681 1950 1737 Dei

2056 489 2297 559 (Matth.,
2314 489 2404 560 IV)
2419 488 2665 545 diabolus
2685 504 2897 561 quoque
2914 488 2966 544 in
2992 490 3287 545 tentatione
3306 488 3579 560 cognovit;
3598 496 3657 545 et

2054 580 2353 638 secundum
2397 596 2685 638 commune
2731 583 3151 638 instrumentum
3195 581 3347 654 (Luc.
3399 582 3487 649 IV,
3535 579 3655 652 54),

2054 674 2274 745 spiritus
2304 689 2538 745 nequam
2580 673 2789 730 sciebat
2831 689 2955 731 eum
3000 683 3245 731 sanctum
3274 675 3366 731 Dei
3413 689 3558 741 esse,
3604 681 3661 729 et

2053 767 2234 824 Jesum
2254 768 2458 838 vocari,
2480 778 2536 825 et
2560 768 2613 825 in
2637 768 2995 839 perditionem
3017 784 3205 825 eorum
3227 769 3464 826 venisse.
3485 768 3660 825 Etiam

2054 862 2307 933 parabole
2334 863 2490 918 fortis
2526 863 2672 918 illius
2699 863 2914 929 armati,
2946 878 3108 934 quem
3131 864 3273 919 alius
3300 862 3530 921 validior
3556 878 3662 934 op-

2058 956 2275 1025 pressit,
2302 965 2359 1011 et
2389 970 2511 1010 vasa
2542 955 2660 1025 ejus
2688 955 2970 1025 occupavit
3000 954 3153 1027 (Luc.
3182 954 3305 1026 XI),
3328 954 3374 1010 si
3405 956 3458 1010 in
3485 953 3658 1013 Crea-
3682 1012 3693 1021 ,

2055 1056 2224 1102 torem
2254 1047 2518 1118 accipitur
2545 1047 2686 1118 apud
2715 1046 3066 1115 Marcionem,
3094 1047 3206 1117 jam
3253 1062 3354 1102 nec
3380 1047 3663 1119 ignorasse

2056 1140 2193 1196 ultra
2228 1142 2398 1212 potuit
2432 1139 2656 1197 Creator
2682 1141 2848 1197 Deum
2877 1141 3097 1213 gloria},
3133 1139 3262 1196 dum
3289 1140 3358 1195 ab
3386 1156 3454 1197 eo
3480 1140 3673 1212 oppri-

2054 1232 2248 1299 mitur;
2282 1222 2383 1289 nec
2409 1233 2459 1288 in
2491 1248 2706 1289 crucem
2733 1248 2857 1288 eum
2889 1235 3070 1303 ﬁgere,
3099 1230 3359 1288 adversus
3384 1248 3543 1304 quem
3569 1247 3669 1289 va-

2055 1326 2169 1383 lere
2197 1341 2304 1383 non
2330 1328 2531 1397 potuit;
2563 1336 2619 1382 et
2639 1336 2891 1396 superest
2917 1335 2975 1381 ut
3001 1326 3298 1383 secundum
3330 1339 3417 1381 me
3441 1325 3665 1397 quidem

2054 1417 2311 1474 credibile
2350 1419 2420 1472 sit
2449 1417 2686 1473 scientes
2715 1416 2940 1473 virtutes
2983 1426 3039 1472 et
3070 1425 3365 1488 potestates
3391 1416 3671 1476 Creatoris

2057 1508 2224 1565 Deum
2252 1509 2437 1580 gloria:
2463 1509 2739 1566 Christum
2770 1524 2928 1565 suum
2956 1509 3311 1577 cruciﬁxisse,
3337 1526 3439 1580 qua
3466 1511 3669 1580 deSpe-

2055 1601 2263 1657 ratione
2290 1610 2347 1656 et
2372 1600 2590 1657 malitiae
2619 1598 2970 1657 redundantia
2994 1602 3137 1657 servi
3166 1614 3380 1671 quoque
3402 1600 3679 1659 scelestis-tl

2054 1694 2177 1750 simi
2204 1693 2453 1750 dominos
2483 1710 2612 1750 suos
2637 1693 2940 1751 interﬁcere
2966 1710 3075 1750 non
3095 1693 3362 1750 dubitant.
3389 1694 3670 1765 Scriptum

345 1783 427 1837 sui
457 1783 656 1839 saecula
696 1781 956 1847 Marcion,
1005 1777 1254 1835 ostendat
1289 1787 1347 1834 et
1387 1774 1644 1832 mundum
1671 1776 1869 1846 ipsum,
1899 1774 1951 1830 in
1980 1791 2031 1852 Β
2057 1796 2138 1842 est
2162 1788 2304 1842 enim
2332 1787 2472 1860 apud
2500 1803 2587 1843 me
2618 1786 2770 1859 (Luc.
2802 1786 2967 1852 XXII,
2998 1787 3078 1858 5),
3109 1786 3362 1842 Satanam
3388 1789 3441 1841 in
3465 1786 3675 1842 Judam

345 1889 452 1944 quo
482 1874 675 1931 saecula
700 1873 1050 1946 deputentur,
1080 1888 1173 1928 vas
1196 1870 1595 1943 quodammodo
1626 1879 1950 1940 temporum,

346 1976 402 2023 ct
442 1966 595 2039 signa
625 1967 837 2039 aliqua,
870 1967 955 2022 vel
1011 1976 1189 2023 ortum
1238 1981 1427 2023 eorum
1462 1963 1564 2037 (I).
1594 1965 1650 2022 Si
1698 1965 1828 2020 nihil
1855 1964 1953 2021 de-

346 2069 634 2127 monstrat,
664 2071 907 2117 revertor
935 2069 993 2117 ut
1015 2069 1072 2116 et
1102 2058 1231 2116 illud
1262 2059 1460 2114 dicam.
1489 2058 1599 2114 Cur
1621 2067 1797 2114 autem
1828 2067 1954 2114 ante

346 2151 543 2209 s:ccula
581 2151 853 2210 Creatoris
885 2151 1166 2224 proposuit
1188 2151 1416 2223 gloriam
1449 2151 1731 2207 nostram?
1771 2158 1957 2222 posset

346 2243 517 2300 videri
549 2258 668 2300 eam
696 2254 823 2299 ante
851 2243 1049 2299 saecula
1088 2241 1459 2314 proposuisse,
1485 2258 1643 2313 quam
1675 2241 1953 2298 introduc-

348 2338 493 2393 tione
514 2338 697 2393 saeculi
722 2338 1038 2394 revelasset.
1063 2337 1133 2393 At
1161 2354 1283 2393 cum
1314 2336 1367 2393 id
1397 2336 1519 2393 facit
1543 2338 1808 2409 penejam
1830 2340 1954 2395 totis

345 2429 558 2499 sacculis
595 2429 870 2486 Creatoris
916 2427 1186 2500 prodactis
1232 2427 1336 2502 (2),
1388 2445 1525 2485 vane
1565 2438 1694 2486 ante
1757 2430 1953 2485 saecula

345 2523 650 2596 proposuit,
677 2534 733 2579 et
778 2539 887 2579 non
918 2524 1088 2595 magis
1132 2521 1270 2579 intra
1309 2523 1527 2591 sxecula,
1574 2524 1717 2595 quod
1746 2524 1953 2581 revela-

347 2628 497 2671 turus
525 2625 644 2672 erat
671 2630 809 2687 pene
839 2625 957 2688 post
984 2614 1202 2671 saecula.
1233 2614 1349 2671 Non
1378 2617 1524 2672 enim
1546 2616 1665 2686 ejus
1693 2626 1777 2672 est
1808 2616 1952 2672 festi-

345 2725 503 2767 nasse
526 2710 579 2766 in
598 2709 970 2782 proponendo,
993 2710 1147 2779 cujus
1165 2719 1218 2767 et
1233 2710 1535 2768 retardasse
1554 2712 1608 2767 in
1634 2711 1945 2768 revelando.

344 2800 586 2858 Creatori
627 2809 805 2857 autem
849 2801 1110 2873 competit
1153 2812 1461 2874 utrumque,
1507 2813 1562 2859 et
1603 2813 1729 2861 ante
1754 2804 1952 2861 sazcula

346 2894 709 2966 proposuisse,
741 2902 795 2950 et
837 2893 891 2951 in
922 2896 1026 2951 line
1053 2897 1373 2951 saeculorum
1401 2896 1707 2962 revelasse;
1736 2898 1861 2968 quia
1897 2906 1955 2954 et

344 2986 486 3059 quod
515 2988 797 3061 proposuit
823 2996 881 3046 et
900 2989 1183 3056 revelavit,
1213 2990 1397 3046 medio
1422 2990 1597 3060 spatio
1624 2992 1949 3049 saeculorum

347 3079 405 3135 itt
446 3080 645 3154 ‘Ilguris
696 3088 751 3137 et
797 3081 1172 3154 aenigmatibus
1217 3091 1273 3137 ct
1319 3082 1591 3154 allegoriis
1643 3084 1949 3154 praeminis-

2058 1878 2313 1935 introisse.
2336 1878 2643 1936 Secundum
2666 1891 2843 1935 autem
2876 1878 3228 1947 Marcionem,
3249 1893 3350 1936 nec
3374 1879 3671 1950 Apostolus

2058 1972 2161 2031 hoc
2190 1974 2309 2031 loco
2328 1974 2529 2047 patitur
2548 1972 2904 2044 ignorantiam
2929 1968 3160 2028 adscribi
3188 1972 3474 2028 virtutibus
3498 1970 3677 2029 Crea-a

2056 2065 2190 2120 toris
2220 2066 2273 2121 in
2303 2065 2490 2138 gloria:
2519 2064 2822 2129 dominum,
2869 2064 2992 2134 quia
3029 2062 3238 2118 scilicet
3267 2078 3375 2118 non
3405 2062 3525 2118 illas
3550 2062 3675 2124 vult

2056 2156 2279 2229 intelligi
2309 2158 2582 2228 principes
2607 2156 2770 2227 hujus
2794 2155 2919 2211 :cvi.
2950 2154 3103 2224 Quod
3145 2154 3191 2210 si
3223 2168 3329 2211 non
3357 2154 3569 2211 videtur
3592 2152 3672 2211 de

2055 2252 2393 2324 spiritalibus
2430 2250 2634 2307 dixisse
2665 2248 3019 2321 principibus,
3046 2263 3177 2319 ergo
3216 2248 3285 2305 de
3310 2248 3669 2306 saecularibus

2055 2347 2228 2412 dixit;
2258 2345 2327 2401 de
2354 2344 2553 2415 populo
2574 2341 2857 2414 principali
2884 2341 3067 2413 utique
3096 2355 3203 2396 non
3231 2339 3373 2396 inter
3391 2339 3669 2409 nationes,

2055 2441 2124 2498 de
2151 2440 2283 2512 ipsis
2310 2436 2658 2494 archontibus
2693 2436 2831 2505 ejus.
2864 2435 2934 2491 de
2970 2448 3099 2505 rege
3135 2432 3372 2498 Herode,
3399 2432 3561 2489 etiam
3593 2432 3670 2489 de

2054 2532 2312 2599 Pilato,et
2335 2545 2444 2602 quo
2466 2528 2639 2600 major
2666 2528 2997 2598 principatus
3019 2524 3179 2596 hujus
3201 2525 3306 2581 avi
3330 2538 3555 2581 romana
3579 2522 3669 2579 di-

2060 2625 2237 2698 gnitas
2263 2622 2610 2696 praesidcbat.
2651 2618 2728 2676 Ita
2752 2630 2953 2677 etcum
2997 2619 3345 2675 destruuntur
3368 2632 3671 2688 argumen-

2056 2719 2286 2774 tationes
2320 2714 2549 2772 diversae
2594 2713 2785 2784 partis,
2828 2721 3028 2768 nostrae
3069 2711 3439 2782 expositiones
3486 2709 3671 2766 aedili-

2054 2819 2265 2867 cantur.
2295 2805 2404 2864 Sed
2428 2807 2507 2863 vis
2537 2805 2715 2862 adhuc
2741 2803 2970 2876 gloriam
3002 2812 3241 2860 nostram
3273 2802 3368 2858 Dei
3400 2802 3474 2857 tui
3502 2817 3664 2872 esse,

2054 2912 2108 2960 et
2135 2902 2276 2973 apud
2304 2916 2427 2957 eum
2457 2900 2512 2956 in
2532 2899 2747 2957 occulto
2773 2897 2960 2964 fuisse,
2992 2907 3048 2953 et
3072 2910 3241 2968 quare
3266 2894 3445 2952 adhuc
3466 2895 3668 2952 eodem

2053 3005 2111 3054 et
2139 2997 2281 3053 Deus
2306 2996 2665 3052 instrumento
2698 3002 2756 3050 et
2791 2992 3087 3063 Apostolus
3128 2992 3316 3048 nititur
3362 2989 3485 3064 (ην
3508 2989 3661 3060 Quid

2056 3089 2134 3147 illi
2167 3103 2293 3145 cum
2337 3085 2624 3145 sententiis
2662 3084 3056 3156 PrOphetarum
3084 3084 3317 3155 ubique?
3360 3084 3489 3149 Quis
3525 3084 3670 3139 enim

346 3175 508 3231 travit
537 3174 643 3248 (ὅ).
693 3173 798 3233 Sed
827 3175 950 3248 quia
989 3175 1205 3247 subjicit
1241 3175 1311 3233 de
1364 3177 1531 3249 gloria
1560 3189 1763 3244 nostra,
1805 3178 1946 3249 quod
1974 3185 2021 3251 ο
2053 3181 2285 3253 cognovit
2309 3195 2516 3235 sensum
2554 3177 2799 3233 Domini?
2831 3186 2877 3232 et
2908 3176 3022 3248 quis
3057 3175 3139 3231 illi
3164 3175 3491 3233 consiliarius
3523 3175 3671 3247 fuit?

344 3284 456 3323 eam
479 3284 625 3324 nemo
654 3285 717 3325 ea:
744 3269 1059 3343 principibus
1085 3270 1242 3342 hujus
1270 3269 1364 3326 (rvi
1393 3271 1604 3326 scierit:
1631 3281 1888 3340 eceteram,
1909 3274 1955 3329 si

342 3362 575 3430 scissent,
594 3379 852 3431 nunquam
875 3361 1155 3419 Dominum
1174 3363 1354 3435 gloria:
1376 3364 1745 3434 cruciﬁxissent
1756 3382 1777 3431 ,'
1798 3380 1955 3437 argu-

345 3463 614 3513 mentatur
637 3455 949 3526 haereticus,
975 3457 1119 3530 quod
1146 3458 1416 3530 principes
1447 3459 1607 3532 hujus
1631 3461 1734 3517 aevi
1768 3462 1954 3518 Domi-

345 3565 498 3616 num,
521 3549 745 3605 alterius
773 3550 981 3607 scilicet
1009 3550 1101 3607 Dei
1129 3548 1425 3617 Christum,
1448 3554 1594 3608 cruci
1611 3554 1952 3621 confixerint,

346 3655 406 3697 ut
441 3651 499 3698 et
537 3641 726 3698 hocin
767 3642 941 3714 ipsum
981 3643 1195 3701 recidat
1250 3643 1330 3715 (4)
1372 3643 1708 3703 Creatorem.
1760 3634 1952 3715 Poi-ro,

344 3733 432 3789 cui
453 3746 617 3804 supra
638 3732 973 3790 ostendimus
1010 3733 1124 3808 (5),
1162 3736 1357 3806 quibus
1384 3737 1557 3793 modis
1577 3737 1748 3809 gloria
1771 3747 1954 3795 nostra

346 3839 377 3880 a
405 3823 660 3883 Creatore
684 3826 754 3882 sit
778 3825 1105 3898 deputanda,
1134 3828 1540 3900 przejudicatum
1563 3846 1687 3897 esse
1712 3831 1953 3901 debebit,

347 3934 467 3973 eam
509 3933 630 3990 quae
674 3918 728 3975 in
766 3920 982 3977 occulto
1013 3921 1174 3979 fuerit
1201 3922 1342 3994 apud
1386 3923 1719 3995 Creatorem,
1761 3930 1956 3984 merito

347 4009 583 4081 ignotam
616 4011 779 4068 etiam
826 4014 894 4068 ab
946 4014 1200 4071 omnibus
1230 4014 1310 4089 (6)
1352 4017 1636 4075 virtutibus
1673 4028 1728 4075 et
1770 4030 1953 4091 potes-

348 4103 548 4159 tatibus
565 4101 857 4173 Creatoris;
877 4109 999 4178 quia
1024 4124 1122 4165 nec
1138 4108 1352 4165 famulis
1372 4110 1532 4168 liceat
1553 4112 1774 4168 consilia
1795 4129 1956 4172 nosse

348 4194 717 4262 dominorum,
768 4197 966 4253 nedum
1017 4199 1124 4254 illis
1164 4206 1425 4271 apostatis
1473 4204 1701 4274 angelis,
1746 4206 1956 4276 ipsique

349 4286 576 4358 principi
609 4289 1055 4360 transgressionis
1077 4290 1316 4358 diabolo,
1338 4309 1447 4364 quo
1478 4296 1649 4367 magis
1669 4305 1955 4355 extraneos

348 4378 515 4435 fuisse
552 4380 926 4437 contenderim
972 4383 1042 4440 ob
1066 4385 1279 4454 culpam
1324 4384 1394 4441 ab
1436 4387 1582 4442 omni
1627 4390 1952 4447 conscientia

349 4475 764 4549 dispositionum
792 4475 1087 4533 Creatoris.
1121 4476 1230 4534 Sed
1253 4476 1366 4549 jam
1408 4493 1508 4536 nec
1535 4481 1666 4536 mihi
1695 4486 1954 4553 competit

2058 3276 2249 3333 Esaias
2273 3286 2355 3330 est
2376 3272 2504 3346 υτ..
2531 3272 2641 3341 XL,
2673 3269 2787 3342 15).
2809 3270 2947 3339 Quid
2971 3269 3052 3326 illi
3071 3269 3235 3326 etiam
3253 3283 3376 3325 cum
3397 3267 3673 3340 exornplis

2059 3369 2154 3426 Dei
2183 3368 2388 3425 nostri?
2418 3365 2555 3423 Nam
2576 3364 2719 3437 quod
2742 3365 3076 3421 architectum
3104 3379 3165 3421 se
3191 3364 3487 3436 prudentem
3510 3361 3672 3419 afﬁr-

2057 3471 2189 3531 mat,
2215 3462 2318 3519 hoc
2338 3460 2641 3517 invenimus
2661 3458 2952 3529 signiﬁcari
2973 3456 3343 3528 depalatorem
3362 3454 3675 3526 disciplina

2056 3557 2254 3614 divina:
2281 3570 2313 3611 a
2341 3553 2618 3621 Creatore,
2636 3566 2734 3622 per
2760 3550 2972 3607 Esaiam
3015 3548 3144 3624 (Is.,
3173 3547 3266 3616 Ill,
3291 3547 3351 3621 2)
3368 3566 3387 3603 :
3416 3547 3673 3620 Auferere

2064 3650 2196 3706 enim
2229 3647 2346 3721 (8),
2376 3645 2567 3718 inquit,
2613 3661 2649 3699 α
2683 3642 2872 3700 Judtea
2901 3643 3040 3699 inter
3065 3637 3264 3698 caetera
3300 3650 3347 3696 et
3383 3640 3674 3710 sapientem

2056 3742 2410 3797 architectum.
2437 3738 2508 3793 Et
2542 3736 2803 3807 numquid
2842 3734 2922 3808 (9)
2962 3735 3077 3806 ipse
3103 3742 3228 3791 tunc
3266 3732 3464 3790 Paulus
3496 3730 3673 3790 desti-

2057 3836 2308 3903 nabatur,
2335 3833 2404 3890 de
2430 3831 2639 3899 Iudaea,
2669 3830 2722 3886 id
2750 3838 2855 3895 est,
2883 3829 2952 3886 de
2994 3827 3287 3899 judaismo,
3316 3823 3520 3883 auferri
3563 3824 3672 3880 ha-

2057 3928 2191 3985 bens
2209 3928 2262 3983 in
2281 3924 2697 3981 aediﬁcationem
2728 3919 3138 3989 cbristianismi,
3157 3918 3428 3991 positurus
3444 3918 3674 3975 unicum

2059 4018 2481 4083 fundamentum,
2517 4013 2662 4087 quod
2691 4022 2776 4071 est
2797 4011 3087 4070 Christus?
3110 4011 3231 4082 quia
3255 4020 3313 4067 et
3342 4009 3410 4066 de
3441 4008 3543 4066 hoc
3568 4022 3676 4080 per

2060 4092 2674 4181 eumdemﬁprophetam
2713 4104 2939 4163 Creator
2973 4120 2990 4160 :
3024 4103 3157 4159 Ecce
3179 4119 3294 4175 ego,
3325 4102 3500 4173 inquit
3538 4099 3673 4172 (Is.,

2057 4203 2300 4273 XXVIII,
2349 4200 2467 4274 15),
2513 4200 2690 4272 injicio
2736 4198 2792 4254 in
2832 4197 3170 4269 fundamenta
3216 4194 3395 4252 Sionis
3438 4193 3679 4265 lapideus

2057 4300 2353 4372 pretiosum,
2381 4293 2763 4361 honorabilem;
2818 4302 2866 4347 et
2895 4291 2980 4362 qni
3007 4290 3064 4344 in
3088 4306 3202 4345 eum
3230 4288 3523 4355 crediderit,
3564 4301 3678 4341 non

2055 4389 2415 4462 confundetur.
2447 4386 2561 4443 Nisi
2589 4386 2634 4442 si
2665 4383 2785 4457 (I0)
2813 4391 3139 4440 structorem
3163 4397 3223 4438 se
3250 4382 3450 4437 terreni
3483 4376 3679 4450 operis

2059 4486 2199 4542 Deus
2225 4482 2595 4555 profitebatur,
2626 4487 2684 4534 ut
2710 4493 2817 4534 non
2842 4476 2912 4533 de
2934 4475 3154 4532 Christo
3182 4490 3282 4532 suo
3307 4473 3676 4546 signiﬁcaret,

348 4573 621 4644 principes
648 4570 808 4642 hujus
837 4572 937 4626 τηνί
960 4572 1189 4628 virtutes
1215 4580 1270 4629 et
1292 4581 1589 4643 potestates
1615 4575 1953 4647 interpretari
1981 4584 2034 4645 Ι)
2061 4578 2154 4651 qui
2181 4576 2395 4632 futurus
2430 4582 2575 4630 esset
2607 4570 3018 4629 fundamentum
3053 4567 3390 4625 credentium
3433 4568 3486 4622 in
3514 4580 3675 4633 eum,

349 4664 641 4728 Creatoris.
673 4664 796 4738 quia
829 4663 1181 4736 ignorantiam
1208 4664 1317 4722 illis
1344 4664 1604 4723 adscribit
1630 4668 1949 4739 Apostolus:
2051 4688 2205 4745 super
2226 4669 2363 4743 quod
2385 4676 2533 4741 prout
2550 4667 2760 4738 quisque
2778 4663 3198 4737 superstruxit,
3219 4662 3436 4735 dignam
3456 4659 3681 4718 scilicet

1609 4803 1986 4866 LECTIONES
2023 4801 2444 4865 VARIANTES.

414 4943 490 5010 (l)
529 4943 853 4996 Ortaneorum
876 4941 1030 4997 Rhen.
1048 4939 1199 4997 Seml.
1228 4943 1395 4999 Obert.
1417 4951 1555 4998 notas
1570 4958 1739 4998 eorum
1772 4948 1960 5001 Wouw.

351 5019 510 5060 ortam
534 5020 724 5058 eorum.
750 5014 864 5057 Jun.

2132 4944 2208 5059 (ξ)
2231 4941 2522 5020 nominibus
2544 4938 2652 5006 Rig.
2687 4945 2848 4991 Venet.

2132 5008 2144 5059 i
2182 5008 2202 5059 l
2231 5009 2389 5058 IJtttur
2416 5006 2520 5055 Lat.

2179 5006 2202 5077 )
2231 5008 2389 5077 Ijtitur

2148 5070 2200 5123 8)
2227 5070 2381 5121 Etiam
2400 5071 2523 5118 Par.

453 5068 503 5134 2)
521 5070 783 5134 Ρωὸιιοῑὶε
800 5066 870 5120 al.

516 5132 1051 5183 Prremonstraviwun.
2122 5128 2202 5183 {9)
2227 5132 2334 5183 Non
2354 5128 2421 5181 al.

412 5070 1051 5323 ἔ)1ξνΐεὲἓιὲῐξὲῗιῗθὶι1υη.
2122 5070 2202 5261 ἐξ)
2227 5071 2523 5205 1133:2113”.

437 5134 491 5324 ιιξ
512 5194 723 5261 Redtgat
760 5193 911 5270 Ithcn.
948 5196 1097 5247 Seml.
1133 5192 1329 5250 Oberth.
2158 5195 2235 5261 Itl)
2257 5194 2311 5245 SI
2332 5193 2463 5246 abest
2485 5194 2611 5244 Par.

438 5259 469 5310 ὅ
513 5257 887 5311 Ostendertmus
915 5256 1068 5312 Ithen.
1094 5258 1247 5313 Seml.
1277 5260 1425 5314 Ober.

438 5256 491 5314 ὅ)
513 5256 887 5311 Ostenderimus
915 5256 1068 5312 Ithen.
1094 5258 1247 5313 Seml.
1277 5260 1425 5314 Ober.

1710 5385 2279 5451 COMMENTARIUS.

423 5523 577 5584 CAP.
596 5525 688 5582 VI.
720 5557 792 5568 —-
817 5525 897 5598 (tt)
930 5525 996 5582 Et
1024 5535 1172 5583 erunt
1197 5526 1549 5599 enim,inquit,
1570 5525 1624 5579 in
1652 5526 1798 5599 signa
1820 5542 1957 5599 ruen-

352 5598 486 5654 cium
502 5608 548 5654 et
564 5597 836 5653 annorum.
865 5599 977 5655 Hoc
998 5609 1100 5662 est,
1143 5600 1282 5653 luna:
1322 5607 1378 5654 et
1416 5598 1548 5652 solis
1588 5597 1783 5660 motus,
1814 5597 1954 5663 dies,

354 5686 544 5735 annos,
559 5670 1021 5740 steculanempora
1041 5670 1388 5740 distinguent.
1415 5668 1529 5724 Hoc
1555 5667 1680 5740 loco,
1699 5668 1894 5724 Cenes.
1913 5668 1956 5734 I,

355 5743 649 5812 abutuntur
691 5740 784 5812 qui
814 5739 868 5795 in
898 5737 1780 5812 ’astrologite'defensionemiIItun
1800 5753 1956 5812 assu-

357 5820 529 5885 munt,
553 5806 784 5887 facitque
807 5820 995 5871 contra
1023 5806 1264 5873 eoshaec
1286 5808 1682 5887 interpretatio.
1714 5806 1793 5869 Ls
1819 5809 1919 5869 Ps.

2131 5525 2215 5599 (b)
2247 5524 2555 5599 Secundum
2574 5530 2806 5599 nostrum
2822 5515 3187 5599 @oangglittnr.
3318 5514 3627 5599 distinguat
3642 5526 3688 5576 ι

2059 5585 2353 5669 depravato
2398 5595 2681 5669 Marcionis
2736 5591 2941 5669 codice.
2975 5585 3180 5645 'Hatth.
3224 5587 3313 5669 IV,
3364 5585 3687 5669 hac'refe-

2060 5656 2280 5749 suitur.
2322 5677 2376 5749 el
2415 5668 2576 5749 cauto
2603 5674 2725 5749 res!
2753 5663 3184 5749 =.3‘,"t’.‘_'f!’l_fi‘_
3212 5656 3685 5749 esseesse

2063 5725 2331 5811 Satanam
2346 5740 2399 5793 in
2418 5725 2619 5811 dudum.
2638 5736 2893 5811 introisse.
2910 5725 3016 5797 'Qui
3039 5729 3195 5811 locus
3207 5725 3467 5811 est‘Lttcla
3488 5725 3681 5811 XXII;

2063 5825 2129 5870 ex
2155 5825 2262 5883 quo
2285 5808 2522 5873 Marcion
2546 5807 2688 5884 apud
2715 5821 2803 5864 me
2820 5808 3147 5866 resecuel'at.
3170 5797 3252 5862 Ls
3272 5797 3369 5859 Ps.
