4020 6286
160 6024 301 6139 ὑί

360 311 474 371 485

1478 304 1608 363 LIB.
1652 304 1692 362 v
1733 297 2099 361 mensus
2127 268 2557 362 mansionem.

3564 305 3674 367 486

366 428 450 485 vel
477 428 757 503 indignam
787 426 1110 495 doctrinam,
1139 424 1186 480 si
1229 439 1356 495 apus
1385 424 1496 495 ejus
1545 440 1635 494 per
1659 424 1828 496 ignem
1856 436 1968 492 pro-
2003 418 2052 480 A
2083 417 2226 473 illum
2247 459 2261 485 ,
2292 421 2378 489 qui
2423 420 2685 476 mulierem
2725 420 2887 493 patris
2930 422 3013 479 sui
3042 421 3256 492 habuit,
3291 430 3595 485 communis
3619 438 3680 489 et

366 519 594 587 babitur,
638 517 717 592 (a)
777 517 823 574 si
881 532 1090 574 merces
1134 514 1209 571 illi
1261 531 1355 586 per
1404 515 1579 586 ignem
1626 514 1974 585 rependetur,

369 611 652 670 Creatoris
688 620 805 679 est;
844 611 971 683 quia
999 625 1092 680 per
1147 608 1322 680 ign'ém
1359 606 1633 679 iudicatur
1676 606 1754 678 (1)
1798 614 1978 660 vestra

366 704 845 781 supermdiiicatio,
891 703 1074 774 utique
1123 702 1205 758 sui
1265 699 1345 774 (ἓ)
1385 698 1748 765 fundamenti,
1798 698 1848 755 id
1895 705 1979 753 est

367 800 455 856 sui
483 798 685 855 Christi
713 817 725 853 :
751 796 955 853 nescitis
973 793 1109 867 quod
1130 794 1374 864 templum
1401 790 1501 848 Dei
1528 792 1657 860 sitis,
1683 800 1729 846 et
1754 790 1807 844 in
1840 788 1977 845 vobis

367 894 615 951 inhabitet
652 892 862 963 spiritus
906 889 1041 945 Dei?
1081 887 1138 944 Si
1181 886 1366 954 homo,
1392 895 1448 942 et
1490 901 1601 952 res,
1645 894 1700 942 et
1727 899 1884 955 opus,
1923 891 1979 939 et

371 985 569 1056 imago,
610 992 666 1039 et
707 979 1028 1048 similitudo,
1058 988 1112 1036 et
1156 993 1285 1034 caro
1328 993 1423 1049 per
1454 987 1674 1041 terram,
1716 984 1770 1032 et
1801 975 1976 1056 anima

374 1091 473 1148 per
490 1054 748 1132 afﬂatum
789 1072 1062 1130 Creatoris
1103 1080 1216 1137 est;
1247 1079 1391 1126 totus
1424 1067 1504 1141 (5)
1558 1082 1691 1140 ergo
1718 1068 1772 1122 in
1802 1054 1978 1122 alieno

369 1167 577 1224 habitat
620 1168 763 1224 Deus
825 1164 1112 1221 Marcionis
1166 1162 1268 1235 (1),
1329 1162 1375 1219 si
1424 1177 1529 1217 non
1578 1159 1661 1234 (5)
1705 1158 1978 1218 Creatoris

368 1274 558 1315 sumus
588 1255 871 1330 templum.
903 1255 1056 1325 Quod
1079 1256 1125 1311 si
1156 1252 1399 1324 templum
1434 1252 1534 1308 Dei
1556 1252 1668 1324 quis
1705 1251 1993 1320 vitiaverit,.

369 1353 651 1421 vitiabitur,
699 1351 886 1423 utique
925 1366 956 1406 a
1002 1350 1112 1406 Deo
1146 1348 1350 1420 templi.
1395 1347 1638 1405 Ultorem
1682 1346 1975 1414 intentans,

367 1448 684 1504 Creatorem
742 1443 1029 1501 intentabit
1071 1440 1174 1513 (6).
1211 1440 1375 1498 Stulti
1422 1440 1597 1507 estote,
1636 1448 1692 1493 ut
1743 1438 1852 1494 sitis
1888 1454 1977 1493 sa-

368 1541 587 1611 pientes.
611 1538 825 1606 Quare?
846 1535 1117 1609 Sapientia
1135 1535 1279 1591 enim
1306 1533 1457 1602 huius
1481 1532 1654 1587 mundi
1673 1532 1890 1587 stultitia
1905 1540 1978 1588 est

368 1651 522 1706 penes
540 1631 725 1688 Deum.
748 1631 921 1688 Penes
939 1644 1098 1702 quem
1119 1627 1317 1685 Deum?
1337 1624 1393 1683 Si
1412 1624 1542 1680 nihil
1565 1624 1718 1681 nobis
1733 1633 1787 1679 et
1802 1623 1978 1680 adhuc

367 1743 629 1785 sensuum
672 1724 756 1800 (7)
793 1724 1016 1797 pristina
1059 1719 1566 1794 praeiudicaverunt,
1595 1717 1735 1774 bene
1754 1715 1895 1787 quod
1922 1724 1979 1774 et

2085 508 2615 585 publicae'religionis
2655 523 2872 571 secutus
2911 514 2981 570 sit
3028 515 3386 587 disciplinam.
3418 519 3524 577 Sed
3550 537 3677 581 cum

2081 617 2203 659 eum
2222 604 2432 658 damnat
2454 604 2743 661 dedendum
2770 605 3004 673 Satanw,
3036 606 3366 665 damnatoris
3383 610 3477 668 Dei
3495 588 3675 684 praeco

2081 705 2186 752 est.
2218 695 2426 753 Viderit
2450 705 2506 754 et
2533 698 2804 769 quomodo
2845 698 3050 755 dixerit
3082 700 3135 755 in
3175 699 3435 758 interitum
3465 686 3679 779 carnis,

2080 800 2135 845 ut
2165 791 2375 863 spiritus
2404 793 2575 848 salvus
2613 794 2679 849 sit
2706 793 2759 848 in
2782 794 2865 849 die
2907 793 3134 864 Domini,
3163 795 3290 852 dum
3317 808 3371 854 et
3397 798 3467 856 de
3492 803 3675 861 carnis

2079 883 2338 948 interitu,
2371 896 2423 943 et
2468 886 2537 942 de
2564 887 2739 943 salute
2786 888 3005 959 spiritus
3047 888 3338 960 iudicarit;
3380 900 3434 949 et
3478 897 3675 967 auferri

2071 977 2261 1048 jubens
2300 978 2495 1034 malum
2526 980 2592 1035 de
2628 981 2793 1035 medio
2814 1021 2830 1049 ,
2876 981 3149 1040 Creatoris
3178 982 3671 1056 frequentissimam

2079 1073 2401 1130 sententiam
2422 1075 2945 1133 commemoraverit.
2968 1074 3267 1150 Expurgate
3288 1089 3430 1135 vetus
3453 1085 3677 1152 fermen-

2080 1175 2186 1221 tum
2206 1207 2223 1235 ,
2251 1176 2306 1221 ut
2344 1168 2455 1221 sitis
2486 1184 2618 1223 nova
2655 1170 2949 1240 conspersio
2986 1170 3121 1225 sicut
3148 1172 3264 1227 estis
3306 1174 3498 1244 azymi.
3530 1174 3674 1246 Ergo

2079 1258 2255 1332 azymi
2286 1258 2468 1330 figura:
2495 1268 2650 1316 erant
2681 1270 2882 1316 nostra:
2925 1264 3067 1334 apud
3109 1262 3440 1322 Creatorem.
3483 1266 3574 1324 Sic
3616 1276 3675 1325 et

2081 1351 2273 1419 pascha
2302 1359 2531 1406 nostrum
2565 1351 2855 1407 immolatus
2881 1362 2954 1407 est
2976 1351 3235 1411 Christus.
3264 1355 3440 1424 Quare
3472 1358 3672 1428 pascha

2078 1437 2356 1507 Christus,
2386 1442 2429 1496 si
2459 1458 2563 1497 non
2595 1442 2797 1515 pascha
2836 1442 3004 1515 ﬁgura
3033 1442 3264 1512 Christi,
3295 1463 3391 1519 per
3418 1450 3677 1507 similitu-

2084 1531 2265 1590 dinem
2314 1535 2590 1606 sanguinis
2619 1537 2869 1593 salutaris
2894 1580 2910 1606 ,
2952 1548 3008 1596 et
3035 1541 3244 1612 pecoris
3273 1541 3507 1614 Christi?
3531 1544 3673 1614 Quid

2082 1627 2235 1684 nobis
2280 1637 2334 1685 et
2386 1628 2602 1686 Christo
2654 1632 2913 1703 imagines
2964 1634 3135 1690 induit
3191 1635 3309 1709 (15)
3348 1637 3668 1697 solemnium

2079 1720 2374 1789 Creatoris,
2421 1724 2467 1779 si
2495 1739 2601 1780 non
2634 1736 2790 1782 erant
2824 1729 3064 1784 nosti-rei
3094 1728 3334 1788 Avertens
3372 1746 3541 1788 autem
3579 1752 3681 1793 nos

369 1820 461 1877 hic
480 1818 1024 1889 adstruit:Scriptum
1042 1825 1112 1871 est
1128 1809 1975 1882 enim:Deprehendenssapientes
2002 1817 2052 1879 B
2079 1829 2112 1866 a
2158 1813 2534 1884 fornicatione,
2605 1818 2913 1874 manifestat
2964 1820 3143 1876 carnis
3198 1825 3670 1885 resurrectionem.

367 1916 425 1969 in
445 1913 667 1985 nequitia
699 1911 928 1967 illorum.
951 1909 1017 1965 Et
1050 1921 1239 1965 rursus
1270 1923 1286 1963 :
1318 1904 1571 1961 Dominus
1598 1903 1690 1959 scit
1716 1902 1983 1973 cogitatio-

371 2027 464 2065 nes
507 2009 849 2078 sapientium,
923 2003 1069 2078 quod
1125 2003 1236 2059 sint
1288 2014 1655 2073 supervacuae.
1704 1999 1762 2054 In
1809 2005 1976 2054 totum

369 2102 519 2159 enim
568 2100 941 2173 praescriptum
971 2111 1002 2152 a
1037 2093 1194 2152 nobis
1219 2093 1360 2160 erit,
1390 2091 1537 2148 nulla
1576 2090 1724 2147 illum
1756 2099 1977 2146 senten-

373 2195 446 2251 tia
474 2194 551 2250 uti
586 2193 828 2264 potuisse
868 2189 988 2261 ejus
1033 2180 1160 2256 Dei,
1202 2201 1363 2259 quem
1393 2183 1679 2240 destruere
1716 2181 1976 2250 deberet,

368 2292 418 2346 si
450 2306 557 2348 non
588 2290 665 2346 illi
708 2290 949 2347 doceret.
982 2287 1125 2360 Ergo
1146 2326 1161 2354 ,
1200 2287 1408 2358 inquit,
1452 2300 1600 2341 nemo
1639 2283 1885 2356 glorietur
1921 2284 1978 2340 in

373 2384 599 2440 homine.
676 2382 744 2437 Et
815 2381 917 2436 hoc
964 2378 1262 2437 secundum
1311 2378 1583 2434 Creatoris
1635 2374 1978 2446 disciplinam

373 2472 593 2549 (Jerem.
622 2471 800 2539 XVII,
830 2471 887 2545 5)
912 2513 927 2539 ,
961 2469 1209 2527 Miserum
1229 2470 1506 2536 hominem,
1574 2468 1664 2539 qui
1706 2484 1848 2538 spem
1876 2467 1972 2523 ha—

373 2570 451 2624 bet
474 2569 532 2622 in
559 2567 853 2633 hominem;
918 2573 972 2622 et
1028 2562 1152 2638 (Ps.
1206 2561 1452 2633 CXVII),
1487 2560 1691 2617 Bonum
1721 2572 1794 2617 est
1819 2561 1978 2631 ﬁdere

369 2660 426 2713 in
452 2658 595 2727 Deo,
623 2674 779 2729 quam
825 2656 981 2726 ﬁdere
1032 2655 1089 2711 in
1137 2655 1341 2711 homine
1392 2651 1473 2726 (8)
1508 2671 1523 2709 :
1583 2653 1656 2710 ita
1684 2662 1741 2709 et
1781 2652 1979 2726 gloria-

368 2752 501 2810 riari
523 2752 571 2824 (ι
597 2750 717 2808 Cor.
751 2749 839 2820 tv,
872 2749 965 2822 X).

966 2838 1200 2899 CAPUT
1242 2837 1357 2896 VII.

443 2938 518 2995 Et
545 2939 747 2995 occulta
775 2936 1093 2994 tenebrarum
1131 2935 1244 3005 ipse
1295 2931 1608 2988 illuminabit
1628 2973 1643 2996 ,
1671 2932 1852 3004 utique
1877 2946 1977 3005 per

366 3033 677 3099 Christum,
734 3031 825 3102 qui
871 3030 1146 3089 Christum
1174 3025 1257 3100 (9)
1290 3027 1736 3083 illuminationem
1784 3041 1976 3098 repro-

367 3128 518 3184 misit
546 3125 661 3198 (Is.
692 3123 871 3191 XLII,
903 3120 1003 3195 6);
1054 3135 1116 3177 se
1161 3134 1374 3192 quoque
1415 3118 1691 3174 lucernam
1731 3132 1972 3187 pronun-

2083 1905 2317 1978 Corpus,
2356 1908 2573 1981 inquit,
2625 1926 2728 1966 non
2775 1910 3143 1981 fornicationi,
3190 1914 3282 1970 sed
3329 1914 3581 1988 Domino,
3624 1929 3677 1976 et

2082 1999 2336 2056 Dominus
2357 2003 2560 2071 corpori
2576 2020 2599 2071 ;
2625 2012 2688 2063 ut
2717 2004 2972 2075 templum
3007 2006 3120 2063 Deo
3143 2050 3160 2077 ,
3202 2018 3258 2064 et
3284 2010 3424 2067 Deus
3451 2014 3672 2086 templo.

2081 2090 2362 2160 Templum
2393 2109 2521 2165 ergo
2552 2094 2665 2151 Deo
2691 2096 2920 2167 peribit,
2952 2106 3007 2152 et
3052 2099 3194 2155 Deus
3221 2103 3440 2174 templo.
3470 2104 3672 2178 Atquin

2080 2182 2268 2250 vitles,
2308 2184 2408 2251 Qui
2436 2184 2715 2240 Dominum
2759 2188 3055 2257 suscitavit,
3089 2200 3134 2245 et
3163 2208 3255 2248 nos
3293 2196 3586 2266 suscitabit,
3617 2199 3677 2255 in

2079 2292 2309 2348 corpore
2336 2292 2550 2349 quoque
2595 2278 2912 2346 suscitabit;
2942 2281 3066 2352 quia
3095 2296 3291 2356 corpus
3322 2286 3583 2358 Domino,
3618 2299 3677 2348 et

2082 2371 2340 2427 Dominus
2387 2372 2624 2443 corpori.
2656 2372 2724 2427 Et
2775 2373 2913 2429 bene
2940 2376 3083 2446 quod
3132 2389 3390 2450 aggerat:
3448 2381 3677 2441 Nescitis

2081 2481 2298 2536 corpora
2326 2468 2491 2520 'vestra
2506 2465 2729 2521 ntembra
2758 2483 2864 2522 esse
2889 2466 3126 2524 Christi?
3153 2470 3294 2539 Quid
3319 2472 3462 2530 dicet
3489 2474 3670 2534 haere-

2056 2557 2258 2617 ,ticus?
2302 2556 2541 2613 Membra
2568 2556 2767 2614 Christi
2817 2574 2923 2616 non
2970 2573 3288 2635 resurgent,
3321 2580 3442 2638 quae
3488 2578 3673 2629 nostra

2074 2650 2188 2723 jam
2218 2666 2325 2708 non
2351 2652 2509 2706 sunt?
2542 2649 2618 2725 (b)
2651 2647 2826 2725 Empti
2862 2653 2997 2708 enim
3029 2672 3209 2712 sumus
3235 2659 3396 2729 pretio
3425 2660 3541 2734 (14)
3562 2680 3675 2719 ma-

2079 2760 2200 2816 gno.
2233 2743 2401 2800 Plane
2431 2743 2610 2811 nullo,
2642 2744 2689 2800 si
2741 2744 3059 2816 phantasma
3106 2747 3207 2804 fuit
3245 2747 3524 2822 Christus,
3570 2770 3673 2815 nec
3708 2736 3733 2767 9

2080 2833 2266 2889 habuit
2296 2834 2462 2889 ullam
2508 2834 2867 2892 substantiam
2894 2838 3170 2909 corporis,
3197 2856 3357 2912 quam
3403 2859 3501 2915 pro
3545 2862 3675 2906 nosa-

2079 2926 2176 2982 tris
2200 2927 2518 2998 corporibus
2553 2926 2905 2999 dependeret.
2953 2930 3094 3003 Ergo
3122 2930 3243 3004 (15)
3287 2934 3536 2996 Christus
3575 2939 3673 2998 ba.

2078 3018 2191 3075 buit
2218 3034 2326 3091 quo
2355 3034 2454 3075 nos
2481 3020 2807 3087 redimeret;
2835 3029 2892 3077 et
2929 3022 2975 3077 si
3006 3023 3185 3094 aliquo
3215 3040 3412 3098 magno
3438 3029 3673 3089 redemit

2076 3110 2194 3168 haec
2214 3101 2438 3184 corpora
2463 3152 2481 3182 ,
2510 3112 2563 3167 in
2591 3128 2707 3183 quae
2732 3112 2922 3170 eadem
2948 3115 3332 3173 committenda
3356 3119 3478 3192 (16)
3507 3122 3672 3181 forni-

368 3220 555 3287 tiavit,
598 3226 908 3275 scrutantem
949 3214 1106 3270 corda
1136 3224 1183 3269 et
1226 3229 1374 3276 renes
1420 3209 1542 3284 (Ps.
1575 3208 1702 3276 VII,
1745 3209 1859 3283 10).
1892 3209 1973 3265 Ab

2079 3206 2220 3264 catio
2246 3220 2355 3262 non
2380 3206 2510 3273 erit,
2546 3214 2602 3261 ut
2626 3207 2678 3261 in
2711 3207 2949 3263 membra
2983 3207 3093 3278 jam
3136 3206 3370 3278 Christi,
3396 3228 3503 3269 non
3533 3231 3662 3272 nos-

364 3315 469 3372 illo
497 3314 603 3372 erit
631 3323 687 3369 et
712 3313 830 3369 laus
857 3310 1146 3381 unicuique
1164 3350 1181 3375 ,
1211 3324 1240 3364 a
1269 3323 1377 3380 quo
1402 3319 1457 3363 et
1483 3306 1814 3363 contrarium
1852 3305 1972 3360 lau-

363 3410 452 3468 dis
475 3416 536 3465 ut
566 3423 596 3463 a
623 3405 825 3478 judice.
864 3404 1058 3471 Certe,
1089 3400 1268 3473 inquis
1292 3399 1437 3473 (10),
1464 3398 1551 3455 vel
1590 3396 1681 3455 hic
1708 3397 1965 3453 mundum

363 3506 537 3561 Deum
583 3500 765 3557 mundi
809 3500 1214 3569 interpretatur,
1265 3492 1546 3551 dicendo:
1590 3491 1962 3563 Spectaculum

360 3597 497 3673 [acti
525 3611 703 3652 sumus
731 3593 921 3649 mundo
939 3634 958 3660 ,
981 3601 1030 3647 et
1044 3589 1263 3662 angelis,
1292 3596 1338 3643 et
1361 3586 1665 3645 hominibus.
1685 3586 1820 3654 Quia
1844 3585 1962 3659 (11)

354 3692 410 3747 si
435 3687 699 3746 mundum
744 3685 995 3741 homines
1033 3681 1219 3739 mundi
1244 3680 1635 3752 signiﬁcasset,
1671 3694 1776 3736 non
1807 3679 1971 3735 etiam

361 3782 620 3839 homines
659 3777 1000 3851 postmodum
1047 3774 1400 3832 nominasset.
1430 3769 1547 3829 [mo
1589 3786 1659 3828 ne
1698 3771 1772 3827 ita
1802 3786 1969 3843 argu-

357 3875 725 3944 mentareris,
758 3870 1097 3946 providentia
1122 3868 1357 3941 Spiritus
1380 3865 1564 3924 Sancti
1579 3865 1975 3925 demonstravit

366 3968 633 4044 quidnam
691 3965 810 4040 (12)
864 3966 1130 4030 dixisset,
1184 3960 1548 4035 Spectaculum
1603 3960 1729 4029 [acti
1793 3974 1970 4014 sumus

359 4062 600 4128 mundo;
644 4059 773 4117 dum
820 4058 1027 4130 angelis
1072 4056 1164 4129 qui
1215 4052 1475 4110 mundum
1526 4051 1869 4121 ministrant,
1912 4060 1971 4109 et

361 4152 680 4211 hominibus
733 4151 929 4224 quibus
975 4148 1306 4205 ministrant.
1358 4144 1660 4202 Verebatur
1712 4144 1966 4201 nimirum

361 4252 529 4303 tantae
573 4242 892 4301 constantiae
931 4241 1035 4306 vir,
1088 4254 1157 4295 ne
1202 4237 1381 4294 dicam
1426 4234 1660 4306 Spiritus
1698 4236 1964 4303 Sanctus,

359 4337 666 4414 praesertim
707 4340 775 4393 ad
804 4336 948 4393 ﬁlios
981 4333 1262 4400 scribens,
1294 4344 1433 4402 quos
1459 4329 1513 4385 in
1543 4328 1835 4399 Evangelio
1872 4343 1966 4400 ge-

359 4440 687 4501 neraverat,
715 4430 886 4487 libere
912 4428 1085 4485 Deum
1126 4422 1310 4481 mundi
1356 4420 1672 4488 nominare,
1706 4420 1965 4476 adversus

359 4538 564 4599 quem,
614 4524 719 4581 nisi
766 4530 989 4589 exerte,
1034 4535 1143 4576 non
1192 4525 1378 4589 posset
1431 4513 1600 4570 videri
1646 4514 1961 4585 praedicare.

2079 3310 2157 3356 tra
2188 3317 2203 3355 ε
2233 3299 2416 3370 utique
2442 3289 2544 3355 sibi
2591 3299 2738 3355 salva
2772 3300 3079 3371 praestabit,
3119 3317 3239 3374 quas
3286 3319 3669 3376 magnocom-

2075 3393 2300 3464 paravit.
2329 3391 2446 3449 Jam
2479 3406 2622 3447 nunc
2649 3392 2923 3462 quomodo
2952 3392 3371 3451 honorabimus?
3396 3401 3671 3469 quomodo

2076 3485 2323 3542 tollemus
2380 3485 2548 3541 Deum
2598 3485 2651 3545 in
2680 3499 2908 3555 corpore
2968 3486 3243 3557 perituro?
3296 3487 3549 3561 Sequitur
3599 3494 3672 3552 de

2075 3579 2276 3667 nuptiis
2303 3578 2594 3650 congredi,
2620 3593 2751 3649 quas
2777 3577 3018 3635 Marcion
3053 3582 3386 3639 constantior
3410 3586 3671 3656 Apostolo

2076 3670 2348 3743 prohibet.
2379 3670 2589 3727 Etenim
2630 3670 2953 3742 Apostolus,
2982 3671 3084 3728 etsi
3119 3670 3304 3728 bonum
3345 3677 3669 3735 continentia:

2073 3762 2282 3834 praefert
2303 3804 2320 3831 ,
2354 3772 2533 3819 tamen
2576 3761 2875 3833 conjugium
2920 3770 2968 3817 et
3012 3764 3250 3818 contrahi
3303 3768 3594 3837 permittit,
3619 3780 3671 3828 et

2071 3855 2189 3912 usui
2233 3871 2361 3923 esse,
2402 3864 2451 3909 et
2502 3853 2666 3925 magis
2716 3854 2925 3909 retineri
2979 3871 3132 3926 quam
3184 3856 3413 3930 disjungi
3459 3860 3666 3917 suadet.

2072 3950 2238 4005 Plane
2287 3947 2532 4005 Christus
2570 3954 2718 4002 vetat
2767 3946 2985 4017 (Matth.
3024 3947 3061 4001 V
3085 3958 3133 4003 et
3158 3947 3308 4020 XIX)
3354 3950 3667 4021 divortium,
3698 3964 3722 4002 τ

2070 4042 2282 4114 Moyses
2311 4055 2439 4096 vero
2469 4039 2746 4110 permittit.
2772 4038 2974 4095 Marcio
3011 4048 3180 4096 totum
3209 4043 3551 4101 concubitum
3573 4061 3673 4102 au-

2072 4134 2253 4191 ferens
2303 4132 2550 4189 fidelibus
2616 4132 2873 4204 (viderint
2906 4133 3050 4189 enim
3095 4134 3470 4194 catecltumeni
3519 4138 3664 4213 ejus)

2070 4227 2351 4298 repudium
2385 4234 2510 4281 ante
2551 4235 2731 4296 nupta:
2760 4224 2878 4296 (l7)
2905 4224 3129 4297 jubens,
3159 4227 3314 4299 cujus
3340 4231 3664 4290 sententiam

2067 4322 2330 4393 sequitur,
2371 4318 2541 4390 Moysi
2565 4332 2632 4373 an
2671 4315 2914 4374 Christi?
2940 4318 3139 4390 Atquin
3168 4329 3224 4375 et
3268 4317 3468 4377 Christi
3518 4325 3670 4394 Apo-

2067 4415 2237 4469 stolus
2267 4409 2408 4485 (18),
2436 4426 2558 4466 cum
2591 4410 2832 4481 praecipit
2882 4410 3147 4466 mulierem
3183 4428 3217 4465 a
3246 4412 3352 4467 viro
3377 4430 3481 4469 non
3507 4414 3671 4471 disce-

2066 4508 2203 4572 dere,
2236 4513 2324 4560 aut
2349 4505 2393 4558 si
2438 4501 2749 4568 discesserit,
2789 4518 2997 4557 manere
3035 4502 3306 4574 innuptam
3329 4546 3346 4573 ,
3376 4514 3464 4559 aut
3490 4522 3670 4563 recon-

358 4595 486 4681 l—ion
511 4616 743 4677 defendo
767 4614 1064 4675 secundum
1108 4612 1286 4684 legem
1316 4606 1593 4666 Creatoris
1622 4605 1962 4677 displicuisse
1983 4604 2041 4668 D
2066 4600 2235 4658 citiari
2262 4599 2411 4664 uiro;
2449 4605 2506 4655 et
2530 4595 2812 4668 repudium
2841 4596 3135 4668 permisit,
3173 4596 3317 4670 quod
3348 4613 3457 4656 non
3486 4598 3540 4657 in
3572 4608 3663 4658 to-

1562 4722 1947 4787 L‘ECTIONES
1982 4720 2397 4792 VARIANTES.

448 4849 501 4903 1i
521 4848 772 4902 Iudicatur
790 4847 912 4900 Par.
937 4853 1088 4897 I-‘ran.

882 4907 1039 4964 Rhea.
1062 4902 1214 4959 Seml.
1233 4900 1437 4959 Oberth.

447 4975 501 5050 ἕ)
522 4975 668 5050 Iulis.
685 4977 884 5050 PaL-1'
883 4986 992 5050 "1'9

442 5038 473 5090 ι
522 5038 736 5088 Marcion
758 5040 880 5088 Par.
910 5044 1058 5086 nm.

442 5038 497 5173 ἕξ
521 5099 622 5173 ΨΒ
822 5093 983 5173 §sei
1003 5090 1216 5173 "Qbifm;

445 5164 477 5213 ϐ
523 5161 798 5214 Intentabis
817 5158 971 5213 Bhen.
998 5157 1151 5208 Seml.
1196 5155 1343 5209 Ober.

445 5155 501 5299 ΖΞ
522 5225 599 5299 ad
622 5226 751 5299 “P99
772 5235 972 5299 5329:“?
991 5223 1343 5299 ξίέἴῑβῒέἔτέίη

442 5277 497 5403 8)
520 5287 809 5360 Hominibus
826 5282 976 5338 len.
1175 5277 1371 5333 Oberth.

439 5351 472 5403 9
519 5349 740 5403 Christus
767 5351 935 5401 Venet.
968 5344 1149 5399 Christi
1171 5342 1281 5396 cod.
1334 5343 1524 5395 Wouw.

2155 4836 2234 4911 Ψ)
2258 4837 2421 4911 ξηειυὲ
2441 4832 2509 4911 σιτ

2158 4902 2238 4961 11)
2259 4902 2351 4961 out
2375 4902 2516 4961 Pam.

2154 4953 2236 5036 1ἓῖ
2257 4953 2687 5036 Φυριηριιρ.1υιενξε
2700 4953 2852 5036 ξφα·
2873 4954 3070 5010 01’8"“-

2158 5022 2237 5095 13)
2262 5022 2438 5076 imbuit
2459 5022 2611 5074 Rhen.
2648 5030 2811 5072 Venet.

2156 5091 2234 5140 14)
2260 5090 2429 5138 Pretio
2451 5084 2600 5137 omitt.
2623 5082 2778 5135 Rhen.
2809 5080 2959 5133 Seml.
2988 5078 3185 5133 Obertlt.

2158 5144 2238 5202 15)
2262 5151 2323 5200 Et
2335 5150 2455 5200 (ulli.
2478 5146 2632 5199 Eheu.
2659 5144 2813 5196 Seml.
2829 5146 2975 5197 Ober.

2161 5209 2239 5263 16)
2266 5212 2572 5263 Admittenda
2601 5209 2823 5260 Ciaccon.

2161 5263 2240 5337 17)
2264 5275 2467 5337 Nuptias
2487 5270 2639 5337 Rhea.
2659 5268 2813 5337 Seml.
2840 5263 3064 5337 Qbertft._
3080 5268 3247 5337 nuptis
3264 5274 3379 5320 Jun.

2167 5327 2244 5401 18)
2268 5327 2490 5389 Christus
2522 5331 2675 5386 Rhen.
2701 5334 2824 5384 Jun.
2848 5327 3002 5385 Seml.
3030 5327 3228 5383 Ober'th.

2220 5096 2240 5339 ἓ

1734 5418 2289 5499 COMMENTARIUS.

424 5542 519 5633 et,
537 5546 848 5633 ,δξκπιετςςε
875 5542 957 5633 illi
993 5560 1091 5633 re,
1114 5526 1961 5633 filii":-'f£‘i’i‘?fff‘i:_.”£-{3316

685 5618 964 5697 ειριιεξιηι
993 5611 1332 5697 ειεξιίιίέουπι
1350 5611 1590 5697 ΑΡθὲίοὲί
1614 5611 1726 5697 Ιοῒεδ
1743 5623 1957 5697 ⁰ἴ¹¹¹¹θὲε

344 5678 1424 5779 ἧέθξρξέεέιφὲξευὲἶιξετὲηξιξεῑ
1460 5681 1880 5779 ξιίοιέέηίεείιιιε
1910 5678 1963 5734 id

351 5754 699 5903 ὰὲωθειξυ
724 5759 937 5817 defeus.
967 5770 1231 5843 canonum
1258 5760 1447 5839 Apost.
1483 5756 1558 5810 Le
1585 5754 1697 5835 Pn._

472 5834 586 5897 ΔΡ.
608 5831 727 5894 VII.
746 5860 819 5876 -—-
848 5828 1145 5903 (1)),Εηιρη
1188 5845 1324 5889 etum
1346 5843 1521 5891 sumus
1566 5835 1694 5903 preti

472 5834 586 5897 AP.
608 5831 819 5894 VlL—
848 5828 1145 5909 (1)),Εηιριὶ
1188 5829 1324 5889 enim
1346 5843 1521 5891 sumus
1566 5828 1729 5903 pretio
1758 5838 1962 5900 magno.

2065 5535 2337 5608 Utprobct
2360 5533 2612 5608 Marcioni
2640 5546 2820 5587 veram
2848 5544 3064 5608 carnem
3095 5525 3332 5608 induisse
3359 5523 3657 5608 Christum,

2065 5598 2170 5673 ait',
2209 5623 2307 5663 nos
2346 5606 2519 5677 pretio
2558 5618 2752 5674 magno
2768 5612 2882 5677 aut
2925 5601 3073 5656 nullo
3098 5598 3399 5677 redemptos
3424 5598 3651 5677 ;_nullo,

2065 5680 2111 5734 si
2140 5667 2454 5751 phantasma
2505 5667 2710 5731 tantnin
2760 5674 2891 5737 fuit;
2925 5685 3117 5751 magno
3141 5667 3241 5751 ,ἢεί
3282 5667 3394 5739 ipse
3423 5668 3655 5744 .ingcor.

2070 5739 2198 5822 poi'e
2215 5765 2313 5810 suo
2339 5748 2533 5808 delicta
2559 5753 2738 5803 nostra
2768 5739 3122 5819 portavitCLe
3154 5739 3254 5798 Pa.
