4020 6286
354 298 460 359 487

1717 288 2183 353 TERTULLIANI
2218 247 2257 344 :-

3561 298 3668 360 488

355 424 468 474 tum
494 415 764 489 prohibuit
788 456 802 484 ,
832 422 886 471 et
928 412 1332 472 matrimonium
1377 410 1756 478 confirmavit,
1802 409 1946 482 quod
1972 411 2028 474 Α
2051 408 2220 467 dum?
2243 408 2377 468 Nam
2418 380 2499 469 et.
2522 409 2790 484 reliquum
2820 411 3026 471 exitum
3077 412 3254 485 populi
3285 411 3626 473 decursurus
3646 457 3663 483 ,

355 511 533 584 primo
560 509 727 567 vetuit
755 508 991 581 disjnngi
1014 552 1030 578 ,
1052 518 1107 566 et
1137 508 1183 565 si
1229 507 1368 563 forte
1393 505 1720 578 disjunctum
1745 546 1759 571 ,
1786 502 1956 559 voluit

353 601 658 659 reformari.
687 600 795 657 Sed
824 610 880 657 et
907 600 1253 658 continentiae
1279 614 1414 671 quas
1431 598 1507 654 ait
1532 598 1791 656 caussas?
1818 595 1955 663 Quia

357 703 555 765 tempus
579 692 631 749 in
651 692 863 749 collecto
885 703 982 750 est.
1019 693 1337 749 Putaveram
1360 732 1375 759 ,
1409 690 1534 762 quia
1563 689 1706 746 Deus
1731 688 1871 744 alius
1896 686 1952 743 in

354 783 604 851 Christo;
634 793 689 842 et
719 795 896 842 tamen
926 801 957 842 a
994 800 1102 857 quo
1137 794 1222 842 est
1276 783 1523 841 collectio
1557 781 1816 853 temporis
1841 820 1856 847 ,
1886 779 1955 836 ab

355 888 424 932 eo
444 876 550 932 erit
577 885 632 933 ct
660 876 803 947 quod
833 876 1139 933 collectioni
1189 875 1453 947 temporis
1486 874 1755 947 congruit.
1786 872 1955 929 Nemo

355 968 535 1026 alieno
575 972 803 1041 tempori
855 969 1106 1025 consulit.
1164 968 1427 1025 Pusillum
1477 968 1647 1025 Deum
1701 966 1955 1022 adfirmas

358 1070 509 1118 tuum
529 1103 545 1127 ,
576 1061 811 1119 Marcion
836 1103 853 1131 ,
874 1077 1037 1133 quem
1078 1061 1130 1117 in
1171 1062 1354 1134 aliquo
1392 1069 1711 1133 coangustat
1741 1069 1956 1131 tempus

357 1155 649 1213 Creatoris.
689 1155 851 1212 Certe
898 1156 1260 1228 prmscrihcns
1287 1199 1303 1225 ,
1348 1155 1576 1211 Tantum
1624 1156 1681 1210 in
1736 1153 1955 1208 Domino

356 1266 468 1306 esse
491 1249 779 1305 nubendum
802 1266 822 1315 ,°
852 1250 1031 1320 nequi
1061 1248 1235 1306 fidelis
1252 1249 1523 1306 clhnicnm
1552 1246 1954 1305 matrimonium

357 1341 658 1409 contrahat,
682 1342 853 1413 legem
872 1351 1050 1399 tuetur
1091 1342 1385 1408 Creatoris,
1403 1340 1791 1412 allophylortnn
1823 1353 1957 1410 nup-

357 1434 461 1489 tias
490 1434 685 1505 ubique
733 1433 1087 1506 prohibentis.
1132 1433 1259 1501 Sed,
1289 1433 1381 1488 etsi
1409 1442 1563 1500 sunt,
1595 1432 1683 1502 qui
1713 1430 1958 1485 dicuntur

358 1524 478 1595 Dei,
509 1527 613 1583 sive
637 1528 690 1582 in
720 1527 878 1591 cortis,
923 1528 1028 1585 sive
1079 1530 1132 1583 in
1189 1528 1381 1592 terris;
1417 1535 1638 1598 apparet
1686 1522 1958 1596 quomodo

357 1618 584 1685 dixerit,
644 1634 750 1675 non
809 1621 959 1691 quasi
990 1617 1066 1693 (l)
1114 1634 1239 1675 vere
1286 1619 1394 1674 sint
1438 1616 1541 1690 (2),
1580 1616 1670 1688 qtti
1711 1614 1960 1671 dicantur

358 1711 577 1783 quando
628 1728 735 1768 non
781 1712 891 1768 sint
920 1730 934 1768 :
966 1713 1035 1768 de
1063 1710 1220 1767 idolis
1248 1711 1391 1767 enim
1434 1710 1601 1781 cmpit
1623 1750 1637 1775 ,
1667 1709 1737 1765 de
1782 1707 1957 1763 idolo-

2058 502 2380 574 prmmittit:
2413 501 2753 573 "testantem
2776 505 3012 574 exempla
3050 505 3193 559 nobis
3221 503 3537 578 suntffacla.
3572 506 3665 562 Dic

2056 594 2210 662 mihi,
2242 611 2270 650 a
2300 591 2558 653 Creatore
2594 596 2819 654 alterius
2846 595 3065 669 quidem
3097 597 3262 669 ignoti
3293 597 3385 653 Dei
3427 598 3660 654 hornini-

2055 686 2160 750 bus
2184 688 2432 761 exempla
2460 698 2587 746 sunt
2635 688 2819 746 facta?
2846 706 2915 745 an
2959 688 3098 745 alius
3129 690 3269 746 Deus
3296 691 3365 745 ab
3410 691 3520 746 alio
3547 706 3658 745 mu-

2060 789 2240 838 tuatur
2262 782 2536 854 exempla,
2567 791 2622 839 et
2647 781 2862 855 quidem
2893 781 3128 838 aemulo?
3158 783 3234 839 De
3259 782 3351 839 illo
3376 798 3467 839 me
3492 791 3655 838 terret

2056 873 2196 943 sibi,
2221 890 2253 931 a
2293 891 2401 947 quo
2427 875 2585 933 fidem
2618 891 2790 933 meam
2825 875 3123 933 transfert?
3149 875 3428 933 Meliorem
3462 890 3553 931 me
3582 874 3655 931 illi

2057 966 2399 1026 adversarius
2422 970 2618 1027 faciet?
2639 969 2756 1027 Jam
2770 968 3107 1042 sideliqucro
3132 968 3323 1026 eadem
3347 984 3470 1042 qum
3494 978 3552 1027 et
3571 985 3660 1041 po-

2057 1062 2236 1134 pulus,
2259 1062 2523 1120 eademne
2551 1078 2808 1134 passurus
2830 1078 2972 1131 sum,
3001 1066 3217 1122 annon?
3248 1064 3447 1135 Atquin
3476 1067 3660 1122 sinon

2057 1154 2272 1223 eadem,
2300 1172 2439 1214 vane
2479 1157 2611 1213 mihi
2645 1157 2877 1214 timenda
2916 1135 3172 1232 proponit
3195 1201 3210 1228 ,
3244 1174 3367 1232 qua:
3399 1172 3509 1214 non
3540 1174 3661 1215 sum

2057 1263 2334 1320 passurus.
2366 1249 2632 1308 Passurus
2658 1261 2835 1308 autem
2860 1267 2889 1306 a
2917 1268 3026 1324 quo
3053 1252 3186 1310 ero?
3214 1252 3273 1309 Si
3297 1269 3327 1307 a
3356 1251 3619 1309 Creatore
3641 1294 3660 1323 ,

2058 1343 2235 1415 qualia
2262 1343 2509 1415 inﬂigere
2538 1343 2707 1416 ipsius
2745 1345 2871 1401 est?
2895 1354 2951 1401 et
2978 1346 3136 1417 quale
3166 1346 3288 1413 erit,
3321 1354 3381 1401 ut
3410 1354 3663 1417 peccato-

2057 1450 2172 1492 rem
2195 1435 2372 1499 aemuli
2398 1436 2480 1491 stti
2509 1436 2694 1506 puniat
2718 1439 2910 1508 magis,
2935 1453 3094 1509 quam
3121 1452 3153 1494 e
3175 1437 3449 1493 contrario
3479 1435 3661 1493 foveat

2064 1525 2208 1583 Deus
2233 1525 2477 1585 zelotes?
2503 1527 2558 1585 Si
2585 1529 2654 1586 ab
2682 1528 2776 1585 illo
2804 1528 2954 1596 Deo,
2981 1529 3164 1601 atquin
3204 1529 3398 1601 punire
3428 1545 3539 1585 non
3570 1544 3666 1585 no-

2061 1617 2157 1673 vit.
2192 1617 2266 1675 Ita
2289 1660 2305 1686 ,
2340 1627 2448 1697 tota
2480 1621 2582 1677 ista
2629 1608 2929 1693 preposiiio
2974 1621 3220 1693 Apostoli
3262 1620 3410 1678 nulla
3455 1621 3665 1679 ratione

2060 1711 2332 1779 consistit,
2372 1712 2417 1767 si
2446 1728 2555 1768 non
2583 1711 2651 1769 ad
2681 1712 3020 1785 disciplinam
3046 1714 3324 1770 Creatoris
3361 1724 3471 1771 est.
3516 1715 3669 1771 Deni-

359 1802 526 1876 tbytis
573 1802 945 1876 disputaturus
972 1821 987 1859 :
1036 1803 1242 1860 Scimus
1285 1802 1423 1874 quod
1468 1800 1669 1856 idolum
1711 1800 1841 1855 nihil
1869 1801 1954 1857 sit.
1986 1810 2034 1871 Β
2061 1817 2168 1873 que
2196 1811 2251 1857 et
2280 1802 2332 1857 in
2360 1802 2599 1859 clausula
2628 1804 2933 1874 prtcf'ationi
2981 1806 3294 1877 reSpondct.
3327 1804 3465 1862 Παῖς
3501 1815 3668 1862 aulem

358 1894 675 1954 Creatorem
711 1907 892 1952 autem
920 1904 977 1952 et
1003 1895 1238 1951 Marcion
1269 1895 1438 1950 Deum
1473 1909 1580 1948 non
1611 1901 1804 1963 negat;
1830 1907 1961 1963 ergo

361 2003 472 2044 non
502 1997 683 2060 potest
710 1987 879 2044 videri
919 1987 1212 2059 Apostolus
1237 1986 1548 2043 Creatorem
1577 1998 1794 2056 quoque
1820 1982 1961 2040 inter

358 2094 457 2137 eos
490 2082 737 2151 posuisse
764 2122 779 2149 ,
817 2080 908 2151 qui
939 2080 1014 2137 dii
1040 2080 1307 2147 dicantur,
1365 2087 1420 2135 ct
1459 2089 1637 2134 tamen
1675 2092 1784 2134 non
1816 2076 1958 2142 sint;

360 2175 577 2246 quando
590 2175 690 2231 etsi
712 2173 960 2243 fuissent,
979 2174 1126 2231 nobis
1147 2183 1317 2230 tamen
1343 2189 1474 2229 unus
1497 2182 1624 2228 esset
1646 2170 1786 2227 Deus
1802 2170 1962 2226 Pater
1989 2183 2005 2199 '

360 2282 425 2323 ex
450 2284 550 2339 quo
574 2267 745 2322 omnia
773 2267 874 2340 (5).
893 2268 969 2323 Ex
984 2284 1092 2338 quo
1114 2268 1294 2323 omnia
1324 2266 1500 2332 nobis,
1537 2266 1639 2321 nisi
1665 2264 1818 2336 cujus
1846 2279 1963 2319 om-

359 2358 449 2415 nia
467 2361 491 2415 'l
510 2360 766 2430 Qumnam
784 2360 883 2417 ista
904 2360 1121 2417 illabes
1142 2361 1194 2415 in
1219 2358 1503 2431 praeteritis
1536 2376 1551 2415 :
1577 2357 1765 2413 Omnia
1792 2366 1962 2413 vestra

358 2461 500 2519 sum,
530 2454 635 2509 sive
665 2452 888 2522 Paulus,
910 2454 1014 2508 sive
1062 2452 1266 2526 Apollo,
1296 2452 1400 2507 sive
1428 2449 1647 2522 Cepltas,
1680 2449 1784 2505 sive
1809 2463 1954 2503 urun-

361 2543 459 2598 dus
483 2584 500 2612 ,
523 2544 627 2599 sive
652 2544 755 2599 vita
779 2587 795 2613 ,
825 2545 929 2599 sive
969 2560 1106 2599 mors
1126 2586 1141 2611 ,
1167 2543 1270 2598 sive
1297 2541 1599 2614 prwsentia,
1628 2540 1732 2596 sive
1759 2543 1959 2612 futura.

362 2634 517 2691 Ade’o
539 2635 779 2691 omnium
809 2636 981 2692 Deum
1012 2635 1324 2691 Creatorem
1351 2634 1498 2701 facit,
1526 2649 1554 2687 a
1581 2646 1690 2705 quo
1722 2641 1773 2689 ct
1803 2647 1963 2688 mun-

361 2728 465 2784 dus
496 2767 511 2794 ,
541 2736 598 2786 et
624 2728 734 2785 vita
764 2771 780 2797 ,
809 2738 863 2787 et
920 2744 1101 2796 mors;
1133 2743 1253 2799 qum
1282 2727 1507 2785 alterius
1552 2726 1648 2783 Dei
1700 2740 1825 2784 esse
1855 2742 1963 2782 non

363 2830 608 2892 possunt.
641 2823 725 2879 Ab
772 2836 840 2878 co
889 2821 1050 2893 igitur
1096 2822 1237 2877 inter
1270 2820 1449 2876 omnia
1482 2829 1537 2876 et
1579 2817 1849 2877 Christus.
1881 2817 1967 2875 Ea:

364 2911 538 2969 labore
559 2930 655 2969 suo
698 2929 1103 2986 unumquemque
1145 2912 1331 2968 docens
1373 2912 1539 2967 vivere
1573 2919 1810 2983 oportere
1844 2909 1924 2983 (a)
1946 2951 1962 2979 ,

364 3009 496 3066 satis
522 3009 766 3085 exempla
797 3009 1135 3081 prtemiscrat
1160 3007 1389 3062 militum
1410 3048 1427 3075 ,
1460 3013 1737 3078 pastorum
1758 3047 1772 3072 ,
1805 3002 1970 3061 rustic

363 3117 587 3170 corum;
615 3102 710 3159 sed
729 3100 908 3159 divina
936 3099 1321 3161 illiauctoritas
1355 3097 1774 3170 deerat.chem
1805 3096 1967 3170 igitur

2062 1895 2490 1967 quemadmodum
2539 1909 2811 1953 evenerunt
2852 1898 2959 1953 illis
2984 1938 2999 1966 ,
3039 1899 3233 1971 scripta
3277 1908 3404 1953 sunt
3462 1898 3533 1952 ad
3580 1915 3670 1954 nos

2063 1988 2463 2045 commonendos
2484 2031 2500 2057 ,
2530 1988 2583 2043 in
2604 2006 2733 2061 quos
2759 1991 2886 2062 lines
2915 2007 3141 2046 wvorum
3179 1992 3604 2047 decucurrerunt.
3627 1989 3672 2047 0

2062 2075 2375 2136 Creatorem
2403 2090 2454 2136 et
2480 2080 2766 2151 prmscium
2794 2082 2907 2151 jam
2949 2091 3005 2138 et
3030 2082 3430 2139 admouitorctn
3469 2082 3671 2139 alieno-

2064 2185 2184 2227 rum
2252 2172 2721 2228 Christianorum!
2774 2172 3085 2243 Praetereo,
3137 2176 3182 2229 si
3235 2174 3461 2247 quando
3527 2174 3670 2246 paria

2063 2276 2251 2320 eorum
2279 2278 2399 2335 qum
2426 2273 2712 2322 retractata
2742 2276 2871 2343 sunt
2896 2308 2913 2334 ,
2943 2265 3189 2338 qumdam
3216 2277 3271 2323 et
3299 2267 3546 2323 breviter
3574 2283 3668 2322 cx-

2064 2370 2269 2428 pungo.
2307 2357 2556 2429 Magnum
2582 2368 2956 2431 argumentum
2990 2358 3082 2416 Dei
3110 2359 3355 2422 alterius,
3379 2360 3672 2433 permissio

2064 2448 2304 2506 omnium
2332 2450 2678 2507 obsoniorum
2699 2494 2714 2519 ,
2762 2453 3020 2509 adversus
3052 2451 3282 2525 Legem;
3301 2456 3464 2525 quasi
3487 2469 3592 2510 non
3620 2465 3671 2511 et

2070 2539 2173 2613 ipsi
2202 2542 2557 2599 confiteamur
2584 2543 2741 2615 chis
2772 2558 2936 2601 onera
2976 2544 3194 2601 dimissa
3216 2586 3232 2613 ,
3266 2545 3361 2601 sed
3399 2547 3470 2602 ab
3496 2561 3560 2602 eo
3585 2546 3672 2618 qui

2063 2635 2342 2707 imposuit,
2373 2635 2464 2708 qui
2491 2638 2834 2696 novationem
2863 2638 3200 2710 repromisit;
3231 2638 3302 2693 ita
3324 2646 3379 2694 et
3412 2640 3561 2695 cibos
3584 2638 3671 2711 qui

2065 2729 2326 2798 abstulit,
2355 2730 2596 2788 reddidit
2622 2773 2638 2799 ,
2669 2732 2813 2802 quod
2864 2742 2921 2789 et
2962 2749 2995 2789 a
3045 2731 3347 2805 primordio
3406 2733 3668 2805 praestitit.

2066 2819 2358 2891 Craterum,
2389 2823 2435 2879 si
2474 2823 2597 2895 quis
2641 2823 2778 2881 alius
2810 2824 2953 2881 Deus
2993 2824 3191 2897 fuisset
3232 2823 3553 2882 destructor
3581 2825 3672 2880 Dei

2068 2916 2259 2983 nostri,
2292 2915 2427 2972 nihil
2455 2919 2626 2989 magis
2648 2934 2779 2975 suos
2800 2917 3187 2995 prohibuisset,
3217 2934 3379 2992 quam
3417 2920 3486 2977 de
3508 2918 3673 2991 copiis

2068 3006 2367 3066 adversarii
2398 3008 2600 3067 vivere.
2635 3009 2826 3084 (leor.
2849 3054 2865 3075 ,
2894 3010 2986 3078 XI,
3017 3009 3189 3083 XIV).

2650 3102 2881 3163 CAPUT
2922 3103 3058 3161 Vill.

364 3197 589 3267 opponit
614 3194 886 3253 Creatoris
924 3195 1148 3266 ingratis
1175 3192 1257 3267 (4)
1286 3235 1301 3261 ,
1325 3208 1485 3264 quam
1506 3192 1815 3250 destruebat
1838 3208 1853 3247 :
1880 3190 1965 3248 sui
1992 3203 2039 3267 (ξ
2143 3192 2312 3267 Caput
2349 3196 2444 3252 uiri
2468 3194 2701 3254 Christus
2726 3207 2819 3253 est.
2852 3196 2984 3265 Quis
3009 3195 3279 3268 Christus,
3311 3197 3413 3270 qui
3449 3214 3552 3255 non
3595 3206 3674 3254 est

364 3289 512 3346 enim
540 3289 637 3346 Dei
666 3290 869 3346 nullam
899 3289 1061 3346 talem
1088 3287 1342 3344 habebat.
1373 3286 1523 3355 Boni,
1556 3286 1751 3358 inquit,
1786 3287 1968 3342 terenti

365 3396 435 3439 os
454 3400 557 3439 non
578 3382 826 3455 obligabis
849 3400 869 3451 ;
896 3391 952 3439 et
992 3380 1221 3453 adjicit:
1257 3378 1512 3459 Nunquid
1559 3381 1622 3435 de
1660 3379 1820 3435 bobus
1850 3395 1969 3451 per-

368 3476 491 3529 tinet
519 3473 590 3529 ad
623 3472 952 3545 Dominum?
1011 3473 1172 3530 etiam
1204 3479 1258 3528 ct
1290 3470 1373 3545 (5)
1416 3471 1588 3528 bobus
1624 3479 1844 3542 propter
1871 3469 1968 3525 ho-

368 3565 545 3621 mines
575 3544 909 3636 benignum?
935 3563 1159 3636 Propter
1185 3580 1277 3620 nos
1303 3544 1437 3619 enim
1468 3564 1717 3635 scriptum
1745 3571 1855 3631 est,
1890 3562 1969 3618 in-

367 3658 506 3728 quit.
558 3656 702 3729 Ergo
766 3667 821 3713 et
872 3658 1045 3728 legem
1101 3655 1443 3727 allegoricam
1501 3653 1799 3711 secundum
1869 3668 1971 3711 nos

371 3747 640 3821 probavit,
672 3756 729 3804 et
744 3748 818 3807 de
850 3748 1146 3819 Evangelio
1172 3746 1479 3804 viventibus
1509 3746 1968 3818 patrocinantem;

371 3859 436 3902 ac
477 3851 701 3931 propter
728 3842 849 3912 hoc,
894 3858 1002 3899 non
1044 3841 1264 3898 alterius
1292 3855 1414 3897 esse
1466 3839 1969 3931 Evangelizatores,

372 3953 532 4009 quam
580 3927 737 4009 cujus
785 3937 911 4006 lex,
945 3953 1066 4009 qua:
1116 3935 1397 4008 prOSpexit
1446 3933 1555 3990 illis
1581 3974 1599 4003 ,
1637 3949 1763 3990 cum
1806 3927 1968 4000 dicit,

373 4029 596 4103 PrOpter
623 4046 716 4086 nos
737 4031 892 4099 Ienim
925 4028 1007 4103 (6)
1046 4029 1292 4101 scriptum
1332 4037 1424 4084 est.
1458 4025 1566 4084 Sed
1595 4025 1765 4083 noluit
1795 4025 1867 4081 ttti
1892 4026 1973 4083 le-

372 4123 459 4195 gis
488 4130 789 4194 potestate,
817 4122 944 4193 quia
991 4120 1183 4177 maluit
1231 4120 1398 4192 gratis
1446 4119 1716 4176 laborare.
1763 4117 1876 4174 Hoc
1904 4118 1976 4173 ad

376 4214 596 4286 gloriam
642 4229 789 4270 suam
833 4213 1057 4281 retulit,
1090 4227 1252 4285 quam
1282 4212 1481 4283 negauit
1525 4226 1826 4282 quemquam
1859 4224 1975 4264 eua-

373 4316 645 4363 cuaturum
670 4347 684 4373 ,
727 4320 834 4362 non
878 4304 946 4362 ad
974 4304 1132 4377 Legis
1168 4304 1592 4362 destructionem
1615 4345 1630 4371 ,
1659 4319 1764 4377 qua
1809 4303 1975 4360 alium

373 4401 621 4473 probavit
647 4415 888 4456 usurum.
916 4399 1057 4455 Ecce
1100 4409 1279 4455 autem
1309 4407 1364 4455 et
1407 4400 1462 4455 in
1503 4407 1702 4470 petram
1730 4397 1962 4456 ofTendit

374 4507 554 4550 execus
581 4491 814 4551 Marcion
834 4534 849 4561 ,
878 4493 943 4548 de
985 4508 1089 4565 qua
1117 4492 1350 4548 bibebant
1393 4493 1448 4548 in
1490 4491 1766 4548 solitudine
1795 4501 1968 4564 patres

2074 3288 2174 3345 viri
2206 3288 2435 3345 auctor?
2456 3288 2625 3360 Caput
2646 3289 2791 3346 enim
2817 3289 2882 3345 ad
2908 3289 3283 3347 auctoritatem
3315 3290 3524 3361 posuit,
3551 3303 3672 3345 auc-

2073 3384 2264 3441 toritas
2290 3391 2471 3439 autem
2498 3398 2607 3439 non
2636 3382 2859 3439 alterius
2884 3382 3012 3449 erit,
3042 3399 3201 3455 quam
3225 3385 3492 3440 auctoris.
3514 3381 3675 3452 Cujus

2072 3476 2307 3547 denique
2351 3474 2453 3530 viri
2499 3483 2661 3545 caput
2686 3474 2813 3531 est?
2839 3473 2999 3531 Certe
3027 3472 3096 3530 de
3123 3490 3230 3545 quo
3273 3472 3539 3546 subjicit:
3588 3470 3675 3526 Vir

2073 3568 2206 3624 enim
2236 3583 2339 3622 non
2368 3564 2511 3622 debet
2539 3576 2698 3637 caput
2725 3563 2910 3632 uelare,
2947 3581 3063 3620 cum
3084 3566 3149 3621 sit
3172 3564 3270 3620 Dei
3293 3565 3492 3639 imago.
3521 3563 3677 3636 Igitur

2072 3658 2120 3715 si
2147 3657 2421 3715 Creatoris
2446 3666 2530 3714 est
2550 3657 2726 3729 imago
2752 3656 2868 3731 (ille
2890 3657 3033 3714 enim
3060 3655 3334 3713 Christum
3357 3656 3673 3715 Sermonem

2074 3766 2233 3807 suum
2267 3752 2483 3806 intuens
2514 3748 2788 3807 hominem
2821 3748 3057 3806 futurum
3085 3792 3100 3817 ,
3133 3746 3443 3819 Faciamus,
3472 3747 3671 3820 inquit,

2078 3844 2333 3900 hominem
2363 3844 2431 3899 ad
2455 3844 2732 3916 imaginem
2763 3853 2811 3899 et
2832 3844 3218 3899 similitudinem
3244 3844 3521 3915 nostram),
3547 3856 3674 3913 quo-

2078 3933 2241 3992 modo
2268 3950 2486 4008 possum
2513 3935 2743 3993 alterum
2775 3935 2975 3992 habere
3003 3945 3186 4007 caput,
3218 3950 3325 3990 non
3370 3951 3500 3991 cum
3526 3933 3674 4005 cujus

2077 4026 2256 4100 imago
2296 4028 2458 4084 sum?
2482 4027 2615 4084 Cum
2665 4028 2808 4085 enim
2843 4028 3017 4098 imago
3068 4043 3188 4083 sum
3216 4026 3497 4083 Creatoris
3520 4069 3535 4094 ,
3568 4040 3672 4080 non

2078 4127 2164 4176 est
2190 4118 2244 4175 in
2273 4133 2362 4175 me
2390 4119 2543 4177 locus
2570 4120 2764 4191 capitis
2791 4120 3035 4177 alterius.
3070 4118 3178 4176 Sed
3216 4127 3271 4176 ot
3296 4133 3467 4190 quare
3497 4117 3673 4172 mulier

2080 4220 2376 4283 potestatem
2401 4228 2556 4283 super
2580 4222 2733 4285 caput
2758 4213 2941 4269 habere
2970 4212 3207 4267 debebit?
3226 4212 3280 4268 Si
3304 4214 3428 4287 quia
3459 4228 3523 4266 ex
3542 4211 3671 4276 viro,

2080 4314 2128 4359 et
2162 4313 2369 4377 propter
2410 4306 2574 4361 uirum
2625 4305 2764 4377 facta
2814 4316 2888 4362 est
2932 4305 3228 4362 secundum
3282 4305 3671 4373 institutionem

2079 4397 2371 4465 Creatoris,
2405 4399 2483 4455 sic
2510 4414 2725 4472 quoque
2754 4399 2875 4472 ejus
2903 4398 3243 4471 disciplinam
3278 4398 3573 4470 Apostolus
3593 4410 3676 4451 cu-

2088 4490 2248 4555 ravit,
2278 4489 2346 4547 de
2372 4491 2525 4562 cujus
2550 4491 2887 4548 institutione
2916 4507 3138 4549 caussas
3167 4490 3468 4563 disciplina:
3513 4491 3675 4545 inter-

376 4587 559 4643 nostri.
599 4585 657 4643 Si
679 4586 821 4642 enim
852 4595 1002 4658 petra
1035 4586 1124 4641 illa
1153 4585 1402 4643 Christus
1423 4584 1561 4655 fuit,
1590 4586 1778 4657 utique
1807 4585 1975 4642 Crea-
1997 4598 2052 4659 Β
2084 4591 2345 4655 pretatur.
2376 4584 2576 4656 Adjicit
2619 4585 2813 4652 etiam,
2848 4584 3073 4657 PrOpter
3115 4586 3344 4659 angelos.
3389 4582 3581 4654 Quos?
3623 4579 3675 4635 id

377 4679 532 4748 toris,
555 4679 708 4752 cujus
734 4687 792 4735 et
834 4680 1080 4751 populus.
1121 4678 1219 4735 Cui
1245 4680 1320 4736 rei
1350 4677 1429 4754 (b)
1461 4680 1687 4753 figuram
1722 4680 1966 4737 extranei

376 4771 699 4828 sacramenti
732 4761 1118 4843 interpretatur"
1129 4772 1153 4826 ?
1179 4776 1261 4829 An
1290 4781 1350 4827 ut
1379 4772 1484 4828 hoc
1523 4772 1700 4842 ipsum
1725 4771 1967 4841 doceret,

377 4864 605 4936 figurata
650 4863 816 4922 fuisse
844 4874 1029 4923 vetera
1050 4864 1105 4921 in
1132 4862 1408 4922 Christum
1436 4879 1501 4922 ex
1533 4863 1638 4920 illis
1674 4877 1973 4921 recensen-

2081 4686 2186 4745 est,
2215 4677 2412 4749 cujus?
2438 4678 2496 4735 Si
2521 4680 2792 4737 Creatoris
2817 4688 3113 4751 apostatas,
3142 4678 3358 4744 merito,
3390 4687 3450 4734 ut
3479 4677 3563 4733 illa
3602 4673 3675 4729 la-

2077 4773 2189 4829 cies
2215 4787 2338 4845 quae
2365 4752 2461 4830 eos
2488 4772 2878 4829 scandalizavit
2902 4813 2917 4842 ,
2948 4782 3135 4831 notam
3161 4769 3450 4844 quamdam
3479 4767 3678 4825 referat

2080 4862 2151 4921 de
2199 4864 2383 4921 habitu
2431 4864 2749 4923 humilitatis
2773 4906 2789 4934 ,
2820 4875 2878 4924 et
2917 4865 3299 4926 obscuratione
3345 4860 3582 4919 decoris.
3621 4858 3675 4915 Si

1623 4976 2003 5036 LECTIONES
2040 4976 2451 5038 VABIANTES.

537 5094 775 5223 ggiaéiiia
795 5159 895 5211 sint
917 5157 1037 5211 add.
1064 5152 1215 5230 Semf:
1232 5156 1335 5210 Sed
1355 5156 1471 5221 quia
1489 5156 1554 5209 sit
1575 5164 1727 5210 nan.

462 5222 518 5287 ὅ)
539 5221 736 5288 Ειιῳιο
756 5223 921 5276 omnia
942 5218 1085 5275 sentt.
1110 5219 1287 5289 tegttur
1318 5225 1481 5273 Venet.

462 5218 518 5287 ὅ)
539 5218 736 5288 Ειιίιὰο
756 5223 921 5276 omnia
942 5218 1085 5275 sentt.
1110 5218 1287 5289 tegitur
1318 5218 1481 5273 Venet.

2167 5092 2221 5207 a
2242 5092 2472 5207 sua
2491 5103 2607 5149 παι-

2167 5092 2199 5207 g
2242 5092 2472 5206 Bigratiis
2491 5103 2607 5149 Jun.

2142 5092 2221 5283 itii
2237 5159 2547 5275 EdimP
2571 5221 2725 5278 Fran.

1759 5322 2324 5402 COMMENTARIUS.

450 5465 531 5541 (a)
572 5465 653 5522 Ex
678 5464 850 5541 labore
874 5481 968 5541 suo
992 5479 1401 5536 unumquemque
1444 5463 1629 5541 docens
1657 5460 1969 5541 uiuere._liie

376 5532 542 5595 variis
566 5538 826 5607 exemplis
855 5538 1062 5609 probat,
1086 5532 1521 5609 unumquemque
1546 5534 1744 5609 victum
1768 5532 1967 5609 debere

376 5610 480 5666 sibi
508 5605 821 5679 comparare
841 5605 907 5664 ex
932 5608 1116 5679 labore
1137 5605 1384 5679 squSic
1426 5606 1484 5662 Β.
1518 5606 1796 5679 apostolus
1819 5605 1967 5661 dice-

379 5679 469 5734 bat
493 5676 857 5736 olitn'mauns
885 5679 986 5735 sibi
1022 5676 1357 5734 ministrasse
1398 5692 1517 5748 qua:
1547 5676 1683 5745 opus
1710 5677 1771 5748 ei
1790 5682 1964 5748 erant.

376 5750 480 5818 Qui
508 5751 796 5822 Etangelio
836 5752 1112 5816 serviunt,
1157 5763 1224 5806 ex
1271 5746 1462 5806 eodem
1511 5749 1696 5874 vivet:
1741 5746 1964 5876 (iubent.

1696 5834 1726 5874 ε
1796 5832 1850 5874 tt.

1696 5834 1726 5874 Ε
1753 5832 1850 5874 I’B.

2145 5464 2227 5538 (b)
2266 5464 2521 5540 Figuram
2561 5468 2792 5526 extranei
2834 5470 3161 5528 sacramenti.
3189 5465 3399 5526 Poterit
3432 5460 3633 5540 ειυς)μὶ
3656 5501 3673 5528 υ

2070 5534 2295 5613 ﬁguram
2336 5534 2460 5610 Ejus
2487 5539 2579 5613 qui
2623 5541 2693 5597 sit
2722 5549 3015 5599 extraneas
3049 5558 3082 5599 a
3130 5534 3676 5613 saqameutofﬂam

2070 5608 2210 5685 so_|et
2231 5608 2524 5685 patraneus‘
2539 5622 2858 5685 construere
2912 5628 3036 5685 cum
3081 5610 3318 5685 genitivo
3344 5654 3361 5681 ,
3422 5617 3484 5685 ut
3521 5618 3682 5685 sup"!

2071 5677 2511 5763 adv..blarc._‘lib.
2542 5680 2586 5738 ll
2620 5683 2785 5753 :Quis
2832 5684 2960 5742 mali
3005 5677 3293 5749 extraneas
3317 5677 3355 5755 ,⁷
3381 5678 3491 5741 nisi
3509 5678 3597 5750 qui
3627 5680 3684 5730 et

2072 5753 2362 5811 inimicus?
2393 5753 2568 5810 lingu.

3020 5993 3193 6008 ...ψ
