2010 3143
15 1408 97 1435 Intra.

163 152 217 185 489

732 154 797 183 LIB.
818 154 840 182 ν
862 150 1044 183 ADVERSUS
1058 151 1272 182 MARCIONEM.

1765 153 1819 182 .530

164 218 231 239 vero
247 216 359 248 propter
373 211 481 248 angelos
506 211 552 239 Dei
580 210 693 239 alterius
708 232 715 244 ,
732 210 795 246 quid
811 215 930 243 veretur,
945 209 967 237 si
981 210 1009 240 A
1022 209 1183 238 novissimos
1195 211 1253 239 dies
1266 210 1378 246 gratiam
1394 210 1503 246 spiritus
1518 209 1628 239 Creator
1643 213 1795 247 repromisit
1809 234 1816 245 ,

164 265 217 285 nec
241 258 292 293 ipsi
308 258 473 286 Marcionita:
492 258 614 286 l'oeminas
638 259 793 294 appetunt?
808 258 886 293 Saepe
909 257 965 293 jam

165 304 338 332 ostendimus
352 304 459 332 hwreses
485 304 560 343 apud
573 304 732 339 Apo~tolum
757 304 823 332 inter
847 304 916 331 mala
938 308 966 331 ut

163 351 261 377 naulum
272 351 346 386 poni,
359 356 382 378 et
393 359 435 378 eos
444 350 587 385 probabiles
602 350 791 386 intelligendos,
803 350 846 386 qui
859 351 965 377 Ittereses

160 401 190 423 ut
202 396 297 423 malum
311 397 422 432 fugiant.
435 396 551 424 Proinde
565 396 641 431 panis
648 401 674 424 et
684 395 777 424 ealieis
791 400 965 424 sacramento

160 442 216 477 jam
229 442 319 478 (Lua,
331 441 416 475 XXII)
430 442 455 470 in
469 442 613 478 Evangelia
624 443 797 478 probavimus
808 443 930 478 corporis
938 447 966 471 et

160 488 301 523 sanguinis
311 488 438 516 dominici
449 489 589 517 veritatem
603 489 653 525 (α),
663 489 795 517 adversus
806 489 964 525 phantasma

160 534 316 562 Marcionis.
330 534 384 563 Sed
398 538 426 563 et
436 543 543 563 omnem
553 535 649 571 judicii
664 536 827 564 mentionem
840 536 964 564 Creatori

160 585 316 615 competere
326 602 333 614 ,
351 586 379 608 ttt
391 582 446 609 Deo
458 582 555 617 judici,
573 587 628 610 toto
642 591 710 618 pene
725 590 807 618 opere
822 587 964 612 tractatutn

161 631 212 655 est.
224 627 300 655 Nunc
314 627 346 654 de
364 628 521 663 spiritalibus
536 627 598 656 dico
608 649 615 662 ,
630 628 688 656 haec
711 636 817 665 quoque
830 629 856 657 in
869 629 964 657 Chris—

159 677 215 700 tum
230 680 245 700 a
258 672 387 701 Creatore
401 674 543 708 promissa,
560 674 610 701 sub
632 674 675 702 illa
690 675 893 710 praescriptione
903 675 963 709 jus-

163 720 266 747 tissima
279 740 286 752 ,
302 721 407 755 opinor,
430 728 482 756 qua
499 729 551 748 non
565 720 675 748 alterius
688 721 820 749 credenda
839 722 873 749 sit
886 723 963 750 exiti-

160 765 248 799 bitio,
263 773 344 800 quam
356 766 432 801 cujus
456 766 567 801 probata
591 766 670 794 fuerit
691 767 874 802 repromissio.
897 767 964 795 Pro-

157 812 294 839 nuntiavit
320 812 414 840 Esaias
435 812 505 848 (Is...
531 812 588 846 Xl,
611 813 637 848 1)
665 821 671 839 :
697 812 812 840 Prodibit
838 814 909 849 uirga
934 814 965 841 de

156 859 246 886 radice
258 858 333 887 Jcsse
354 859 405 895 (l)l
429 864 453 886 et
474 860 523 894 ﬂos
537 860 568 886 de
582 860 669 888 radice
685 860 813 894 ascendet,
829 860 965 895 requiescet

1017 255 1139 284 Christus
1149 262 1238 285 autem
1250 256 1411 292 spiritalium
1427 256 1607 291 dispcnSator,
1621 257 1647 284 in
1659 259 1815 285 novissimis

1017 300 1110 329 diebus
1138 303 1270 338 apparuit.
1286 302 1393 330 dicente
1421 302 1550 337 Apostolo
1566 302 1638 338 (Gal.
1656 303 1700 336 IV,
1716 303 1744 338 4)
1759 312 1764 329 :
1783 304 1815 330 At

1018 348 1060 375 ubi
1073 353 1171 384 tempus
1191 350 1318 384 expletura
1332 354 1368 376 est
1379 370 1387 382 ,
1403 349 1469 376 misit
1486 349 1555 376 Deus
1571 348 1667 377 Filium
1681 359 1773 381 suum;
1788 356 1816 378 ct

1016 402 1109 423 rursus
1124 395 1146 430 (Ι
1160 395 1232 427 Con,
1250 394 1306 428 VII,
1318 394 1364 429 ‘29)
1378 404 1383 422 :
1402 395 1469 428 Quia
1484 399 1581 430 tempus
1589 395 1647 430 jam
1668 396 1695 422 in
1709 396 1813 423 collecta

1017 445 1075 473 est;
1103 445 1213 476 apparet
1229 445 1255 468 et
1277 440 1310 468 de
1338 445 1488 476 temporum
1512 440 1666 468 ultimorum
1683 441 1814 476 prtedica—

1017 486 1100 520 tione,
1117 487 1186 514 hanc
1200 487 1312 522 gratiam
1327 487 1442 520 Spiritus
1455 486 1488 513 ad
1503 485 1639 514 Christum
1656 487 1813 523 praedicatm

1017 534 1054 561 ris
1065 533 1208 569 pertinere.
1233 533 1365 568 Compara
1391 533 1509 568 denique
1521 533 1627 568 species
1642 535 1763 569 Apostoli
1785 540 1814 563 et

1017 579 1103 607 Esaia:
1116 579 1166 614 (Is.
1183 579 1247 615 XI):
1262 580 1322 613 Alii,
1339 580 1434 615 inquit,
1449 580 1524 607 datur
1538 590 1582 616 per
1592 581 1718 616 Spiritum
1734 590 1815 609 sermo

1016 627 1147 661 sapientia:
1158 634 1168 658 ;
1181 626 1272 654 statim
1286 631 1313 653 et
1326 626 1418 654 Esaias
1429 627 1550 661 spiritum
1562 627 1699 662 sapientim
1713 629 1812 662 posuit.

1016 673 1068 700 Alii
1094 681 1177 700 sermo
1200 673 1334 705 scientiae;
1362 673 1406 700 hic
1420 674 1471 701 erit
1485 681 1575 702 sermo
1591 672 1773 710 intelligentim
1785 680 1819 702 ct

1016 719 1131 747 consilii.
1146 720 1198 747 Alii
1210 720 1274 754 fides
1287 720 1313 746 iu
1327 720 1414 747 eodem
1433 721 1545 755 spiritu;
1571 721 1614 750 hic
1628 722 1680 749 erit
1700 723 1811 757 spiritus

1017 765 1153 801 religionis
1162 770 1190 793 et
1207 766 1311 793 timoris
1326 766 1383 793 Dei.
1406 767 1457 793 Alii
1472 768 1565 795 donum
1580 770 1748 802 curationum,
1764 770 1810 796 alii

1016 812 1155 844 virtutum;
1168 811 1212 839 hic
1232 811 1283 839 erit
1309 812 1566 848 valeatne-spiritus.
1590 814 1642 841 Alii
1656 815 1809 849 prophetia,

1018 858 1063 886 alii
1075 858 1204 885 distinctio
1219 859 1365 893 spirituum,
1378 859 1424 885 alii
1437 867 1529 895 genera
1541 860 1687 896 linguarum
1696 882 1703 894 ,
1718 861 1762 888 alii
1775 862 1816 888 iu-

154 913 236 940 συριν
250 913 307 932 eum
322 905 427 941 spiritus
449 904 564 933 Domini.
577 905 679 934 Dehinc
695 906 799 941 species
818 906 876 942 ejus
890 914 958 934 cnu-
974 906 997 937 Β
1012 904 1157 940 terprctatio
1184 904 1351 939 linguarum;
1378 905 1422 933 hic
1446 906 1498 933 erit
1523 906 1668 941 agnitionis
1689 907 1812 942 spiritus.

154 956 261 980 merat:
277 951 389 987 Spiritus
404 952 537 988 sapientiae
545 957 570 979 et
581 952 765 988 intelligentiae,
780 953 887 987 spiritus
897 962 959 981 con—

153 1000 209 1027 silii
233 1005 257 1027 et
280 1000 405 1034 valentia',
428 1005 453 1027 et
472 1000 579 1035 spiritus
603 1001 741 1035 agnitionis
761 1006 785 1028 et
810 1001 960 1037 religionis;

155 1046 264 1081 spiritus
286 1055 343 1074 cum
365 1046 469 1082 replebit
486 1046 584 1073 timoris
609 1045 664 1074 Dei.
680 1046 816 1075 Christum
841 1046 914 1074 enim
934 1047 960 1075 in

155 1092 234 1119 ﬂoris
248 1091 333 1127 ﬁgura
352 1092 470 1120 ostendit
484 1092 615 1120 oriturum
637 1100 671 1120 ex
690 1092 764 1128 virga
789 1092 907 1127 profecta
927 1092 961 1121 de

154 1138 249 1166 radice
261 1138 348 1172 Jesse,
368 1139 393 1166 id
407 1143 448 1167 est
459 1138 562 1174 virgine
581 1138 686 1174 generis
701 1138 783 1166 David
802 1138 850 1166 ﬁlii
864 1138 941 1166 Jesse
952 1159 960 1172 ,

156 1185 185 1212 in
208 1193 263 1219 quo
286 1185 394 1213 Christo
421 1185 570 1213 consistere
595 1182 786 1213 haberet‘tota
814 1185 962 1213 substantia

156 1230 286 1265 spiritus;
300 1237 352 1258 non
369 1230 445 1266 quasi
458 1235 550 1266 postea
563 1230 712 1258 obventura
727 1230 763 1258 illi
774 1251 781 1263 ,
798 1230 842 1266 qui
856 1238 963 1266 semper

157 1277 272 1312 spiritus
295 1277 342 1304 Dei
358 1277 455 1310 fuerit,
472 1280 534 1304 ante
548 1283 656 1304 carnem
677 1283 801 1312 quoque;
814 1283 849 1304 ne
863 1284 896 1304 ex
911 1276 963 1304 hoc

157 1322 357 1357 argumenteris
369 1321 536 1356 prophetiam
548 1321 580 1349 ad
593 1329 654 1349 eum
670 1321 805 1349 Christum
817 1322 961 1356 pertinere,

157 1368 204 1403 qui
221 1372 249 1395 ut
275 1367 357 1395 homo
381 1371 484 1395 tantum
507 1375 539 1394 ex
565 1367 623 1395 solo
642 1374 725 1395 censu
746 1366 845 1399 David,
870 1371 962 1402 postea

157 1421 357 1444 consecuturus
382 1416 416 1443 sit
443 1416 490 1443 Dei
517 1416 558 1442 sui
587 1415 721 1450 spiritum.
750 1415 801 1442 Sed
835 1415 962 1450 quoniam

158 1462 258 1490 exinde
272 1470 325 1497 quo
334 1462 468 1490 floruisset
479 1463 504 1489 in
518 1469 598 1489 carne
611 1466 716 1497 sumpta
725 1469 758 1489 ex
767 1461 851 1496 stirpe
865 1461 961 1494 David,

158 1509 331 1545 requiescere
346 1509 371 1536 in
387 1508 434 1536 illo
448 1508 535 1536 omnis
546 1508 656 1536 haberet
666 1508 786 1543 operatio
800 1506 892 1542 gratia:
907 1507 964 1542 spi-

160 1555 269 1588 ritalis,
285 1559 313 1583 et
334 1562 495 1583 concessure
511 1558 538 1582 et
562 1554 640 1581 ﬁnem
667 1553 754 1581 facere
775 1558 903 1588 quantum
930 1552 963 1580 ad

1012 951 1095 979 Vides
1117 951 1276 986 Apostolum
1291 955 1318 979 et
1345 952 1370 978 in
1380 952 1571 980 distributione
1588 952 1708 981 facienda
1733 954 1812 981 unius

1014 998 1144 1033 spiritus,
1160 1002 1188 1025 ct
1207 998 1233 1025 in
1254 992 1487 1034 spiritalitatett)
1510 999 1722 1034 interpretanda,
1746 1001 1814 1029 Pro-

1015 1045 1104 1080 pltette
1118 1045 1329 1080 conspirantem.
1353 1045 1466 1073 Possum
1483 1045 1583 1079 dicere,
1601 1047 1688 1081 ipsum
1701 1048 1744 1083 qui
1759 1057 1819 1075 cor-

1013 1093 1082 1128 poris
1106 1092 1187 1119 nostri
1211 1100 1255 1127 per
1278 1092 1357 1119 multa
1382 1097 1405 1119 et
1434 1093 1533 1120 diversa
1558 1095 1668 1122 membra
1693 1097 1815 1124 unitatem

1012 1140 1194 1166 charismatum
1208 1139 1335 1166 variorum
1352 1141 1495 1175 rainpagini
1510 1141 1653 1177 adtequavit
1665 1164 1672 1176 ,
1690 1143 1815 1172 eumdem

1014 1190 1041 1213 et
1051 1185 1175 1221 corporis
1197 1185 1319 1217 humani.
1336 1191 1364 1213 et
1376 1185 1492 1221 Spiritus
1508 1188 1598 1215 Sancti
1613 1189 1757 1218 Dominum
1771 1198 1816 1220 os-

1014 1231 1086 1259 tendi
1105 1252 1114 1264 ,
1129 1232 1175 1267 qui
1196 1232 1320 1259 meritum
1346 1231 1386 1269 (5)
1403 1232 1594 1261 charismatum
1620 1236 1736 1264 noluerit
1755 1246 1816 1266 esse

1014 1276 1041 1304 in
1054 1284 1169 1312 corpore
1178 1277 1301 1312 spiritus,
1313 1285 1373 1312 qum
1389 1285 1438 1305 nec
1452 1279 1477 1305 in
1494 1286 1609 1314 corpore
1629 1280 1748 1309 humano
1757 1284 1813 1311 Col-
1833 1303 1837 1306 .

1014 1322 1130 1356 locavit,
1151 1322 1196 1357 qui
1212 1322 1243 1349 de
1257 1322 1391 1350 dilectione
1407 1331 1525 1359 quoque,
1542 1326 1657 1353 omnibus
1673 1327 1814 1356 charismm

1015 1367 1082 1395 tibus
1101 1367 1283 1403 praeponenda,
1301 1368 1460 1404 Apostolum
1484 1370 1641 1399 instruxerit
1673 1374 1813 1410 principali

1020 1420 1173 1450 prmcepto,
1195 1415 1267 1450 quod
1286 1416 1407 1450 probavit
1425 1421 1453 1444 et
1477 1417 1619 1446 Christus:
1642 1419 1740 1456 Diliges
1756 1421 1810 1449 Do-

1015 1461 1112 1488 minum
1137 1462 1168 1488 tle
1194 1462 1252 1489 totis
1278 1463 1444 1498 prtecordiis,
1474 1469 1497 1491 et
1518 1467 1576 1492 totis
1590 1466 1694 1499 uiribus,
1717 1474 1740 1495 et
1761 1474 1815 1496 tota

1015 1507 1102 1534 anima
1117 1511 1170 1540 tua,
1188 1512 1212 1534 et
1226 1508 1370 1543 proximum
1384 1508 1430 1535 tibi
1447 1509 1485 1545 (6)
1498 1514 1617 1545 tanquam
1639 1513 1747 1547 tcipsum
1763 1514 1812 1550 (7).

1015 1552 1107 1586 Quod,
1123 1554 1173 1581 etsi
1196 1554 1221 1580 in
1246 1554 1303 1589 lege
1327 1554 1455 1589 scriptum
1474 1561 1557 1589 esset,
1578 1565 1771 1588 comtnemorat
1786 1562 1814 1589 in
1827 1579 1835 1583 --

158 1601 287 1634 Jud:cos;
308 1601 376 1628 sicut
392 1605 419 1628 ct
432 1608 475 1628 res
499 1600 555 1635 ipsa
572 1603 694 1633 testatur,
710 1599 776 1626 nihil
792 1599 893 1627 exinde
906 1599 960 1634 spi<
976 1604 998 1635 ί]
1015 1599 1074 1625 aliis
1087 1599 1193 1635 linguis,
1205 1604 1228 1626 et
1241 1599 1268 1626 in
1283 1599 1341 1627 aliis
1369 1600 1443 1628 labiis
1469 1601 1613 1630 locuturum
1632 1604 1789 1634 Creatorem
1802 1628 1810 1640 ,

159 1650 239 1674 rantc
264 1653 346 1682 penes
362 1645 422 1674 illos
443 1646 537 1681 spiritu
559 1644 711 1678 Creatoris,
726 1644 810 1672 ablato
832 1653 848 1671 a
869 1644 964 1671 Judwa

159 1694 277 1730 sapiente
293 1698 317 1720 et
331 1693 456 1728 prudente
468 1693 604 1720 architecto
615 1713 622 1724 ,
638 1696 662 1718 et
683 1691 845 1724 consiliario,
864 1695 887 1718 et
900 1698 968 1726 pro-'

160 1740 239 1775 pheta
256 1738 307 1775 (Is.
319 1760 327 1772 ,
338 1739 381 1772 lll,
399 1738 445 1775 2);
461 1743 492 1766 ut
503 1739 554 1765 hoc
568 1737 614 1770 sit,
629 1737 684 1765 Lex
694 1742 720 1765 et
735 1737 874 1771 Propheta:
885 1744 964 1771 usque

156 1785 195 1812 ad
221 1785 349 1812 Joannem
374 1784 462 1820 (Lua,
488 1783 569 1814 XVI.
587 1782 644 1819 16).
671 1783 770 1818 Accipe
797 1789 867 1809 nunc
892 1789 962 1817 quo-

159 1831 242 1860 tnodo
254 1836 283 1859 et
301 1839 316 1858 a
329 1830 436 1858 Christo
452 1831 479 1858 in
497 1829 600 1858 coelum
623 1834 731 1864 recepto
744 1829 899 1855 charismata
918 1827 962 1855 ob-

158 1882 266 1905 venlura
297 1877 477 1911 pronuntiarit.
504 1876 621 1903 Ascendit
650 1876 677 1903 in
705 1875 904 1907 sublimitatem,
936 1874 961 1902 id

158 1930 212 1959 est,
233 1926 259 1953 in
274 1925 530 1960 ccelum;captivam
554 1924 627 1951 duxit
650 1923 839 1958 captivitatem,
864 1922 889 1949 id
909 1926 961 1955 est,

159 1977 287 2004 mortem,
303 1971 344 1998 vel
360 1971 503 1999 humanam
515 1969 671 1997 servitutem
680 1976 688 2002 ;
698 1968 758 1996 data
767 1968 836 1995 dedit
849 1967 890 2002 (ἓ)
902 1967 962 2001 [iliis

161 2018 307 2052 Itandnunt,
328 2018 353 2045 id
379 2022 420 2046 est
433 2017 570 2049 donativo,
586 2025 646 2052 qua:
659 2015 821 2044 charismata
836 2014 960 2042 dicimus.

159 2065 308 2101 Eleganter
335 2065 396 2092 [iliis
416 2064 554 2092 hominum
585 2064 631 2096 ait,
659 2071 711 2091 non
726 2062 826 2098 passim
842 2061 961 2089 homini-

158 2112 229 2144 bus;
244 2118 295 2139 ηοξ
322 2110 469 2139 ostendens
493 2109 563 2138 ﬁlios
583 2109 722 2136 hominum
735 2129 742 2140 ,
768 2108 793 2136 id
808 2113 850 2136 est
863 2128 871 2141 ,
898 2115 962 2135 vere

161 2157 314 2189 hominum,
338 2156 539 2192 Apostolorum.
555 2155 587 2182 In
603 2155 742 2190 Evangelia
764 2155 848 2188 enim,
864 2154 959 2189 inquit,

158 2211 206 2241 ego
221 2212 264 2231 vos
279 2203 407 2239 generaui.
433 2202 466 2230 Et
491 2201 562 2238 (Gal.
578 2201 612 2229 IV
625 2222 632 2233 ,
648 2201 712 2236 l9):
736 2200 799 2228 Filii
814 2200 862 2227 mci
875 2221 883 2233 ,
898 2208 961 2235 quos

113 2265 128 2275 .
160 2250 280 2285 parturio
299 2257 398 2276 rursus.
423 2248 482 2276 Jam
507 2255 578 2276 nunc
592 2252 619 2275 et
633 2248 675 2274 illa
692 2247 834 2282 promissio
845 2246 960 2282 Spiritus

1016 1652 1077 1672 cum
1097 1645 1147 1672 hac
1168 1646 1425 1675 commemoratione
1443 1648 1570 1676 charisma
1585 1650 1730 1686 linguarum
1749 1661 1816 1681 con-

1016 1692 1114 1724 ﬁrmat,
1131 1699 1179 1719 nec
1193 1691 1235 1719 hic
1248 1696 1338 1727 potest
1353 1693 1436 1721 videri
1449 1694 1566 1722 alienum
1581 1696 1715 1725 charisma
1728 1699 1812 1727 Crea—

1016 1737 1082 1765 toris
1111 1737 1300 1772 prtcdimlione
1325 1740 1512 1768 conﬁrmasse.
1527 1741 1616 1777 IEque
1633 1746 1810 1777 prmscribens

1014 1783 1143 1810 silentiam
1156 1783 1301 1811 mulieribus
1319 1784 1345 1812 in
1360 1783 1487 1818 Ecclesia,
1505 1794 1538 1814 ne
1557 1789 1620 1823 quid
1634 1789 1753 1819 diseeodi
1773 1793 1814 1828 (8)

1015 1828 1143 1856 duntaxat
1165 1830 1250 1864 gratia
1279 1830 1320 1867 (9)
1345 1831 1510 1867 laquantur,
1532 1839 1660 1863 czeterum
1693 1838 1811 1873 prophe-

1016 1875 1088 1903 tandi
1106 1875 1151 1911 jus
1170 1880 1197 1904 et
1221 1876 1280 1904 illas
1294 1876 1394 1905 habere
1406 1877 1463 1913 jam
1478 1880 1613 1913 ostendit,
1628 1889 1689 1910 cum
1706 1885 1811 1913 mulieri
1829 1903 1841 1923 τ

1015 1921 1095 1949 etiam
1111 1921 1283 1956 prophetanti
1298 1922 1421 1951 velamen
1436 1924 1566 1959 imponit,
1589 1935 1621 1954 ex
1636 1928 1694 1964 lege
1708 1931 1809 1965 accipit

1014 1967 1187 2002 subjicienda:
1209 1967 1326 1996 fcetnina:
1350 1970 1538 1998 auctoritatem
1553 1993 1560 2005 ,
1586 1981 1666 2008 quam
1687 1982 1714 2003 ut
1727 1979 1813 2006 semel

1014 2012 1139 2047 dixerim,
1149 2021 1229 2041 nosse
1237 2022 1288 2041 non
1302 2014 1403 2048 debuit,
1415 2016 1464 2043 nisi
1478 2016 1504 2044 in
1518 2017 1737 2050 destructionem.
1755 2024 1808 2052 Sed

1014 2064 1043 2087 ut
1056 2059 1111 2093 jam
1126 2068 1141 2087 a
1155 2061 1320 2096 spiritalibus
1341 2062 1500 2092 recedamus
1511 2086 1518 2097 ,
1531 2073 1574 2093 res
1602 2066 1667 2102 ipsa:
1693 2071 1808 2105 probare

1013 2105 1169 2141 debebunt,
1186 2108 1246 2143 quis
1266 2112 1387 2136 nostrum
1402 2113 1504 2138 temere
1529 2111 1584 2140 Deo
1607 2121 1657 2141 suo
1670 2116 1786 2145 vindicet
1800 2127 1807 2151 ;

1013 2157 1041 2182 et
1064 2161 1097 2181 an
1125 2154 1182 2190 (10)
1206 2160 1304 2182 ιιοδιτιυ
1332 2156 1399 2190 parii
1416 2158 1500 2191 possit
1518 2160 1635 2194 opponi,
1660 2161 1726 2196 haec,
1759 2166 1809 2193 (tsi

1012 2199 1127 2234 Creator
1140 2201 1294 2236 repromisit
1308 2202 1333 2229 in
1349 2209 1426 2230 suum
1441 2203 1578 2232 Christum
1595 2207 1713 2235 nondum
1728 2218 1807 2238 reve-

1014 2246 1107 2281 latum,
1124 2252 1152 2274 ut
1171 2247 1271 2275 JllthlS
1294 2252 1396 2276 tantunt
1416 2249 1590 2286 destinatum,
1604 2260 1667 2282 suas
1687 2255 1809 2285 habitura

157 2295 284 2323 absolute
308 2294 375 2322 facta
396 2302 443 2330 per
469 2294 569 2323 Joelem
596 2293 675 2330 (Joel.
701 2293 755 2330 Il):
773 2293 806 2320 In
819 2294 959 2321 novissimis
972 2301 999 2331 1)
1014 2293 1039 2321 in
1066 2301 1116 2321 suo
1138 2298 1268 2329 tempore,
1289 2294 1314 2321 in
1341 2302 1390 2322 suo
1413 2295 1540 2330 Christo,
1560 2302 1588 2325 et
1601 2299 1628 2326 in
1643 2307 1693 2329 suo
1710 2304 1809 2338 popqu

156 2342 249 2370 diebus
269 2340 309 2377 (5)
321 2340 451 2374 effundant
469 2341 500 2368 de
517 2348 572 2368 meo
583 2340 676 2375 spiritu
694 2340 720 2367 in
734 2348 833 2367 omnem
846 2348 958 2373 carnem,

155 2394 182 2417 et
198 2386 387 2423 prophetabunt
401 2386 450 2422 ﬁlii
469 2386 579 2421 filiisque
596 2393 704 2417 eorum;
719 2391 742 2413 et
755 2394 832 2422 super
844 2394 928 2413 servos
936 2391 960 2413 et

155 2434 268 2463 ancillas
282 2442 350 2461 meas
362 2433 394 2462 de
410 2441 464 2461 meo
474 2433 566 2469 spiritu
584 2432 725 2467 e/fundam.
743 2431 777 2460 Et
792 2432 883 2467 utique
897 2432 919 2460 si
934 2432 960 2460 in

1014 2339 1196 2375 operationes.
1225 2338 1525 2383 (b)'l$xhibeat~ilaque
1549 2343 1667 2373 Marcion
1691 2347 1737 2375 Dei
1764 2350 1807 2378 sui

1012 2385 1093 2420 dona,
1115 2386 1221 2421 aliquos
1242 2387 1396 2421 prophetas,
1413 2388 1458 2423 qui
1474 2392 1561 2417 tamen
1573 2398 1627 2418 non
1641 2391 1675 2420 de
1686 2392 1804 2424 hhmano

1013 2440 1105 2466 sensu,
1126 2432 1174 2460 sed
1189 2433 1223 2461 de
1239 2432 1286 2461 Dei
1309 2433 1406 2469 spiritu
1419 2433 1472 2462 sint
1485 2434 1566 2464 locuti
1579 2457 1587 2471 ,
1604 2438 1649 2473 qui
1669 2444 1696 2468 et
1716 2441 1805 2471 futura

778 2500 971 2530 LECTIONES
990 2500 1195 2530 VARIANTES.

200 2591 228 2617 2)
242 2591 317 2616 Dedit
327 2591 382 2616 data
396 2591 467 2615 Pam.

199 2621 228 2653 3)
241 2622 405 2653 Temporibus
416 2621 489 2647 Seml.

199 2653 228 2679 ι)
241 2653 399 2679 Soecialitate
414 2656 493 2678 Venet.

201 2559 228 2591 ι)
240 2563 275 2585 De
288 2560 354 2591 virga
364 2558 425 2584 add.
435 2559 506 2585 Pam.
518 2559 524 2590 ζ

200 2561 413 2685 spartea:

199 2624 217 2648 3
241 2622 405 2653 Temporibus

186 2561 216 2719 ξι
241 2653 399 2710 apecialitate

200 2686 229 2718 5)
268 2688 331 2710 ertta
339 2683 413 2711 Rhea.

1041 2558 1077 2589 (6)
1088 2558 1165 2583 'l‘uum
1175 2563 1249 2583 Iv‘ran.

1043 2590 1080 2622 (7)
1092 2590 1172 2621 Ipsum
1183 2590 1258 2622 ontitt.
1270 2588 1343 2622 Obcf.
1365 2590 1370 2598 ⁴

1054 2621 1080 2652 8)
1092 2620 1196 2645 nocendi
1212 2620 1283 2652 alica.
1296 2620 1393 2646 dicendi
1405 2622 1477 2648 Pam.

1054 2654 1079 2681 9)
1092 2652 1173 2676 Gloria
1186 2651 1260 2676 Seml.

1057 2683 1094 2714 to)
1108 2683 1169 2713 Quia
1181 2684 1242 2707 Par.
1256 2687 1331 2708 Fran.
1343 2689 1359 2709 a
1371 2683 1446 2710 Rhea.

846 2735 1125 2766 COMMENTARIUS.

193 2807 236 2845 (ε)
254 2805 422 2845 ξξρισυὶῃψε
436 2806 550 2845 corporis
565 2810 589 2835 et
604 2805 734 2845 sanguinis
748 2804 870 2845 dominici
884 2804 947 2831 reri-

152 2841 246 2874 utani.
261 2842 321 2872 Lib.
337 2843 440 2871 scilicet
454 2843 613 2878 superiore;
630 2842 655 2869 id
669 2845 758 2868 autem
773 2841 871 2878 factum
885 2848 948 2866 con-

153 2887 198 2910 tra
222 2886 377 2914 perversam
404 2878 546 2906 Marcionis
568 2878 721 2914 opinionem
738 2897 745 2910 ,
771 2877 816 2912 qui
840 2883 950 2904 carnem

152 2913 261 2948 Christi
275 2914 470 2952 phantasticam
484 2914 598 2941 dicebat.
615 2913 653 2940 Lr.
666 2913 715 2939 Pa.

426 2962 646 2995 Turonum
663 2959 702 2990 ll.

1037 2803 1075 2840 (b)
1085 2802 1214 2843 inhibeat
1227 2803 1311 2838 itaque
1326 2802 1443 2843 Illarcion
1458 2804 1505 2843 Dei
1519 2806 1558 2833 sui
1572 2806 1648 2836 dona.
1676 2809 1807 2843 Vaticinia

1002 2848 1048 2883 ξω,
1064 2839 1183 2883 lupam;
1205 2839 1396 2883 suo‘prolerat
1408 2861 1415 2872 ,
1441 2840 1521 2883 modo
1535 2842 1579 2870 Dei
1598 2845 1694 2883 spiritu

1004 2875 1101 2904 fuerint
1120 2875 1155 2903 illi
1170 2874 1322 2911 propheta),
1338 2876 1370 2903 iis
1381 2883 1447 2904 sane
1461 2874 1662 2914 obtemperabo.
1680 2874 1791 2915 Ιιέσῐῖιῖξ

1551 2958 1677 3000 (Seize.)
