4020 6286
377 197 472 259 illi

1821 183 2280 248 TEliTULLlANl
3068 178 3103 216 ⁵

3562 180 3684 244 492

383 311 819 388 praenuntiarint,
844 320 897 372 et
913 306 1092 369 cordis
1113 304 1320 368 occulta
1339 302 1692 365 traduXerint.
1711 303 1851 362 Edat
1869 305 1968 360 ali-
1988 306 2050 367 Α
2077 304 2296 360 omnino
2313 317 2420 360 non
2443 298 2658 391 cecidit,
2676 297 2821 374 quod
2843 313 3060 376 semper
3078 307 3226 359 retro
3243 298 3416 374 jacuit
3440 317 3455 367 ;
3490 317 3682 360 resur-
3755 291 3759 297 ’

383 425 530 480 quem
558 407 834 479 psalmum,
860 405 1083 472 aliquam
1115 402 1381 468 visionem,
1409 400 1634 471 aliquam
1669 399 1969 463 orationem,
2074 414 2202 469 gere
2250 407 2431 453 autem
2484 412 2588 452 non
2627 404 2711 453 est
2742 396 2846 452 nisi
2889 395 3008 467 ejus
3051 395 3195 467 quod
3224 394 3438 451 cecidit.
3469 394 3680 453 lterum

383 502 641 557 duntaxat
665 498 981 569 spiritalem,
1010 496 1065 551 in
1093 495 1270 551 ecstasi
1290 536 1304 558 ,
1332 493 1385 549 id
1414 502 1495 549 est
1519 492 1776 560 amentia,
1807 491 1854 547 si
1874 508 1975 563 qua

383 595 572 665 linquw
608 589 953 661 interpretatio
981 572 1231 644 accessil.
1279 585 1476 642 Probet
1511 583 1668 652 mihi,
1697 584 1856 641 etiam
1889 579 1972 652 (1)

387 685 668 740 mulierem
698 681 839 753 apud
856 696 915 737 se
942 679 1311 752 prephctasse,
1357 674 1434 749 (a)
1462 691 1526 733 ex
1556 676 1661 731 illis
1688 674 1800 731 suis
1821 688 1978 730 sanc-

392 777 619 834 tioribus
665 774 933 840 heminis,
984 769 1339 841 magnidicum
1389 768 1493 839 (Ξ).
1534 767 1593 823 Si
1638 767 1753 823 haec
1797 765 1978 823 omnia

398 868 608 923 facilius
670 882 699 920 a
752 881 840 921 me
886 864 1268 935 proferuntur,
1317 870 1373 917 et
1424 860 1605 930 utique
1669 864 1979 930 conspiran-

388 954 458 1017 tia
486 961 688 1032 regulis
716 970 769 1015 et
793 955 1237 1028 dispositionibus
1267 963 1321 1009 et
1351 951 1651 1024 disciplinis
1678 950 1972 1017 Creatoris,

389 1055 510 1111 sine
555 1051 721 1107 dubio
752 1049 847 1105 Dei
881 1049 984 1104 mei
1014 1048 1117 1103 erit
1138 1055 1193 1103 et
1221 1044 1466 1102 Christus
1492 1087 1508 1114 ,
1537 1055 1592 1102 et
1616 1044 1885 1116 Spiritus,
1918 1050 1973 1100 et

390 1144 703 1216 Apostolus.
749 1141 926 1198 Habet
951 1138 1342 1213 professionem
1371 1153 1585 1208 meam,
1615 1138 1708 1211 qui
1748 1137 1986 1196 voluerit

386 1253 506 1295 eam
534 1235 771 1307 exigere.

1009 1324 1235 1383 CAPUT
1262 1324 1358 1382 IX.

459 1422 675 1480 Interim
698 1418 1038 1476 Marcionites
1064 1418 1198 1474 nihil
1220 1416 1530 1489 bujusmodi
1557 1416 1636 1491 ('5)
1654 1415 1701 1488 (Ι
1724 1414 1843 1472 Cor.
1858 1414 1985 1486 XV)

387 1517 702 1583 exhibebit,
766 1513 860 1586 qui
910 1513 1062 1569 timet
1113 1512 1230 1591 iam
1276 1512 1356 1584 (4)
1409 1509 1783 1581 pronuntiare,
1832 1509 2019 1594 cujus.

388 1611 467 1682 (3)
527 1608 696 1679 magis
746 1605 994 1662 Christus
1059 1603 1297 1660 nondum
1356 1602 1430 1659 sit
1479 1601 1773 1658 revelatus.
1833 1599 1987 1657 Sicut

2076 490 2218 547 enim
2269 488 2539 560 surgendo
2582 487 2707 560 quia
2749 487 2965 555 cecidit,
3012 478 3302 558 resurgere
3343 485 3561 543 dicitur.
3592 485 3683 542 Re

2078 584 2223 640 enim
2268 582 2476 654 syllaba
2523 581 2796 638 iterationi
2849 596 3065 652 semper
3104 581 3411 639 adhibetur.
3464 580 3683 641 Cadere

2077 690 2206 747 ergo
2231 674 2460 731 dicimus
2479 689 2682 745 corpus
2720 674 2776 730 in
2802 681 3001 730 terram
3027 688 3130 744 per
3169 684 3424 740 mortem,
3454 673 3593 728 sicut
3622 680 3690 729 et

2080 786 2166 827 res
2192 770 2306 842 ipsa
2336 777 2596 837 testatur,
2643 783 2706 825 ex
2738 768 2834 825 Dei
2865 768 3007 840 lege;
3042 767 3255 840 corpori
3291 768 3435 823 enim
3473 766 3685 825 dictum

2074 873 2165 922 est
2193 863 2348 939 (Gen.
2376 862 2467 931 Ill,
2497 862 2626 936 l9):
2654 861 2819 918 Terra
2842 879 2896 918 es
2919 872 2968 918 et
2992 863 3047 916 in
3070 871 3260 917 terram
3288 861 3405 917 ibis.
3436 860 3513 916 Ila
3534 860 3686 933 quod

2080 957 2150 1013 de
2175 965 2319 1013 terra
2347 966 2452 1024 est,
2483 955 2584 1012 ibit
2611 956 2664 1010 in
2690 963 2913 1012 terram.
2937 952 3053 1010 Hoc
3076 954 3207 1018 abit,
3236 952 3381 1024 quod
3402 954 3457 1008 in
3475 961 3687 1009 terram

2084 1049 2182 1105 ibit
2211 1047 2315 1121 (7);
2366 1047 2468 1104 hoc
2490 1047 2746 1118 resurgit,
2787 1045 2930 1118 quod
2956 1045 3119 1103 cadit.
3146 1044 3286 1113 Quia
3301 1061 3391 1117 per
3424 1044 3689 1099 hominem

2084 1159 2242 1211 mors,
2269 1151 2316 1198 et
2350 1158 2439 1214 per
2465 1142 2723 1197 hominem
2748 1139 3076 1220 resurrectio.
3121 1139 3221 1195 llic
3241 1137 3375 1196 mihi
3394 1148 3450 1195 et
3475 1138 3687 1195 Christi

2080 1248 2282 1306 corpus
2329 1233 2632 1291 ostenditur
2670 1234 2727 1289 in
2775 1233 2997 1289 nomine
3045 1232 3308 1297 hominis,
3339 1232 3431 1301 qui
3466 1239 3693 1288 constat

2084 1342 2151 1384 ex
2191 1342 2453 1398 corpore,
2490 1334 2550 1382 ut
2586 1340 2730 1396 stepc
2776 1326 2888 1396 jam
2932 1324 3235 1381 docuimus.
3262 1322 3416 1392 Quod
3443 1324 3591 1379 sisic
3632 1324 3691 1378 in

2087 1420 2290 1476 Christo
2313 1419 2633 1490 viviﬁcamur
2659 1434 2854 1486 omnes,
2871 1418 3003 1474 sicut
3018 1417 3387 1487 mortiﬁcamur
3405 1417 3458 1470 in
3481 1415 3654 1470 Adam
3672 1431 3693 1471 :

2085 1514 2300 1587 quando
2359 1514 2441 1587 (8)
2495 1514 2548 1571 in
2620 1513 2791 1579 Adam
2840 1526 3070 1583 corpore
3125 1509 3534 1579 mortiﬁcamur,
3609 1511 3695 1567 sic

2082 1622 2310 1666 necesse
2352 1616 2436 1663 est
2473 1605 2614 1662 etin
2653 1605 2871 1661 Christo
2894 1619 3123 1676 corpore
3168 1602 3525 1659 viviﬁcemur.
3550 1602 3687 1660 Ca3-

387 1720 541 1762 meus
584 1699 950 1775 expectandus
987 1707 1104 1766 est,
1151 1697 1296 1769 quia
1338 1696 1634 1769 primordio
1662 1694 1982 1765 praedicatus
2010 1701 2060 1763 Β
2089 1711 2283 1769 ιρι-ωτι,
2315 1699 2610 1757 similitudo
2638 1714 2743 1755 non
2773 1705 3015 1765 cmlstat,
3059 1697 3104 1752 si
3144 1713 3250 1753 non
3269 1697 3321 1751 in
3342 1697 3534 1753 eadem
3563 1696 3697 1754 sub.

386 1806 492 1865 ost,
521 1796 664 1852 illius
689 1794 891 1850 idcirco
929 1808 1035 1848 non
1062 1803 1176 1858 est,
1211 1790 1335 1862 quia
1371 1805 1477 1847 non
1500 1805 1528 1844 a
1560 1790 1856 1860 primordio
1889 1789 1981 1846 sit.

385 1889 576 1959 melius
616 1902 722 1942 non
770 1883 1041 1941 credimus
1084 1882 1139 1937 in
1183 1880 1457 1937 Christum
1492 1880 1771 1950 futurum,
1818 1897 1982 1952 quam

387 1979 676 2037 haereticus
729 1978 782 2032 in
824 1964 1049 2032 nullum.
1086 1973 1162 2046 (b)
1197 1973 1521 2029 Mortuorum
1570 1975 1982 2029 resurrectionem

397 2071 674 2145 quomodo
711 2069 919 2141 quidam
948 2077 1073 2123 tunc
1098 2066 1370 2139 negarint,
1403 2066 1551 2137 prius
1597 2065 1984 2136 dispiciendum

390 2174 494 2221 est.
544 2162 742 2235 Utique
788 2159 979 2216 eodem
1034 2157 1196 2215 modo
1240 2172 1346 2229 quo
1403 2165 1460 2213 ct
1506 2172 1667 2214 nunc.
1707 2157 1983 2230 Siquidem

319 2292 356 2317 ρ
388 2272 607 2327 semper
621 2251 944 2310 resurrectio
957 2251 1138 2325 carnis
1155 2258 1401 2321 negatur.
1428 2249 1722 2320 Caeterum,
1748 2253 1982 2308 animam

53 2323 329 2391 amt-iu.”
388 2358 444 2404 ct
471 2323 791 2429 sapientium
845 2324 1035 2414 plures
1076 2341 1313 2397 divinam
1358 2338 1728 2410 vindicantes,
1780 2345 1986 2400 salvam

53 3175 177 3244 ηιατ-
192 3169 291 3248 we

388 2440 808 2510 repromittunt;
837 2443 891 2490 et
916 2434 1105 2507 vulgus
1134 2434 1309 2505 ipsum
1335 2449 1398 2490 ea
1438 2436 1856 2507 praesumptione
1885 2436 1984 2493 de-

341 2532 602 2595 7functos
646 2528 813 2596 colit,
841 2541 943 2598 qua
994 2526 1202 2581 animas
1248 2540 1435 2582 eorum
1477 2542 1698 2584 manere
1735 2526 1983 2584 conlidit.

391 2625 658 2682 Caeterum
676 2663 690 2688 ,
717 2636 943 2690 corpora
973 2629 1067 2675 aut
1093 2619 1305 2690 ignibus
1334 2619 1538 2686 statim,
1579 2630 1673 2676 aut
1697 2620 1828 2677 feris
1857 2664 1873 2692 ,
1895 2631 1989 2679 aut

391 2718 554 2774 etiam
585 2714 993 2786 diligentissime
1014 2713 1253 2781 condita,
1284 2714 1621 2785 temporibus
1646 2723 1826 2773 tamen
1856 2717 1987 2774 abo-

391 2812 489 2866 leri
531 2807 871 2864 manifestum
913 2816 1016 2863 est.
1045 2806 1101 2863 Si
1143 2821 1274 2878 ergo
1314 2807 1492 2863 carnis
1532 2810 1987 2870 resurrectionem

397 2910 657 2974 negantes
710 2898 998 2971 Apostolus
1038 2898 1298 2967 retundit,
1356 2899 1539 2972 utique
1564 2900 1824 2958 adversus
1856 2903 1981 2962 illos

390 3007 591 3062 tuetur,
619 2994 763 3067 quod
802 2995 880 3049 illi
924 2995 1230 3066 negabant,
1260 2995 1439 3050 carnis
1463 2995 1670 3052 scilicet
1707 3010 1987 3056 resurrec-

2085 1796 2280 1853 stantia
2318 1793 2747 1852 mortiﬁcationis
2784 1792 2837 1847 in
2867 1791 3058 1858 Adam,
3092 1789 3382 1847 viviﬁcatio
3400 1800 3699 1847 concurrat

2085 1886 2141 1943 in
2169 1885 2405 1943 Christo.
2440 1884 2545 1942 Sed
2572 1883 2890 1956 interposuit
2915 1882 3092 1939 adhuc
3115 1882 3317 1955 aliquid
3343 1882 3411 1939 de
3426 1881 3652 1939 Christo
3672 1923 3695 1952 ,

2084 1989 2141 2037 et
2174 1989 2392 2052 propter
2446 1986 2769 2049 prmsentem
2815 1974 3263 2047 disceptationem
3292 1975 3695 2032 non'ontittcn-

2086 2073 2236 2131 dum.
2277 2073 2450 2129 Tanto
2505 2071 2683 2151 magis
2739 2071 2888 2127 enim
2938 2069 3252 2141 probabitur
3292 2069 3470 2126 carnis
3498 2085 3690 2126 resur-

2087 2169 2278 2236 rectio,
2310 2174 2512 2240 quanto
2565 2165 2844 2223 Christum
2897 2164 3015 2236 ejus
3044 2164 3138 2220 Dei
3183 2163 3471 2220 ostendero
3495 2205 3511 2230 ,
3543 2163 3691 2235 apud

2086 2276 2247 2332 quem
2274 2260 2514 2317 creditur
2542 2259 2725 2315 carnis
2754 2257 3101 2314 resurrectio.
3132 2255 3270 2313 Cum
3304 2256 3434 2313 dicit
3460 2274 3472 2309 :
3509 2256 3692 2327 Opor-

2089 2362 2157 2408 tet
2185 2353 2320 2408 enim
2340 2368 2551 2424 regnare
2596 2367 2713 2406 eum
2733 2392 2749 2415 ,
2802 2350 2962 2404 donec
3010 2358 3165 2420 ponat
3194 2349 3431 2404 inimicos
3450 2348 3569 2420 ejus
3600 2347 3693 2403 sub

2090 2445 2241 2518 pedes
2271 2446 2427 2516 ejus;
2470 2444 2582 2515 iam
2628 2443 2844 2515 quidem
2887 2453 2957 2521 et
2984 2458 3054 2498 ex
3091 2442 3195 2499 hoc
3228 2442 3461 2498 ultorem
3510 2443 3693 2499 Deum

2089 2538 2273 2607 edicit,
2304 2548 2463 2608 atque
2496 2529 2691 2593 exinde
2746 2535 2922 2607 ipsum
2967 2536 3059 2607 qui
3087 2523 3190 2591 hoc
3231 2533 3449 2591 Christo
3498 2550 3693 2606 repro-

2091 2631 2297 2687 miscrit
2348 2628 2467 2703 (Ps.
2510 2624 2696 2700 CIX):
2729 2626 2865 2684 Sede
2902 2626 2971 2681 ad
3007 2626 3264 2682 datatim
3312 2642 3506 2694 meam,
3530 2627 3697 2683 donec

2091 2741 2279 2798 ponam
2323 2723 2557 2778 inimicos
2603 2733 2715 2776 tuos
2753 2720 3029 2776 scabellum
3059 2720 3248 2791 pedum
3294 2730 3535 2784 tuorum;
3569 2717 3691 2774 Vir-

2091 2834 2209 2890 gam
2226 2815 2429 2871 virtutis
2454 2824 2555 2870 tua:
2580 2813 2772 2869 emittet
2806 2811 3056 2868 Dominus
3099 2829 3163 2868 ea:
3206 2813 3357 2880 Sion,
3387 2821 3431 2869 et
3453 2811 3698 2868 domina-

2093 2912 2225 2968 bitur
2273 2906 2352 2980 (9)
2394 2908 2449 2962 in
2509 2907 2675 2962 medio
2721 2905 3043 2987 inimicorum
3103 2913 3346 2969 tuorum;
3405 2912 3597 2970 tecum,
3638 2910 3696 2959 et
3786 2978 3796 2987 .

2092 3013 2285 3061 ctetera
2321 3001 2463 3076 (10),
2511 3000 2618 3059 Sed
2657 3013 2878 3055 necesse
2902 2980 3020 3065 est,
3046 2996 3113 3053 ad
3157 3012 3330 3053 meam
3367 2997 3695 3055 sententiam

392 3091 615 3146 tionem.
644 3087 824 3144 Habes
848 3086 1171 3157 compendio
1192 3100 1537 3156 responsum.
1563 3087 1770 3145 Cretera
1792 3089 1903 3161 jam
1923 3106 1989 3148 ex
2020 3094 2066 3159 C
2100 3096 2368 3168 pertinere
2390 3092 2677 3150 delendam
2702 3105 2795 3147 eas
2818 3090 3143 3161 Scripturas,
3176 3103 3311 3160 quas
3334 3085 3405 3161 (ε)
3430 3096 3485 3145 et
3507 3086 3691 3144 Judaei

338 3179 707 3240 "abundanti.
762 3178 894 3233 Nam
924 3188 980 3234 et
1017 3177 1190 3249 ipsum
1244 3176 1389 3249 quod
1428 3186 1761 3235 mortuorum
1788 3196 1988 3238 resur-

396 3273 566 3333 rectio
596 3272 792 3330 dicitur
811 3313 827 3341 ,
873 3270 1039 3341 exigit
1064 3269 1279 3326 delendi
1310 3271 1666 3341 proprietates
1693 3273 1986 3330 vocabulo-

398 3383 539 3425 rum.
593 3365 863 3421 Mortunm
919 3361 1001 3435 (6)
1047 3363 1226 3433 itaque
1277 3362 1541 3419 vocabulo
1583 3378 1692 3420 non
1735 3374 1848 3433 est,
1883 3367 1989 3424 nisi

394 3458 536 3531 quod
592 3455 775 3511 amisit
824 3454 1059 3519 animam
1088 3494 1104 3519 ,
1148 3452 1218 3510 de
1261 3453 1416 3524 cujus
1453 3454 1704 3512 facultate
1751 3458 1985 3516 vivebat.

394 3550 606 3620 Corpus
653 3556 737 3604 est
761 3544 906 3618 quod
944 3544 1143 3600 amittit
1188 3546 1461 3613 animam,
1511 3556 1568 3603 et
1605 3548 1902 3605 amittendo
1927 3552 1990 3609 lit

397 3651 709 3699 mortuum:
744 3639 813 3692 ita
862 3640 1050 3691 mortui
1095 3637 1416 3692 vocabulum
1465 3639 1680 3709 corpori
1706 3643 1987 3713 competit.

399 3737 590 3800 Porro,
617 3733 662 3788 si
684 3728 1008 3788 resurrectio
1030 3729 1228 3784 mortui
1255 3738 1359 3797 est,
1384 3739 1656 3787 mortuum
1682 3743 1860 3792 autem
1882 3752 1992 3794 non

402 3827 548 3887 aliud
575 3833 658 3904 est
686 3834 845 3896 Quam
874 3837 1102 3894 corpus,
1135 3822 1378 3891 corporis
1402 3822 1507 3878 erit
1536 3827 1879 3884 resurrectio.
1903 3829 1994 3888 Sic

401 3931 457 3978 et
480 3914 858 3975 resurrectionis
887 3912 1205 3971 vocabulum
1235 3928 1341 3970 non
1381 3914 1542 3970 aliam
1571 3931 1685 3973 rem
1715 3919 1950 3978 vindieat
1973 3963 1989 3992 ,

402 4030 561 4088 quam
592 4027 710 4084 qua:
736 4008 950 4068 cecidit.
991 4008 1229 4081 Surgere
1255 4009 1400 4067 enim
1429 4018 1605 4083 potest
1626 4012 1734 4071 dici
1767 4025 1822 4073 et
1850 4020 1993 4090 quod

2093 3190 2249 3247 nobis
2290 3202 2517 3245 avocare
2539 3193 2824 3243 conantur.
2879 3184 3072 3239 Dicunt
3092 3182 3330 3255 denique
3360 3183 3503 3238 hunc
3537 3181 3691 3238 Psal-

2092 3298 2238 3340 mum
2265 3281 2387 3357 (Ps.
2410 3279 2548 3353 CIX)
2607 3281 2658 3335 in
2688 3278 2971 3335 Ezechiam
3011 3277 3292 3343 cecinisse,
3316 3277 3443 3347 quia
3467 3276 3513 3331 is
3542 3274 3702 3333 sede-

2091 3379 2164 3434 rit
2189 3375 2255 3431 ad
2272 3375 2549 3432 dexteram
2574 3372 2781 3443 templi,
2812 3380 2869 3427 et
2899 3370 3082 3426 hostes
3107 3370 3226 3440 ejus
3262 3368 3522 3425 averterit
3546 3368 3684 3424 Deus

2094 3479 2149 3526 et
2176 3465 2534 3537 absumpserit
2573 3463 2664 3538 (IV
2693 3464 2822 3535 Reg.
2877 3462 3060 3533 XIX);
3102 3468 3385 3534 propterea
3409 3461 3604 3534 igitur,
3636 3467 3691 3517 et

2094 3569 2215 3616 ante
2240 3560 2509 3631 luciferum
2532 3573 2596 3612 ea:
2615 3567 2759 3612 utero
2782 3556 3022 3628 generari
3052 3564 3118 3622 te,
3161 3554 3214 3609 in
3238 3552 3531 3610 Ezechiam
3555 3567 3689 3609 con-

2098 3655 2302 3720 venire,
2343 3649 2426 3724 (d)
2471 3659 2526 3707 et
2550 3650 2604 3705 in
2646 3648 2764 3722 (ll)
2802 3647 3049 3703 Ezechiae
3093 3646 3443 3703 nativitatem.
3474 3644 3552 3717 (ε)
3591 3643 3698 3701 Nos

2098 3747 2306 3805 edimus
2352 3744 2677 3816 Evangelia,
2736 3740 2808 3799 de’
2854 3756 3088 3813 quorum
3130 3738 3243 3797 ﬁde
3274 3738 3474 3812 aliquid
3506 3740 3697 3811 utique

2093 3841 2206 3913 jam
2233 3838 2304 3913 (f)
2351 3838 2402 3892 in
2441 3846 2590 3893 tanto
2626 3850 2791 3907 apere
2838 3835 2970 3890 istos
3009 3832 3361 3890 conﬁrmasse
3386 3830 3651 3889 debenws
3678 3870 3696 3896 .

2098 3943 2363 3991 nocturna
2391 3931 2673 3987 nativitate
2716 3928 3046 3986 declarantia
3072 3926 3380 3994 Dominum,
3414 3937 3470 3983 ut
3486 3926 3597 3985 hoc
3622 3925 3691 3982 sit

2098 4034 2215 4082 ante
2237 4024 2529 4096 luciferum,
2550 4030 2607 4079 et
2630 4037 2697 4078 ex
2720 4020 2877 4079 stella
2900 4019 3066 4091 Magis
3096 4018 3394 4089 intellecta,
3421 4027 3477 4076 et
3492 4033 3566 4076 ex
3589 4027 3697 4074 tes-

1630 4128 2016 4200 LECTIONES
2053 4117 2469 4201 mersuras.

519 4247 544 4628 ξ

2162 4257 2189 4574 Ξ

486 4247 542 4373 ὲ)
563 4247 728 4373 ἔξξέξῖ
745 4244 933 4373 $3355
933 4255 1112 4358 “1%.

2162 4242 2243 4373 ta

487 4255 515 4312 pl
567 4255 728 4300 Etiam
745 4255 1029 4296 minuma.

487 4315 517 4362 2
563 4308 728 4373 Magni
747 4308 921 4358 ducam
948 4310 1112 4358 Venet.

487 4379 516 4426 3
564 4370 811 4439 Ejusmodi
838 4373 995 4421 Venet.

490 4438 519 4487 4
559 4436 715 4487 Etiam
735 4435 839 4485 Lat.

2185 4258 2215 4307 7
2258 4255 2393 4309 Cadit
2414 4268 2466 4320 q.
2488 4256 2521 4306 i.
2552 4262 2589 4305 t.
2611 4255 2712 4306 abit
2733 4255 2958 4305 Ciaccon.

2263 4318 2767 4451 ggmo'ilbgdbggig‘i‘rm.
2789 4382 2845 4429 et
2862 4376 3117 4429 daninare
3137 4374 3209 4429 ul.

2194 4444 2213 4494 l
2251 4442 2273 4494 l
2297 4442 2360 4494 Et
2372 4450 2553 4494 caetera
2575 4448 2726 4493 arma.
2751 4438 2904 4493 Seml.

490 4438 519 4487 ⁸⁸
559 4436 715 4511 Ellam
735 4436 839 4485 ω’
2194 4436 2252 4494 10
2297 4442 2360 4494 Et
2372 4450 2553 4495 caetera
2575 4440 2726 4493 omitt.
2751 4438 2904 4493 Seml.

490 4436 544 4572 δ’ἐί
561 4496 993 4572 991ι¹β¹¹³¹¹¹
1245 4553 1474 4572 “HL,
1677 4561 1708 4572 η
1793 4560 1807 4572 ,
2165 4436 2273 4572 illi
2297 4506 2427 4558 Ante
2448 4505 2558 4557 cod.
2580 4502 2759 4558 Pilius.

490 4553 544 4621 6)
568 4553 871 4614 mortuorum
887 4560 1035 4620 Pan;
1055 4556 1223 4621 itaque
1244 4553 1480 4609 vocabulo
1495 4555 1646 4612 omitt.
1669 4560 1824 4614 Seml.

1756 4667 2321 4736 COMMENTARIUS.

481 4784 559 4858 (a)
592 4783 695 4858 Ege
717 4782 822 4838 illis
864 4780 969 4858 suis
1011 4778 1347 4858 sanctioribus
1381 4780 1621 4852 feminis.
1646 4780 1997 4843 Maximinum

415 4850 598 4914 forsan
646 4852 879 4910 Montani
925 4850 1198 4922 asseclam
1234 4850 1415 4916 notat;
1446 4867 1749 4922 quanquam
1782 4871 1887 4912 non
1917 4868 1997 4915 tc-

412 4944 565 4985 mere
611 4926 837 4982 dixerim
884 4922 971 4977 hic
1007 4920 1369 4991 perstringere
1400 4920 1635 4987 multas,
1677 4936 1736 4981 ut
1764 4926 2002 4985 Simonis

412 4999 554 5071 Magi
600 4997 897 5071 llelenam,
951 4992 1155 5071 Apellis
1203 4992 2002 5071 Phi_lnmenem,_Carpocratis

418 5063 779 5127 Mai-collinam
806 5107 822 5134 ,
869 5073 925 5121 et
950 5063 1250 5138 Marcionis
1280 5063 1462 5138 ipsius
1491 5063 1785 5121 {mminam'
1810 5069 1958 5126 illam
1985 5112 2001 5138 ,

412 5157 573 5214 quam
616 5132 843 5197 Romam
890 5135 1111 5197 miserat
1146 5142 1205 5188 ut
1248 5132 1352 5190 sibi
1394 5132 1998 5264 domumlprzgpararet;

1635 5225 1692 5264 ιε
1764 5226 1818 5264 ιι.

1635 5225 1692 5264 ιε
1719 5209 1818 5265 Pu.

489 5282 643 5339 CAP.
665 5280 759 5337 IX.
780 5309 855 5322 —-
876 5276 956 5350 (b)
978 5276 1297 5351 Morinorum
1314 5279 1729 5351 resurrectionem
1752 5283 2003 5351 quantodo

418 5355 627 5423 quidam
647 5363 766 5408 tunc
796 5347 1047 5423 negarint.
1079 5347 1402 5423 S_addugaro_s
1430 5348 1696 5421 intelligit,
1719 5347 1787 5408 de
1813 5354 2005 5422 quibus

417 5418 666 5497 superius
685 5418 914 5497 egimus
942 5420 1073 5475 satis
1100 5419 1231 5473 fuse.
1264 5418 1342 5474 Le
1368 5418 1464 5497 Pn.

491 5490 568 5568 (ο)
587 5490 761 5568 ,σκάῳῖ
774 5493 916 5568 nobis
937 5505 1149 5547 avocare
1166 5499 1430 5544 conantur.
1447 5490 1683 5568 ⁵[ἶὲιὶὼὶηἰ
1697 5494 1920 5568 scilicet,
1944 5502 2003 5549 ιιι

316 5572 317 5575 “
416 5559 571 5623 suam
602 5565 951 5637 pervicaciam
970 5569 1294 5637 tueantur,c_
1319 5559 1566 5637 manibus
1604 5564 1996 5637 nostris‘locutn

421 5641 571 5693 illum
604 5631 897 5691 extrahere
924 5641 1186 5687 conantur
1211 5671 1224 5694 ,
1259 5631 1600 5686 dominabitur
1625 5635 1678 5686 in
1706 5634 1871 5688 medio
1892 5636 1996 5689 ini-

419 5711 663 5764 micorum
686 5716 908 5773 tuorum,
937 5703 1264 5773 explicantes
1293 5704 1359 5757 de
1386 5700 1633 5757 Ezechin.
1668 5703 1743 5760 LE
1770 5704 1868 5760 Pa.

2176 4791 2256 4862 (d)
2284 4788 2349 4845 Et
2392 4791 2446 4845 in
2483 4788 2732 4862 Ezechiae
2768 4789 3114 4862 natiuitatem:L
3138 4788 3309 4862 Recte
3329 4786 3475 4862 istud
3500 4780 3711 4862 refutat“

2105 4858 2367 4918 adversus
2395 4861 2687 4925 Ebioneos,
2722 4861 2851 4916 liter.
2878 4861 2967 4927 '50,
2992 4860 3053 4915 Β.
3077 4860 3428 4932 Epiphanius,
3464 4858 3690 4930 probans

2104 4949 2171 4989 ex
2197 4933 2484 5004 Scriptnris
2527 4932 2813 4989 Ezechiam
2840 4974 2856 4999 ,
2886 4947 3007 4987 cum
3040 4933 3354 5004 prtediceret
3382 4931 3542 5004 Isaias
3570 4940 3689 5004 cap.

2106 5005 2217 5060 Vll.
2243 4998 2376 5060 Ecce
2393 5006 2533 5075 virgo
2556 4998 3217 5075 concipieténatum'iuisse
3244 5018 3332 5057 an.
3358 5004 3445 5058 il.
3472 4998 3689 5075 illius:

2106 5076 2220 5202 :‘inlo
2236 5076 2445 5202 :tilf‘ecit
2458 5065 2638 5132 dicere
2653 5065 2795 5147 quod
2814 5074 3074 5131 Ezechias
3088 5089 3155 5131 ex
3182 5075 3390 5146 vim
3408 5086 3512 5129 non
3534 5065 3688 5125 fuerit

2145 5162 2175 5202 a
2202 5163 2233 5202 u
2270 5188 2282 5202 .
2372 5163 2467 5202 tut.

2105 5157 2282 5203 natus.
2331 5157 2467 5204 I’AM.

2188 5262 2266 5346 (ε)
2291 5261 2399 5347 Nos
2412 5264 2607 5347 editum
2626 5261 2927 5347 Evangelia,
2952 5269 3059 5347 etc.
3073 5261 3183 5345 .llic

2107 5331 2348 5406 Marcion
2374 5343 2481 5390 tum
2515 5331 2814 5406 Evangelii
2836 5333 2995 5389 Luca:
3022 5334 3120 5406 tria
3150 5331 3549 5406 prioraucapita,
3574 5336 3683 5406 tum

2109 5414 2282 5479 totum
2304 5398 2912 5479 MattlneiEvangeliutn
2963 5398 3261 5479 rejicieltat,
3289 5398 3484 5479 alferre
3505 5398 3684 5479 volens

2104 5490 2168 5530 ex
2189 5476 2284 5530 c.ll
2303 5477 2458 5532 Luca:
2478 5476 2610 5531 etIV
2636 5474 2868 5532 Matthxi
2888 5474 3212 5541 tesut'nonia,
3243 5490 3365 5544 qua:
3393 5474 3506 5543 ipsa
3525 5474 3684 5525 etiam

2105 5549 2263 5616 paulo
2287 5549 2433 5618 prius
2463 5547 2662 5618 allegat
2690 5548 2751 5603 Β.
2779 5547 3041 5602 Justinus.
3079 5545 3213 5601 Pan.

2178 5638 2242 5707 (ί)
2268 5638 2335 5691 In
2359 5648 2499 5694 tanto
2524 5656 2674 5709 opere
2715 5638 2836 5694 istos
2865 5638 3192 5709 conﬁrmasse
3212 5636 3466 5692 debemus.
3510 5629 3643 5688 Istos
3663 5663 3680 5697 ,

2101 5710 2353 5766 nimirum
2392 5710 2628 5768 indutos.
2662 5709 2786 5769 Rw.
