4020 6286
393 340 508 400 L97

1479 345 1610 401 LIB.
1654 346 1697 401 V
1737 344 2101 402 ADVERSIIS
2139 346 2565 405 MARCIONEM.

3607 353 3713 413 tos
3766 324 3775 331 ’

396 455 585 527 culpa.
617 454 777 525 Quod
803 455 848 511 si
882 455 933 511 in
962 456 1177 512 nomine
1203 457 1377 515 carnis
1406 471 1593 530 Opera,
1620 475 1726 516 non
1757 460 2004 516 substan-
2032 459 2085 519 A
2111 458 2285 534 (Gem,
2310 461 2394 530 l);
2433 472 2488 518 et
2527 462 2595 518 ab
2622 462 2886 519 universis
2911 462 3266 534 benedicitur,
3310 460 3477 523 habes
3524 466 3715 527 Danie-

400 549 534 603 tiam
563 550 747 604 carnis
768 549 1020 618 jubemur
1042 565 1349 620 exponere;
1377 552 1631 622 operibus
1655 568 1781 624 ergo
1804 554 2003 621 carnis,

398 654 511 697 non
540 641 863 695 substantia:
891 641 1085 704 carnis.
1115 641 1168 697 in
1204 643 1420 699 nomine
1442 644 1619 700 carnis
1650 643 1728 717 (1)
1772 645 2004 714 denega-

399 743 493 789 tur
526 734 618 789 Dei
656 749 907 806 regnum.
933 733 1046 789 Non
1077 736 1217 790 enim
1246 736 1295 790 id
1322 735 1624 803 damnatur,
1659 737 1713 792 in
1742 752 1847 809 quo
1869 738 2006 793 male

401 822 486 893 ﬁt,
518 825 613 879 sed
655 826 706 880 id
741 825 882 896 quod
915 826 989 882 Iit.
1024 826 1298 884 Venenum
1330 829 1479 898 dare,
1507 831 1683 887 scelus
1709 842 1824 898 est;
1869 832 2004 887 calix

403 928 585 974 tamen
610 920 663 974 iu
690 934 799 990 quo
837 920 1012 988 datur,
1042 937 1165 977 reus
1192 937 1295 977 non
1324 933 1426 979 est.
1459 922 1533 978 Ita
1561 934 1613 980 et
1650 940 1847 996 corpus
1890 940 2007 980 car-

402 1010 609 1066 nalium
640 1026 864 1081 operum
891 1028 985 1067 vas
1024 1024 1128 1078 est,
1156 1015 1333 1069 anima
1369 1024 1452 1070 cst
1479 1025 1657 1071 autem
1684 1031 1804 1087 qua:
1830 1017 1881 1071 in
1915 1017 2006 1071 illo

402 1118 675 1160 venenum
720 1106 945 1177 alicujus
967 1108 1091 1162 mali
1124 1108 1245 1163 facti
1270 1096 1563 1178 temperat.
1588 1110 1758 1178 Quale
1791 1110 1868 1183 (2)
1904 1126 2003 1166 auo

402 1203 534 1261 tem,
564 1206 621 1251 ut
667 1199 712 1252 si
753 1199 931 1253 anima
970 1199 1177 1255 auctrix
1227 1215 1451 1270 operum
1494 1203 1673 1258 carnis
1714 1204 2008 1259 merebitur

398 1285 497 1342 Dei
523 1303 768 1357 regnum,
822 1288 901 1361 (a)
930 1290 1035 1359 per‘
1049 1291 1406 1360 expiationem
1435 1307 1621 1348 eorum
1648 1310 1768 1366 quae
1805 1296 1856 1350 in
1885 1311 2003 1351 cor-

399 1392 533 1450 pore
552 1378 789 1446 admisit,
813 1395 1010 1451 corpus
1036 1382 1337 1438 ministrum
1379 1384 1739 1453 solummodo,
1772 1388 1824 1443 in
1853 1387 2005 1441 dam-

398 1470 621 1525 natione
675 1474 1024 1541 permaneat?
1071 1473 1322 1531 Venefico
1371 1475 1660 1545 absoluto,
1715 1478 1854 1533 calix
1906 1479 2009 1535 erit

395 1560 754 1634 puniendus?
780 1562 848 1618 Et
884 1572 1060 1620 tamen
1108 1579 1215 1621 non
1263 1567 1445 1638 utique
1479 1569 1628 1624 carni
1670 1569 2008 1627 defendimus

395 1655 496 1711 Dei
546 1670 796 1727 regnum,
836 1657 931 1712 sed
980 1660 1437 1715 resurrectionem
1498 1660 1811 1718 substantia:
1870 1677 2003 1730 suae,

393 1750 550 1819 quasi
572 1749 793 1819 jauuam
826 1750 974 1821 regui
999 1765 1097 1822 per
1119 1768 1279 1823 quam
1309 1753 1507 1809 aditur.
1538 1753 1830 1821 Cieterum,
1865 1756 2003 1812 aliud

2111 553 2214 608 lem
2247 552 2443 627 (Dan.,
2485 555 2596 628 111).
2632 556 2861 613 Proinde
2895 558 2938 613 si
2966 568 3120 630 pater
3162 567 3339 630 potest
3379 560 3483 616 dici
3512 562 3712 617 sterilis

2113 647 2204 702 Dei
2233 650 2428 705 nullius
2453 652 2622 723 magis
2653 653 2870 708 nomine
2904 667 3062 724 quam
3089 652 3395 720 Creatoris;
3425 654 3714 709 misericor-

2110 740 2309 795 diarum
2338 750 2515 798 tamen
2542 753 2686 816 pater
2716 743 2856 801 idem
2884 744 3005 811 crit,
3034 745 3124 815 qui
3165 740 3487 812 misericors,
3522 756 3577 803 et
3604 748 3709 802 mi-

2108 841 2333 898 scrutor,
2362 841 2417 888 et
2448 835 2828 892 misericordiae
2868 836 3127 904 plurimus
3164 847 3249 891 est
3286 837 3499 892 dictus:
3541 836 3709 894 habes

2108 921 2247 992 apud
2287 922 2475 979 Jonam
2526 924 2709 995 (Jon.,
2738 925 2843 993 lll,
2870 926 2958 998 IV)
2997 941 3117 982 cum
3167 927 3287 998 ipso
3329 927 3711 986 misericordia:

2108 1015 2376 1085 exemplo,
2405 1031 2566 1087 quam
2611 1016 2858 1074 Ninivitis
2892 1019 3239 1075 exorantibus
3282 1020 3552 1089 praestitit,
3582 1019 3711 1076 faei-

2109 1105 2174 1161 lis
2200 1116 2255 1161 et
2282 1107 2522 1165 Ezechiae
2546 1109 2635 1181 (IV
2666 1109 2818 1182 Reg.,
2843 1109 2986 1183 XX)
3016 1110 3228 1168 fletibus
3254 1111 3419 1181 ﬂecti,
3443 1122 3499 1169 et
3526 1113 3713 1170 Achab

2110 1203 2302 1257 marito
2330 1200 2596 1258 Jezabelis
2620 1202 2928 1273 deprecanti
2956 1205 3266 1277 sanguinem
3299 1206 3579 1277 ignoscere
3606 1206 3711 1262 Na-

2108 1291 2289 1347 butha:
2320 1292 2423 1365 (111
2452 1293 2606 1367 Reg.,
2631 1294 2816 1366 XXI),
2849 1304 2903 1352 et
2929 1296 3092 1352 David
3115 1298 3423 1368 agnoscenti
3453 1298 3706 1355 delictum

2109 1385 2286 1439 statim
2313 1384 2589 1456 indulgere
2614 1386 2681 1457 (11
2710 1386 2865 1459 Reg.,
2896 1387 3063 1459 XII);
3113 1389 3319 1445 malens
3345 1389 3551 1447 scilicet
3598 1405 3713 1462 ρων
3737 1410 3783 1429 ο-

2109 1477 2385 1532 nitentium
2410 1479 2727 1547 peccatoris,
2757 1494 2918 1551 quam
2951 1490 3204 1548 mortem,
3232 1481 3416 1553 utique
3441 1497 3510 1539 ex
3551 1483 3715 1539 misc-

2109 1570 2355 1625 ricordiae
2397 1570 2589 1627 all'ectu
2630 1570 2787 1646 (0s.,
2819 1570 2945 1645 Vl).
2995 1572 3053 1629 Si
3096 1573 3221 1644 quid
3264 1573 3370 1629 tale
3424 1574 3713 1631 Marcionis

2112 1661 2253 1716 Deus
2273 1660 2439 1717 edidit
2464 1662 2549 1718 vel
2577 1662 2768 1730 edixit,
2786 1679 3071 1735 agnoscam
3094 1673 3300 1736 patrem
3320 1666 3713 1722 misericordia-

2109 1769 2248 1809 rum.
2274 1754 2327 1810 Si
2351 1770 2477 1810 vero
2505 1770 2571 1811 ex
2599 1771 2665 1812 eo
2687 1765 2930 1828 tempore
2953 1758 3094 1814 hunc
3122 1759 3328 1814 titulum
3357 1758 3407 1814 ei
3432 1758 3706 1823 adscribit,

393 1843 745 1909 resurrectio,
776 1843 920 1900 aliud
961 1858 1206 1916 regnum.
1255 1846 1435 1902 Primo
1472 1847 1617 1903 enim
1659 1851 1998 1913 resurrectio,
2032 1853 2080 1913 B
2108 1860 2213 1917 quo
2244 1845 2531 1914 revelatus,
2574 1848 2725 1919 quasi
2770 1849 2966 1905 exinde
3003 1851 3074 1905 sit
3117 1859 3268 1922 pater
3310 1850 3711 1908 misericordia-

392 1935 596 1992 dehinc
635 1952 881 2008 regnum.
930 1938 1234 2011 Resnrgere
1278 1941 1456 2012 itaque
1492 1940 1721 1997 dicimus
1759 1956 2001 2011 carnem,

393 2029 494 2085 sed
523 2039 781 2085 mutatam
810 2033 1067 2103 consequi
1092 2048 1338 2104 regnum.
1384 2033 1667 2106 Resurgent
1700 2034 1844 2091 enim
1870 2053 2002 2089 mor-

390 2124 471 2178 tui
497 2124 784 2194 incorrupti
810 2140 828 2189 ;
859 2124 935 2179 illi
966 2126 1194 2196 scilicet,
1226 2127 1314 2197 qui
1345 2127 1556 2183 fuerant
1579 2130 1837 2200 corrupti,
1866 2128 2004 2184 dila-

391 2214 511 2286 psis
542 2217 861 2286 corporibus
895 2218 948 2273 in
1000 2219 1296 2274 interitum.
1344 2217 1413 2274 Et
1458 2236 1551 2275 nos
1597 2221 1904 2276 mutabimnr
1952 2223 2005 2276 in

393 2316 594 2373 atomo,
622 2309 674 2363 in
696 2294 829 2364 oculi
851 2319 1199 2365 momentaneo
1230 2320 1391 2366 motu.
1424 2308 1633 2383 Oportet
1663 2313 1795 2367 enim
1832 2330 2008 2368 corru-

394 2399 595 2471 ptivum
637 2401 734 2455 liae
782 2403 1014 2473 (tenens
1068 2404 1250 2473 utique
1308 2418 1526 2459 carnem
1589 2418 1743 2459 suam
1798 2404 2009 2493 dicebat

394 2494 738 2566 Apostolus)
771 2495 983 2551 induere
1004 2497 1428 2568 incorruptela‘m,
1462 2506 1509 2552 et
1536 2497 1749 2553 mortale
1773 2502 1868 2552 hoc
1908 2500 2007 2552 im-

396 2587 767 2643 mortalitatem
792 2605 813 2654 ;
840 2596 897 2643 ut
922 2589 1127 2645 scilicet
1170 2589 1365 2646 habilis
1402 2589 1696 2646 substantia
1746 2590 2009 2649 eﬂiciatur

402 2694 581 2751 regno
613 2679 728 2735 Dei.
763 2679 971 2735 Erimus
995 2680 1137 2737 enim
1165 2682 1293 2737 sicut
1321 2683 1510 2754 angeli.
1541 2682 1666 2738 Ilaec
1695 2684 1790 2738 erit
1825 2683 2010 2739 demu-

402 2773 540 2829 tatio
567 2772 747 2828 carnis
770 2770 850 2846 (5)
881 2774 1234 2830 τθειιεοίιειιιη.
1262 2775 1367 2829 Aut
1388 2776 1431 2829 si
1461 2775 1604 2830 nulla
1633 2775 1756 2844 erit,
1786 2791 2009 2848 quomo-

400 2863 482 2919 do
521 2863 704 2919 induet
746 2865 1162 2935 incorruptelam
1208 2875 1261 2921 et
1304 2867 1798 2924 immortalitatem?
1852 2870 2009 2925 Aliud

402 2955 574 3028 igitur
602 2954 738 3011 facta
767 2972 862 3026 per
884 2956 1330 3025 demutationem,
1362 2966 1487 3014 tunc
1513 2971 1873 3032 consequetur
1914 2963 2008 3018 Dei

403 3064 670 3121 regnum;
707 3049 817 3120 jam
862 3064 967 3106 non
1014 3066 1142 3107 earn
1188 3067 1287 3108 nec
1332 3052 1565 3124 sanguis,
1611 3053 1706 3109 sed
1752 3054 1891 3126 quod
1936 3057 2010 3113 illi

404 3159 609 3215 corpus
631 3143 772 3201 Deus
792 3144 1019 3201 dederit.
1068 3145 1134 3200 Et
1172 3146 1293 3202 ideo
1335 3156 1482 3203 recte
1516 3147 1804 3218 Apostolus
1832 3167 1845 3202 :
1880 3149 2011 3206 Caro

2105 1954 2246 2005 rum,
2279 1954 2387 2010 quo
2425 1938 2652 1996 liberare
2690 1940 2920 1996 instituit
2961 1956 3130 2012 genus
3157 1944 3483 2011 humanum;
3525 1944 3709 2016 atquin

2107 2040 2162 2086 et
2192 2046 2290 2085 nus
2328 2046 2394 2086 ex
2420 2044 2488 2086 eo
2515 2041 2757 2103 tempore
2783 2047 3041 2104 negamus
3070 2033 3242 2103 illum,
3286 2052 3351 2090 ex
3385 2050 3492 2107 quo
3519 2035 3715 2090 dicitur

2057 2152 2062 2159 ~
2108 2124 2373 2180 revelatus
2405 2138 2550 2179 :non
2601 2132 2776 2196 potest
2825 2125 2985 2196 igitur
3030 2125 3230 2196 aliquid
3275 2127 3324 2182 ei
3376 2126 3709 2193 adscribere,

2106 2230 2265 2286 quem
2297 2223 2421 2270 tunc
2463 2214 2718 2281 ostendit,
2746 2229 2868 2270 cum
2908 2215 3051 2271 aliud
3094 2215 3174 2289 (5)
3221 2218 3270 2272 ei
3312 2216 3588 2273 adscribit.
3648 2217 3710 2274 Si

2108 2308 2251 2364 enim
2276 2308 2419 2379 prius
2444 2316 2718 2364 constaret
2737 2323 2860 2365 eum
2882 2322 3024 2375 esse,
3049 2318 3175 2364 tunc
3204 2316 3257 2365 et
3278 2308 3509 2365 adscribi
3537 2310 3584 2365 ei
3611 2323 3712 2380 po-

2118 2409 2236 2456 test.
2270 2400 2534 2455 Accidens
2554 2400 2696 2456 enim
2725 2411 2806 2455 est
2845 2398 2986 2471 quod
3028 2399 3381 2457 adscribitur:
3412 2377 4005 2525 accidentinja‘llt‘rmi

2118 2504 2283 2525 sum.“
2306 2493 2572 2525 unumne!“
2600 2493 2765 2525 hmine-
2790 2494 2862 2525 ..αἱ
2885 2492 3121 2525 Λεία-ωερε
3158 2494 3241 2525 nn:
3279 2493 3521 2525 anethi...“
3550 2510 3561 2523 ο
3599 2509 3712 2525 mih

2109 2504 2283 2547 autem
2305 2493 2576 2549 antecedit
2600 2493 2768 2565 ipsius
2788 2494 2864 2549 rei
2885 2492 3121 2549 ostensio
3157 2494 3241 2548 cui
3279 2493 3564 2561 accidunt;
3599 2509 3713 2548 ma-

2110 2526 2283 2547 ιιιιιυιη
2305 2526 2576 2549 ιιιιιειιῠυιι
2602 2526 2768 2565 ινδιυθ
2788 2526 2864 2549 Ιῦι
2885 2526 3121 2549 υδιῦιιδιυ
3157 2526 3241 2548 ιυι
3279 2526 3529 2549 ιιιιιοιυιιιιι
3550 2536 3564 2561 ν
3599 2526 3713 2548 Illtl"

2110 2587 2253 2641 xime
2279 2602 2400 2641 eum
2425 2586 2539 2657 jam
2567 2586 2786 2641 alterius
2809 2595 2915 2653 est,
2960 2585 3101 2656 quod
3143 2584 3464 2642 adscribitur
3497 2587 3579 2653 ei,
3622 2526 3756 2667 ηιιίξ

2113 2681 2261 2754 prius
2306 2697 2412 2737 nun
2453 2681 2525 2736 sit
2561 2690 2832 2745 ostensus,
2865 2688 3014 2737 tanto
3044 2681 3213 2754 magis
3252 2681 3532 2753 negabitur
3568 2695 3712 2745 esse,
3741 2668 3753 2729 l

2110 2784 2312 2849 quanto
2355 2789 2453 2845 per
2499 2773 2639 2845 quod
2676 2773 2973 2829 affirmatur
3010 2788 3153 2841 esse,
3197 2773 3319 2843 ejus
3357 2784 3459 2842 est,
3489 2774 3575 2844 qui
3601 2758 3753 2844 jaml

2113 2876 2360 2922 ostensus
2400 2874 2500 2920 est.
2557 2864 2646 2921 Sic
2696 2874 2751 2920 et
2776 2864 3180 2922 Testamentum
3216 2864 3427 2922 Novum
3475 2880 3581 2921 non
3638 2864 3719 2919 al-

2114 2960 2279 3015 terius
2308 2957 2442 3023 erit,
2474 2972 2634 3028 quam
2673 2957 2760 3028 qui
2802 2956 2931 3011 illud
2961 2957 3305 3025 repromisit;
3346 2956 3450 3013 etsi
3493 2972 3595 3010 non
3638 2956 3716 3010 li-

2114 3061 2223 3107 tera
2244 3094 2258 3115 ,
2280 3061 2334 3105 at
2362 3050 2480 3119 ejus
2504 3049 2715 3119 spiritus
2740 3089 2755 3113 ,
2788 3048 2890 3103 hoc
2927 3048 3031 3104 erit
3058 3048 3285 3104 novitas.
3321 3048 3565 3119 Denique
3584 3090 3599 3114 ,
3622 3047 3715 3117 qui

2114 3142 2323 3199 literam
2373 3141 2557 3196 tabulis
2587 3140 2807 3211 lapideis
2833 3139 3093 3195 inciderat
3116 3182 3130 3207 ,
3160 3139 3301 3196 idem
3339 3150 3393 3197 et
3420 3139 3489 3195 de
3527 3140 3716 3211 spiritu

407 3247 464 3295 et
489 3239 695 3307 sanguis
720 3253 933 3309 regnum
961 3239 1058 3293 Dei
1095 3256 1196 3294 non
1231 3251 1633 3310 consequentur;
1663 3241 2011 3299 demutationi

2118 3236 2356 3292 edixerat
2383 3233 2555 3307 (Joel.
2597 3232 2660 3289 IlI
2686 3277 2701 3301 ,
2731 3232 2825 3306 28)
2863 3252 2876 3289 :
2911 3232 3191 3301 E/fuudam
3234 3235 3298 3290 de
3333 3250 3442 3289 meo
3462 3234 3644 3307 spiritu
3662 3234 3718 3289 in

408 3332 550 3390 illud
571 3332 903 3399 adscribens,
934 3348 1056 3404 qua:
1086 3332 1293 3388 accedit
1318 3334 1721 3391 resurrccﬁoni.
1750 3336 1805 3392 Si
1832 3346 2014 3394 autem

409 3436 546 3482 tunc
574 3425 661 3496 ﬁet
686 3427 890 3480 verbum
916 3466 933 3494 ,
964 3427 1101 3497 quod
1138 3427 1384 3500 scriptum
1413 3437 1485 3482 est
1511 3427 1649 3497 apud
1672 3429 2012 3485 Creatorem:

414 3515 524 3574 Ubi
559 3526 652 3585 est,
685 3534 840 3585 mors,
871 3517 1081 3572 victoria
1121 3526 1229 3585 tua,
1285 3517 1368 3573 vel
1423 3517 1503 3591 (4)
1559 3522 1833 3576 COnIentio
1887 3522 2016 3577 tua?

416 3606 523 3665 Ubi
550 3620 646 3670 est.
671 3625 826 3675 mors,
849 3608 1055 3663 aculeus
1085 3609 1243 3663 tuus?
1267 3608 1498 3665 Verbum
1528 3620 1703 3666 autem
1730 3611 1832 3668 hoc
1854 3612 2019 3668 Crea-

413 3704 556 3757 toris
578 3708 688 3766 est,
716 3715 811 3772 per
836 3699 1192 3771 PrOphetam;
1223 3701 1338 3770 ejus
1368 3701 1470 3758 erit
1498 3711 1551 3758 et
1588 3717 1675 3758 res
1694 3744 1708 3768 ,
1739 3703 1790 3759 id
1822 3716 1904 3761 est
1935 3722 2018 3761 rc—

412 3810 606 3867 gnutn,
652 3795 806 3865 cujus
836 3804 891 3850 et
929 3794 1152 3851 verbum
1188 3796 1281 3850 lict
1323 3795 1376 3850 in
1426 3810 1610 3868 regno.
1648 3796 1756 3852 Nec
1780 3798 1873 3867 alii
1909 3799 2018 3854 Dea

413 3878 614 3961 gratias
634 3885 782 3955 dicit,
801 3886 934 3959 quod
960 3886 1102 3942 nobis
1126 3888 1409 3952 victoriam,
1434 3888 1617 3960 utique
1638 3888 1705 3945 de
1727 3899 1921 3959 morte,
1936 3908 2020 3946 re-

416 3981 559 4051 ferre
583 3978 889 4049 prtestiterit,
912 3994 1071 4049 quam
1094 3979 1218 4035 illia
1240 3994 1345 4050 quo
1376 3979 1597 4035 verbum
1627 3981 2017 4040 insultatoriutn

417 4069 491 4127 de
543 4080 717 4125 morte
767 4082 822 4127 et
870 4071 1335 4145 triumpliatorium
1386 4074 1590 4147 accepit
1651 4073 1733 4148 (Il
1762 4075 1916 4144 Con,
1966 4077 2016 4144 l,

416 4161 489 4221 III
517 4174 562 4220 et
594 4161 726 4235 IV).

965 4258 975 4271 ”
1049 4257 1277 4315 CAPUT
1324 4258 1415 4314 XI.

417 4349 438 4376 '
496 4346 557 4405 Si
584 4347 722 4404 Deus
736 4346 1031 4406 commune
1059 4350 1376 4406 vocabulum
1399 4350 1595 4407 factum
1619 4360 1702 4407 est
1723 4351 1851 4408 vitio
1877 4367 2025 4408 erro-

419 4445 504 4502 ris
532 4444 771 4511 humani,
798 4453 1060 4516 quatenus
1089 4445 1271 4516 plures
1296 4444 1381 4500 dei
1425 4444 1676 4502 dicuntur
1700 4455 1860 4517 atque
1902 4461 2023 4502 cre-

421 4540 629 4598 duntur
654 4539 706 4593 in
733 4540 954 4602 saeculo,
985 4537 1271 4592 benedictus
1302 4546 1477 4593 tamen
1520 4535 1660 4592 Deus
1704 4537 1907 4593 Domini
1937 4554 2028 4593 no-

2119 3345 2317 3384 omnem
2343 3344 2565 3395 carnem,
2599 3322 2666 3382 Et
2694 3329 2737 3382 si
2766 3327 2915 3382 litera
2963 3326 3145 3381 occidit
3163 3366 3181 3390 ,
3210 3327 3419 3398 spiritus
3459 3343 3573 3381 vero
3596 3326 3717 3380 vivi-

2120 3423 2240 3491 ﬁcat
2260 3464 2273 3487 ,
2306 3421 2424 3491 ejus
2464 3432 2745 3491 utrumque
2773 3429 2857 3476 est
2885 3420 2972 3490 qui
3001 3419 3076 3475 ait
3101 3419 3279 3491 (Deut.
3308 3419 3539 3487 XXXII,
3569 3418 3664 3490 '59)
3692 3435 3709 3473 :

2119 3514 2234 3588 Ego
2248 3516 2494 3578 occidam.
2510 3524 2556 3570 et
2572 3513 2854 3585 vivificabo;
2873 3514 3169 3583 percutiam,
3183 3522 3228 3569 et
3242 3514 3450 3569 satiabo.
3465 3513 3605 3570 Olim
3620 3512 3720 3569 du-

2118 3610 2313 3681 plicem
2341 3610 2445 3663 vim
2474 3608 2744 3664 Creatoris
2777 3606 3159 3662 vindicavimus
3200 3605 3304 3679 (6),
3342 3614 3398 3663 et
3429 3606 3627 3678 judicis
3663 3614 3722 3661 et

2120 3703 2267 3769 boni;
2295 3701 2369 3773 (b)
2403 3701 2552 3756 litera
2578 3700 2872 3757 occidentis
2901 3715 2997 3771 per
3019 3699 3238 3772 Legem,
3265 3709 3321 3757 et
3339 3700 3527 3772 spiritu
3555 3700 3724 3756 viviﬁ-

2121 3795 2291 3850 cantis
2323 3810 2416 3865 per
2436 3793 2804 3865 Evangelium.
2822 3791 2937 3848 Non
2967 3794 3335 3864 possunttluos
3359 3794 3490 3851 deos
3513 3794 3715 3863 facere,

2122 3902 2241 3959 qua:
2275 3886 2373 3941 etsi
2395 3886 2629 3952 diversa,
2662 3887 2800 3957 apud
2828 3900 2989 3940 unum
3019 3886 3286 3941 recenseri
3314 3898 3712 3956 prazvenerunt.

2121 3978 2522 4035 Commemorat
2549 3987 2596 4033 et
2624 3978 2688 4033 de
2709 3976 2955 4032 velamine
2977 3974 3163 4048 Moysi,
3193 3993 3292 4048 quo
3317 3978 3499 4049 faciem
3528 3978 3723 4050 tegebat

2122 4068 2613 4141 incontemplabilem
2634 4068 2754 4138 ﬁliis
2779 4066 2965 4124 Israel.
3000 4066 3057 4123 Si
3079 4066 3199 4124 ideo
3213 4076 3268 4123 ut
3296 4069 3725 4138 claritatemjma-

2119 4165 2293 4237 jorem
2340 4160 2655 4219 defenderet
2695 4159 2834 4217 Novi
2881 4159 3209 4215 Testamenti
3234 4201 3250 4225 ,
3296 4162 3433 4230 quod
3466 4169 3635 4215 manet
3671 4161 3727 4216 in

2125 4256 2323 4329 gloria,
2370 4268 2528 4325 quam
2558 4253 2756 4309 veteris
2784 4294 2799 4318 ,
2832 4254 2969 4324 quod
2998 4251 3233 4306 evacuari
3261 4251 3507 4318 habebat;
3540 4253 3641 4308 hoc
3669 4261 3728 4308 et

2126 4366 2263 4407 mea:
2295 4350 2547 4404 convenit
2575 4346 2696 4403 fidei
2723 4388 2739 4413 ,
2768 4344 3101 4418 prteponenti
3134 4344 3476 4416 Evangelium
3509 4344 3634 4417 legi.
3663 4346 3729 4402 Et

2127 4443 2250 4499 vide
2281 4457 2347 4497 ne
2388 4441 2555 4512 magis
2598 4455 2753 4497 meae.
2785 4439 2898 4496 Illic
2923 4443 3068 4496 enim
3097 4439 3201 4495 erit
3236 4441 3528 4510 superponi
3557 4439 3684 4510 quid
3709 4481 3725 4507 ,

2130 4535 2218 4591 ubi
2246 4533 2404 4590 fuerit
2446 4542 2497 4589 et
2539 4532 2668 4588 illud
2698 4534 2784 4588 cui
2831 4531 3232 4603 superponitur.
3264 4531 3335 4585 At
3376 4546 3497 4586 cum
3551 4529 3727 4586 dicit:

422 4634 522 4692 stri
549 4632 675 4687 Jesu
697 4630 883 4688 Christi
909 4629 1069 4686 Pater
1122 4646 1228 4686 non
1246 4630 1392 4685 alius
1421 4644 1579 4702 quam
1618 4629 1833 4686 Creator
1865 4630 2023 4686 intel-
2055 4647 2106 4707 ι)
2132 4629 2239 4687 Sed
2265 4628 2428 4684 obtusi
2457 4637 2572 4682 sunt
2600 4643 2777 4683 sensus
2802 4626 3021 4691 mundi;
3068 4639 3176 4681 non
3206 4624 3390 4696 utique
3416 4610 3688 4681 Creatoris
3713 4666 3730 4692 ,

423 4725 648 4800 ligetur,
692 4725 782 4797 qui
820 4734 875 4781 et
919 4724 1167 4781 universa
1215 4722 1507 4793 benedixit,
1557 4721 1735 4796 habes,
1773 4721 2024 4779 Genesim

2132 4722 2226 4779 sed
2258 4721 2437 4794 populi
2464 4721 2553 4793 qui
2580 4721 2632 4777 in
2664 4720 2864 4778 mundo
2893 4728 3004 4794 est,
3029 4718 3106 4777 De
3133 4718 3333 4777 lsraele
3360 4716 3440 4789 (7)
3473 4717 3615 4775 enim
3645 4716 3731 4774 di-

1643 4836 2021 4895 LECTIONES
2070 4835 2478 4894 VARIANTES.

494 4956 572 5019 (1)
594 4956 767 5011 Carnis
785 4956 866 5010 hic
885 4954 1032 5010 attain.
1056 4956 1207 5009 Semt.

522 5019 576 5073 2)
598 5019 686 5072 Est
705 5019 824 5072 add.
852 5019 1011 5073 Obert.

2221 4952 2274 5017 δ)
2302 4952 2490 5017 Aliquid
2513 4954 2654 5003 Pam.

2221 4955 2253 5003 ὅ
2302 4952 2490 5017 Aliquid
2513 4954 2654 5003 Pam.

2224 5018 2255 5066 6
2301 5015 2608 5066 Viudicamus
2624 5014 2777 5066 Semt.

2199 4950 2277 5143 (7)
2304 5076 2455 5130 Israel
2474 5075 2617 5129 Uber.

2224 5075 2277 5130 7)
2304 5076 2455 5130 Israel
2474 5075 2617 5129 Uber.

1815 5227 2381 5288 COMMENTARIUS.

435 5348 567 5408 ideo
592 5349 643 5406 in
667 5358 827 5407 carne
854 5350 1023 5407 fuisse
1047 5351 1310 5409 dicemur.
1342 5350 1527 5422 Neque
1550 5351 1693 5407 enim
1720 5349 2034 5422 substantias
2136 5344 2655 5422 teramvocatlieges
2670 5345 2955 5422 m_osaica_s,
2972 5338 3614 5422 SpiritumEvangelium.
3631 5338 3741 5422 Lex

437 5422 767 5494 cartti9,_Dei
796 5438 1019 5494 regnum
1049 5425 1362 5494 denegatur,
1397 5421 1489 5477 sed
1532 5430 1771 5493 peccato.
1825 5421 1900 5494 Li:
1936 5421 2031 5494 Pa.

515 5492 595 5564 (τι)
635 5491 736 5565 Per
778 5491 1311 5565 expiationemeorum
1339 5508 1453 5563 qua:
1476 5491 1769 5561 incorpore
1808 5492 2034 5565 admisit.

438 5560 694 5621 Non'abs
734 5580 795 5622 re
838 5560 908 5621 de
948 5566 1263 5636 purgatione
1312 5560 1429 5636 post
1475 5560 1700 5619 mortem
1743 5562 2039 5627 subeunda,

441 5644 688 5695 accurata
730 5633 963 5709 quidem
991 5633 1342 5709 et'diligeuti,
1384 5633 1499 5690 haec
1528 5636 1744 5709 intelligi
1773 5642 2041 5709 poterunt.

1712 5705 1787 5760 Le
1842 5704 1935 5758 Pa.

680 5728 935 5852 Κίρ-(1»)
954 5777 1124 5852 Litera
1139 5778 1413 5852 occidentis
1429 5794 1516 5852 per
1527 5728 1876 5852 legentfl’rau‘l'i
1884 5728 2048 5852 lverba

447 5846 623 5909 suum
639 5854 703 5911 ad
721 5845 956 5919 Corflll,
972 5853 1024 5909 6:
1046 5850 1217 5907 Litera
1235 5845 1438 5919 occidit,
1470 5845 1694 5921 Spiritus
1713 5847 1945 5917 ririﬁt‘at.
1965 5845 2025 5901 Li
2040 5876 2052 5888 -

2140 5418 2367 5477 Mosaica
2386 5432 2480 5486 per
2493 5410 2850 5492 Ev'angeIiunt
2860 5410 3240 5492 abrogataJam
3259 5410 3387 5466 nihil
3401 5420 3481 5492 est
3496 5426 3654 5492 quam
3689 5413 3744 5469 li-

2142 5500 2256 5562 tera
2281 5531 2295 5555 ,
2327 5481 2671 5562 corporeum:
2692 5487 2889 5556 aliquid
2905 5481 3052 5562 quod
3099 5484 3270 5562 oculis
3316 5482 3512 5536 nostris
3552 5481 3738 5562 legent

2144 5502 2256 5546 tera
2281 5531 2295 5555 ,
2327 5502 2421 5542 cor
2463 5502 2647 5542 orcum
2692 5502 3052 5556 anqunuquou
3099 5502 3270 5539 ocuus
3316 5502 3512 5536 IIOSII'IS
3552 5502 3738 5551 tegen-

2144 5560 2272 5616 dum
2299 5502 2600 5614 exltigetur.
2632 5557 2699 5612 Et
2722 5556 2977 5627 quamdiu
2999 5555 3177 5620 stetit,
3203 5566 3519 5627 corporeum
3542 5550 3743 5627 aliquid

2148 5629 2457 5704 priestabat.
2494 5621 2937 5704 Etenim__violata
2966 5635 3189 5704 mortem
3221 5621 3527 5701 interebat;
3554 5621 3744 5704 obser-

2151 5696 2274 5756 'vata
2296 5741 2311 5767 ,
2345 5699 2621 5769 przcmium
2654 5696 2919 5769 felicitatis
2942 5696 3164 5769 aligtjus
3184 5706 3458 5769 corporea:
3485 5696 3598 5769 sive
3628 5700 3743 5747 ter-

2154 5760 2318 5829 τριιπί.
2346 5760 2523 5825 Verba
2566 5778 2742 5823 autem
2785 5767 2981 5820 Christi
3024 5760 3317 5833 Evangelia
3353 5760 3742 5833 comprehensa

2158 5845 2376 5917 spiritus
2405 5848 2603 5896 suntet
2634 5842 2761 5895 vita.
2794 5838 3001 5893 Etenim
3035 5831 3411 5908 pteinientibus
3454 5846 3562 5887 reis
3606 5831 3747 5891 olle-
