4020 6286
302 206 411 271 499

1710 212 2175 275 τειιτυιιιιιΝι

3500 172 3638 276 5m.

296 330 407 385 cit:
437 327 520 386 Ad
556 329 858 413 bodiernum
892 347 1049 405 usque
1088 330 1316 388 velamen
1356 328 1413 386 id
1447 328 1619 405 ipsum
1653 331 1707 387 in
1742 332 1894 413 corde
1919 334 1970 395 A
1997 331 2123 387 lium
2148 331 2304 405 hujus
2331 329 2425 386 teri
2453 339 2670 387 exsecat
2698 346 2817 398 cor,
2851 326 2992 403 quod
3019 326 3290 387 Christum
3327 326 3450 401 ejus
3502 346 3618 388 non

299 438 493 479 rarum.
516 404 765 497 Figuram
781 414 1015 479 ostendit
1034 416 1199 480 fuisse
1213 422 1454 479 velamen
1472 404 1637 485 faciei
1664 424 1715 478 in
1739 404 1862 496 Moy

300 529 394 583 se,
421 517 705 572 velaminis
732 513 911 571 cordis
937 516 988 571 iu
1018 516 1247 587 populo,
1287 515 1409 587 quia
1432 530 1531 571 nec
1571 530 1715 571 nunc
1753 513 1895 587 apud

304 608 421 661 illos
450 609 799 685 perspiciatur
829 605 1040 680 Moyses
1066 604 1229 663 corde
1254 650 1268 675 ,
1296 607 1434 663 sicut
1460 623 1557 664 nec
1586 606 1721 664 facie
1747 617 1897 666 tunc.

302 699 438 764 Quid
468 708 549 753 est
574 713 703 771 ergo
727 699 902 755 adhuc
932 700 1161 755 velatum
1217 700 1268 754 in
1310 696 1493 772 Moyse
1550 699 1693 771 quod
1741 701 1902 771 perti-

302 801 423 846 neat
444 791 511 847 ad
538 790 783 861 Paulum,
817 791 861 847 si
892 790 1137 848 Christus
1155 792 1422 848 Creatoris
1447 807 1477 848 a
1500 788 1680 865 Moyse
1705 794 1901 866 praedi-

300 882 712 957 catusuondum
745 884 929 959 venit?
973 884 1254 953 Quomodo
1276 885 1386 955 jam
1429 893 1614 957 operta
1638 895 1691 942 et
1728 886 1902 942 velata

300 976 476 1032 adhuc
503 974 825 1033 denotantur
852 960 1346 1034 corda-ludasorum
1368 1019 1383 1046 ,
1425 979 1660 1035 nonduin
1690 979 1902 1036 exhibi-

297 1068 367 1123 tis
399 1068 865 1141 praedicationibus
893 1069 1098 1143 Moysi,
1132 1070 1184 1126 id
1213 1079 1298 1127 est
1324 1071 1391 1127 de
1420 1069 1670 1139 Christo,
1702 1074 1753 1128 in
1795 1088 1903 1145 quo

298 1176 421 1218 eum
449 1164 740 1234 intelligere
769 1164 1073 1221 deberent?
1102 1167 1238 1236 Quid
1268 1169 1336 1229 ad
1363 1171 1663 1242 apostolum
1701 1169 1903 1226 Christi

302 1255 555 1322 alterius,
588 1257 632 1312 si
668 1256 758 1312 Dei
805 1259 887 1314 sui
932 1269 1264 1318 sacramenta
1292 1258 1461 1319 Judaei
1495 1278 1598 1317 non
1640 1264 1903 1336 intellige-

303 1347 431 1402 baut
451 1390 464 1413 ,
491 1349 592 1404 nisi
621 1350 742 1420 quia
769 1351 1013 1408 velamen
1045 1354 1221 1409 eordis
1251 1355 1461 1411 illorum
1487 1352 1555 1411 ad
1579 1358 1899 1427 caecitatem,

300 1454 404 1509 qua
430 1455 535 1497 non
579 1444 960 1514 perspexerant
989 1444 1261 1506 Christu’m
1286 1490 1301 1517 ,
1346 1446 1512 1522 Moysi
1561 1450 1903 1523 pertinebat?

304 1532 577 1603 Denique,
624 1530 767 1605 quod
819 1539 1100 1608 sequitur:
1148 1539 1274 1595 Cum
1322 1558 1440 1597 vero
1492 1542 1789 1597 converterit
1833 1542 1903 1597 ad

301 1624 469 1681 Deum
488 1670 502 1693 ,
536 1633 797 1701 auferetur
824 1633 1049 1687 velamen
1071 1651 1092 1700 ;
1120 1633 1220 1689 huc
1245 1632 1433 1691 Iudaeo
1490 1636 1704 1711 proprie
1734 1636 1896 1701 dicit,

1997 424 2138 482 ultro
2164 424 2574 496 rccognoverint
2599 422 2665 479 de
2693 422 2984 494 Scripturis
3004 464 3020 489 ,
3063 420 3498 492 intelligendum.
3544 421 3620 479 Et

2001 518 2230 590 positum
2270 519 2322 573 in
2365 518 2709 590 ambiguitate
2750 518 3107 572 distinctionis
3157 515 3417 573 hactenus
3463 526 3616 573 trac-

2003 620 2177 678 tasse,
2208 626 2276 667 ne
2317 610 2624 667 adversario
2658 610 2973 681 prodesset,
3005 616 3290 664 contentus
3320 608 3567 664 victoria:
3595 649 3614 676 ,

2002 718 2086 758 me
2125 703 2264 758 ultro
2296 700 2374 776 (5)
2404 696 2618 773 possum
2645 710 2698 758 et
2729 702 2781 756 in
2812 709 2980 757 totum
3023 700 3425 756 contentionem
3471 699 3618 757 hanc

2005 798 2308 868 prmterisee
2334 796 2641 867 simpliciori
2670 809 2948 866 responso.
2982 793 3098 856 Pra:
3126 809 3287 849 manu
3312 794 3414 849 erit
3460 794 3618 849 scilio

2004 899 2091 947 cet
2124 887 2203 964 (l)
2241 889 2398 962 hujus
2444 888 2542 947 τενί
2587 888 2863 944 dominum
2910 887 3180 944 diabolum
3228 872 3617 957 interpretari,

2004 985 2094 1055 qui
2119 984 2345 1051 dixerit,
2388 982 2645 1055 proiiheta
2674 982 2941 1039 referente
2971 981 3073 1054 (Is.
3116 981 3261 1046 XIV,
3292 982 3383 1054 ll)
3434 998 3449 1037 :
3506 979 3619 1037 Ero

2003 1074 2185 1130 similis
2228 1075 2476 1129 Altissimi
2500 1116 2514 1141 ,
2558 1091 2746 1145 ponam
2784 1074 2838 1128 in
2860 1073 3076 1128 nubibus
3118 1073 3357 1128 thronum
3399 1089 3619 1140 meum;

2005 1170 2143 1223 sicut
2168 1178 2222 1221 et
2253 1176 2361 1221 tota
2391 1166 2549 1238 hujus
2572 1169 2669 1223 ειενὶ
2698 1166 3006 1237 Superstitio
3031 1165 3107 1220 illi
3158 1165 3463 1235 mancipata
3492 1174 3577 1220 est
3603 1202 3620 1229 ,

2004 1260 2095 1331 qui
2122 1268 2356 1315 exctecet
2384 1257 2674 1313 iulidelimn
2701 1256 2864 1313 corda
2886 1299 2901 1324 ,
2933 1267 2987 1313 et
3016 1257 3069 1312 in
3100 1256 3317 1327 primis,
3349 1266 3625 1326 apostatte

2006 1353 2307 1409 Marcionis.
2341 1346 2597 1423 Denique,
2632 1367 2737 1408 non
2768 1350 2899 1407 vidit
2928 1360 3300 1406 occurrentem
3331 1350 3435 1406 sibi
3455 1349 3613 1405 clau-

2010 1445 2182 1503 sulam
2211 1460 2436 1501 sensus:
2466 1444 2719 1514 Quoniam
2743 1443 2899 1511 Deus,
2918 1443 3006 1515 qui
3035 1442 3164 1497 dixit
3190 1459 3253 1498 ea:
3283 1442 3506 1498 tenebris
3533 1442 3621 1496 lu-

2004 1557 2109 1595 cem
2132 1539 2396 1605 lucescere,
2425 1538 2611 1593 reluxit
2637 1538 2690 1591 in
2716 1537 2950 1591 cordibus
2975 1536 3162 1591 nostris
3187 1535 3255 1588 ad
3276 1534 3625 1589 illuminatio-

2003 1649 2118 1686 nem
2142 1630 2416 1703 agnitionis
2442 1645 2576 1692 suat.
2608 1629 2660 1683 in
2686 1645 2902 1700 persona
2929 1627 3136 1684 Christi.
3162 1627 3293 1698 Quis
3324 1627 3406 1698 (5)
3441 1626 3623 1684 dixit:

300 1721 441 1790 apud
474 1738 631 1794 quem
659 1733 715 1781 et
741 1736 825 1781 est
851 1726 1091 1813 velamen
1122 1727 1292 1801 Moysi
1318 1730 1454 1805 :‘qui
1484 1744 1604 1785 cuin
1638 1729 1907 1786 transierit
1937 1730 1986 1791 B
2017 1724 2135 1780 Fiat
2157 1724 2371 1797 ιιιπῖῐζι
2396 1722 2463 1805 de
2486 1722 2873 1780 illuminatione
2910 1721 3117 1787 mundi,
3148 1722 3267 1793 quis
3296 1721 3523 1777 Christo
3548 1722 3626 1777 ait

304 1814 357 1867 in
394 1810 551 1870 lidem'
580 1814 814 1884 Christi,
846 1806 1091 1890 intelligit
1133 1814 1349 1893 Moysen
1376 1819 1449 1876 de
1477 1808 1690 1877 Christo
1720 1820 1914 1894 pra-di-
2016 1816 2118 1891 (Is.
2168 1806 2347 1887 XLII,
2381 1814 2479 1890 6):
2522 1812 2685 1872 Posui
2713 1825 2760 1873 te
2788 1816 2839 1871 in
2867 1816 3037 1871 lumen
3084 1818 3390 1882 nationum,
3425 1814 3626 1869 seden-

299 1921 472 1962 casse.
525 1900 828 1978 Cmterum,
883 1912 1155 1983 quomodo
1205 1913 1483 1971 auferetur
1545 1915 1910 1973 velamentum

300 2000 572 2058 Creatoris
599 2003 652 2057 in
702 2003 918 2060 Christo
954 2005 1050 2062 Dei
1091 2006 1343 2075 alterius,
1385 2008 1539 2079 cujus
1579 2017 1911 2067 sacramenta

301 2090 512 2149 velasse
539 2108 644 2149 non
693 2094 860 2164 potuit
899 2094 1158 2162 Creator,
1200 2097 1364 2169 ignoti
1386 2098 1640 2155 videlicet
1682 2099 1907 2171 ignota?

305 2183 442 2240 Dicit
463 2202 590 2257 ergo
610 2229 625 2254 ,
658 2204 751 2242 nos
767 2188 881 2259 jam
908 2199 1085 2260 aperta
1110 2192 1244 2262 [acie
1267 2232 1281 2253 .
1312 2193 1498 2264 utique
1525 2193 1735 2258 cordis.
1765 2192 1912 2264 quod

302 2276 532 2331 velatum
550 2288 632 2333 est
655 2279 706 2333 ili
725 2278 925 2334 Iudaeis
945 2322 959 2347 ,
989 2282 1390 2354 contemplantes
1411 2282 1705 2351 Christum,
1736 2284 1911 2339 eadem

301 2370 527 2441 imagine
552 2373 909 2444 trans/igurari
936 2390 967 2428 a
994 2375 1159 2446 gloria
1184 2375 1204 2447 (
1242 2391 1345 2447 qua
1376 2377 1582 2433 scilicet
1620 2387 1674 2433 et
1703 2376 1912 2450 Moyses

310 2461 785 2533 transﬁgurabatur
815 2479 842 2517 a
865 2464 1032 2534 gloria
1059 2462 1293 2538 Domini)
1325 2467 1377 2522 in
1402 2466 1619 2539 gloriam
1650 2484 1667 2523 :
1698 2469 1769 2524 ita
1794 2485 1913 2524 cor-

242 2555 546 2622 -~poralem
576 2552 744 2626 Moysi
776 2555 1239 2612 inluminationem
1266 2556 1334 2612 de
1355 2573 1649 2631 congressu
1675 2559 1908 2627 Domini,

305 2659 353 2703 ef
386 2647 662 2717 corporale
692 2647 933 2705 velamen
963 2648 1030 2705 de
1058 2650 1368 2708 inﬁrmitate
1394 2651 1577 2723 populi
1607 2667 1915 2724 proponens

307 2747 363 2793 et
383 2738 673 2810 spiritalem
701 2741 998 2797 claritatem
1020 2741 1070 2797 in
1094 2741 1307 2799 Christo
1330 2745 1771 2815 superinduceus,
1799 2755 1912 2801 tan-

308 2847 460 2903 quam
489 2850 521 2885 a
550 2826 790 2896 Domino.
826 2835 1014 2909 inquit,
1047 2837 1316 2906 spirituum
1346 2837 1445 2911 (1),
1470 2848 1635 2893 totum
1667 2839 1911 2896 ordinem

311 2923 512 2995 Moysi,
552 2924 774 2994 liguram
820 2926 1047 2998 ignorati
1087 2927 1227 2999 apud
1273 2927 1523 2996 Judmos,
1572 2932 1734 3002 agniti
1783 2947 1912 2987 vero

312 3018 450 3087 apud
497 3034 595 3073 nos
645 3018 842 3075 Christi
891 3020 1053 3077 luisse
1098 3020 1342 3079 testatur.
1396 3022 1608 3079 Scimus
1651 3024 1910 3095 quosdam

2015 1912 2146 1967 tium
2173 1911 2377 1967 scilicet
2406 1911 2457 1967 in
2491 1908 2753 1974 tenebris,
2799 1916 2853 1964 et
2902 1908 2954 1964 in
2998 1907 3191 1963 umbra
3241 1907 3479 1963 mortis?
3525 1906 3625 1961 Cui

2013 2002 2306 2075 respondet
2342 2001 2569 2074 Spiritus
2602 2002 2652 2057 in
2686 2002 2891 2072 psalmo
2918 2042 2933 2068 ,
2964 2015 3035 2056 ex
3064 2001 3407 2072 providentia
3459 2001 3625 2056 futuri

2016 2095 2135 2169 (Ps.
2166 2093 2257 2163 IV,
2282 2094 2337 2168 7)
2361 2113 2373 2151 :
2404 2094 2765 2165 Signi/iculum
2791 2101 2864 2149 est
2887 2134 2903 2160 ,
2936 2093 3129 2164 inquit,
3153 2109 3307 2161 super
3328 2109 3426 2147 nos
3451 2093 3626 2148 lumen

2015 2205 2244 2261 persona:
2269 2198 2400 2253 tute,
2437 2188 2671 2257 Domine.
2702 2187 2937 2244 Persona
2958 2197 3137 2243 autem
3183 2187 3276 2243 Dei
3303 2229 3317 2252 ,
3373 2187 3627 2245 Chrisms

2015 2283 2293 2340 Dominus.
2322 2280 2476 2337 Unde
2501 2289 2556 2336 et
2578 2280 2808 2353 apostoli
2837 2295 2996 2351 supra
3027 2296 3041 2335 :
3070 2281 3170 2348 Qui
3187 2268 3269 2335 est
3300 2283 3477 2353 imago
3500 2325 3514 2346 ,
3549 2284 3630 2337 iu-

2014 2374 2166 2443 quit,
2199 2370 2313 2430 Dei.
2345 2372 2510 2444 Igitur
2528 2374 2573 2427 si
2599 2360 2847 2431 Christus
2875 2389 3103 2446 persona
3134 2373 3411 2429 Creatoris
3441 2374 3628 2429 dicen-

2016 2468 2084 2523 tis
2107 2509 2120 2530 ,
2158 2466 2276 2521 Fiat
2302 2465 2431 2532 lux;
2480 2475 2535 2523 et
2564 2465 2822 2531 Christus,
2854 2476 2907 2521 et
2936 2466 3180 2538 Apostoli
3205 2508 3219 2533 ,
3263 2475 3318 2521 ct
3373 2467 3624 2538 Evange-

2017 2560 2148 2616 lium
2173 2602 2189 2625 ,
2222 2569 2274 2613 ct
2310 2556 2553 2613 velamen
2580 2568 2635 2614 et
2667 2557 2874 2631 Moyses
2901 2600 2916 2622 ,
2946 2568 3000 2613 et
3050 2568 3159 2613 tota
3207 2558 3380 2614 series
3434 2574 3628 2615 secun-

2016 2654 2141 2709 dum
2174 2652 2537 2709 testiinonium
2582 2651 2836 2706 clausula:
2882 2649 3154 2707 Creatoris
3192 2660 3276 2707 est
3319 2651 3422 2707 Dei
3469 2651 3625 2721 hujus

2015 2747 2115 2803 teri
2146 2789 2160 2814 ,
2191 2755 2339 2801 certe
2380 2760 2485 2800 non
2514 2744 2631 2814 ejus
2660 2745 2748 2816 qui
2792 2760 3065 2819 nunquam
3110 2744 3284 2799 dixit:
3339 2742 3466 2798 Fiat
3512 2745 3622 2799 lux.

2018 2841 2286 2896 Praetereo
2310 2838 2395 2895 hic
2421 2846 2474 2894 et
2499 2837 2567 2893 de
2593 2837 2694 2892 alia
2724 2837 2985 2908 Epistula,
3033 2852 3191 2907 quam
3224 2851 3321 2891 nos
3344 2837 3416 2893 ad
3448 2834 3627 2906 Ephe-

2017 2934 2127 2988 sius
2159 2932 2520 3004 prasscriptam
2553 2930 2829 2987 habemus.
2857 2928 2931 3002 (b)
2969 2928 3203 2984 haeretici
3230 2944 3355 2984 vero
3383 2929 3453 2985 ad
3483 2918 3666 2985 Lac-7

2016 3024 2255 3079 dicentis.
2292 3024 2375 3077 Ait
2412 3020 2554 3077 enim
2599 3018 2762 3092 (Eph.
2796 3019 2859 3083 Il,
2892 3019 2980 3091 l2)
3016 3019 3324 3074 meminisse
3351 3022 3623 3087 nationes,

310 3126 504 3166 sensus
532 3112 935 3184 ambiguitatem
982 3112 1085 3185 pati
1115 3130 1307 3186 posse,
1339 3114 1407 3173 de
1436 3130 1570 3172 sono
1599 3119 1912 3190 pronuntia-
1938 3125 1983 3188 ο
2017 3113 2158 3187 quod
2183 3112 2271 3168 illo
2299 3113 2350 3167 in
2384 3123 2624 3182 tempore
2652 3127 2766 3165 cum
2793 3121 2955 3166 essent
2976 3111 3083 3165 sine
3108 3109 3310 3165 Christo
3335 3153 3350 3177 ,
3380 3113 3538 3166 alieni
3563 3111 3625 3167 ab

312 3202 507 3270 tionis,
556 3214 647 3259 aut
694 3206 762 3261 de
809 3204 969 3260 modo
1010 3204 1410 3275 distinctionis,
1460 3223 1580 3263 cum
1629 3207 1913 3280 duplicitas

314 3310 498 3351 carum
524 3296 824 3353 intercedit.
860 3296 1005 3352 llane
1035 3296 1269 3355 Marcion
1300 3299 1532 3369 captavit
1557 3300 1635 3357 sic
1664 3288 1913 3372 legendo,

312 3386 378 3441 In
410 3390 589 3460 quibus
612 3389 686 3461 (ti)
712 3389 964 3460 θεας,ωυὶ
988 3389 1144 3461 hujus
1167 3407 1189 3456 ;
1211 3401 1267 3446 ut
1288 3391 1600 3448 Creatorem
1624 3393 1917 3449 ostendens

317 3483 482 3538 Dum
516 3485 672 3553 hujus
702 3485 798 3540 :evi
820 3527 836 3550 ,
864 3485 1026 3540 alium
1067 3494 1315 3557 suggerat
1341 3484 1508 3542 Deum
1541 3485 1761 3541 alterius
1791 3488 1915 3542 aevi.

314 3573 423 3629 Nos
473 3586 655 3629 contra
684 3618 698 3640 ,
750 3577 827 3629 sic
847 3575 1280 3647 distinguendum
1332 3574 1600 3632 dicimus:
1634 3580 1695 3631 In
1737 3578 1919 3647 quibus

320 3666 494 3731 Deus;
519 3661 714 3722 dehinc
735 3686 747 3721 :
772 3668 866 3723 levi
891 3669 1043 3733 liuius
1072 3671 1339 3724 cremavit
1368 3679 1555 3724 mentes
1584 3671 1872 3740 inﬁdelium
1899 3688 1919 3737 ;

318 3760 371 3812 in
397 3757 574 3826 quibus
598 3801 611 3820 ,
642 3758 843 3815 .ludmis
869 3756 1171 3815 infidelibus
1191 3802 1206 3824 ,
1239 3760 1291 3815 in
1330 3761 1526 3833 quibus
1569 3771 1815 3833 opertum
1840 3772 1922 3818 est

319 3851 584 3921 aliquibus
614 3850 960 3924 Erangelium
989 3852 1160 3909 adhuc
1181 3853 1281 3909 sub
1303 3853 1565 3909 velamine
1593 3853 1780 3928 Moysi.
1812 3855 1923 3911 Illis

320 3949 466 4003 cnim
520 3948 657 4005 licus
709 3949 810 4024 (Is.
857 3938 1050 4016 XXIX,
1078 3949 1192 4022 l3),
1231 3949 1378 4005 labiis
1421 3949 1743 4022 diligentibus
1779 3968 1913 4016 eum,

2016 3207 2210 3265 Israele
2232 3249 2247 3276 ,
2280 3208 2390 3262 sine
2418 3205 2798 3261 conversatione
2819 3246 2834 3269 ,
2866 3214 2910 3258 ct
2940 3206 3250 3259 testamentis
3273 3247 3287 3268 ,
3316 3215 3365 3260 et
3392 3222 3483 3275 spe
3509 3221 3629 3277 pro-

2016 3303 2270 3359 missionis
2294 3342 2309 3368 ,
2335 3303 2485 3355 etiam
2512 3301 2620 3355 sine
2643 3297 2747 3353 Deo
2770 3298 2850 3371 (6)
2874 3306 3034 3353 essent
3058 3338 3074 3364 ,
3105 3299 3159 3353 in
3183 3298 3385 3353 mundo
3410 3299 3590 3370 utique
3608 3339 3626 3363 ,

2016 3396 2116 3453 etsi
2139 3394 2208 3449 de
2231 3390 2509 3449 Creatore.
2535 3389 2737 3462 Eigosi
2766 3391 3009 3445 nationes
3036 3389 3153 3444 sine
3182 3390 3290 3445 Deo
3320 3388 3457 3446 dixit
3484 3405 3623 3453 esse.

2020 3490 2164 3544 Deus
2191 3496 2369 3542 autem
2400 3484 2504 3540 illis
2532 3482 2777 3539 diabolus
2816 3491 2932 3548 est,
2987 3497 3092 3536 non
3122 3481 3379 3550 Creator,
3406 3488 3628 3555 apparet

2018 3580 2293 3637 dominmn
2325 3577 2422 3632 teri
2454 3575 2612 3647 hujus
2640 3590 2762 3629 cum
2788 3572 3195 3644 intelligendum
3220 3616 3236 3639 ,
3263 3589 3425 3643 quem
3460 3573 3624 3628 natio-

2022 3686 2117 3726 nes
2142 3684 2238 3742 pro
2275 3667 2387 3723 Deo
2420 3674 2736 3759 receperupt
2757 3706 2773 3731 ,
2807 3680 2914 3719 non
2943 3663 3256 3719 Creatorem
3284 3680 3445 3736 quem
3473 3666 3624 3735 igno-

2022 3773 2163 3820 rant.
2183 3761 2360 3831 Quale
2389 3769 2472 3815 est
2514 3751 2699 3814 autem
2718 3767 2774 3813 ut
2804 3772 2909 3812 non
2934 3756 3174 3826 ejusdem
3206 3751 3473 3814 habeatuf
3514 3757 3626 3811 tlte-

2020 3872 2204 3911 suurus
2232 3855 2286 3909 in
2331 3851 2572 3924 ﬁctilibus
2602 3852 2735 3904 vasis
2781 3850 2965 3903 nostris
2989 3891 3004 3917 ,
3036 3849 3188 3920 cujus
3217 3858 3270 3904 ct
3298 3864 3424 3905 vasa
3453 3846 3625 3906 sunt?

2021 3947 2154 4004 Nam
2187 3947 2232 4000 si
2260 3943 2429 4017 gloria
2456 3934 2551 3998 Dei
2580 3953 2662 3997 est
2686 3941 2737 3997 in
2767 3941 3019 3997 lictilibus
3066 3941 3207 3996 vasis
3255 3950 3459 3997 tantum
3505 3939 3624 3996 the-

321 4041 475 4093 rorde
501 4051 670 4095 autent
697 4042 846 4112 longe
873 4032 1229 4097 absistentibus
1256 4041 1319 4096 ab
1349 4058 1437 4105 eo,
1482 4038 1712 4097 minatus
1755 4042 1926 4099 luerat
2024 4040 2167 4096 sauri
2198 4037 2383 4094 haberi
2409 4052 2424 4100 ;
2451 4049 2575 4091 Vasa
2608 4042 2782 4088 autem
2811 4033 2990 4095 ﬁctilia
3008 4032 3280 4088 Crcaloris
3310 4042 3439 4089 sunt
3461 4050 3477 4100 ἰ
3499 4044 3626 4101 ῢτεο

322 4130 425 4204 (Is.
444 4128 532 4197 Vl,
552 4132 641 4202 IO)
676 4149 689 4186 :
723 4133 859 4188 Aure
878 4133 1115 4195 audietis.
1133 4144 1178 4187 et
1197 4149 1297 4187 non
1321 4131 1575 4197 audietis;
1601 4132 1761 4189 oculis
1782 4135 1921 4189 uide-

320 4224 456 4286 bitis,
478 4234 529 4276 ut
560 4240 658 4277 non
688 4222 948 4287 videbitis;
978 4233 1027 4279 et
1063 4218 1162 4294 (Is.
1192 4221 1297 4281 VII.
1330 4223 1386 4295 9)
1418 4242 1433 4280 :
1465 4225 1561 4281 nisi
1589 4225 1922 4295 credideritis,

2024 4143 2079 4189 ct
2106 4131 2273 4203 gloria
2303 4126 2576 4184 Creatoris
2621 4133 2703 4181 est
2726 4167 2742 4193 ,
2788 4124 2942 4192 cujus
2971 4139 3095 4179 vasa
3126 4124 3475 4179 eminentiam
3519 4122 3625 4176 vir-

2027 4227 2154 4282 tutis
2178 4224 2272 4280 Dei
2292 4222 2525 4293 sapiunt,
2546 4229 2599 4274 et
2615 4217 2784 4274 virtus
2810 4216 2941 4287 ipsa.
2970 4216 3097 4285 Quia
3120 4225 3404 4289 proiiterea
3428 4217 3480 4270 in
3502 4226 3625 4269 vasa

323 4314 1925 4389 ιιινεὶιιιεηὶῃειὶε;6108.ΧΧΙΧΛΛ)ταιιῙειθιιηιδαηὶριιιὶαιιιδα-
2027 4318 2206 4374 Iictilia
2234 4315 2517 4371 commissa
2541 4320 2665 4367 sunt
2686 4353 2702 4379 ,
2732 4319 2790 4366 ut
2823 4310 3112 4365 eminentia
3142 4309 3258 4379 ejus
3289 4308 3622 4379 probaretur.

321 4410 563 4479 pientium
584 4453 597 4475 ,
630 4421 676 4466 et
706 4411 1025 4481 prudentiam
1041 4413 1361 4483 prudentium
1376 4414 1568 4469 irritant
1587 4404 1925 4485 {aciamJImc
2026 4413 2293 4469 Cancrum
2326 4451 2341 4476 ,
2373 4408 2481 4479 jam
2522 4419 2626 4479 non
2658 4401 2763 4489 erit
2789 4400 3008 4457 alterius
3040 4401 3131 4456 Dei
3160 4402 3326 4489 gloria
3354 4443 3369 4468 ,
3402 4400 3625 4489 ideoque

322 4510 501 4559 autem
534 4520 635 4560 non
667 4506 849 4577 utique
879 4503 945 4560 de
973 4490 1263 4585 Evangelia
1286 4500 1376 4562 Dei
1405 4506 1566 4579 ignoti
1598 4505 1924 4563 abseoiulcn-
1948 4521 2002 4585 D
2031 4520 2130 4563 nec
2159 4504 2326 4559 virtus
2346 4544 2360 4567 ,
2393 4497 2486 4555 sed
2516 4495 2687 4567 magis
2726 4491 2959 4584 dedecus
3005 4502 3059 4549 et
3105 4486 3391 4548 iulirmitas
3413 4533 3429 4559 ,
3476 4488 3623 4585 οιιίιιξ

322 4597 393 4652 do
422 4596 742 4657 minabatur.
767 4572 866 4668 Ita,
894 4572 1001 4656 non
1024 4588 1102 4672 (δὲ)
1126 4572 1280 4672 hujus
1300 4599 1397 4657 aeri
1422 4572 1587 4668 Deus,
1617 4594 1710 4655 sed
1734 4600 1921 4670 inﬁde-
1948 4572 1995 4585 ψ
2027 4598 2370 4673 eminentiam
2400 4591 2581 4650 Iictilia
2611 4599 2665 4647 et
2692 4572 2908 4661 quidem
2933 4587 3105 4645 aliena
3143 4595 3420 4661 ceperunt.
3472 4576 3624 4652 ρυυά

1540 4708 1918 4772 LECTIONES
1944 4709 2365 4775 VABIANTES.

410 4829 427 4877 1
484 4826 664 4890 Spiritu
686 4826 753 4879 al.
2114 4829 2143 4878 ι
2188 4825 2388 4876 Scilicet
2404 4819 2553 4873 omitt.
2589 4824 2753 4871 Venet.

385 4825 465 5019 32;
486 4890 589 4940 Etsi
620 4898 780 4943 Venet.
2086 4826 2166 5019 is}
2188 4888 2270 4939 Sic
2292 4884 2412 4963 add.
2439 4882 2589 4973 Sentl.

411 4953 440 5001 3
486 4952 593 5005 Nec
614 4953 742 5007 ultra
766 4955 868 5005 Lat.
2109 4954 2142 5004 6
2182 4958 2383 5001 Domino
2406 4946 2551 5000 Obei.

411 4921 868 5019 assum.
2086 4921 2589 5035 ismara-03s:-

1692 5050 2256 5116 COMMENTARIUS.

324 5185 449 5233 runt
471 5177 895 5234 misericordiam
918 5186 975 5234 et
1001 5176 1226 5250 gratiam
1251 5172 1571 5231 delictorum
1592 5217 1628 5250 ,_
1659 5182 1716 5230 et
1757 5175 1922 5250 vitam

325 5259 601 5315 :cternam;
618 5265 737 5320 quae
756 5243 1174 5320 eglostia'sunt,
1199 5261 1307 5305 non
1338 5256 1571 5305 terrena.
1592 5245 1712 5303 Rue.
1740 5275 1809 5288 —
1830 5243 1923 5300 Li-

324 5330 430 5375 tera
456 5308 761 5376 accidentis:
781 5308 1090 5378 Menander:

576 5445 699 5498 Νόμος
717 5446 920 5500 pultm.
940 5441 1047 5486 οδδὶν
1066 5447 1165 5485 tam
1187 5440 1336 5495 qvam
1348 5468 1361 5485 .

573 5500 605 5549 ὁ
624 5511 673 5560 μή
691 5510 893 5561 Mitis.
911 5509 972 5547 καὶ
988 5509 1114 5558 νόμος.
1130 5506 1191 5545 καὶ
1209 5502 1349 5555 δήμιος.

323 5581 397 5634 De
423 5582 574 5638 litera
620 5581 800 5642 Musis.
825 5583 1257 5652 Cltrysostomus,
1293 5584 1318 5633 ὁ
1346 5578 1480 5647 tam
1506 5584 1587 5633 3&2»
1614 5580 1735 5641 λάεη
1764 5584 1925 5646 pesta,

323 5652 529 5723 deum?
556 5657 641 5706 καὶ
670 5654 717 5709 τὶ
746 5660 859 5722 λὲγῳ
884 5660 1056 5722 μνέας
1086 5654 1207 5723 ibist
1233 5657 1392 5706 ἔλασιν
1416 5656 1461 5706 εν
1502 5656 1721 5721 σαϐϐάτῳ
1757 5655 1893 5704 cui)!
1910 5677 1927 5689 -

328 5720 472 5787 eam
501 5730 525 5778 ὁ
556 5729 711 5794 νόμος,
742 5720 1054 5780 καὶῧίθασε.
1088 5720 1203 5778 Βια.

2100 5172 2178 5258 (εν)
2212 5172 2349 5258 Des
2373 5171 2467 5227 ωυί
2493 5170 2666 5258 tute-
2696 5165 3169 5258 .Gaesdsaoasu
3198 5152 3621 5258 are:.s:"r:’ﬂ

2024 5232 2264 5319 gentium
2292 5232 2576 5319 daemonia:
2608 5249 2667 5319 ut
2695 5239 2921 5297 habetur
2960 5238 3018 5319 iq
3041 5236 3183 5319 Psgl.
3216 5245 3271 5293 et
3311 5232 3452 5305 apud
3481 5232 3623 5298 Apo-

2025 5302 2251 5376 stolum:
2282 5330 2494 5388 quorum
2522 5302 2661 5368 Deus
2679 5320 2846 5366 venter
2872 5319 2966 5366 est.
2996 5302 3076 5364 Ls
3104 5302 3199 5363 Pa.

2104 5428 2183 5504 (ιι)
2214 5428 2603 5504 Hiereticivero
2648 5427 2717 5481 ad
2745 5425 3093 5504 Διιιιοιιὶαηιοεἶ
3146 5421 3222 5504 De
3259 5419 3363 5504 liae
3399 5411 3620 5504 epistola

2030 5496 2286 5571 adrersus
2319 5501 2659 5571 marcionitas
2688 5499 2844 5553 etiam
2876 5496 3119 5571 producit
3142 5496 3451 5571 testimonia
3494 5498 3609 5571 cap.

2033 5570 2171 5630 XVII
2204 5573 2367 5639 inl'ra,
2397 5572 2481 5626 ubi
2513 5569 2804 5639 expliCatur
2830 5563 2990 5623 etiam
3025 5564 3153 5639 illud
3177 5608 3189 5627 ,
3225 5563 3620 5639 turniinissenft:

2031 5623 2722 5713 iiaiiés,"éi¢3,"géaibnge
2761 5639 2879 5696 aliis
2928 5637 3103 5695 Verbis
3150 5623 3317 5706 magis
3368 5623 3619 5701 Ap‘islolo

2033 5712 2465 5787 congruentibus.
2491 5713 2628 5770 I’nt.
