4020 6286
345 333 445 401 50!

1390 338 1524 400 LIB.
1590 337 1636 396 v
1673 328 2038 396 Auvsnsus
2062 332 2489 418 mansionum.

3538 340 3647 397 509.

345 464 397 521 si
418 463 534 520 haec
554 467 683 520 stunt
714 462 900 535 ﬁctilia
928 417 1049 519 vain
1082 462 1138 518 in
1160 462 1339 534 quibus
1367 469 1510 516 tanta
1538 477 1633 516 nos
1660 460 1769 532 pati
1796 459 1940 525 dicit,
1969 455 2023 517 A
2047 457 2149 512 tale
2175 458 2316 513 istud
2338 457 2784 516 immortalitatem.
2830 455 2913 515 Illi
2956 458 3187 517 induunt
3213 501 3230 529 ,
3257 474 3380 518 cum
3413 476 3640 533 recepe-

344 557 402 612 in
423 555 603 627 quibus
642 558 798 611 etiam
842 555 1278 626 mortiﬁcationem
1315 554 1720 626 circumferimus
1763 551 1947 606 Domi-

346 648 403 704 tii
426 646 530 721 (I);
559 647 695 704 satis
720 649 962 721 ingratus
988 649 1127 706 Deus
1151 655 1207 705 et
1234 647 1485 718 injustas,
1526 645 1572 702 si
1598 661 1704 701 non
1727 654 1783 702 et
1810 644 1950 701 hanc

346 741 701 800 substantiam
743 743 1159 799 resuscitaturns
1200 749 1283 797 est
1327 738 1407 816 (2)
1432 782 1447 806 ,
1481 739 1533 794 in
1574 753 1679 810 qua
1708 753 1805 811 pro
1842 737 1950 794 fide

346 837 467 906 ejus
492 842 636 889 tanta
665 832 988 901 tolerantur,
1030 835 1083 890 in
1111 848 1214 906 qua
1243 842 1297 889 et
1327 830 1472 888 mors
1494 830 1693 888 Christi
1720 830 1951 885 circum-

347 925 539 990 fertur,
570 925 625 981 in
656 940 758 993 qua
804 931 859 981 et
878 925 1164 980 eminentia
1192 924 1405 980 virtutis
1444 932 1812 979 consecratur.
1840 920 1948 979 Sed

345 1017 495 1073 enim
516 1017 784 1087 proponit:
811 1014 882 1072 Ut
902 1024 952 1071 et
968 1016 1069 1072 vita
1088 1015 1279 1073 Christi
1296 1016 1645 1087 manifestetttr
1664 1016 1716 1070 in
1738 1030 1952 1084 corpore

345 1121 543 1175 nostra,
571 1110 775 1166 scilicet
796 1111 934 1165 sicut
953 1119 1007 1166 et
1032 1123 1179 1165 mors
1201 1107 1317 1180 ejus
1341 1105 1718 1165 circumfertur
1745 1107 1797 1163 in
1824 1121 1941 1163 cor-

345 1218 498 1277 pore.
534 1203 611 1259 De
636 1218 736 1276 qua
768 1216 898 1275 ergo
920 1202 1119 1259 Christi
1148 1203 1254 1258 vita
1284 1201 1462 1258 dicit?
1484 1202 1596 1270 Qua
1634 1214 1777 1256 nunc
1811 1199 1948 1256 vivi-

344 1308 470 1352 mus
498 1294 551 1351 in
578 1295 711 1352 illo?
738 1295 807 1351 Et
832 1295 1104 1366 quomodo
1132 1296 1183 1351 in
1216 1295 1562 1366 sequentibus
1591 1308 1697 1349 non
1728 1292 1794 1348 ad
1826 1292 1952 1348 visi-

346 1380 515 1456 bilia,
547 1402 650 1445 nec
684 1388 753 1444 ad
796 1387 1139 1460 temporalia,
1186 1388 1283 1444 sed
1332 1386 1399 1443 ad
1452 1385 1735 1442 invisibilia
1785 1395 1840 1441 et
1883 1384 1950 1440 ad

343 1492 552 1539 aeterna
576 1523 590 1546 ,
625 1480 679 1536 id
708 1488 791 1537 est
818 1521 833 1547 ,
863 1495 968 1535 non
1000 1478 1065 1535 ad
1093 1480 1377 1551 prmseutia
1399 1522 1412 1545 ,
1443 1478 1537 1534 sed
1567 1477 1634 1533 ad
1661 1478 1832 1532 futura
1858 1492 1953 1533 ex-

345 1573 635 1631 hortatur?
658 1571 815 1641 Qtiod
841 1573 885 1628 si
912 1572 980 1627 de
1009 1570 1184 1627 futura
1214 1571 1317 1626 vita
1347 1570 1476 1626 dicit
1503 1569 1726 1636 Christi,
1751 1568 1806 1624 in
1832 1583 1954 1625 cor-

344 1682 481 1739 pore
500 1680 621 1721 eam
639 1663 823 1721 dicens
852 1664 1233 1735 appariturum,
1262 1661 1541 1719 manifeste
1561 1662 1738 1717 carnis
1767 1676 1952 1718 resur-

345 1760 646 1817 rectionem
678 1756 1016 1830 prtedicavit,
1050 1756 1374 1812 exteriorem
1418 1754 1637 1827 quidem
1681 1753 1953 1810 hominem

2050 549 2160 605 rint
2188 564 2423 621 corpus;
2452 551 2538 606 isti
2565 551 2999 622 snperindnunt,
3043 553 3167 623 quia
3216 567 3323 608 non
3368 554 3648 609 amiserint

2050 654 2268 712 corpus.
2302 642 2367 697 Et
2397 642 2518 698 ideo
2542 657 2648 700 non
2677 650 2879 700 temere
2904 644 3038 699 dixit
3068 661 3081 698 :
3117 643 3362 700 Nolentes
3389 646 3509 700 exui
3536 662 3649 699 cor-

2052 749 2208 803 pore,
2236 734 2326 789 sed
2349 734 2651 801 superindui
2675 750 2694 799 ;
2721 734 2771 789 id
2797 742 2883 789 est
2905 777 2921 802 ,
2975 735 3222 790 nolentes
3271 744 3499 791 mortem
3547 750 3647 789 ex-

2053 827 2215 898 periri
2241 869 2257 893 ,
2288 825 2383 881 sed
2410 827 2516 881 vita
2548 826 2830 896 praeveniri
2856 843 2870 892 ;
2899 826 2973 881 uti
3000 826 3266 882 devoretur
3292 827 3509 882 mortale
3552 828 3648 880 hoc

2051 920 2230 983 avita,
2280 917 2407 974 dum
2457 917 2715 988 eripietur
2762 919 2921 974 morti
2971 934 3067 990 per
3107 919 3648 991 superindumentum

2051 1011 2450 1068 demutationis.
2483 1010 2612 1067 Ideo
2640 1012 2763 1082 quia
2787 1009 2867 1085 (8)
2889 1012 3128 1068 ostendit
3148 1012 3251 1066 hoc
3280 1012 3475 1068 melius
3505 1026 3646 1071 esse.

2053 1121 2122 1161 ne
2144 1105 2525 1162 contristemur
2554 1105 2741 1159 mortis
2771 1103 2817 1159 si
2847 1102 2984 1160 forte
3006 1113 3285 1175 prreventu
3310 1145 3326 1171 ,
3358 1100 3428 1159 ‘et
3465 1102 3653 1160 arrha-
3667 1132 3712 1148 ιο
3736 1126 3901 1172 gms-

2054 1197 2251 1254 bouem
2281 1211 2379 1252 nos
2406 1195 2623 1266 Spiritus
2647 1196 2775 1252 dicit
2801 1210 2830 1250 a
2862 1196 2974 1253 Deo
2998 1195 3200 1252 habere
3225 1236 3241 1262 ,
3272 1197 3423 1268 quasi
3468 1197 3654 1268 pigno-

2053 1301 2201 1344 ratos
2227 1288 2279 1343 in
2309 1286 2551 1343 eamdem
2579 1301 2735 1358 spem
2770 1287 3227 1359 superindumenti
3252 1330 3268 1356 ,
3312 1298 3368 1343 et
3409 1291 3582 1343 abesse
3621 1305 3655 1342 a

2054 1381 2310 1448 Domino,
2352 1381 2597 1450 quamdiu
2627 1382 2679 1435 itt
2707 1397 2861 1435 carne
2886 1397 3063 1436 sumus
3088 1423 3104 1449 ,
3152 1397 3215 1436 ac
3253 1392 3520 1455 propterea
3560 1381 3653 1435 de-

2056 1479 2169 1533 bere
2196 1475 2312 1530 boni
2342 1477 2524 1531 ducere
2551 1476 2721 1531 abesse
2747 1478 2918 1549 potius
2945 1494 2978 1531 a
3013 1493 3225 1547 corpore
3248 1519 3263 1543 ,
3298 1490 3347 1533 et
3387 1493 3494 1533 esse
3538 1493 3656 1533 cum

2055 1566 2278 1622 Domino
2304 1609 2317 1633 ,
2349 1575 2407 1621 ut
2453 1574 2509 1622 et
2554 1576 2782 1622 mortem
2798 1567 3044 1623 libenter
3089 1568 3438 1639 excipiamus.
3483 1569 3656 1639 Atque

2055 1660 2211 1726 adeo,
2245 1675 2418 1714 omnes
2457 1659 2532 1713 ait
2560 1674 2653 1713 nos
2700 1668 2935 1730 oportere
2976 1660 3294 1730 manifestari
3332 1670 3449 1716 ante
3490 1662 3656 1715 tribu-

2058 1753 2145 1808 nal
2170 1752 2378 1816 Christi,
2410 1760 2464 1806 ut
2488 1753 2703 1823 recipiat
2731 1754 3076 1825 unusquisque
3092 1770 3206 1826 qua:
3234 1770 3323 1824 per
3354 1771 3541 1826 corpus
3564 1756 3659 1809 ad-

347 1861 599 1909 nostrutn
628 1851 900 1921 corrumpi
930 1850 1115 1906 dicens
1137 1892 1151 1915 ,
1185 1858 1237 1905 et
1267 1865 1372 1904 non
1398 1852 1549 1920 quasi
1577 1857 1781 1905 mterno
1810 1850 1951 1907 inte-
1983 1849 2033 1911 B
2062 1847 2234 1913 misit,
2262 1846 2364 1903 sive
2394 1846 2580 1900 bonum
2603 1887 2617 1911 ,
2646 1846 2751 1901 sive
2780 1846 2991 1900 malum.
3022 1846 3080 1902 Si
3107 1848 3252 1902 enim
3280 1856 3406 1903 tunc
3431 1847 3658 1902 retribu-

344 1947 457 2002 ritu
486 1934 607 2015 post
636 1954 863 2000 mortem
890 1985 905 2006 ,
931 1957 1113 1999 verum
1145 1942 1420 1999 laboribus
1461 1948 1517 1998 et
1554 1941 1911 1999 incommodis
1935 1986 1952 2012 ,

347 2037 421 2093 de
470 2037 663 2107 quibus
717 2035 1011 2107 praemisit,
1057 2034 1314 2105 adjiciens
1351 2052 1365 2091 :
1397 2032 1466 2090 Et
1494 2052 1596 2091 non
1641 2036 1955 2107 deﬁciemus.

348 2130 484 2186 Nam
515 2139 570 2185 et
596 2130 889 2184 interiorem
917 2128 1171 2183 hominem
1201 2137 1430 2183 nostrum
1456 2130 1692 2184 renovari
1717 2129 1782 2185 de
1805 2129 1889 2186 die
1905 2131 1960 2187 in

349 2223 489 2278 diem
515 2219 704 2277 dicens
724 2263 738 2287 ,
774 2220 864 2277 bic
892 2226 1177 2290 utrumque
1207 2219 1579 2289 demonstrat,
1619 2229 1676 2277 et
1717 2223 1961 2293 corporis

349 2318 759 2387 corruptionem
785 2330 850 2371 ex
881 2314 1163 2370 vexatione
1192 2315 1546 2371 tentationum
1566 2358 1580 2381 ,
1610 2323 1665 2370 et
1684 2316 1847 2372 animi
1874 2331 1961 2373 re-

279 2406 331 2422 ”
350 2422 489 2468 nova
508 2406 711 2476 tionem
740 2418 805 2465 es
831 2408 1287 2480 contemplatione
1314 2407 1752 2478 promissionum.

966 2502 1197 2561 CAPUT
1234 2502 1347 2560 XII.

430 2597 640 2653 Terreni
665 2596 747 2669 (θ)
773 2595 1019 2651 domicilii
1055 2598 1215 2651 nostri
1255 2595 1321 2670 (II
1352 2595 1470 2654 Cor.
1501 2596 1568 2666 ν,
1598 2596 1688 2666 VI,
1722 2596 1834 2666 VII,
1862 2597 1958 2668 XI,

356 2678 453 2747 XII
471 2695 518 2744 et
537 2687 684 2760 Xlﬂ)
713 2686 818 2763 (3):
845 2687 958 2744 Non
986 2688 1064 2743 sic
1084 2688 1354 2744 aithabere
1368 2705 1461 2746 nos
1476 2690 1682 2745 domum
1697 2700 1960 2759 (sternam,

354 2792 460 2838 non
500 2790 657 2837 manu
694 2785 885 2854 factum
911 2780 966 2835 in
993 2780 1132 2835 cretis
1160 2779 1240 2854 (4)
1264 2823 1277 2843 ,
1311 2780 1433 2852 quia
1463 2796 1582 2852 qua:
1613 2797 1773 2838 manu
1823 2781 1963 2839 facta

355 2876 428 2932 sit
454 2873 761 2939 Creatoris,
794 2874 1056 2937 intereat.
1097 2873 1151 2927 in
1180 2881 1350 2929 totum
1376 2871 1635 2931 dissoluta
1665 2883 1787 2945 post
1815 2891 1963 2933 mor-

360 2977 490 3024 tem.
522 2965 648 3023 Iizec
668 2966 813 3021 enim
843 2963 909 3020 ad
939 2966 1128 3020 mortis
1154 2974 1354 3020 metum
1380 3007 1394 3029 ,
1422 2973 1477 3022 et
1503 2966 1570 3021 ad
1598 2966 1764 3038 ipsius
1791 2964 1981 3024 dissoi

362 3058 586 3115 Iutionis
601 3056 1067 3114 eontristationem
1088 3057 1471 3113 consolandam
1489 3065 1787 3115 retractans
1803 3059 1965 3116 etiam

361 3166 463 3224 per
492 3149 770 3222 sequentia
814 3147 1180 3215 manifestius,
1222 3162 1344 3204 cum
1396 3146 1647 3221 subjicit:
1701 3147 1968 3223 Ingemere

2061 1942 2138 1997 tio
2166 1940 2511 2006 meritorum,
2544 1937 2815 2012 quomodo
2836 1939 2947 2008 jam
2973 1939 3137 2012 aliqui
3180 1955 3302 1997 cum
3350 1941 3459 1997 Deo
3503 1948 3656 2011 pote-

2059 2045 2185 2093 runt
2212 2034 2496 2108 deputari?
2526 2034 2604 2099 Et,
2618 2035 2849 2091 tribunal
2877 2044 3056 2092 autem
3088 2035 3446 2102 nominando,
3478 2044 3529 2090 et
3558 2034 3662 2090 dis-

2064 2129 2408 2202 punctionem
2441 2129 2567 2185 boni
2598 2143 2661 2185 ac
2706 2130 2830 2185 mali
2860 2130 3076 2200 operis,
3122 2128 3401 2199 utriusque
3443 2139 3662 2185 senten-

2062 2225 2151 2277 tiae
2176 2221 2411 2293 judiccm
2441 2221 2709 2289 ostendit,
2748 2226 2802 2277 et
2843 2236 3129 2291 corporum
3173 2223 3411 2278 omnium
3457 2237 3660 2292 reprae-

2062 2317 2419 2373 sentationem
2464 2315 2821 2373 conﬁrmavit.
2864 2314 2980 2371 Non
3031 2316 3173 2373 enim
3247 2316 3469 2387 poterit,
3516 2315 3662 2387 quod

2062 2424 2289 2483 corpore
2325 2411 2618 2467 admissum
2662 2416 2779 2475 est,
2829 2422 2937 2466 non
2984 2424 3213 2481 corpore
3253 2409 3513 2466 vindicari
3556 2408 3655 2483 (9).

2064 2502 2281 2576 Iniquus
2308 2505 2450 2561 enim
2476 2505 2619 2560 Dens
2638 2546 2653 2570 ,
2686 2503 2730 2558 si
2762 2494 2869 2558 non
2897 2518 2992 2573 per
3014 2502 3064 2558 id
3088 2501 3306 2573 punitur
3326 2504 3443 2574 quis
3469 2511 3558 2557 aut
3580 2503 3667 2572 ju-

2066 2606 2218 2654 vatur
2245 2642 2260 2666 ,
2289 2613 2387 2670 per
2415 2598 2557 2669 quod
2585 2607 2840 2670 operatus
2870 2608 2971 2654 est.
3005 2596 3082 2671 (ὁ)
3113 2597 3176 2653 Si
3207 2613 3312 2669 qua
3335 2612 3455 2667 ergo
3483 2597 3665 2651 condi-

2066 2694 2136 2748 tio
2163 2708 2292 2748 nova
2314 2693 2369 2747 in
2389 2690 2590 2747 Christo
2610 2733 2625 2757 ,
2653 2700 2836 2745 cratera
2863 2689 3205 2754 transierunt,
3229 2705 3343 2744 ecce
3371 2704 3500 2743 nova
3530 2687 3669 2756 facta

2065 2796 2183 2847 sunt
2212 2786 2383 2840 omnia
2404 2827 2419 2852 ,
2452 2782 2668 2855 impleta
2695 2792 2777 2838 est
2807 2781 2981 2837 Esaia:
3011 2781 3288 2853 prophetia
3333 2779 3435 2851 (Is.
3468 2777 3664 2845 XLIII,

2068 2881 2180 2951 i9).
2206 2879 2261 2936 Si
2287 2880 2447 2934 etiam
2473 2878 2625 2949 jubet
2650 2885 2708 2932 ut
2752 2875 3054 2930 mandemus
3084 2892 3176 2930 nos
3202 2875 3264 2930 ab
3290 2876 3668 2942 inquinamento

2069 2972 2238 3028 carnis
2251 2982 2296 3026 et
2315 2970 2596 3042 sanguinis,
2612 2983 2716 3024 non
2730 2966 3083 3023 substantium
3109 2964 3220 3039 (I0)
3237 2981 3295 3021 ea
3305 2980 3427 3034 pore
3443 2981 3667 3036 regnum

2072 3064 2164 3120 Dei
2189 3106 2204 3129 ,
2232 3063 2276 3117 si
2307 3071 2362 3118 et
2402 3063 2645 3134 virginem
2675 3068 2900 3115 sanctam
2938 3060 3156 3114 destinat
3190 3056 3471 3112 Ecclesium
3501 3060 3670 3129 assig-

2071 3172 2196 3212 nare
2219 3154 2441 3221 Christo,
2456 3153 2638 3225 utique
2653 3163 2706 3207 ut
2727 3168 2967 3221 sponsam
2987 3166 3198 3224 sponso;
3217 3165 3321 3205 non
3343 3157 3518 3220 potest
3537 3150 3673 3206 ima-

360 3260 459 3303 uos
488 3244 553 3299 de
575 3245 673 3299 ista
701 3242 1029 3299 tabernaculo
1056 3242 1285 3313 corporis
1314 3243 1499 3298 terreni
1518 3284 1533 3310 ,
1561 3244 1698 3309 quod
1736 3244 1799 3298 de
1841 3245 1967 3300 ctelo
1994 3243 2040 3309 C
2075 3263 2144 3319 go
2160 3247 2411 3317 conjungi
2434 3245 2649 3301 inimico
2668 3243 2905 3300 veritatis
2918 3244 2997 3299 rei
3020 3243 3205 3321 ipsius.
3223 3241 3350 3299 Siet
3369 3241 3673 3312 psetnlapo-

364 3348 445 3396 est
472 3336 773 3409 superindui
788 3330 879 3410 ’(5)
912 3336 1170 3407 cupientes
1192 3353 1213 3403 ;
1235 3336 1481 3406 siquidem
1506 3346 1555 3391 et
1580 3337 1851 3411 despoliati
1874 3353 1979 3394 non

365 3426 679 3485 inveniemur
706 3425 787 3503 (6)
820 3425 946 3482 nudi
968 3443 988 3493 ;
1018 3426 1070 3482 id
1099 3433 1181 3482 est
1207 3467 1220 3492 ,
1254 3425 1571 3498 recipiemus
1609 3428 1753 3499 quod
1779 3427 1979 3501 despo-

367 3524 482 3581 Iiati
510 3536 730 3590 sumus,
759 3521 811 3577 id
860 3532 944 3577 est
987 3534 1205 3593 corpus.
1246 3520 1317 3576 Et
1364 3536 1595 3578 rursus:
1648 3523 1852 3580 Etenim
1894 3540 1984 3597 qui

367 3630 546 3674 sumus
597 3615 652 3670 in
696 3614 796 3670 ista
837 3610 1163 3669 tabernaculo
1201 3614 1431 3688 corporis
1455 3656 1470 3679 ,
1518 3616 1821 3687 ingemimus
1847 3620 1985 3689 quod

370 3720 683 3781 graventur,
734 3706 959 3762 nolentes
1000 3706 1120 3761 exui
1143 3748 1159 3774 ,
1197 3707 1286 3760 sed
1324 3708 1642 3778 superiudui.
1691 3709 1789 3767 Hic
1831 3713 1977 3769 enim

372 3802 665 3874 expressit,
699 3799 779 3876 (α)
809 3800 949 3872 quod
998 3801 1050 3857 in
1099 3802 1268 3874 prima
1326 3800 1567 3871 Epistula
1601 3803 1856 3874 strinxit,
1903 3803 1975 3860 Et

373 3894 565 3951 mortui
591 3902 854 3967 resurgent
876 3895 1192 3963 incorrupti,
1215 3895 1303 3966 qui
1328 3896 1436 3965 jam
1461 3896 1749 3964 obierunt;
1805 3906 1852 3954 et
1895 3916 1988 3956 nos

375 3987 688 4045 metabimur
708 4030 723 4054 ,
755 3989 845 4058 qui
874 3988 928 4044 in
953 3998 1122 4044 carne
1153 3987 1413 4045 fuerimus
1440 3989 1761 4062 deprehensi
1788 4007 1818 4048 a
1850 3993 1985 4051 Deo.

379 4078 449 4138 Et
471 4079 548 4136 illi
570 4078 713 4137 enim
742 4088 1021 4153 resurgent
1043 4081 1372 4152 incorrupti,
1395 4094 1618 4153 recepto
1640 4084 1846 4141 scilicet
1870 4102 1991 4143 cor-

379 4188 517 4251 pore
539 4219 555 4245 ,
582 4184 637 4232 et
665 4174 879 4247 quidem
920 4174 1161 4246 integro,
1183 4182 1242 4231 ut
1264 4184 1320 4231 et
1350 4175 1451 4232 hoc
1492 4177 1600 4232 sint
1644 4176 1943 4250 incorrupti
1972 4198 1987 4235 :

381 4278 440 4327 et
471 4267 525 4324 bi
557 4275 775 4339 propter
801 4267 1061 4339 temporis
1099 4267 1347 4325 ultimum
1370 4269 1480 4341 jam
1523 4278 1854 4327 momentum
1877 4314 1893 4338 ,
1937 4282 1995 4331 et

383 4371 611 4437 propter
635 4362 826 4419 merita
856 4361 1198 4419 vexationum
1229 4363 1544 4420 Antichristi
1571 4406 1587 4429 ,
1616 4366 1992 4437 compendium

384 4455 616 4523 mortis;
661 4454 756 4511 sed
807 4455 994 4509 mutati
1042 4463 1449 4526 consequentur
1489 4454 1597 4529 (7),
1656 4459 1993 4527 superinduti

388 4549 562 4619 magis
586 4545 730 4619 Quod
770 4546 839 4603 de
864 4545 1006 4603 cmlo
1034 4554 1117 4603 est
1139 4590 1155 4616 ,
1187 4562 1345 4619 quam
1389 4549 1536 4605 exuli
1564 4565 1781 4623 corpus.
1829 4551 1908 4609 Ita
1950 4553 1994 4610 si

2082 3340 2253 3397 stolos
2282 3338 2412 3394 dicit
2438 3336 2701 3408 operarios
2726 3335 2949 3402 dolosas,
2977 3335 3421 3406 transﬁguratorcs
3446 3334 3545 3399 sui,
3576 3349 3674 3405 per

2084 3431 2394 3507 hypocrisin
2415 3430 2659 3497 scilicet,
2683 3428 3126 3496 conversationis,
3154 3443 3259 3484 non
3278 3428 3677 3499 praedicationis

2086 3524 2395 3581 adulterata:
2421 3537 2544 3579 reos
2594 3526 2782 3588 taxat;
2836 3519 2973 3576 adeo
2996 3520 3064 3576 de
3108 3519 3423 3591 disciplina,
3473 3534 3582 3576 non
3610 3520 3679 3577 de

2087 3619 2364 3677 divinitate
2403 3614 2783 3671 dissidebatur.
2836 3613 2893 3672 Si
2921 3615 3317 3687 transﬁguratur
3356 3615 3578 3671 Satanas
3622 3616 3678 3671 in

2087 3712 2324 3786 angelum
2353 3710 2482 3766 lucis
2513 3750 2529 3775 ,
2563 3723 2670 3765 non
2725 3714 2897 3779 potest
2936 3704 3041 3763 hoc
3061 3705 3218 3779 dirigi
3267 3706 3318 3762 in
3345 3703 3679 3764 Creatorem.

2089 3806 2232 3862 Deus
2253 3805 2396 3861 enim
2422 3846 2438 3870 ,
2468 3816 2577 3858 non
2605 3802 2826 3872 angelus
2847 3844 2863 3870 ,
2892 3800 3149 3866 Creator;
3200 3800 3253 3855 in
3282 3798 3448 3856 Deum
3505 3800 3641 3855 lucis
3667 3842 3682 3867 ,

2090 3896 2265 3953 nonin
2303 3894 2553 3967 angelum
2594 3891 2977 3964 transfigurare
3002 3905 3061 3948 se
3097 3892 3274 3948 dictus
3304 3900 3466 3960 esset,
3497 3891 3541 3947 si
3572 3907 3684 3949 non

2091 4007 2213 4048 eum
2237 3990 2488 4047 Satanam
2515 3989 2883 4062 significaret,
2922 4003 3080 4059 quem
3130 3996 3184 4044 et
3210 4002 3313 4043 nos
3365 3995 3423 4043 et
3450 3987 3686 4044 Marcion

2093 4086 2342 4157 angelum
2371 4084 2641 4141 novimus.
2689 4083 2765 4139 De
2790 4081 3042 4153 paradiso
3084 4097 3214 4138 suus
3262 4082 3437 4154 stylus
3478 4091 3564 4139 est
3616 4081 3686 4138 ad

2094 4197 2308 4239 omnem
2338 4194 2497 4253 quam
2520 4177 2721 4250 patitur
2739 4175 3115 4248 qnzeStionem.
3136 4172 3235 4231 Iiie
3261 4174 3390 4230 illud
3424 4174 3559 4231 forte
3587 4176 3693 4231 mi-

2096 4275 2277 4341 rabor,
2311 4275 2356 4330 si
2387 4273 2662 4344 proprium
2694 4266 2872 4342 potuit
2899 4267 3100 4326 habere
3144 4268 3451 4340 paradisum
3506 4269 3647 4325 Deus
3672 4311 3690 4338 ,

2098 4366 2297 4424 nullius
2325 4373 2554 4421 terrena:
2583 4362 2958 4434 dispositionis
2984 4403 3000 4428 ,
3047 4362 3151 4418 nisi
3181 4362 3225 4416 si
3251 4362 3412 4416 etiam
3447 4361 3695 4431 paradiso

2097 4460 2372 4518 Creatoris
2389 4457 2635 4530 precario
2655 4472 2783 4513 usus
2806 4464 2910 4524 est,
2931 4457 3070 4511 sicut
3091 4462 3145 4510 et
3166 4454 3387 4510 mundo.
3418 4453 3485 4508 Et
3513 4462 3694 4509 tamen

2101 4556 2373 4612 hominem
2404 4551 2593 4607 tollere
2622 4548 2689 4606 ad
2730 4548 2928 4606 caelum
2959 4547 3251 4613 Creatoris,
3288 4546 3591 4633 exemplum
3615 4555 3701 4602 est

392 4637 451 4695 Iti
503 4650 667 4711 super
711 4652 909 4711 corpus
958 4634 1181 4695 iuduent
1226 4640 1449 4697 cmleste
1495 4641 1623 4698 illud
1652 4686 1668 4711 ,
1720 4645 1905 4715 utique
1944 4639 2078 4703 etD
2104 4651 2156 4707 in
2181 4647 2328 4704 Ilelia
2360 4644 2451 4721 (IV
2481 4644 2605 4717 Reg.
2639 4638 2730 4714 II).
2763 4642 2931 4714 Magis
2952 4656 3082 4697 vero
3116 4640 3354 4695 mirabor
3399 4638 3689 4727 Dominum

392 4733 595 4790 mortui
623 4732 884 4804 recipient
906 4746 1102 4803 corpus
1130 4773 1145 4800 ,
1186 4742 1349 4805 Super
1375 4733 1516 4804 quod
1546 4744 1600 4792 et
1643 4737 1742 4809 ipsi
1772 4738 2000 4797 induant
2100 4742 2362 4813 Optimum
2390 4781 2406 4806 ,
2430 4735 2762 4809 percutiendi
2802 4744 2856 4792 et
2876 4733 3136 4791 saeviendi
3163 4733 3423 4798 alienum,
3447 4748 3545 4789 nec
3575 4748 3689 4801 pro-

395 4827 814 4899 incorruptelam
844 4825 914 4882 de
938 4825 1077 4883 caelo
1102 4843 1116 4882 :
1150 4826 1272 4897 quia
1298 4826 1445 4883 etde
1476 4826 1580 4885 illis
1620 4829 1731 4885 ait:
1780 4828 2002 4889 Necesse
2103 4834 2281 4906 prium
2306 4826 2499 4886 saltem
2525 4870 2542 4894 ,
2572 4826 2667 4883 sed
2693 4825 2966 4883 Creatoris
2989 4824 3227 4897 angelum
3249 4823 3459 4879 Satanw
3475 4824 3703 4894 colaphi-

398 4928 474 4974 est
500 4919 844 4992 corruptivum
869 4918 1006 4975 istud
1031 4919 1241 4976 induere
1277 4919 1676 4993 incorruptelam
1706 4965 1721 4988 ,
1772 4933 1818 4977 et
1862 4938 1999 4980 mor-

2096 4924 2263 4981 eundo
2294 4917 2537 4991 Apostolo
2561 4934 2656 4975 suo
2681 4918 3014 4991 applicuisse,
3030 4926 3077 4974 ct
3102 4926 3176 4972 ter
3200 4916 3264 4972 ab
3300 4932 3358 4970 eo
3387 4913 3701 4971 obsecratunt

1616 5004 1997 5078 LECTIONES
2019 5016 2441 5079 VARIANTES.

492 5107 512 5155 t
559 5106 646 5156 Dei
668 5102 822 5157 Seml.

492 5168 523 5218 2
568 5166 826 5219 Estomitt.
854 5165 1002 5222 Ober.

491 5232 522 5282 3
569 5235 717 5282 Forte
737 5235 995 5283 terrenum

494 5292 527 5342 4
569 5291 706 5345 (ιωιο
727 5290 878 5345 Sami.

494 5305 550 5419 5)
565 5353 939 5420 Supertnduere
962 5358 1002 5410 ο

491 5228 546 5287 3)
569 5235 717 5282 Forte
737 5235 995 5283 terrenum
1016 5228 1314 5284 domicilium
1326 5236 1551 5287 nostrum
1569 5242 1634 5285 ea:
1655 5234 1799 5286 Ptmt.

494 5290 540 5342 4·
569 5291 706 5345 (ιωιο
727 5290 878 5345 Sami.

494 5305 550 5419 5)
565 5353 939 5420 Supertnduere
962 5354 1107 5410 Oltcr.

2198 5228 2253 5346 Si
2274 5234 2502 5346 i‘iﬁ‘i’a‘l‘l
2520 5228 3163 5345 βἐλιὲἓῗὲἕξίξᾶῗὲἓηοηω.

2197 5108 2250 5162 6i
2276 5109 2590 5162 Inveniamur
2614 5106 2770 5157 Fran.

2199 5163 2252 5229 7)
2271 5172 2445 5225 Mortis
2464 5171 2635 5221 mutati
2655 5169 3016 5229 consequantur
3041 5163 3143 5215 Lat.

2197 5112 2229 5160 6
2276 5109 2590 5162 Inveniamur
2614 5108 2770 5157 Fran.

2199 5174 2227 5223 7
2271 5172 2445 5225 Mortis
2464 5171 2635 5221 mutati
2655 5169 3016 5237 consequantur
3041 5163 3143 5215 Lat.

2199 5235 2231 5285 8
2276 5234 2398 5285 Ideo
2417 5235 2502 5298 qui
2522 5229 2590 5283 al.
2616 5228 3078 5302 ideoqueCtaccon.

2198 5298 2230 5346 9
2274 5295 2488 5346 Judicari
2520 5290 2784 5344 renewed
2797 5290 3032 5345 vmdrcari
3059 5289 3163 5339 Lat.

2204 5361 2223 5409 t
2265 5357 2285 5422 )
2309 5357 2639 5409 Substantiam
2662 5352 2828 5407 caueri
2848 5364 3010 5404 omnes
3031 5348 3166 5402 nullo
3186 5362 3346 5403 sensu.

1794 5438 2352 5499 COMMENTARIUS.

494 5550 651 5627 CAP.
679 5550 809 5627 ΧΠἒ
822 5583 895 5627 -_—-
920 5553 999 5627 (a)
1027 5554 1179 5627 Quod
1214 5554 1272 5627 in
1316 5554 1482 5627 prima
1514 5551 1746 5623 Epistula
1776 5554 2002 5627 strinxit.

2114 5567 2264 5609 more
2291 5548 2672 5608 Tertullianico
2694 5590 2711 5616 ,
2750 5546 3010 5617 accipitur
3053 5558 3160 5617 pro
3195 5550 3442 5599 creatura
3466 5584 3481 5611 ,
3529 5554 3707 5617 graec

414 5624 677 5695 Loquitur
695 5623 766 5681 de
786 5623 810 5679 I
832 5611 1002 5696 Epi‘st’.
1031 5611 1098 5681 ad
1127 5611 1369 5682 Corinth.
1399 5611 1631 5681 Annoiat
1657 5633 1841 5679 autem
1866 5626 2007 5696 [ηιθ-
2110 5636 2281 5685 mm.
2313 5623 2592 5678 Consentit
2625 5611 2761 5696 gero
2783 5611 2944 5673 etiam
2987 5611 3108 5671 cuiu
3150 5615 3442 5696 interprete
3487 5611 3705 5696 vulgato

417 5691 615 5767 uiantis,
644 5696 813 5767 accipi
840 5691 1043 5753 unum
1070 5696 1166 5767 pro
1194 5696 1486 5767 perstrinxit
1512 5738 1528 5764 ,
1559 5695 1661 5750 hoc
1705 5704 1789 5751 est
1835 5694 2011 5751 obiter
2114 5696 2304 5752 Latino
2333 5701 2580 5767 vertens,
2614 5691 2675 5767 _Si

422 5766 703 5838 indicavit,
722 5762 808 5823 vel
828 5768 1015 5824 leviter
1039 5762 1230 5838 aitigit.
1258 5768 1397 5824 Pu.

420 5890 439 5921 ι
496 5837 580 5918 (h)
609 5834 803 5913 Siqua
825 5853 945 5913 ergo
971 5834 1191 5898 conditio
1220 5854 1349 5897 nova
1395 5840 1450 5895 in
1494 5838 1721 5896 Christo.
1765 5836 2018 5896 Conditio

2565 5734 2580 5759 ,
2614 5691 2675 5748 Si
2739 5706 2831 5755 ua,
2862 5702 2958 5759 pro
2983 5701 3049 5741 eo
3064 5683 3206 5757 quod
3240 5681 3470 5740 Isidorus
3505 5681 3703 5739 clarius

2550 5764 2670 5819 imis
2695 5708 2861 5819 “here
2885 5800 2902 5819 .
2931 5757 2993 5815 Si
3017 5759 3149 5819 quis.
3179 5755 3318 5812 Plut.

2118 5780 2240 5825 cum
2266 5767 2485 5824 Erasmo
2512 5755 2670 5822 nimis
2695 5755 2902 5829 libere,
2931 5757 2993 5815 Si
3017 5755 3149 5828 quis.
3179 5755 3318 5812 PAII.
