  <div class='ocr_page' id='page_1' title='image "/cluster/home/n/w/nwhite01/storage/ocr_20150623/2/uva.x000669815/257.png"; bbox 0 0 4020 6286; ppageno 0'>
   <div class='ocr_carea' id='block_1_1' title="bbox 331 315 438 371">
    <p class='ocr_par' dir='ltr' id='par_1_1' title="bbox 331 315 438 371">
     <span class='ocr_line' id='line_1_1' title="bbox 331 315 438 371; baseline 0.019 -2"><span class='ocrx_word' id='word_1_1' title='bbox 331 315 438 371; x_wconf 75' lang='lat'><strong>505</strong></span> 
     </span>
    </p>
   </div>
   <div class='ocr_carea' id='block_1_2' title="bbox 1757 273 2218 364">
    <p class='ocr_par' dir='ltr' id='par_1_2' title="bbox 1757 273 2218 364">
     <span class='ocr_line' id='line_1_2' title="bbox 1757 273 2218 364; baseline 0 0"><span class='ocrx_word' id='word_1_2' title='bbox 1757 273 2218 364; x_wconf 71' lang='lat' dir='ltr'><strong>remur.me</strong></span> 
     </span>
    </p>
   </div>
   <div class='ocr_carea' id='block_1_3' title="bbox 3529 311 3658 368">
    <p class='ocr_par' dir='ltr' id='par_1_3' title="bbox 3529 311 3658 368">
     <span class='ocr_line' id='line_1_3' title="bbox 3529 311 3658 368; baseline 0 0"><span class='ocrx_word' id='word_1_3' title='bbox 3529 311 3658 368; x_wconf 61' lang='lat'><strong>5051</strong></span> 
     </span>
    </p>
   </div>
   <div class='ocr_carea' id='block_1_4' title="bbox 335 416 3640 500">
    <p class='ocr_par' dir='ltr' id='par_1_4' title="bbox 335 416 3640 500">
     <span class='ocr_line' id='line_1_4' title="bbox 335 416 3640 500; baseline -0.002 -17"><span class='ocrx_word' id='word_1_4' title='bbox 335 448 437 486; x_wconf 86' lang='lat' dir='ltr'><strong>non</strong></span> <span class='ocrx_word' id='word_1_5' title='bbox 463 431 785 486; x_wconf 77' lang='lat' dir='ltr'><strong>concessisse.</strong></span> <span class='ocrx_word' id='word_1_6' title='bbox 823 427 1084 485; x_wconf 81' lang='lat' dir='ltr'><strong>Emendat</strong></span> <span class='ocrx_word' id='word_1_7' title='bbox 1105 427 1267 500; x_wconf 86' lang='lat' dir='ltr'><strong>igitur</strong></span> <span class='ocrx_word' id='word_1_8' title='bbox 1292 434 1345 482; x_wconf 90' lang='lat' dir='ltr'><strong>et</strong></span> <span class='ocrx_word' id='word_1_9' title='bbox 1365 424 1500 481; x_wconf 89' lang='lat' dir='ltr'><strong>deus</strong></span> <span class='ocrx_word' id='word_1_10' title='bbox 1524 425 1812 482; x_wconf 82' lang='lat' dir='ltr'><strong>Marcionis</strong></span> <span class='ocrx_word' id='word_1_11' title='bbox 1837 440 1922 481; x_wconf 84' lang='lat' dir='ltr'><strong>se-</strong></span> <span class='ocrx_word' id='word_1_12' title='bbox 1949 419 2003 480; x_wconf 84' lang='lat' dir='ltr'><strong>A</strong></span> <span class='ocrx_word' id='word_1_13' title='bbox 2030 419 2209 490; x_wconf 83' lang='lat' dir='ltr'><strong>utique</strong></span> <span class='ocrx_word' id='word_1_14' title='bbox 2233 418 2280 474; x_wconf 87' lang='lat' dir='ltr'><strong>is</strong></span> <span class='ocrx_word' id='word_1_15' title='bbox 2308 417 2447 474; x_wconf 90' lang='lat' dir='ltr'><strong>Deus</strong></span> <span class='ocrx_word' id='word_1_16' title='bbox 2479 416 2762 489; x_wconf 91' lang='lat' dir='ltr'><strong>judicabit,</strong></span> <span class='ocrx_word' id='word_1_17' title='bbox 2783 416 2937 488; x_wconf 90' lang='lat' dir='ltr'><strong>cujus</strong></span> <span class='ocrx_word' id='word_1_18' title='bbox 2964 427 3089 474; x_wconf 87' lang='lat' dir='ltr'><strong>sunt</strong></span> <span class='ocrx_word' id='word_1_19' title='bbox 3114 427 3171 475; x_wconf 90' lang='lat' dir='ltr'><strong>et</strong></span> <span class='ocrx_word' id='word_1_20' title='bbox 3189 417 3298 485; x_wconf 81' lang='lat' dir='ltr'><strong>lex,</strong></span> <span class='ocrx_word' id='word_1_21' title='bbox 3325 428 3380 476; x_wconf 91' lang='lat' dir='ltr'><strong>et</strong></span> <span class='ocrx_word' id='word_1_22' title='bbox 3410 418 3525 492; x_wconf 89' lang='lat' dir='ltr'><strong>ipsa</strong></span> <span class='ocrx_word' id='word_1_23' title='bbox 3542 437 3640 476; x_wconf 86' lang='lat' dir='ltr'><strong>na-</strong></span> 
     </span>
    </p>
   </div>
   <div class='ocr_carea' id='block_1_5' title="bbox 335 518 1931 589">
    <p class='ocr_par' dir='ltr' id='par_1_5' title="bbox 335 518 1931 589">
     <span class='ocr_line' id='line_1_5' title="bbox 335 518 1931 589; baseline -0.002 -12"><span class='ocrx_word' id='word_1_24' title='bbox 335 523 568 578; x_wconf 88' lang='lat' dir='ltr'><strong>cundum</strong></span> <span class='ocrx_word' id='word_1_25' title='bbox 599 521 1122 586; x_wconf 85' lang='lat' dir='ltr'><strong>Creatorem,clatos</strong></span> <span class='ocrx_word' id='word_1_26' title='bbox 1137 520 1480 580; x_wconf 76' lang='lat' dir='ltr'><strong>:nmulautem</strong></span> <span class='ocrx_word' id='word_1_27' title='bbox 1510 560 1524 583; x_wconf 92' lang='lat'><strong>,</strong></span> <span class='ocrx_word' id='word_1_28' title='bbox 1556 527 1613 572; x_wconf 91' lang='lat' dir='ltr'><strong>ut</strong></span> <span class='ocrx_word' id='word_1_29' title='bbox 1653 518 1931 589; x_wconf 75' lang='lat' dir='ltr'><strong>deporten-</strong></span> 
     </span>
    </p>
   </div>
   <div class='ocr_carea' id='block_1_6' title="bbox 337 611 1931 685">
    <p class='ocr_par' dir='ltr' id='par_1_6' title="bbox 337 611 1931 685">
     <span class='ocr_line' id='line_1_6' title="bbox 337 611 1931 685; baseline -0.001 -15"><span class='ocrx_word' id='word_1_30' title='bbox 337 627 446 672; x_wconf 90' lang='lat' dir='ltr'><strong>tcm</strong></span> <span class='ocrx_word' id='word_1_31' title='bbox 474 617 678 671; x_wconf 77' lang='lat' dir='ltr'><strong>scilicet</strong></span> <span class='ocrx_word' id='word_1_32' title='bbox 707 614 774 670; x_wconf 89' lang='lat' dir='ltr'><strong>de</strong></span> <span class='ocrx_word' id='word_1_33' title='bbox 803 615 940 669; x_wconf 90' lang='lat' dir='ltr'><strong>solio</strong></span> <span class='ocrx_word' id='word_1_34' title='bbox 959 615 1232 685; x_wconf 85' lang='lat' dir='ltr'><strong>dynastas.</strong></span> <span class='ocrx_word' id='word_1_35' title='bbox 1263 617 1369 668; x_wconf 83' lang='lat' dir='ltr'><strong>Aut</strong></span> <span class='ocrx_word' id='word_1_36' title='bbox 1405 611 1663 682; x_wconf 91' lang='lat' dir='ltr'><strong>numquid</strong></span> <span class='ocrx_word' id='word_1_37' title='bbox 1694 612 1808 682; x_wconf 91' lang='lat' dir='ltr'><strong>ipse</strong></span> <span class='ocrx_word' id='word_1_38' title='bbox 1846 622 1931 669; x_wconf 90' lang='lat' dir='ltr'><strong>est</strong></span> 
     </span>
    </p>
   </div>
   <div class='ocr_carea' id='block_1_7' title="bbox 333 707 1929 781">
    <p class='ocr_par' dir='ltr' id='par_1_7' title="bbox 333 707 1929 781">
     <span class='ocr_line' id='line_1_7' title="bbox 333 707 1929 781; baseline -0.001 -17"><span class='ocrx_word' id='word_1_39' title='bbox 333 711 422 780; x_wconf 86' lang='lat' dir='ltr'><strong>qui</strong></span> <span class='ocrx_word' id='word_1_40' title='bbox 448 719 500 765; x_wconf 89' lang='lat' dir='ltr'><strong>et</strong></span> <span class='ocrx_word' id='word_1_41' title='bbox 526 711 576 766; x_wconf 84' lang='lat' dir='ltr'><strong>in</strong></span> <span class='ocrx_word' id='word_1_42' title='bbox 606 725 806 781; x_wconf 89' lang='lat' dir='ltr'><strong>corpus</strong></span> <span class='ocrx_word' id='word_1_43' title='bbox 833 710 934 765; x_wconf 82' lang='lat' dir='ltr'><strong>Job</strong></span> <span class='ocrx_word' id='word_1_44' title='bbox 955 709 1106 766; x_wconf 86' lang='lat' dir='ltr'><strong>dedit</strong></span> <span class='ocrx_word' id='word_1_45' title='bbox 1129 707 1342 765; x_wconf 63' lang='lat' dir='ltr'><strong>Satanas</strong></span> <span class='ocrx_word' id='word_1_46' title='bbox 1382 715 1731 779; x_wconf 87' lang='lat' dir='ltr'><strong>potestatem,</strong></span> <span class='ocrx_word' id='word_1_47' title='bbox 1754 717 1810 760; x_wconf 89' lang='lat' dir='ltr'><strong>ut</strong></span> <span class='ocrx_word' id='word_1_48' title='bbox 1827 709 1929 762; x_wconf 85' lang='lat' dir='ltr'><strong>vir-</strong></span> 
     </span>
    </p>
   </div>
   <div class='ocr_carea' id='block_1_8' title="bbox 335 799 1930 874">
    <p class='ocr_par' dir='ltr' id='par_1_8' title="bbox 335 799 1930 874">
     <span class='ocr_line' id='line_1_8' title="bbox 335 799 1930 874; baseline -0.001 -17"><span class='ocrx_word' id='word_1_49' title='bbox 335 814 415 858; x_wconf 86' lang='lat' dir='ltr'><strong>tus</strong></span> <span class='ocrx_word' id='word_1_50' title='bbox 430 805 481 859; x_wconf 86' lang='lat' dir='ltr'><strong>in</strong></span> <span class='ocrx_word' id='word_1_51' title='bbox 502 804 798 868; x_wconf 82' lang='lat' dir='ltr'><strong>inﬁrmitate</strong></span> <span class='ocrx_word' id='word_1_52' title='bbox 813 802 1263 874; x_wconf 85' lang='lat' dir='ltr'><strong>comprobaretur?</strong></span> <span class='ocrx_word' id='word_1_53' title='bbox 1281 801 1418 870; x_wconf 84' lang='lat' dir='ltr'><strong>Quid</strong></span> <span class='ocrx_word' id='word_1_54' title='bbox 1437 811 1490 857; x_wconf 86' lang='lat' dir='ltr'><strong>et</strong></span> <span class='ocrx_word' id='word_1_55' title='bbox 1517 799 1747 855; x_wconf 82' lang='lat' dir='ltr'><strong>formam</strong></span> <span class='ocrx_word' id='word_1_56' title='bbox 1770 799 1930 871; x_wconf 82' lang='lat' dir='ltr'><strong>Legis</strong></span> 
     </span>
    </p>
   </div>
   <div class='ocr_carea' id='block_1_9' title="bbox 330 891 1928 964">
    <p class='ocr_par' dir='ltr' id='par_1_9' title="bbox 330 891 1928 964">
     <span class='ocr_line' id='line_1_9' title="bbox 330 891 1928 964; baseline -0.002 -15"><span class='ocrx_word' id='word_1_57' title='bbox 330 896 509 952; x_wconf 90' lang='lat' dir='ltr'><strong>adhuc</strong></span> <span class='ocrx_word' id='word_1_58' title='bbox 540 904 686 952; x_wconf 91' lang='lat' dir='ltr'><strong>tenet</strong></span> <span class='ocrx_word' id='word_1_59' title='bbox 705 895 1015 951; x_wconf 88' lang='lat' dir='ltr'><strong>Galatarum</strong></span> <span class='ocrx_word' id='word_1_60' title='bbox 1047 894 1338 964; x_wconf 78' lang='lat' dir='ltr'><strong>castigator</strong></span> <span class='ocrx_word' id='word_1_61' title='bbox 1360 936 1374 957; x_wconf 94' lang='lat'><strong>,</strong></span> <span class='ocrx_word' id='word_1_62' title='bbox 1426 893 1481 946; x_wconf 90' lang='lat' dir='ltr'><strong>in</strong></span> <span class='ocrx_word' id='word_1_63' title='bbox 1518 892 1677 946; x_wconf 85' lang='lat' dir='ltr'><strong>tribus</strong></span> <span class='ocrx_word' id='word_1_64' title='bbox 1721 891 1928 946; x_wconf 86' lang='lat' dir='ltr'><strong>testibus</strong></span> 
     </span>
    </p>
   </div>
   <div class='ocr_carea' id='block_1_10' title="bbox 331 984 1925 1060">
    <p class='ocr_par' dir='ltr' id='par_1_10' title="bbox 331 984 1925 1060">
     <span class='ocr_line' id='line_1_10' title="bbox 331 984 1925 1060; baseline -0.003 -18"><span class='ocrx_word' id='word_1_65' title='bbox 331 991 622 1060; x_wconf 76' lang='lat' dir='ltr'><strong>prwﬁniens</strong></span> <span class='ocrx_word' id='word_1_66' title='bbox 644 996 890 1043; x_wconf 85' lang='lat' dir='ltr'><strong>staturum</strong></span> <span class='ocrx_word' id='word_1_67' title='bbox 917 1004 1063 1043; x_wconf 88' lang='lat' dir='ltr'><strong>ontne</strong></span> <span class='ocrx_word' id='word_1_68' title='bbox 1094 987 1332 1042; x_wconf 81' lang='lat' dir='ltr'><strong>verbum?</strong></span> <span class='ocrx_word' id='word_1_69' title='bbox 1351 984 1487 1055; x_wconf 85' lang='lat' dir='ltr'><strong>Quid</strong></span> <span class='ocrx_word' id='word_1_70' title='bbox 1516 993 1572 1040; x_wconf 90' lang='lat' dir='ltr'><strong>et</strong></span> <span class='ocrx_word' id='word_1_71' title='bbox 1617 1001 1718 1039; x_wconf 90' lang='lat' dir='ltr'><strong>non</strong></span> <span class='ocrx_word' id='word_1_72' title='bbox 1742 1001 1925 1057; x_wconf 87' lang='lat' dir='ltr'><strong>parsu-</strong></span> 
     </span>
    </p>
   </div>
   <div class='ocr_carea' id='block_1_11' title="bbox 327 1079 1924 1152">
    <p class='ocr_par' dir='ltr' id='par_1_11' title="bbox 327 1079 1924 1152">
     <span class='ocr_line' id='line_1_11' title="bbox 327 1079 1924 1152; baseline 0.001 -17"><span class='ocrx_word' id='word_1_73' title='bbox 327 1098 440 1135; x_wconf 88' lang='lat' dir='ltr'><strong>rum</strong></span> <span class='ocrx_word' id='word_1_74' title='bbox 469 1099 521 1136; x_wconf 84' lang='lat' dir='ltr'><strong>se</strong></span> <span class='ocrx_word' id='word_1_75' title='bbox 547 1083 892 1152; x_wconf 79' lang='lat' dir='ltr'><strong>peccatoribus</strong></span> <span class='ocrx_word' id='word_1_76' title='bbox 918 1082 1281 1137; x_wconf 81' lang='lat' dir='ltr'><strong>comminatur</strong></span> <span class='ocrx_word' id='word_1_77' title='bbox 1304 1122 1320 1147; x_wconf 94' lang='lat'><strong>,</strong></span> <span class='ocrx_word' id='word_1_78' title='bbox 1354 1079 1616 1144; x_wconf 78' lang='lat' dir='ltr'><strong>lenissimi</strong></span> <span class='ocrx_word' id='word_1_79' title='bbox 1661 1079 1754 1136; x_wconf 86' lang='lat' dir='ltr'><strong>Dei</strong></span> <span class='ocrx_word' id='word_1_80' title='bbox 1787 1095 1924 1150; x_wconf 73' lang='lat' dir='ltr'><strong>pra:-</strong></span> 
     </span>
    </p>
   </div>
   <div class='ocr_carea' id='block_1_12' title="bbox 329 1171 1929 1244">
    <p class='ocr_par' dir='ltr' id='par_1_12' title="bbox 329 1171 1929 1244">
     <span class='ocr_line' id='line_1_12' title="bbox 329 1171 1929 1244; baseline 0 -18"><span class='ocrx_word' id='word_1_81' title='bbox 329 1171 580 1229; x_wconf 86' lang='lat' dir='ltr'><strong>dicator?</strong></span> <span class='ocrx_word' id='word_1_82' title='bbox 608 1172 719 1228; x_wconf 92' lang='lat' dir='ltr'><strong>lmo</strong></span> <span class='ocrx_word' id='word_1_83' title='bbox 740 1181 794 1228; x_wconf 90' lang='lat' dir='ltr'><strong>et</strong></span> <span class='ocrx_word' id='word_1_84' title='bbox 815 1174 978 1244; x_wconf 86' lang='lat' dir='ltr'><strong>ipsam</strong></span> <span class='ocrx_word' id='word_1_85' title='bbox 995 1173 1170 1227; x_wconf 82' lang='lat' dir='ltr'><strong>durius</strong></span> <span class='ocrx_word' id='word_1_86' title='bbox 1197 1173 1384 1244; x_wconf 84' lang='lat' dir='ltr'><strong>agendi</strong></span> <span class='ocrx_word' id='word_1_87' title='bbox 1433 1171 1486 1226; x_wconf 89' lang='lat' dir='ltr'><strong>in</strong></span> <span class='ocrx_word' id='word_1_88' title='bbox 1537 1171 1806 1242; x_wconf 65' lang='lat' dir='ltr'><strong>praesentia</strong></span> <span class='ocrx_word' id='word_1_89' title='bbox 1835 1188 1929 1243; x_wconf 81' lang='lat' dir='ltr'><strong>po-</strong></span> 
     </span>
    </p>
   </div>
   <div class='ocr_carea' id='block_1_13' title="bbox 329 1263 1922 1336">
    <p class='ocr_par' dir='ltr' id='par_1_13' title="bbox 329 1263 1922 1336">
     <span class='ocr_line' id='line_1_13' title="bbox 329 1263 1922 1336; baseline 0.002 -19"><span class='ocrx_word' id='word_1_90' title='bbox 329 1273 559 1318; x_wconf 82' lang='lat' dir='ltr'><strong>testatem</strong></span> <span class='ocrx_word' id='word_1_91' title='bbox 586 1281 616 1318; x_wconf 91' lang='lat' dir='ltr'><strong>a</strong></span> <span class='ocrx_word' id='word_1_92' title='bbox 645 1265 862 1319; x_wconf 89' lang='lat' dir='ltr'><strong>Domino</strong></span> <span class='ocrx_word' id='word_1_93' title='bbox 889 1267 1062 1320; x_wconf 86' lang='lat' dir='ltr'><strong>datam</strong></span> <span class='ocrx_word' id='word_1_94' title='bbox 1093 1266 1186 1321; x_wconf 75' lang='lat' dir='ltr'><strong>sibi</strong></span> <span class='ocrx_word' id='word_1_95' title='bbox 1226 1265 1503 1320; x_wconf 88' lang='lat' dir='ltr'><strong>adlirmat.</strong></span> <span class='ocrx_word' id='word_1_96' title='bbox 1542 1263 1688 1336; x_wconf 82' lang='lat' dir='ltr'><strong>Nega</strong></span> <span class='ocrx_word' id='word_1_97' title='bbox 1742 1279 1886 1320; x_wconf 89' lang='lat' dir='ltr'><strong>nunc</strong></span> <span class='ocrx_word' id='word_1_98' title='bbox 1906 1307 1922 1334; x_wconf 94' lang='lat'><strong>,</strong></span> 
     </span>
    </p>
   </div>
   <div class='ocr_carea' id='block_1_14' title="bbox 333 1354 1924 1428">
    <p class='ocr_par' dir='ltr' id='par_1_14' title="bbox 333 1354 1924 1428">
     <span class='ocr_line' id='line_1_14' title="bbox 333 1354 1924 1428; baseline 0.003 -21"><span class='ocrx_word' id='word_1_99' title='bbox 333 1354 608 1424; x_wconf 66' lang='lat' dir='ltr'><strong>hazretice,</strong></span> <span class='ocrx_word' id='word_1_100' title='bbox 671 1357 844 1413; x_wconf 84' lang='lat' dir='ltr'><strong>timeri</strong></span> <span class='ocrx_word' id='word_1_101' title='bbox 881 1358 1048 1413; x_wconf 90' lang='lat' dir='ltr'><strong>Deum</strong></span> <span class='ocrx_word' id='word_1_102' title='bbox 1100 1365 1247 1412; x_wconf 90' lang='lat' dir='ltr'><strong>tuum</strong></span> <span class='ocrx_word' id='word_1_103' title='bbox 1270 1397 1286 1424; x_wconf 96' lang='lat'><strong>,</strong></span> <span class='ocrx_word' id='word_1_104' title='bbox 1321 1357 1474 1428; x_wconf 88' lang='lat' dir='ltr'><strong>cujus</strong></span> <span class='ocrx_word' id='word_1_105' title='bbox 1505 1355 1798 1428; x_wconf 78' lang='lat' dir='ltr'><strong>Apostolus</strong></span> <span class='ocrx_word' id='word_1_106' title='bbox 1855 1356 1924 1412; x_wconf 92' lang='lat' dir='ltr'><strong>ti-</strong></span> 
     </span>
    </p>
   </div>
   <div class='ocr_carea' id='block_1_15' title="bbox 327 1447 592 1503">
    <p class='ocr_par' dir='ltr' id='par_1_15' title="bbox 327 1447 592 1503">
     <span class='ocr_line' id='line_1_15' title="bbox 327 1447 592 1503; baseline 0.011 -3"><span class='ocrx_word' id='word_1_107' title='bbox 327 1447 592 1503; x_wconf 84' lang='lat' dir='ltr'><strong>utebatur.</strong></span> 
     </span>
    </p>
   </div>
   <div class='ocr_carea' id='block_1_16' title="bbox 937 1538 1329 1601">
    <p class='ocr_par' dir='ltr' id='par_1_16' title="bbox 937 1538 1329 1601">
     <span class='ocr_line' id='line_1_16' title="bbox 937 1538 1329 1601; baseline -0.003 -6"><span class='ocrx_word' id='word_1_108' title='bbox 937 1538 1164 1598; x_wconf 85' lang='lat' dir='ltr'><strong>CAPUT</strong></span> <span class='ocrx_word' id='word_1_109' title='bbox 1193 1539 1329 1601; x_wconf 76' lang='lat' dir='ltr'><strong>Xlll.</strong></span> 
     </span>
    </p>
   </div>
   <div class='ocr_carea' id='block_1_17' title="bbox 412 1633 1928 1706">
    <p class='ocr_par' dir='ltr' id='par_1_17' title="bbox 412 1633 1928 1706">
     <span class='ocr_line' id='line_1_17' title="bbox 412 1633 1928 1706; baseline 0.004 -20"><span class='ocrx_word' id='word_1_110' title='bbox 412 1633 639 1700; x_wconf 85' lang='lat' dir='ltr'><strong>Quando</strong></span> <span class='ocrx_word' id='word_1_111' title='bbox 662 1635 978 1706; x_wconf 83' lang='lat' dir='ltr'><strong>opusculum</strong></span> <span class='ocrx_word' id='word_1_112' title='bbox 999 1635 1331 1706; x_wconf 83' lang='lat' dir='ltr'><strong>proﬂigatur,</strong></span> <span class='ocrx_word' id='word_1_113' title='bbox 1355 1633 1589 1692; x_wconf 77' lang='lat' dir='ltr'><strong>breviter</strong></span> <span class='ocrx_word' id='word_1_114' title='bbox 1605 1635 1714 1706; x_wconf 90' lang='lat' dir='ltr'><strong>jam</strong></span> <span class='ocrx_word' id='word_1_115' title='bbox 1731 1644 1928 1692; x_wconf 83' lang='lat' dir='ltr'><strong>retrac-</strong></span> 
     </span>
    </p>
   </div>
   <div class='ocr_carea' id='block_1_18' title="bbox 326 1727 1927 1799">
    <p class='ocr_par' dir='ltr' id='par_1_18' title="bbox 326 1727 1927 1799">
     <span class='ocr_line' id='line_1_18' title="bbox 326 1727 1927 1799; baseline 0.001 -17"><span class='ocrx_word' id='word_1_116' title='bbox 326 1727 490 1784; x_wconf 89' lang='lat' dir='ltr'><strong>tanda</strong></span> <span class='ocrx_word' id='word_1_117' title='bbox 521 1738 647 1783; x_wconf 88' lang='lat' dir='ltr'><strong>sunt</strong></span> <span class='ocrx_word' id='word_1_118' title='bbox 677 1744 795 1798; x_wconf 68' lang='lat' dir='ltr'><strong>quae</strong></span> <span class='ocrx_word' id='word_1_119' title='bbox 826 1743 1012 1784; x_wconf 89' lang='lat' dir='ltr'><strong>rursus</strong></span> <span class='ocrx_word' id='word_1_120' title='bbox 1041 1737 1368 1792; x_wconf 88' lang='lat' dir='ltr'><strong>occurrunt;</strong></span> <span class='ocrx_word' id='word_1_121' title='bbox 1398 1727 1646 1799; x_wconf 68' lang='lat' dir='ltr'><strong>quaedam</strong></span> <span class='ocrx_word' id='word_1_122' title='bbox 1673 1743 1803 1786; x_wconf 87' lang='lat' dir='ltr'><strong>vero</strong></span> <span class='ocrx_word' id='word_1_123' title='bbox 1825 1737 1927 1784; x_wconf 87' lang='lat' dir='ltr'><strong>tra-</strong></span> 
     </span>
    </p>
   </div>
   <div class='ocr_carea' id='block_1_19' title="bbox 2035 510 3635 584">
    <p class='ocr_par' dir='ltr' id='par_1_19' title="bbox 2035 510 3635 584">
     <span class='ocr_line' id='line_1_19' title="bbox 2035 510 3635 584; baseline 0.001 -18"><span class='ocrx_word' id='word_1_124' title='bbox 2035 523 2151 567; x_wconf 89' lang='lat' dir='ltr'><strong>tura</strong></span> <span class='ocrx_word' id='word_1_125' title='bbox 2177 512 2254 584; x_wconf 86' lang='lat'><strong>(6)</strong></span> <span class='ocrx_word' id='word_1_126' title='bbox 2275 528 2394 582; x_wconf 74' lang='lat' dir='ltr'><strong>qua:</strong></span> <span class='ocrx_word' id='word_1_127' title='bbox 2422 511 2546 582; x_wconf 82' lang='lat' dir='ltr'><strong>legis</strong></span> <span class='ocrx_word' id='word_1_128' title='bbox 2575 520 2647 565; x_wconf 79' lang='lat' dir='ltr'><strong>est</strong></span> <span class='ocrx_word' id='word_1_129' title='bbox 2671 511 2833 566; x_wconf 88' lang='lat' dir='ltr'><strong>instar</strong></span> <span class='ocrx_word' id='word_1_130' title='bbox 2851 510 3201 580; x_wconf 73' lang='lat' dir='ltr'><strong>ignorantibus</strong></span> <span class='ocrx_word' id='word_1_131' title='bbox 3213 511 3635 584; x_wconf 75' lang='lat' dir='ltr'><strong>legemJudica-</strong></span> 
     </span>
    </p>
   </div>
   <div class='ocr_carea' id='block_1_20' title="bbox 2032 604 3638 680">
    <p class='ocr_par' dir='ltr' id='par_1_20' title="bbox 2032 604 3638 680">
     <span class='ocr_line' id='line_1_20' title="bbox 2032 604 3638 680; baseline 0.002 -20"><span class='ocrx_word' id='word_1_132' title='bbox 2032 605 2108 660; x_wconf 88' lang='lat' dir='ltr'><strong>bit</strong></span> <span class='ocrx_word' id='word_1_133' title='bbox 2120 616 2296 662; x_wconf 90' lang='lat' dir='ltr'><strong>autem</strong></span> <span class='ocrx_word' id='word_1_134' title='bbox 2309 605 2604 676; x_wconf 82' lang='lat' dir='ltr'><strong>quomodo?</strong></span> <span class='ocrx_word' id='word_1_135' title='bbox 2621 605 2914 661; x_wconf 89' lang='lat' dir='ltr'><strong>Secundum</strong></span> <span class='ocrx_word' id='word_1_136' title='bbox 2931 604 3282 678; x_wconf 83' lang='lat' dir='ltr'><strong>Euangelium,</strong></span> <span class='ocrx_word' id='word_1_137' title='bbox 3315 607 3486 679; x_wconf 87' lang='lat' dir='ltr'><strong>inquit</strong></span> <span class='ocrx_word' id='word_1_138' title='bbox 3506 651 3522 676; x_wconf 97' lang='lat'><strong>,</strong></span> <span class='ocrx_word' id='word_1_139' title='bbox 3546 625 3638 680; x_wconf 78' lang='lat' dir='ltr'><strong>per</strong></span> 
     </span>
    </p>
   </div>
   <div class='ocr_carea' id='block_1_21' title="bbox 2032 697 3632 770">
    <p class='ocr_par' dir='ltr' id='par_1_21' title="bbox 2032 697 3632 770">
     <span class='ocr_line' id='line_1_21' title="bbox 2032 697 3632 770; baseline 0.001 -16"><span class='ocrx_word' id='word_1_140' title='bbox 2032 697 2311 755; x_wconf 81' lang='lat' dir='ltr'><strong>Christum.</strong></span> <span class='ocrx_word' id='word_1_141' title='bbox 2347 698 2487 770; x_wconf 84' lang='lat' dir='ltr'><strong>Ergo</strong></span> <span class='ocrx_word' id='word_1_142' title='bbox 2503 707 2560 754; x_wconf 90' lang='lat' dir='ltr'><strong>et</strong></span> <span class='ocrx_word' id='word_1_143' title='bbox 2581 699 2933 770; x_wconf 85' lang='lat' dir='ltr'><strong>Evangelium</strong></span> <span class='ocrx_word' id='word_1_144' title='bbox 2960 709 3014 754; x_wconf 91' lang='lat' dir='ltr'><strong>et</strong></span> <span class='ocrx_word' id='word_1_145' title='bbox 3037 699 3287 755; x_wconf 85' lang='lat' dir='ltr'><strong>Christus</strong></span> <span class='ocrx_word' id='word_1_146' title='bbox 3318 700 3462 756; x_wconf 90' lang='lat' dir='ltr'><strong>illius</strong></span> <span class='ocrx_word' id='word_1_147' title='bbox 3484 710 3632 768; x_wconf 88' lang='lat' dir='ltr'><strong>sunt,</strong></span> 
     </span>
    </p>
   </div>
   <div class='ocr_carea' id='block_1_22' title="bbox 2030 787 3637 864">
    <p class='ocr_par' dir='ltr' id='par_1_22' title="bbox 2030 787 3637 864">
     <span class='ocr_line' id='line_1_22' title="bbox 2030 787 3637 864; baseline 0.002 -18"><span class='ocrx_word' id='word_1_148' title='bbox 2030 791 2184 862; x_wconf 89' lang='lat' dir='ltr'><strong>cujus</strong></span> <span class='ocrx_word' id='word_1_149' title='bbox 2205 801 2261 847; x_wconf 89' lang='lat' dir='ltr'><strong>et</strong></span> <span class='ocrx_word' id='word_1_150' title='bbox 2287 791 2384 860; x_wconf 81' lang='lat' dir='ltr'><strong>lex_</strong></span> <span class='ocrx_word' id='word_1_151' title='bbox 2402 799 2458 848; x_wconf 87' lang='lat' dir='ltr'><strong>et</strong></span> <span class='ocrx_word' id='word_1_152' title='bbox 2488 787 2696 858; x_wconf 78' lang='lat' dir='ltr'><strong>natura,</strong></span> <span class='ocrx_word' id='word_1_153' title='bbox 2723 806 2844 864; x_wconf 65' lang='lat' dir='ltr'><strong>qua:</strong></span> <span class='ocrx_word' id='word_1_154' title='bbox 2871 806 2968 862; x_wconf 91' lang='lat' dir='ltr'><strong>per</strong></span> <span class='ocrx_word' id='word_1_155' title='bbox 2992 791 3338 862; x_wconf 81' lang='lat' dir='ltr'><strong>Evangelium</strong></span> <span class='ocrx_word' id='word_1_156' title='bbox 3369 802 3423 848; x_wconf 90' lang='lat' dir='ltr'><strong>et</strong></span> <span class='ocrx_word' id='word_1_157' title='bbox 3447 792 3637 849; x_wconf 83' lang='lat' dir='ltr'><strong>Chris-</strong></span> 
     </span>
    </p>
   </div>
   <div class='ocr_carea' id='block_1_23' title="bbox 2032 881 3636 954">
    <p class='ocr_par' dir='ltr' id='par_1_23' title="bbox 2032 881 3636 954">
     <span class='ocr_line' id='line_1_23' title="bbox 2032 881 3636 954; baseline 0.002 -18"><span class='ocrx_word' id='word_1_158' title='bbox 2032 890 2146 938; x_wconf 90' lang='lat' dir='ltr'><strong>tum</strong></span> <span class='ocrx_word' id='word_1_159' title='bbox 2171 881 2604 950; x_wconf 80' lang='lat' dir='ltr'><strong>vindicabuntur,</strong></span> <span class='ocrx_word' id='word_1_160' title='bbox 2629 882 2768 939; x_wconf 88' lang='lat' dir='ltr'><strong>adeo</strong></span> <span class='ocrx_word' id='word_1_161' title='bbox 2794 882 2884 938; x_wconf 86' lang='lat' dir='ltr'><strong>illo</strong></span> <span class='ocrx_word' id='word_1_162' title='bbox 2901 882 3106 952; x_wconf 90' lang='lat' dir='ltr'><strong>judicio</strong></span> <span class='ocrx_word' id='word_1_163' title='bbox 3133 883 3227 938; x_wconf 91' lang='lat' dir='ltr'><strong>Dei</strong></span> <span class='ocrx_word' id='word_1_164' title='bbox 3269 883 3415 954; x_wconf 91' lang='lat' dir='ltr'><strong>quod</strong></span> <span class='ocrx_word' id='word_1_165' title='bbox 3471 894 3525 940; x_wconf 91' lang='lat' dir='ltr'><strong>et</strong></span> <span class='ocrx_word' id='word_1_166' title='bbox 3544 900 3636 941; x_wconf 87' lang='lat' dir='ltr'><strong>su-</strong></span> 
     </span>
    </p>
   </div>
   <div class='ocr_carea' id='block_1_24' title="bbox 2028 974 3636 1048">
    <p class='ocr_par' dir='ltr' id='par_1_24' title="bbox 2028 974 3636 1048">
     <span class='ocr_line' id='line_1_24' title="bbox 2028 974 3636 1048; baseline 0.001 -17"><span class='ocrx_word' id='word_1_167' title='bbox 2028 992 2149 1048; x_wconf 85' lang='lat' dir='ltr'><strong>pra,</strong></span> <span class='ocrx_word' id='word_1_168' title='bbox 2173 974 2467 1033; x_wconf 90' lang='lat' dir='ltr'><strong>secundum</strong></span> <span class='ocrx_word' id='word_1_169' title='bbox 2488 976 2792 1033; x_wconf 78' lang='lat' dir='ltr'><strong>veritatem.</strong></span> <span class='ocrx_word' id='word_1_170' title='bbox 2820 976 2960 1047; x_wconf 82' lang='lat' dir='ltr'><strong>Ergo</strong></span> <span class='ocrx_word' id='word_1_171' title='bbox 2985 991 3089 1046; x_wconf 90' lang='lat' dir='ltr'><strong>qua</strong></span> <span class='ocrx_word' id='word_1_172' title='bbox 3116 974 3454 1032; x_wconf 88' lang='lat' dir='ltr'><strong>defendenda</strong></span> <span class='ocrx_word' id='word_1_173' title='bbox 3479 991 3636 1033; x_wconf 79' lang='lat' dir='ltr'><strong>reve-</strong></span> 
     </span>
    </p>
   </div>
   <div class='ocr_carea' id='block_1_25' title="bbox 2033 1067 3631 1136">
    <p class='ocr_par' dir='ltr' id='par_1_25' title="bbox 2033 1067 3631 1136">
     <span class='ocr_line' id='line_1_25' title="bbox 2033 1067 3631 1136; baseline 0.001 -13"><span class='ocrx_word' id='word_1_174' title='bbox 2033 1068 2174 1124; x_wconf 89' lang='lat' dir='ltr'><strong>letur</strong></span> <span class='ocrx_word' id='word_1_175' title='bbox 2198 1068 2267 1126; x_wconf 90' lang='lat' dir='ltr'><strong>de</strong></span> <span class='ocrx_word' id='word_1_176' title='bbox 2287 1068 2428 1125; x_wconf 67' lang='lat' dir='ltr'><strong>coelo</strong></span> <span class='ocrx_word' id='word_1_177' title='bbox 2458 1069 2560 1136; x_wconf 88' lang='lat' dir='ltr'><strong>ira,</strong></span> <span class='ocrx_word' id='word_1_178' title='bbox 2593 1068 2808 1124; x_wconf 90' lang='lat' dir='ltr'><strong>nonnisi</strong></span> <span class='ocrx_word' id='word_1_179' title='bbox 2858 1083 2888 1123; x_wconf 93' lang='lat' dir='ltr'><strong>a</strong></span> <span class='ocrx_word' id='word_1_180' title='bbox 2923 1068 3032 1124; x_wconf 92' lang='lat' dir='ltr'><strong>Deo</strong></span> <span class='ocrx_word' id='word_1_181' title='bbox 3056 1068 3180 1135; x_wconf 63' lang='lat' dir='ltr'><strong>iraa;</strong></span> <span class='ocrx_word' id='word_1_182' title='bbox 3211 1067 3282 1124; x_wconf 94' lang='lat' dir='ltr'><strong>ita</strong></span> <span class='ocrx_word' id='word_1_183' title='bbox 3303 1077 3358 1123; x_wconf 93' lang='lat' dir='ltr'><strong>et</strong></span> <span class='ocrx_word' id='word_1_184' title='bbox 3385 1068 3474 1124; x_wconf 91' lang='lat' dir='ltr'><strong>hic</strong></span> <span class='ocrx_word' id='word_1_185' title='bbox 3503 1084 3631 1124; x_wconf 82' lang='lat' dir='ltr'><strong>sen-</strong></span> 
     </span>
    </p>
   </div>
   <div class='ocr_carea' id='block_1_26' title="bbox 2031 1160 3633 1233">
    <p class='ocr_par' dir='ltr' id='par_1_26' title="bbox 2031 1160 3633 1233">
     <span class='ocr_line' id='line_1_26' title="bbox 2031 1160 3633 1233; baseline 0.001 -16"><span class='ocrx_word' id='word_1_186' title='bbox 2031 1175 2126 1217; x_wconf 87' lang='lat' dir='ltr'><strong>sus</strong></span> <span class='ocrx_word' id='word_1_187' title='bbox 2179 1160 2408 1231; x_wconf 89' lang='lat' dir='ltr'><strong>pristino</strong></span> <span class='ocrx_word' id='word_1_188' title='bbox 2457 1161 2768 1227; x_wconf 69' lang='lat' dir='ltr'><strong>cohazreus,</strong></span> <span class='ocrx_word' id='word_1_189' title='bbox 2820 1161 2872 1216; x_wconf 93' lang='lat' dir='ltr'><strong>iu</strong></span> <span class='ocrx_word' id='word_1_190' title='bbox 2902 1174 3007 1233; x_wconf 86' lang='lat' dir='ltr'><strong>quo</strong></span> <span class='ocrx_word' id='word_1_191' title='bbox 3048 1160 3313 1230; x_wconf 86' lang='lat' dir='ltr'><strong>judicium</strong></span> <span class='ocrx_word' id='word_1_192' title='bbox 3354 1161 3633 1218; x_wconf 84' lang='lat' dir='ltr'><strong>Creatoris</strong></span> 
     </span>
    </p>
   </div>
   <div class='ocr_carea' id='block_1_27' title="bbox 2030 1252 3632 1326">
    <p class='ocr_par' dir='ltr' id='par_1_27' title="bbox 2030 1252 3632 1326">
     <span class='ocr_line' id='line_1_27' title="bbox 2030 1252 3632 1326; baseline 0 -16"><span class='ocrx_word' id='word_1_193' title='bbox 2030 1253 2278 1320; x_wconf 91' lang='lat' dir='ltr'><strong>edicitur,</strong></span> <span class='ocrx_word' id='word_1_194' title='bbox 2299 1268 2404 1309; x_wconf 91' lang='lat' dir='ltr'><strong>non</strong></span> <span class='ocrx_word' id='word_1_195' title='bbox 2429 1263 2603 1324; x_wconf 87' lang='lat' dir='ltr'><strong>potest</strong></span> <span class='ocrx_word' id='word_1_196' title='bbox 2623 1252 2676 1309; x_wconf 91' lang='lat' dir='ltr'><strong>in</strong></span> <span class='ocrx_word' id='word_1_197' title='bbox 2703 1253 2870 1309; x_wconf 89' lang='lat' dir='ltr'><strong>alium</strong></span> <span class='ocrx_word' id='word_1_198' title='bbox 2894 1253 3060 1308; x_wconf 91' lang='lat' dir='ltr'><strong>Deum</strong></span> <span class='ocrx_word' id='word_1_199' title='bbox 3083 1252 3295 1322; x_wconf 88' lang='lat' dir='ltr'><strong>referri,</strong></span> <span class='ocrx_word' id='word_1_200' title='bbox 3318 1255 3407 1326; x_wconf 88' lang='lat' dir='ltr'><strong>qui</strong></span> <span class='ocrx_word' id='word_1_201' title='bbox 3427 1269 3527 1310; x_wconf 90' lang='lat' dir='ltr'><strong>nec</strong></span> <span class='ocrx_word' id='word_1_202' title='bbox 3545 1254 3632 1324; x_wconf 89' lang='lat' dir='ltr'><strong>ju-</strong></span> 
     </span>
    </p>
   </div>
   <div class='ocr_carea' id='block_1_28' title="bbox 2029 1347 3630 1423">
    <p class='ocr_par' dir='ltr' id='par_1_28' title="bbox 2029 1347 3630 1423">
     <span class='ocr_line' id='line_1_28' title="bbox 2029 1347 3630 1423; baseline 0.001 -19"><span class='ocrx_word' id='word_1_203' title='bbox 2029 1347 2216 1414; x_wconf 90' lang='lat' dir='ltr'><strong>dicat,</strong></span> <span class='ocrx_word' id='word_1_204' title='bbox 2262 1363 2362 1404; x_wconf 91' lang='lat' dir='ltr'><strong>nec</strong></span> <span class='ocrx_word' id='word_1_205' title='bbox 2393 1349 2679 1414; x_wconf 90' lang='lat' dir='ltr'><strong>irascitur;</strong></span> <span class='ocrx_word' id='word_1_206' title='bbox 2709 1348 2806 1404; x_wconf 91' lang='lat' dir='ltr'><strong>sed</strong></span> <span class='ocrx_word' id='word_1_207' title='bbox 2846 1349 2898 1404; x_wconf 91' lang='lat' dir='ltr'><strong>in</strong></span> <span class='ocrx_word' id='word_1_208' title='bbox 2951 1349 3103 1404; x_wconf 91' lang='lat' dir='ltr'><strong>illum</strong></span> <span class='ocrx_word' id='word_1_209' title='bbox 3137 1392 3152 1415; x_wconf 96' lang='lat'><strong>,</strong></span> <span class='ocrx_word' id='word_1_210' title='bbox 3182 1349 3340 1420; x_wconf 90' lang='lat' dir='ltr'><strong>cujus</strong></span> <span class='ocrx_word' id='word_1_211' title='bbox 3387 1349 3514 1406; x_wconf 92' lang='lat' dir='ltr'><strong>dum</strong></span> <span class='ocrx_word' id='word_1_212' title='bbox 3547 1351 3630 1423; x_wconf 88' lang='lat'><strong>(7)</strong></span> 
     </span>
    </p>
   </div>
   <div class='ocr_carea' id='block_1_29' title="bbox 2029 1438 3632 1514">
    <p class='ocr_par' dir='ltr' id='par_1_29' title="bbox 2029 1438 3632 1514">
     <span class='ocr_line' id='line_1_29' title="bbox 2029 1438 3632 1514; baseline 0.001 -19"><span class='ocrx_word' id='word_1_213' title='bbox 2029 1439 2146 1496; x_wconf 76' lang='lat' dir='ltr'><strong>lucc</strong></span> <span class='ocrx_word' id='word_1_214' title='bbox 2174 1449 2321 1508; x_wconf 88' lang='lat' dir='ltr'><strong>sunt,</strong></span> <span class='ocrx_word' id='word_1_215' title='bbox 2349 1439 2606 1510; x_wconf 87' lang='lat' dir='ltr'><strong>judicium</strong></span> <span class='ocrx_word' id='word_1_216' title='bbox 2637 1439 2762 1496; x_wconf 91' lang='lat' dir='ltr'><strong>dico</strong></span> <span class='ocrx_word' id='word_1_217' title='bbox 2807 1449 2860 1496; x_wconf 88' lang='lat' dir='ltr'><strong>et</strong></span> <span class='ocrx_word' id='word_1_218' title='bbox 2896 1440 3030 1495; x_wconf 90' lang='lat' dir='ltr'><strong>iram</strong></span> <span class='ocrx_word' id='word_1_219' title='bbox 3073 1438 3180 1514; x_wconf 89' lang='lat'><strong>(8),</strong></span> <span class='ocrx_word' id='word_1_220' title='bbox 3225 1442 3390 1498; x_wconf 90' lang='lat' dir='ltr'><strong>etiam</strong></span> <span class='ocrx_word' id='word_1_221' title='bbox 3421 1442 3632 1514; x_wconf 84' lang='lat' dir='ltr'><strong>illaip-</strong></span> 
     </span>
    </p>
   </div>
   <div class='ocr_carea' id='block_1_30' title="bbox 2030 1533 3628 1608">
    <p class='ocr_par' dir='ltr' id='par_1_30' title="bbox 2030 1533 3628 1608">
     <span class='ocr_line' id='line_1_30' title="bbox 2030 1533 3628 1608; baseline 0.001 -19"><span class='ocrx_word' id='word_1_222' title='bbox 2030 1533 2144 1589; x_wconf 89' lang='lat' dir='ltr'><strong>sius</strong></span> <span class='ocrx_word' id='word_1_223' title='bbox 2173 1534 2282 1589; x_wconf 91' lang='lat' dir='ltr'><strong>sint</strong></span> <span class='ocrx_word' id='word_1_224' title='bbox 2305 1549 2530 1590; x_wconf 90' lang='lat' dir='ltr'><strong>necesse</strong></span> <span class='ocrx_word' id='word_1_225' title='bbox 2556 1544 2661 1600; x_wconf 87' lang='lat' dir='ltr'><strong>est,</strong></span> <span class='ocrx_word' id='word_1_226' title='bbox 2696 1549 2795 1605; x_wconf 88' lang='lat' dir='ltr'><strong>per</strong></span> <span class='ocrx_word' id='word_1_227' title='bbox 2819 1549 2982 1606; x_wconf 84' lang='lat' dir='ltr'><strong>quem</strong></span> <span class='ocrx_word' id='word_1_228' title='bbox 3009 1533 3126 1590; x_wconf 68' lang='lat' dir='ltr'><strong>haec</strong></span> <span class='ocrx_word' id='word_1_229' title='bbox 3153 1535 3354 1591; x_wconf 84' lang='lat' dir='ltr'><strong>habent</strong></span> <span class='ocrx_word' id='word_1_230' title='bbox 3383 1537 3628 1608; x_wconf 78' lang='lat' dir='ltr'><strong>transigi,</strong></span> 
     </span>
    </p>
   </div>
   <div class='ocr_carea' id='block_1_31' title="bbox 2029 1623 3634 1699">
    <p class='ocr_par' dir='ltr' id='par_1_31' title="bbox 2029 1623 3634 1699">
     <span class='ocr_line' id='line_1_31' title="bbox 2029 1623 3634 1699; baseline 0.003 -17"><span class='ocrx_word' id='word_1_231' title='bbox 2029 1623 2381 1697; x_wconf 84' lang='lat' dir='ltr'><strong>Evangelium</strong></span> <span class='ocrx_word' id='word_1_232' title='bbox 2406 1626 2746 1695; x_wconf 91' lang='lat' dir='ltr'><strong>etChristus,</strong></span> <span class='ocrx_word' id='word_1_233' title='bbox 2769 1635 2825 1683; x_wconf 92' lang='lat' dir='ltr'><strong>et</strong></span> <span class='ocrx_word' id='word_1_234' title='bbox 2847 1627 2968 1683; x_wconf 87' lang='lat' dir='ltr'><strong>ideo</strong></span> <span class='ocrx_word' id='word_1_235' title='bbox 2995 1627 3213 1683; x_wconf 87' lang='lat' dir='ltr'><strong>vehitur</strong></span> <span class='ocrx_word' id='word_1_236' title='bbox 3237 1627 3290 1683; x_wconf 91' lang='lat' dir='ltr'><strong>in</strong></span> <span class='ocrx_word' id='word_1_237' title='bbox 3319 1637 3634 1699; x_wconf 65' lang='lat' dir='ltr'><strong>transgres-</strong></span> 
     </span>
    </p>
   </div>
   <div class='ocr_carea' id='block_1_32' title="bbox 2029 1718 3633 1790">
    <p class='ocr_par' dir='ltr' id='par_1_32' title="bbox 2029 1718 3633 1790">
     <span class='ocr_line' id='line_1_32' title="bbox 2029 1718 3633 1790; baseline 0.002 -16"><span class='ocrx_word' id='word_1_238' title='bbox 2029 1733 2182 1774; x_wconf 89' lang='lat' dir='ltr'><strong>sores</strong></span> <span class='ocrx_word' id='word_1_239' title='bbox 2209 1719 2390 1790; x_wconf 85' lang='lat' dir='ltr'><strong>Legis,</strong></span> <span class='ocrx_word' id='word_1_240' title='bbox 2419 1718 2656 1774; x_wconf 84' lang='lat' dir='ltr'><strong>docentes</strong></span> <span class='ocrx_word' id='word_1_241' title='bbox 2683 1736 2784 1774; x_wconf 88' lang='lat' dir='ltr'><strong>non</strong></span> <span class='ocrx_word' id='word_1_242' title='bbox 2809 1719 2995 1790; x_wconf 76' lang='lat' dir='ltr'><strong>furari,</strong></span> <span class='ocrx_word' id='word_1_243' title='bbox 3026 1729 3072 1774; x_wconf 85' lang='lat' dir='ltr'><strong>et</strong></span> <span class='ocrx_word' id='word_1_244' title='bbox 3103 1719 3353 1789; x_wconf 74' lang='lat' dir='ltr'><strong>furantes,</strong></span> <span class='ocrx_word' id='word_1_245' title='bbox 3383 1730 3441 1776; x_wconf 92' lang='lat' dir='ltr'><strong>ut</strong></span> <span class='ocrx_word' id='word_1_246' title='bbox 3467 1720 3633 1777; x_wconf 89' lang='lat' dir='ltr'><strong>homo</strong></span> 
     </span>
    </p>
   </div>
   <div class='ocr_carea' id='block_1_33' title="bbox 326 1811 3630 1892">
    <p class='ocr_par' dir='ltr' id='par_1_33' title="bbox 326 1811 3630 1892">
     <span class='ocr_line' id='line_1_33' title="bbox 326 1811 3630 1892; baseline -0.001 -18"><span class='ocrx_word' id='word_1_247' title='bbox 326 1819 586 1876; x_wconf 88' lang='lat' dir='ltr'><strong>mittenda</strong></span> <span class='ocrx_word' id='word_1_248' title='bbox 626 1836 745 1891; x_wconf 74' lang='lat' dir='ltr'><strong>qua:</strong></span> <span class='ocrx_word' id='word_1_249' title='bbox 771 1821 967 1890; x_wconf 64' lang='grc' dir='ltr'><strong>ειηιιὶιιε</strong></span> <span class='ocrx_word' id='word_1_250' title='bbox 989 1829 1362 1876; x_wconf 90' lang='lat' dir='ltr'><strong>occurrerunt.</strong></span> <span class='ocrx_word' id='word_1_251' title='bbox 1396 1820 1549 1891; x_wconf 81' lang='lat' dir='ltr'><strong>Piget</strong></span> <span class='ocrx_word' id='word_1_252' title='bbox 1573 1820 1640 1876; x_wconf 90' lang='lat' dir='ltr'><strong>de</strong></span> <span class='ocrx_word' id='word_1_253' title='bbox 1656 1821 1798 1892; x_wconf 82' lang='lat' dir='ltr'><strong>Lege</strong></span> <span class='ocrx_word' id='word_1_254' title='bbox 1823 1821 1920 1877; x_wconf 82' lang='lat' dir='ltr'><strong>ad—</strong></span> <span class='ocrx_word' id='word_1_255' title='bbox 1953 1813 2001 1874; x_wconf 91' lang='lat' dir='ltr'><strong>B</strong></span> <span class='ocrx_word' id='word_1_256' title='bbox 2032 1811 2124 1868; x_wconf 82' lang='lat' dir='ltr'><strong>Dei</strong></span> <span class='ocrx_word' id='word_1_257' title='bbox 2143 1811 2298 1883; x_wconf 75' lang='lat' dir='ltr'><strong>lcgiS,</strong></span> <span class='ocrx_word' id='word_1_258' title='bbox 2322 1826 2432 1868; x_wconf 85' lang='lat' dir='ltr'><strong>non</strong></span> <span class='ocrx_word' id='word_1_259' title='bbox 2455 1811 2840 1869; x_wconf 80' lang='lat' dir='ltr'><strong>ulCrealorem</strong></span> <span class='ocrx_word' id='word_1_260' title='bbox 2863 1812 3038 1884; x_wconf 86' lang='lat' dir='ltr'><strong>ipsum</strong></span> <span class='ocrx_word' id='word_1_261' title='bbox 3066 1811 3150 1868; x_wconf 87' lang='lat' dir='ltr'><strong>his</strong></span> <span class='ocrx_word' id='word_1_262' title='bbox 3177 1813 3355 1869; x_wconf 91' lang='lat' dir='ltr'><strong>modis</strong></span> <span class='ocrx_word' id='word_1_263' title='bbox 3380 1822 3630 1886; x_wconf 81' lang='lat' dir='ltr'><strong>tangens,</strong></span> 
     </span>
    </p>
   </div>
   <div class='ocr_carea' id='block_1_34' title="bbox 331 1911 1922 1985">
    <p class='ocr_par' dir='ltr' id='par_1_34' title="bbox 331 1911 1922 1985">
     <span class='ocr_line' id='line_1_34' title="bbox 331 1911 1922 1985; baseline 0.003 -20"><span class='ocrx_word' id='word_1_264' title='bbox 331 1911 439 1966; x_wconf 91' lang='lat' dir='ltr'><strong>huc</strong></span> <span class='ocrx_word' id='word_1_265' title='bbox 466 1911 740 1982; x_wconf 87' lang='lat' dir='ltr'><strong>congredi,</strong></span> <span class='ocrx_word' id='word_1_266' title='bbox 761 1912 848 1982; x_wconf 87' lang='lat' dir='ltr'><strong>qui</strong></span> <span class='ocrx_word' id='word_1_267' title='bbox 878 1912 1036 1966; x_wconf 88' lang='lat' dir='ltr'><strong>toties</strong></span> <span class='ocrx_word' id='word_1_268' title='bbox 1057 1911 1135 1985; x_wconf 87' lang='lat' dir='ltr'><strong>(t)</strong></span> <span class='ocrx_word' id='word_1_269' title='bbox 1162 1911 1495 1982; x_wconf 87' lang='lat' dir='ltr'><strong>probaverim</strong></span> <span class='ocrx_word' id='word_1_270' title='bbox 1517 1915 1922 1970; x_wconf 89' lang='lat' dir='ltr'><strong>concessionem</strong></span> 
     </span>
    </p>
   </div>
   <div class='ocr_carea' id='block_1_35' title="bbox 330 2004 1922 2076">
    <p class='ocr_par' dir='ltr' id='par_1_35' title="bbox 330 2004 1922 2076">
     <span class='ocr_line' id='line_1_35' title="bbox 330 2004 1922 2076; baseline 0.004 -18"><span class='ocrx_word' id='word_1_271' title='bbox 330 2005 412 2076; x_wconf 74' lang='lat'><strong>(2)</strong></span> <span class='ocrx_word' id='word_1_272' title='bbox 443 2004 558 2074; x_wconf 80' lang='lat' dir='ltr'><strong>ejus</strong></span> <span class='ocrx_word' id='word_1_273' title='bbox 577 2005 778 2060; x_wconf 90' lang='lat' dir='ltr'><strong>nullum</strong></span> <span class='ocrx_word' id='word_1_274' title='bbox 800 2015 1176 2076; x_wconf 85' lang='lat' dir='ltr'><strong>argumentum</strong></span> <span class='ocrx_word' id='word_1_275' title='bbox 1207 2014 1465 2076; x_wconf 66' lang='lat' dir='ltr'><strong>praestare</strong></span> <span class='ocrx_word' id='word_1_276' title='bbox 1491 2005 1688 2062; x_wconf 88' lang='lat' dir='ltr'><strong>diversi</strong></span> <span class='ocrx_word' id='word_1_277' title='bbox 1718 2007 1838 2074; x_wconf 88' lang='lat' dir='ltr'><strong>Dei,</strong></span> <span class='ocrx_word' id='word_1_278' title='bbox 1868 2009 1922 2065; x_wconf 87' lang='lat' dir='ltr'><strong>in</strong></span> 
     </span>
    </p>
   </div>
   <div class='ocr_carea' id='block_1_36' title="bbox 326 2097 1925 2169">
    <p class='ocr_par' dir='ltr' id='par_1_36' title="bbox 326 2097 1925 2169">
     <span class='ocr_line' id='line_1_36' title="bbox 326 2097 1925 2169; baseline 0.003 -17"><span class='ocrx_word' id='word_1_279' title='bbox 326 2097 545 2152; x_wconf 88' lang='lat' dir='ltr'><strong>Christo</strong></span> <span class='ocrx_word' id='word_1_280' title='bbox 579 2098 919 2168; x_wconf 70' lang='lat' dir='ltr'><strong>prmdicatam</strong></span> <span class='ocrx_word' id='word_1_281' title='bbox 949 2099 1173 2164; x_wconf 89' lang='lat' dir='ltr'><strong>scilicet,</strong></span> <span class='ocrx_word' id='word_1_282' title='bbox 1201 2107 1254 2153; x_wconf 90' lang='lat' dir='ltr'><strong>et</strong></span> <span class='ocrx_word' id='word_1_283' title='bbox 1273 2100 1654 2169; x_wconf 89' lang='lat' dir='ltr'><strong>repromissam</strong></span> <span class='ocrx_word' id='word_1_284' title='bbox 1683 2099 1738 2156; x_wconf 90' lang='lat' dir='ltr'><strong>in</strong></span> <span class='ocrx_word' id='word_1_285' title='bbox 1767 2100 1925 2156; x_wconf 84' lang='lat' dir='ltr'><strong>Chri-</strong></span> 
     </span>
    </p>
   </div>
   <div class='ocr_carea' id='block_1_37' title="bbox 326 2191 1924 2267">
    <p class='ocr_par' dir='ltr' id='par_1_37' title="bbox 326 2191 1924 2267">
     <span class='ocr_line' id='line_1_37' title="bbox 326 2191 1924 2267; baseline 0.004 -22"><span class='ocrx_word' id='word_1_286' title='bbox 326 2198 470 2245; x_wconf 82' lang='lat' dir='ltr'><strong>stum</strong></span> <span class='ocrx_word' id='word_1_287' title='bbox 495 2191 634 2260; x_wconf 90' lang='lat' dir='ltr'><strong>apud</strong></span> <span class='ocrx_word' id='word_1_288' title='bbox 658 2191 994 2258; x_wconf 87' lang='lat' dir='ltr'><strong>Creatorem,</strong></span> <span class='ocrx_word' id='word_1_289' title='bbox 1021 2203 1286 2263; x_wconf 89' lang='lat' dir='ltr'><strong>quatenus</strong></span> <span class='ocrx_word' id='word_1_290' title='bbox 1313 2201 1368 2247; x_wconf 90' lang='lat' dir='ltr'><strong>et</strong></span> <span class='ocrx_word' id='word_1_291' title='bbox 1401 2194 1514 2263; x_wconf 90' lang='lat' dir='ltr'><strong>ipse</strong></span> <span class='ocrx_word' id='word_1_292' title='bbox 1534 2194 1824 2264; x_wconf 82' lang='lat' dir='ltr'><strong>Apostolus</strong></span> <span class='ocrx_word' id='word_1_293' title='bbox 1844 2196 1924 2267; x_wconf 78' lang='lat'><strong>(3)</strong></span> 
     </span>
    </p>
   </div>
   <div class='ocr_carea' id='block_1_38' title="bbox 326 2283 1920 2357">
    <p class='ocr_par' dir='ltr' id='par_1_38' title="bbox 326 2283 1920 2357">
     <span class='ocr_line' id='line_1_38' title="bbox 326 2283 1920 2357; baseline 0.004 -20"><span class='ocrx_word' id='word_1_294' title='bbox 326 2283 498 2353; x_wconf 80' lang='lat' dir='ltr'><strong>legem</strong></span> <span class='ocrx_word' id='word_1_295' title='bbox 523 2285 810 2354; x_wconf 88' lang='lat' dir='ltr'><strong>plurimum</strong></span> <span class='ocrx_word' id='word_1_296' title='bbox 839 2285 1051 2341; x_wconf 87' lang='lat' dir='ltr'><strong>videtur</strong></span> <span class='ocrx_word' id='word_1_297' title='bbox 1069 2285 1358 2342; x_wconf 83' lang='lat' dir='ltr'><strong>excludere</strong></span> <span class='ocrx_word' id='word_1_298' title='bbox 1384 2285 1564 2357; x_wconf 80' lang='lat' dir='ltr'><strong>(Rom,</strong></span> <span class='ocrx_word' id='word_1_299' title='bbox 1592 2287 1634 2355; x_wconf 91' lang='lat' dir='ltr'><strong>l,</strong></span> <span class='ocrx_word' id='word_1_300' title='bbox 1668 2287 1732 2355; x_wconf 92' lang='lat' dir='ltr'><strong>ll,</strong></span> <span class='ocrx_word' id='word_1_301' title='bbox 1760 2287 1920 2357; x_wconf 83' lang='lat' dir='ltr'><strong>lll,V,</strong></span> 
     </span>
    </p>
   </div>
   <div class='ocr_carea' id='block_1_39' title="bbox 325 2374 1921 2451">
    <p class='ocr_par' dir='ltr' id='par_1_39' title="bbox 325 2374 1921 2451">
     <span class='ocr_line' id='line_1_39' title="bbox 325 2374 1921 2451; baseline 0.004 -19"><span class='ocrx_word' id='word_1_302' title='bbox 325 2374 560 2448; x_wconf 77' lang='lat' dir='ltr'><strong>VLVli).</strong></span> <span class='ocrx_word' id='word_1_303' title='bbox 583 2377 687 2434; x_wconf 90' lang='lat' dir='ltr'><strong>Sed</strong></span> <span class='ocrx_word' id='word_1_304' title='bbox 709 2391 763 2434; x_wconf 88' lang='lat' dir='ltr'><strong>et</strong></span> <span class='ocrx_word' id='word_1_305' title='bbox 777 2378 1016 2450; x_wconf 91' lang='lat' dir='ltr'><strong>judicem</strong></span> <span class='ocrx_word' id='word_1_306' title='bbox 1041 2380 1209 2436; x_wconf 91' lang='lat' dir='ltr'><strong>Deum</strong></span> <span class='ocrx_word' id='word_1_307' title='bbox 1232 2379 1301 2435; x_wconf 92' lang='lat' dir='ltr'><strong>ab</strong></span> <span class='ocrx_word' id='word_1_308' title='bbox 1320 2381 1578 2451; x_wconf 82' lang='lat' dir='ltr'><strong>Apostolo</strong></span> <span class='ocrx_word' id='word_1_309' title='bbox 1590 2382 1921 2439; x_wconf 80' lang='lat' dir='ltr'><strong>circumferri</strong></span> 
     </span>
    </p>
   </div>
   <div class='ocr_carea' id='block_1_40' title="bbox 328 2471 1922 2541">
    <p class='ocr_par' dir='ltr' id='par_1_40' title="bbox 328 2471 1922 2541">
     <span class='ocr_line' id='line_1_40' title="bbox 328 2471 1922 2541; baseline 0.005 -18"><span class='ocrx_word' id='word_1_310' title='bbox 328 2483 475 2540; x_wconf 64' lang='lat' dir='ltr'><strong>saepe</strong></span> <span class='ocrx_word' id='word_1_311' title='bbox 501 2471 610 2539; x_wconf 90' lang='lat' dir='ltr'><strong>jam</strong></span> <span class='ocrx_word' id='word_1_312' title='bbox 641 2471 996 2536; x_wconf 86' lang='lat' dir='ltr'><strong>ostendimus,</strong></span> <span class='ocrx_word' id='word_1_313' title='bbox 1025 2479 1081 2526; x_wconf 85' lang='lat' dir='ltr'><strong>et</strong></span> <span class='ocrx_word' id='word_1_314' title='bbox 1109 2473 1162 2528; x_wconf 91' lang='lat' dir='ltr'><strong>in</strong></span> <span class='ocrx_word' id='word_1_315' title='bbox 1182 2471 1372 2541; x_wconf 89' lang='lat' dir='ltr'><strong>&#39;judice</strong></span> <span class='ocrx_word' id='word_1_316' title='bbox 1409 2472 1659 2541; x_wconf 90' lang='lat' dir='ltr'><strong>ultorem,</strong></span> <span class='ocrx_word' id='word_1_317' title='bbox 1685 2482 1740 2530; x_wconf 89' lang='lat' dir='ltr'><strong>et</strong></span> <span class='ocrx_word' id='word_1_318' title='bbox 1764 2490 1922 2531; x_wconf 89' lang='lat' dir='ltr'><strong>crea-</strong></span> 
     </span>
    </p>
   </div>
   <div class='ocr_carea' id='block_1_41' title="bbox 331 2563 1923 2635">
    <p class='ocr_par' dir='ltr' id='par_1_41' title="bbox 331 2563 1923 2635">
     <span class='ocr_line' id='line_1_41' title="bbox 331 2563 1923 2635; baseline 0.004 -20"><span class='ocrx_word' id='word_1_319' title='bbox 331 2571 506 2616; x_wconf 89' lang='lat' dir='ltr'><strong>torem</strong></span> <span class='ocrx_word' id='word_1_320' title='bbox 531 2564 582 2617; x_wconf 92' lang='lat' dir='ltr'><strong>in</strong></span> <span class='ocrx_word' id='word_1_321' title='bbox 611 2564 802 2619; x_wconf 87' lang='lat' dir='ltr'><strong>ultore.</strong></span> <span class='ocrx_word' id='word_1_322' title='bbox 838 2563 1023 2635; x_wconf 84' lang='lat' dir='ltr'><strong>Itaque</strong></span> <span class='ocrx_word' id='word_1_323' title='bbox 1052 2573 1107 2618; x_wconf 90' lang='lat' dir='ltr'><strong>ct</strong></span> <span class='ocrx_word' id='word_1_324' title='bbox 1137 2564 1226 2619; x_wconf 92' lang='lat' dir='ltr'><strong>hic</strong></span> <span class='ocrx_word' id='word_1_325' title='bbox 1255 2578 1378 2619; x_wconf 90' lang='lat' dir='ltr'><strong>cum</strong></span> <span class='ocrx_word' id='word_1_326' title='bbox 1408 2563 1540 2620; x_wconf 88' lang='lat' dir='ltr'><strong>dicit</strong></span> <span class='ocrx_word' id='word_1_327' title='bbox 1571 2585 1584 2621; x_wconf 90' lang='lat'><strong>:</strong></span> <span class='ocrx_word' id='word_1_328' title='bbox 1618 2564 1742 2622; x_wconf 90' lang='lat' dir='ltr'><strong>Non</strong></span> <span class='ocrx_word' id='word_1_329' title='bbox 1787 2568 1923 2622; x_wconf 88' lang='lat' dir='ltr'><strong>enim</strong></span> 
     </span>
    </p>
   </div>
   <div class='ocr_carea' id='block_1_42' title="bbox 329 2657 1924 2730">
    <p class='ocr_par' dir='ltr' id='par_1_42' title="bbox 329 2657 1924 2730">
     <span class='ocr_line' id='line_1_42' title="bbox 329 2657 1924 2730; baseline 0.004 -20"><span class='ocrx_word' id='word_1_330' title='bbox 329 2673 412 2710; x_wconf 89' lang='lat' dir='ltr'><strong>me</strong></span> <span class='ocrx_word' id='word_1_331' title='bbox 432 2657 588 2729; x_wconf 87' lang='lat' dir='ltr'><strong>pudet</strong></span> <span class='ocrx_word' id='word_1_332' title='bbox 624 2657 888 2730; x_wconf 75' lang='lat' dir='ltr'><strong>Evangelii</strong></span> <span class='ocrx_word' id='word_1_333' title='bbox 917 2674 934 2722; x_wconf 89' lang='lat'><em>;</em></span> <span class='ocrx_word' id='word_1_334' title='bbox 983 2658 1142 2714; x_wconf 81' lang='lat' dir='ltr'><strong>uirtus</strong></span> <span class='ocrx_word' id='word_1_335' title='bbox 1190 2659 1324 2713; x_wconf 86' lang='lat' dir='ltr'><strong>enim</strong></span> <span class='ocrx_word' id='word_1_336' title='bbox 1359 2657 1456 2713; x_wconf 85' lang='lat' dir='ltr'><strong>Dei</strong></span> <span class='ocrx_word' id='word_1_337' title='bbox 1502 2668 1578 2714; x_wconf 85' lang='lat' dir='ltr'><strong>est</strong></span> <span class='ocrx_word' id='word_1_338' title='bbox 1615 2659 1669 2714; x_wconf 89' lang='lat' dir='ltr'><strong>in</strong></span> <span class='ocrx_word' id='word_1_339' title='bbox 1709 2661 1924 2716; x_wconf 85' lang='lat' dir='ltr'><strong>salutem</strong></span> 
     </span>
    </p>
   </div>
   <div class='ocr_carea' id='block_1_43' title="bbox 328 2750 1924 2824">
    <p class='ocr_par' dir='ltr' id='par_1_43' title="bbox 328 2750 1924 2824">
     <span class='ocr_line' id='line_1_43' title="bbox 328 2750 1924 2824; baseline 0.004 -22"><span class='ocrx_word' id='word_1_340' title='bbox 328 2750 468 2802; x_wconf 88' lang='lat' dir='ltr'><strong>omni</strong></span> <span class='ocrx_word' id='word_1_341' title='bbox 491 2750 712 2804; x_wconf 84' lang='lat' dir='ltr'><strong>credenti</strong></span> <span class='ocrx_word' id='word_1_342' title='bbox 740 2793 754 2816; x_wconf 96' lang='lat'><strong>,</strong></span> <span class='ocrx_word' id='word_1_343' title='bbox 781 2750 967 2806; x_wconf 74' lang='lat' dir='ltr'><strong>Judwo</strong></span> <span class='ocrx_word' id='word_1_344' title='bbox 991 2762 1036 2808; x_wconf 91' lang='lat' dir='ltr'><strong>et</strong></span> <span class='ocrx_word' id='word_1_345' title='bbox 1067 2751 1265 2816; x_wconf 70' lang='grc' dir='ltr'><strong>(ἐτωεο,</strong></span> <span class='ocrx_word' id='word_1_346' title='bbox 1299 2753 1420 2822; x_wconf 84' lang='lat' dir='ltr'><strong>quia</strong></span> <span class='ocrx_word' id='word_1_347' title='bbox 1441 2752 1645 2824; x_wconf 83' lang='lat' dir='ltr'><strong>justitia</strong></span> <span class='ocrx_word' id='word_1_348' title='bbox 1676 2751 1772 2807; x_wconf 85' lang='lat' dir='ltr'><strong>Dei</strong></span> <span class='ocrx_word' id='word_1_349' title='bbox 1790 2753 1842 2808; x_wconf 87' lang='lat' dir='ltr'><strong>in</strong></span> <span class='ocrx_word' id='word_1_350' title='bbox 1867 2770 1924 2808; x_wconf 81' lang='lat' dir='ltr'><strong>eo</strong></span> 
     </span>
    </p>
   </div>
   <div class='ocr_carea' id='block_1_44' title="bbox 326 2843 1925 2916">
    <p class='ocr_par' dir='ltr' id='par_1_44' title="bbox 326 2843 1925 2916">
     <span class='ocr_line' id='line_1_44' title="bbox 326 2843 1925 2916; baseline 0.005 -21"><span class='ocrx_word' id='word_1_351' title='bbox 326 2843 584 2895; x_wconf 85' lang='lat' dir='ltr'><strong>revelatur</strong></span> <span class='ocrx_word' id='word_1_352' title='bbox 609 2885 622 2907; x_wconf 94' lang='lat'><strong>,</strong></span> <span class='ocrx_word' id='word_1_353' title='bbox 663 2858 726 2896; x_wconf 78' lang='lat' dir='ltr'><strong>ea:</strong></span> <span class='ocrx_word' id='word_1_354' title='bbox 745 2843 848 2910; x_wconf 82' lang='lat' dir='ltr'><strong>ﬁde</strong></span> <span class='ocrx_word' id='word_1_355' title='bbox 894 2845 947 2897; x_wconf 88' lang='lat' dir='ltr'><strong>in</strong></span> <span class='ocrx_word' id='word_1_356' title='bbox 991 2843 1143 2913; x_wconf 78' lang='lat' dir='ltr'><strong>ﬁdem</strong></span> <span class='ocrx_word' id='word_1_357' title='bbox 1171 2860 1186 2909; x_wconf 89' lang='lat'><strong>;</strong></span> <span class='ocrx_word' id='word_1_358' title='bbox 1216 2844 1335 2899; x_wconf 88' lang='lat' dir='ltr'><strong>sine</strong></span> <span class='ocrx_word' id='word_1_359' title='bbox 1385 2843 1550 2914; x_wconf 77' lang='lat' dir='ltr'><strong>dubio</strong></span> <span class='ocrx_word' id='word_1_360' title='bbox 1594 2853 1650 2900; x_wconf 88' lang='lat' dir='ltr'><strong>et</strong></span> <span class='ocrx_word' id='word_1_361' title='bbox 1678 2845 1925 2916; x_wconf 81' lang='lat' dir='ltr'><strong>Evange-</strong></span> 
     </span>
    </p>
   </div>
   <div class='ocr_carea' id='block_1_45' title="bbox 327 2934 1924 3008">
    <p class='ocr_par' dir='ltr' id='par_1_45' title="bbox 327 2934 1924 3008">
     <span class='ocr_line' id='line_1_45' title="bbox 327 2934 1924 3008; baseline 0.005 -21"><span class='ocrx_word' id='word_1_362' title='bbox 327 2934 460 2988; x_wconf 91' lang='lat' dir='ltr'><strong>lium</strong></span> <span class='ocrx_word' id='word_1_363' title='bbox 485 2943 537 2988; x_wconf 90' lang='lat' dir='ltr'><strong>et</strong></span> <span class='ocrx_word' id='word_1_364' title='bbox 567 2934 797 2990; x_wconf 89' lang='lat' dir='ltr'><strong>salutem</strong></span> <span class='ocrx_word' id='word_1_365' title='bbox 834 2936 982 3006; x_wconf 91' lang='lat' dir='ltr'><strong>justo</strong></span> <span class='ocrx_word' id='word_1_366' title='bbox 1010 2935 1122 2992; x_wconf 90' lang='lat' dir='ltr'><strong>Deo</strong></span> <span class='ocrx_word' id='word_1_367' title='bbox 1143 2935 1388 3008; x_wconf 85' lang='lat' dir='ltr'><strong>deputat,</strong></span> <span class='ocrx_word' id='word_1_368' title='bbox 1417 2952 1524 2993; x_wconf 89' lang='lat' dir='ltr'><strong>non</strong></span> <span class='ocrx_word' id='word_1_369' title='bbox 1556 2937 1699 2993; x_wconf 88' lang='lat' dir='ltr'><strong>bono</strong></span> <span class='ocrx_word' id='word_1_370' title='bbox 1733 2981 1748 3006; x_wconf 92' lang='lat'><strong>,</strong></span> <span class='ocrx_word' id='word_1_371' title='bbox 1775 2948 1832 2994; x_wconf 90' lang='lat' dir='ltr'><strong>ut</strong></span> <span class='ocrx_word' id='word_1_372' title='bbox 1853 2940 1924 2995; x_wconf 90' lang='lat' dir='ltr'><strong>ita</strong></span> 
     </span>
    </p>
   </div>
   <div class='ocr_carea' id='block_1_46' title="bbox 335 3025 1924 3095">
    <p class='ocr_par' dir='ltr' id='par_1_46' title="bbox 335 3025 1924 3095">
     <span class='ocr_line' id='line_1_46' title="bbox 335 3025 1924 3095; baseline 0.005 -15"><span class='ocrx_word' id='word_1_373' title='bbox 335 3025 566 3081; x_wconf 73' lang='lat' dir='ltr'><strong>dixerim</strong></span> <span class='ocrx_word' id='word_1_374' title='bbox 594 3069 611 3095; x_wconf 93' lang='lat'><strong>,</strong></span> <span class='ocrx_word' id='word_1_375' title='bbox 645 3028 942 3084; x_wconf 88' lang='lat' dir='ltr'><strong>secundum</strong></span> <span class='ocrx_word' id='word_1_376' title='bbox 965 3027 1204 3084; x_wconf 63' lang='lat' dir='ltr'><strong>haeretici</strong></span> <span class='ocrx_word' id='word_1_377' title='bbox 1237 3027 1659 3095; x_wconf 87' lang='lat' dir='ltr'><strong>distinctionem,</strong></span> <span class='ocrx_word' id='word_1_378' title='bbox 1692 3031 1924 3088; x_wconf 60' lang='lat' dir='ltr'><strong>transfe-</strong></span> 
     </span>
    </p>
   </div>
   <div class='ocr_carea' id='block_1_47' title="bbox 329 3119 1925 3192">
    <p class='ocr_par' dir='ltr' id='par_1_47' title="bbox 329 3119 1925 3192">
     <span class='ocr_line' id='line_1_47' title="bbox 329 3119 1925 3192; baseline 0.003 -18"><span class='ocrx_word' id='word_1_379' title='bbox 329 3120 468 3174; x_wconf 90' lang='lat' dir='ltr'><strong>renti</strong></span> <span class='ocrx_word' id='word_1_380' title='bbox 501 3135 566 3173; x_wconf 84' lang='lat' dir='ltr'><strong>ex</strong></span> <span class='ocrx_word' id='word_1_381' title='bbox 594 3119 696 3176; x_wconf 88' lang='lat' dir='ltr'><strong>fide</strong></span> <span class='ocrx_word' id='word_1_382' title='bbox 734 3120 891 3191; x_wconf 84' lang='lat' dir='ltr'><strong>Legis</strong></span> <span class='ocrx_word' id='word_1_383' title='bbox 942 3122 993 3176; x_wconf 91' lang='lat' dir='ltr'><strong>in</strong></span> <span class='ocrx_word' id='word_1_384' title='bbox 1037 3119 1196 3177; x_wconf 79' lang='lat' dir='ltr'><strong>fidem</strong></span> <span class='ocrx_word' id='word_1_385' title='bbox 1246 3121 1692 3191; x_wconf 80' lang='lat' dir='ltr'><strong>Evangelii;su:c</strong></span> <span class='ocrx_word' id='word_1_386' title='bbox 1739 3122 1925 3192; x_wconf 83' lang='lat' dir='ltr'><strong>utique</strong></span> 
     </span>
    </p>
   </div>
   <div class='ocr_carea' id='block_1_48' title="bbox 2027 1903 3630 1978">
    <p class='ocr_par' dir='ltr' id='par_1_48' title="bbox 2027 1903 3630 1978">
     <span class='ocr_line' id='line_1_48' title="bbox 2027 1903 3630 1978; baseline 0 -18"><span class='ocrx_word' id='word_1_387' title='bbox 2027 1905 2118 1977; x_wconf 89' lang='lat' dir='ltr'><strong>qui</strong></span> <span class='ocrx_word' id='word_1_388' title='bbox 2141 1917 2195 1962; x_wconf 90' lang='lat' dir='ltr'><strong>et</strong></span> <span class='ocrx_word' id='word_1_389' title='bbox 2223 1903 2388 1961; x_wconf 87' lang='lat' dir='ltr'><strong>furari</strong></span> <span class='ocrx_word' id='word_1_390' title='bbox 2418 1913 2630 1974; x_wconf 88' lang='lat' dir='ltr'><strong>vetans,</strong></span> <span class='ocrx_word' id='word_1_391' title='bbox 2665 1904 2908 1960; x_wconf 90' lang='lat' dir='ltr'><strong>fraudem</strong></span> <span class='ocrx_word' id='word_1_392' title='bbox 2939 1904 3278 1960; x_wconf 83' lang='lat' dir='ltr'><strong>mandaverit</strong></span> <span class='ocrx_word' id='word_1_393' title='bbox 3319 1906 3372 1961; x_wconf 91' lang='lat' dir='ltr'><strong>in</strong></span> <span class='ocrx_word' id='word_1_394' title='bbox 3421 1905 3630 1978; x_wconf 65' lang='lat' dir='ltr'><strong>Egyp-</strong></span> 
     </span>
    </p>
   </div>
   <div class='ocr_carea' id='block_1_49' title="bbox 2029 1998 3630 2070">
    <p class='ocr_par' dir='ltr' id='par_1_49' title="bbox 2029 1998 3630 2070">
     <span class='ocr_line' id='line_1_49' title="bbox 2029 1998 3630 2070; baseline 0.001 -16"><span class='ocrx_word' id='word_1_395' title='bbox 2029 1999 2132 2054; x_wconf 87' lang='lat' dir='ltr'><strong>tios</strong></span> <span class='ocrx_word' id='word_1_396' title='bbox 2161 1998 2277 2054; x_wconf 91' lang='lat' dir='ltr'><strong>auri</strong></span> <span class='ocrx_word' id='word_1_397' title='bbox 2323 2009 2379 2054; x_wconf 93' lang='lat' dir='ltr'><strong>et</strong></span> <span class='ocrx_word' id='word_1_398' title='bbox 2423 1999 2667 2068; x_wconf 82' lang='lat' dir='ltr'><strong>argenti,</strong></span> <span class='ocrx_word' id='word_1_399' title='bbox 2695 1998 3146 2070; x_wconf 82' lang='lat' dir='ltr'><strong>quemadmodum</strong></span> <span class='ocrx_word' id='word_1_400' title='bbox 3178 2007 3237 2054; x_wconf 91' lang='lat' dir='ltr'><strong>et</strong></span> <span class='ocrx_word' id='word_1_401' title='bbox 3258 2007 3453 2056; x_wconf 64' lang='lat' dir='ltr'><strong>caetera</strong></span> <span class='ocrx_word' id='word_1_402' title='bbox 3481 2001 3534 2055; x_wconf 92' lang='lat' dir='ltr'><strong>in</strong></span> <span class='ocrx_word' id='word_1_403' title='bbox 3562 2001 3630 2056; x_wconf 87' lang='lat' dir='ltr'><strong>il-</strong></span> 
     </span>
    </p>
   </div>
   <div class='ocr_carea' id='block_1_50' title="bbox 2027 2090 3632 2162">
    <p class='ocr_par' dir='ltr' id='par_1_50' title="bbox 2027 2090 3632 2162">
     <span class='ocr_line' id='line_1_50' title="bbox 2027 2090 3632 2162; baseline 0 -14"><span class='ocrx_word' id='word_1_404' title='bbox 2027 2091 2138 2148; x_wconf 90' lang='lat' dir='ltr'><strong>lum</strong></span> <span class='ocrx_word' id='word_1_405' title='bbox 2165 2100 2499 2162; x_wconf 88' lang='lat' dir='ltr'><strong>retorquent.</strong></span> <span class='ocrx_word' id='word_1_406' title='bbox 2539 2091 2759 2148; x_wconf 91' lang='lat' dir='ltr'><strong>Scilicet</strong></span> <span class='ocrx_word' id='word_1_407' title='bbox 2786 2090 3078 2162; x_wconf 82' lang='lat' dir='ltr'><strong>Apostolus</strong></span> <span class='ocrx_word' id='word_1_408' title='bbox 3108 2091 3396 2148; x_wconf 88' lang='lat' dir='ltr'><strong>verebatur</strong></span> <span class='ocrx_word' id='word_1_409' title='bbox 3438 2093 3632 2148; x_wconf 81' lang='lat' dir='ltr'><strong>convi-</strong></span> 
     </span>
    </p>
   </div>
   <div class='ocr_carea' id='block_1_51' title="bbox 2027 2181 3625 2254">
    <p class='ocr_par' dir='ltr' id='par_1_51' title="bbox 2027 2181 3625 2254">
     <span class='ocr_line' id='line_1_51' title="bbox 2027 2181 3625 2254; baseline 0.001 -15"><span class='ocrx_word' id='word_1_410' title='bbox 2027 2183 2169 2240; x_wconf 91' lang='lat' dir='ltr'><strong>cium</strong></span> <span class='ocrx_word' id='word_1_411' title='bbox 2190 2183 2299 2239; x_wconf 92' lang='lat' dir='ltr'><strong>Deo</strong></span> <span class='ocrx_word' id='word_1_412' title='bbox 2329 2183 2502 2254; x_wconf 87' lang='lat' dir='ltr'><strong>palam</strong></span> <span class='ocrx_word' id='word_1_413' title='bbox 2529 2181 2729 2246; x_wconf 85' lang='lat' dir='ltr'><strong>facere,</strong></span> <span class='ocrx_word' id='word_1_414' title='bbox 2762 2196 2793 2238; x_wconf 88' lang='lat' dir='ltr'><strong>a</strong></span> <span class='ocrx_word' id='word_1_415' title='bbox 2832 2196 2939 2253; x_wconf 91' lang='lat' dir='ltr'><strong>quo</strong></span> <span class='ocrx_word' id='word_1_416' title='bbox 2965 2196 3073 2238; x_wconf 91' lang='lat' dir='ltr'><strong>non</strong></span> <span class='ocrx_word' id='word_1_417' title='bbox 3115 2182 3403 2242; x_wconf 84' lang='lat' dir='ltr'><strong>verebatur</strong></span> <span class='ocrx_word' id='word_1_418' title='bbox 3449 2183 3625 2240; x_wconf 86' lang='lat' dir='ltr'><strong>diver-</strong></span> 
     </span>
    </p>
   </div>
   <div class='ocr_carea' id='block_1_52' title="bbox 2028 2276 3625 2349">
    <p class='ocr_par' dir='ltr' id='par_1_52' title="bbox 2028 2276 3625 2349">
     <span class='ocr_line' id='line_1_52' title="bbox 2028 2276 3625 2349; baseline 0 -15"><span class='ocrx_word' id='word_1_419' title='bbox 2028 2277 2198 2334; x_wconf 81' lang='lat' dir='ltr'><strong>tisse?</strong></span> <span class='ocrx_word' id='word_1_420' title='bbox 2221 2277 2370 2334; x_wconf 83' lang='lat' dir='ltr'><strong>Adeo</strong></span> <span class='ocrx_word' id='word_1_421' title='bbox 2399 2286 2579 2333; x_wconf 91' lang='lat' dir='ltr'><strong>autem</strong></span> <span class='ocrx_word' id='word_1_422' title='bbox 2609 2276 2826 2332; x_wconf 70' lang='lat' dir='ltr'><strong>Iudaeos</strong></span> <span class='ocrx_word' id='word_1_423' title='bbox 2877 2277 3193 2342; x_wconf 88' lang='lat' dir='ltr'><strong>incesserat,</strong></span> <span class='ocrx_word' id='word_1_424' title='bbox 3223 2288 3282 2332; x_wconf 93' lang='lat' dir='ltr'><strong>ut</strong></span> <span class='ocrx_word' id='word_1_425' title='bbox 3337 2277 3625 2349; x_wconf 78' lang='lat' dir='ltr'><strong>ingesserit</strong></span> 
     </span>
    </p>
   </div>
   <div class='ocr_carea' id='block_1_53' title="bbox 2027 2369 3630 2444">
    <p class='ocr_par' dir='ltr' id='par_1_53' title="bbox 2027 2369 3630 2444">
     <span class='ocr_line' id='line_1_53' title="bbox 2027 2369 3630 2444; baseline 0.001 -16"><span class='ocrx_word' id='word_1_426' title='bbox 2027 2371 2402 2444; x_wconf 82' lang='lat' dir='ltr'><strong>propheticum</strong></span> <span class='ocrx_word' id='word_1_427' title='bbox 2430 2373 2878 2444; x_wconf 91' lang='lat' dir='ltr'><strong>increpationem.</strong></span> <span class='ocrx_word' id='word_1_428' title='bbox 2938 2369 3164 2442; x_wconf 84' lang='lat' dir='ltr'><strong>Pmpter</strong></span> <span class='ocrx_word' id='word_1_429' title='bbox 3211 2387 3300 2427; x_wconf 83' lang='lat' dir='ltr'><strong>ros</strong></span> <span class='ocrx_word' id='word_1_430' title='bbox 3326 2388 3508 2428; x_wconf 87' lang='lat' dir='ltr'><strong>nomen</strong></span> <span class='ocrx_word' id='word_1_431' title='bbox 3532 2372 3630 2429; x_wconf 86' lang='lat' dir='ltr'><strong>Dei</strong></span> 
     </span>
    </p>
   </div>
   <div class='ocr_carea' id='block_1_54' title="bbox 2028 2462 3630 2535">
    <p class='ocr_par' dir='ltr' id='par_1_54' title="bbox 2028 2462 3630 2535">
     <span class='ocr_line' id='line_1_54' title="bbox 2028 2462 3630 2535; baseline 0.001 -16"><span class='ocrx_word' id='word_1_432' title='bbox 2028 2463 2428 2535; x_wconf 82' lang='lat' dir='ltr'><strong>blasphematur.</strong></span> <span class='ocrx_word' id='word_1_433' title='bbox 2445 2464 2615 2532; x_wconf 86' lang='lat' dir='ltr'><strong>Quam</strong></span> <span class='ocrx_word' id='word_1_434' title='bbox 2646 2477 2778 2534; x_wconf 85' lang='lat' dir='ltr'><strong>ergo</strong></span> <span class='ocrx_word' id='word_1_435' title='bbox 2802 2475 3138 2533; x_wconf 82' lang='lat' dir='ltr'><strong>perversum,</strong></span> <span class='ocrx_word' id='word_1_436' title='bbox 3165 2474 3223 2518; x_wconf 92' lang='lat' dir='ltr'><strong>ut</strong></span> <span class='ocrx_word' id='word_1_437' title='bbox 3240 2462 3354 2534; x_wconf 90' lang='lat' dir='ltr'><strong>ipse</strong></span> <span class='ocrx_word' id='word_1_438' title='bbox 3379 2462 3630 2535; x_wconf 81' lang='lat' dir='ltr'><strong>blasphe-</strong></span> 
     </span>
    </p>
   </div>
   <div class='ocr_carea' id='block_1_55' title="bbox 2028 2555 3631 2628">
    <p class='ocr_par' dir='ltr' id='par_1_55' title="bbox 2028 2555 3631 2628">
     <span class='ocr_line' id='line_1_55' title="bbox 2028 2555 3631 2628; baseline 0.001 -16"><span class='ocrx_word' id='word_1_439' title='bbox 2028 2566 2202 2614; x_wconf 88' lang='lat' dir='ltr'><strong>maret</strong></span> <span class='ocrx_word' id='word_1_440' title='bbox 2230 2572 2376 2622; x_wconf 84' lang='lat' dir='ltr'><strong>eum,</strong></span> <span class='ocrx_word' id='word_1_441' title='bbox 2400 2557 2553 2626; x_wconf 90' lang='lat' dir='ltr'><strong>cujus</strong></span> <span class='ocrx_word' id='word_1_442' title='bbox 2577 2555 2986 2627; x_wconf 86' lang='lat' dir='ltr'><strong>blasphemandi</strong></span> <span class='ocrx_word' id='word_1_443' title='bbox 3014 2571 3205 2612; x_wconf 91' lang='lat' dir='ltr'><strong>caussa</strong></span> <span class='ocrx_word' id='word_1_444' title='bbox 3233 2555 3405 2612; x_wconf 83' lang='lat' dir='ltr'><strong>malos</strong></span> <span class='ocrx_word' id='word_1_445' title='bbox 3431 2571 3631 2628; x_wconf 78' lang='lat' dir='ltr'><strong>expro-</strong></span> 
     </span>
    </p>
   </div>
   <div class='ocr_carea' id='block_1_56' title="bbox 2029 2647 3628 2720">
    <p class='ocr_par' dir='ltr' id='par_1_56' title="bbox 2029 2647 3628 2720">
     <span class='ocr_line' id='line_1_56' title="bbox 2029 2647 3628 2720; baseline 0 -16"><span class='ocrx_word' id='word_1_446' title='bbox 2029 2648 2179 2704; x_wconf 89' lang='lat' dir='ltr'><strong>brat!</strong></span> <span class='ocrx_word' id='word_1_447' title='bbox 2215 2647 2440 2705; x_wconf 66' lang='lat' dir='ltr'><strong>Prtcfcrt</strong></span> <span class='ocrx_word' id='word_1_448' title='bbox 2460 2657 2506 2702; x_wconf 89' lang='lat' dir='ltr'><strong>et</strong></span> <span class='ocrx_word' id='word_1_449' title='bbox 2545 2648 2974 2704; x_wconf 88' lang='lat' dir='ltr'><strong>circumcisionem</strong></span> <span class='ocrx_word' id='word_1_450' title='bbox 3005 2648 3174 2704; x_wconf 87' lang='lat' dir='ltr'><strong>cordis</strong></span> <span class='ocrx_word' id='word_1_451' title='bbox 3200 2649 3580 2720; x_wconf 68' lang='lat' dir='ltr'><strong>pra&#39;putiationi</strong></span> <span class='ocrx_word' id='word_1_452' title='bbox 3608 2665 3628 2704; x_wconf 91' lang='lat'><em>:</em></span> 
     </span>
    </p>
   </div>
   <div class='ocr_carea' id='block_1_57' title="bbox 2028 2742 3626 2816">
    <p class='ocr_par' dir='ltr' id='par_1_57' title="bbox 2028 2742 3626 2816">
     <span class='ocr_line' id='line_1_57' title="bbox 2028 2742 3626 2816; baseline -0.001 -16"><span class='ocrx_word' id='word_1_453' title='bbox 2028 2743 2170 2816; x_wconf 81' lang='lat' dir='ltr'><strong>apud</strong></span> <span class='ocrx_word' id='word_1_454' title='bbox 2203 2743 2370 2798; x_wconf 87' lang='lat' dir='ltr'><strong>Deum</strong></span> <span class='ocrx_word' id='word_1_455' title='bbox 2400 2742 2480 2816; x_wconf 90' lang='lat'><strong>(9)</strong></span> <span class='ocrx_word' id='word_1_456' title='bbox 2523 2742 2705 2814; x_wconf 86' lang='lat' dir='ltr'><strong>Legis,</strong></span> <span class='ocrx_word' id='word_1_457' title='bbox 2736 2751 2824 2798; x_wconf 89' lang='lat' dir='ltr'><strong>est</strong></span> <span class='ocrx_word' id='word_1_458' title='bbox 2870 2742 3009 2798; x_wconf 87' lang='lat' dir='ltr'><strong>facta</strong></span> <span class='ocrx_word' id='word_1_459' title='bbox 3037 2742 3380 2798; x_wconf 86' lang='lat' dir='ltr'><strong>circumcisio</strong></span> <span class='ocrx_word' id='word_1_460' title='bbox 3419 2742 3626 2808; x_wconf 81' lang='lat' dir='ltr'><strong>cordis,</strong></span> 
     </span>
    </p>
   </div>
   <div class='ocr_carea' id='block_1_58' title="bbox 2028 2835 3629 2908">
    <p class='ocr_par' dir='ltr' id='par_1_58' title="bbox 2028 2835 3629 2908">
     <span class='ocr_line' id='line_1_58' title="bbox 2028 2835 3629 2908; baseline -0.001 -14"><span class='ocrx_word' id='word_1_461' title='bbox 2028 2854 2135 2894; x_wconf 91' lang='lat' dir='ltr'><strong>non</strong></span> <span class='ocrx_word' id='word_1_462' title='bbox 2159 2837 2338 2894; x_wconf 88' lang='lat' dir='ltr'><strong>carnis</strong></span> <span class='ocrx_word' id='word_1_463' title='bbox 2367 2853 2383 2903; x_wconf 91' lang='lat'><strong>;</strong></span> <span class='ocrx_word' id='word_1_464' title='bbox 2412 2837 2625 2908; x_wconf 85' lang='lat' dir='ltr'><strong>spiritu,</strong></span> <span class='ocrx_word' id='word_1_465' title='bbox 2660 2851 2767 2891; x_wconf 92' lang='lat' dir='ltr'><strong>non</strong></span> <span class='ocrx_word' id='word_1_466' title='bbox 2791 2835 2966 2891; x_wconf 86' lang='lat' dir='ltr'><strong>litera.</strong></span> <span class='ocrx_word' id='word_1_467' title='bbox 3009 2835 3164 2904; x_wconf 86' lang='lat' dir='ltr'><strong>Quod</strong></span> <span class='ocrx_word' id='word_1_468' title='bbox 3191 2835 3234 2892; x_wconf 89' lang='lat' dir='ltr'><strong>si</strong></span> <span class='ocrx_word' id='word_1_469' title='bbox 3259 2835 3376 2892; x_wconf 84' lang='lat' dir='ltr'><strong>ha:c</strong></span> <span class='ocrx_word' id='word_1_470' title='bbox 3395 2846 3478 2892; x_wconf 92' lang='lat' dir='ltr'><strong>est</strong></span> <span class='ocrx_word' id='word_1_471' title='bbox 3515 2837 3629 2893; x_wconf 85' lang='lat' dir='ltr'><strong>cir-</strong></span> 
     </span>
    </p>
   </div>
   <div class='ocr_carea' id='block_1_59' title="bbox 2027 2927 3627 3002">
    <p class='ocr_par' dir='ltr' id='par_1_59' title="bbox 2027 2927 3627 3002">
     <span class='ocr_line' id='line_1_59' title="bbox 2027 2927 3627 3002; baseline -0.002 -15"><span class='ocrx_word' id='word_1_472' title='bbox 2027 2930 2286 2987; x_wconf 90' lang='lat' dir='ltr'><strong>cumcisio</strong></span> <span class='ocrx_word' id='word_1_473' title='bbox 2309 2928 2826 3002; x_wconf 72' lang='lat' dir='ltr'><strong>llieremia3(lerem.</strong></span> <span class='ocrx_word' id='word_1_474' title='bbox 2851 2927 2942 2994; x_wconf 74' lang='grc' dir='ltr'><strong>ιγ,</strong></span> <span class='ocrx_word' id='word_1_475' title='bbox 2970 2930 3030 2999; x_wconf 70' lang='grc'><strong>4)</strong></span> <span class='ocrx_word' id='word_1_476' title='bbox 3061 2927 3162 2984; x_wconf 84' lang='lat' dir='ltr'><strong>:Et</strong></span> <span class='ocrx_word' id='word_1_477' title='bbox 3195 2929 3627 2985; x_wconf 83' lang='lat' dir='ltr'><strong>circumcidemini</strong></span> 
     </span>
    </p>
   </div>
   <div class='ocr_carea' id='block_1_60' title="bbox 2028 3019 3624 3094">
    <p class='ocr_par' dir='ltr' id='par_1_60' title="bbox 2028 3019 3624 3094">
     <span class='ocr_line' id='line_1_60' title="bbox 2028 3019 3624 3094; baseline -0.002 -15"><span class='ocrx_word' id='word_1_478' title='bbox 2028 3024 2284 3094; x_wconf 64' lang='lat' dir='ltr'><strong>praeputia</strong></span> <span class='ocrx_word' id='word_1_479' title='bbox 2302 3023 2491 3090; x_wconf 88' lang='lat' dir='ltr'><strong>cordis,</strong></span> <span class='ocrx_word' id='word_1_480' title='bbox 2524 3023 2664 3077; x_wconf 89' lang='lat' dir='ltr'><strong>sicut</strong></span> <span class='ocrx_word' id='word_1_481' title='bbox 2690 3030 2746 3077; x_wconf 91' lang='lat' dir='ltr'><strong>et</strong></span> <span class='ocrx_word' id='word_1_482' title='bbox 2773 3019 2974 3094; x_wconf 74' lang='lat' dir='ltr'><strong>bloysis</strong></span> <span class='ocrx_word' id='word_1_483' title='bbox 2998 3020 3016 3093; x_wconf 94' lang='lat'><strong>(</strong></span> <span class='ocrx_word' id='word_1_484' title='bbox 3041 3019 3197 3076; x_wconf 89' lang='lat' dir='ltr'><strong>Deut.</strong></span> <span class='ocrx_word' id='word_1_485' title='bbox 3225 3020 3294 3083; x_wconf 82' lang='grc' dir='ltr'><strong>Χ.</strong></span> <span class='ocrx_word' id='word_1_486' title='bbox 3326 3021 3436 3094; x_wconf 81' lang='lat' dir='ltr'><strong>lli)</strong></span> <span class='ocrx_word' id='word_1_487' title='bbox 3465 3021 3577 3094; x_wconf 88' lang='lat' dir='ltr'><strong>(t0)</strong></span> <span class='ocrx_word' id='word_1_488' title='bbox 3609 3039 3624 3076; x_wconf 88' lang='lat'><strong>:</strong></span> 
     </span>
    </p>
   </div>
   <div class='ocr_carea' id='block_1_61' title="bbox 2031 3114 3622 3186">
    <p class='ocr_par' dir='ltr' id='par_1_61' title="bbox 2031 3114 3622 3186">
     <span class='ocr_line' id='line_1_61' title="bbox 2031 3114 3622 3186; baseline -0.002 -13"><span class='ocrx_word' id='word_1_489' title='bbox 2031 3116 2467 3173; x_wconf 81' lang='lat' dir='ltr'><strong>Circutncidemini</strong></span> <span class='ocrx_word' id='word_1_490' title='bbox 2492 3115 3114 3180; x_wconf 86' lang='lat' dir='ltr'><strong>duricordiamuestram;</strong></span> <span class='ocrx_word' id='word_1_491' title='bbox 3157 3114 3278 3185; x_wconf 85' lang='lat' dir='ltr'><strong>ejus</strong></span> <span class='ocrx_word' id='word_1_492' title='bbox 3307 3115 3410 3170; x_wconf 89' lang='lat' dir='ltr'><strong>erit</strong></span> <span class='ocrx_word' id='word_1_493' title='bbox 3458 3115 3622 3186; x_wconf 88' lang='lat' dir='ltr'><strong>spiri-</strong></span> 
     </span>
    </p>
   </div>
   <div class='ocr_carea' id='block_1_62' title="bbox 328 3203 3629 3286">
    <p class='ocr_par' dir='ltr' id='par_1_62' title="bbox 328 3203 3629 3286">
     <span class='ocr_line' id='line_1_62' title="bbox 328 3203 3629 3286; baseline 0 -23"><span class='ocrx_word' id='word_1_494' title='bbox 328 3210 510 3280; x_wconf 87' lang='lat' dir='ltr'><strong>Legis,</strong></span> <span class='ocrx_word' id='word_1_495' title='bbox 553 3220 607 3266; x_wconf 89' lang='lat' dir='ltr'><strong>et</strong></span> <span class='ocrx_word' id='word_1_496' title='bbox 650 3212 731 3265; x_wconf 91' lang='lat' dir='ltr'><strong>sui</strong></span> <span class='ocrx_word' id='word_1_497' title='bbox 760 3213 1055 3284; x_wconf 84' lang='lat' dir='ltr'><strong>Evangelii.</strong></span> <span class='ocrx_word' id='word_1_498' title='bbox 1106 3211 1370 3282; x_wconf 85' lang='lat' dir='ltr'><strong>Quoniam</strong></span> <span class='ocrx_word' id='word_1_499' title='bbox 1397 3222 1450 3268; x_wconf 91' lang='lat' dir='ltr'><strong>et</strong></span> <span class='ocrx_word' id='word_1_500' title='bbox 1475 3213 1605 3268; x_wconf 88' lang='lat' dir='ltr'><strong>iram</strong></span> <span class='ocrx_word' id='word_1_501' title='bbox 1669 3214 1750 3286; x_wconf 72' lang='grc' dir='ltr'><strong>(ι)</strong></span> <span class='ocrx_word' id='word_1_502' title='bbox 1793 3215 1924 3272; x_wconf 90' lang='lat' dir='ltr'><strong>dicit</strong></span> <span class='ocrx_word' id='word_1_503' title='bbox 1951 3203 1996 3266; x_wconf 87' lang='lat' dir='ltr'><strong>C</strong></span> <span class='ocrx_word' id='word_1_504' title='bbox 2031 3219 2118 3265; x_wconf 90' lang='lat' dir='ltr'><strong>tus</strong></span> <span class='ocrx_word' id='word_1_505' title='bbox 2151 3207 2544 3265; x_wconf 76' lang='lat' dir='ltr'><strong>circumcidens</strong></span> <span class='ocrx_word' id='word_1_506' title='bbox 2583 3223 2700 3274; x_wconf 87' lang='lat' dir='ltr'><strong>cor,</strong></span> <span class='ocrx_word' id='word_1_507' title='bbox 2751 3206 2906 3277; x_wconf 89' lang='lat' dir='ltr'><strong>cujus</strong></span> <span class='ocrx_word' id='word_1_508' title='bbox 2949 3216 3004 3262; x_wconf 89' lang='lat' dir='ltr'><strong>et</strong></span> <span class='ocrx_word' id='word_1_509' title='bbox 3047 3206 3200 3262; x_wconf 88' lang='lat' dir='ltr'><strong>litera</strong></span> <span class='ocrx_word' id='word_1_510' title='bbox 3249 3216 3458 3264; x_wconf 88' lang='lat' dir='ltr'><strong>metens</strong></span> <span class='ocrx_word' id='word_1_511' title='bbox 3507 3222 3629 3264; x_wconf 90' lang='lat' dir='ltr'><strong>car-</strong></span> 
     </span>
    </p>
   </div>
   <div class='ocr_carea' id='block_1_63' title="bbox 326 3302 1929 3375">
    <p class='ocr_par' dir='ltr' id='par_1_63' title="bbox 326 3302 1929 3375">
     <span class='ocr_line' id='line_1_63' title="bbox 326 3302 1929 3375; baseline 0.004 -21"><span class='ocrx_word' id='word_1_512' title='bbox 326 3302 546 3356; x_wconf 73' lang='lat' dir='ltr'><strong>rcuelari</strong></span> <span class='ocrx_word' id='word_1_513' title='bbox 572 3302 635 3356; x_wconf 90' lang='lat' dir='ltr'><strong>de</strong></span> <span class='ocrx_word' id='word_1_514' title='bbox 662 3302 788 3356; x_wconf 68' lang='lat' dir='ltr'><strong>ca’lo</strong></span> <span class='ocrx_word' id='word_1_515' title='bbox 813 3319 964 3373; x_wconf 77' lang='lat' dir='ltr'><strong>super</strong></span> <span class='ocrx_word' id='word_1_516' title='bbox 989 3303 1299 3374; x_wconf 84' lang='lat' dir='ltr'><strong>impietatem</strong></span> <span class='ocrx_word' id='word_1_517' title='bbox 1323 3311 1372 3360; x_wconf 88' lang='lat' dir='ltr'><strong>et</strong></span> <span class='ocrx_word' id='word_1_518' title='bbox 1411 3304 1717 3375; x_wconf 81' lang='lat' dir='ltr'><strong>injustitiam</strong></span> <span class='ocrx_word' id='word_1_519' title='bbox 1761 3306 1929 3360; x_wconf 88' lang='lat' dir='ltr'><strong>homi-</strong></span> 
     </span>
    </p>
   </div>
   <div class='ocr_carea' id='block_1_64' title="bbox 329 3395 1927 3470">
    <p class='ocr_par' dir='ltr' id='par_1_64' title="bbox 329 3395 1927 3470">
     <span class='ocr_line' id='line_1_64' title="bbox 329 3395 1927 3470; baseline 0.006 -24"><span class='ocrx_word' id='word_1_520' title='bbox 329 3410 474 3459; x_wconf 82' lang='lat' dir='ltr'><strong>num,</strong></span> <span class='ocrx_word' id='word_1_521' title='bbox 524 3396 611 3464; x_wconf 85' lang='lat' dir='ltr'><strong>qui</strong></span> <span class='ocrx_word' id='word_1_522' title='bbox 665 3395 920 3450; x_wconf 86' lang='lat' dir='ltr'><strong>veritatem</strong></span> <span class='ocrx_word' id='word_1_523' title='bbox 956 3395 1008 3449; x_wconf 91' lang='lat' dir='ltr'><strong>in</strong></span> <span class='ocrx_word' id='word_1_524' title='bbox 1054 3395 1312 3466; x_wconf 82' lang='lat' dir='ltr'><strong>iniustitia</strong></span> <span class='ocrx_word' id='word_1_525' title='bbox 1352 3395 1575 3452; x_wconf 84' lang='lat' dir='ltr'><strong>detinent</strong></span> <span class='ocrx_word' id='word_1_526' title='bbox 1610 3397 1714 3470; x_wconf 88' lang='grc'><strong>(5).</strong></span> <span class='ocrx_word' id='word_1_527' title='bbox 1761 3396 1927 3470; x_wconf 87' lang='lat' dir='ltr'><strong>Cujus</strong></span> 
     </span>
    </p>
   </div>
   <div class='ocr_carea' id='block_1_65' title="bbox 331 3485 1928 3560">
    <p class='ocr_par' dir='ltr' id='par_1_65' title="bbox 331 3485 1928 3560">
     <span class='ocr_line' id='line_1_65' title="bbox 331 3485 1928 3560; baseline 0.003 -20"><span class='ocrx_word' id='word_1_528' title='bbox 331 3485 428 3540; x_wconf 88' lang='lat' dir='ltr'><strong>Dei</strong></span> <span class='ocrx_word' id='word_1_529' title='bbox 460 3486 574 3540; x_wconf 80' lang='lat' dir='ltr'><strong>ira?</strong></span> <span class='ocrx_word' id='word_1_530' title='bbox 604 3486 789 3557; x_wconf 89' lang='lat' dir='ltr'><strong>utique</strong></span> <span class='ocrx_word' id='word_1_531' title='bbox 815 3486 1110 3543; x_wconf 88' lang='lat' dir='ltr'><strong>Creatoris.</strong></span> <span class='ocrx_word' id='word_1_532' title='bbox 1135 3486 1278 3557; x_wconf 86' lang='lat' dir='ltr'><strong>Ergo</strong></span> <span class='ocrx_word' id='word_1_533' title='bbox 1307 3497 1363 3542; x_wconf 91' lang='lat' dir='ltr'><strong>et</strong></span> <span class='ocrx_word' id='word_1_534' title='bbox 1415 3488 1620 3544; x_wconf 85' lang='lat' dir='ltr'><strong>veritas</strong></span> <span class='ocrx_word' id='word_1_535' title='bbox 1647 3489 1765 3560; x_wconf 89' lang='lat' dir='ltr'><strong>ejus</strong></span> <span class='ocrx_word' id='word_1_536' title='bbox 1823 3492 1928 3546; x_wconf 89' lang='lat' dir='ltr'><strong>erit</strong></span> 
     </span>
    </p>
   </div>
   <div class='ocr_carea' id='block_1_66' title="bbox 330 3575 1924 3646">
    <p class='ocr_par' dir='ltr' id='par_1_66' title="bbox 330 3575 1924 3646">
     <span class='ocr_line' id='line_1_66' title="bbox 330 3575 1924 3646; baseline 0.004 -17"><span class='ocrx_word' id='word_1_537' title='bbox 330 3575 486 3643; x_wconf 90' lang='lat' dir='ltr'><strong>cujus</strong></span> <span class='ocrx_word' id='word_1_538' title='bbox 515 3585 569 3630; x_wconf 88' lang='lat' dir='ltr'><strong>et</strong></span> <span class='ocrx_word' id='word_1_539' title='bbox 592 3577 689 3642; x_wconf 88' lang='lat' dir='ltr'><strong>ira,</strong></span> <span class='ocrx_word' id='word_1_540' title='bbox 721 3593 841 3646; x_wconf 67' lang='lat' dir='ltr'><strong>quae</strong></span> <span class='ocrx_word' id='word_1_541' title='bbox 867 3577 1092 3632; x_wconf 82' lang='lat' dir='ltr'><strong>revelari</strong></span> <span class='ocrx_word' id='word_1_542' title='bbox 1124 3577 1285 3634; x_wconf 89' lang='lat' dir='ltr'><strong>habet</strong></span> <span class='ocrx_word' id='word_1_543' title='bbox 1315 3579 1368 3633; x_wconf 92' lang='lat' dir='ltr'><strong>in</strong></span> <span class='ocrx_word' id='word_1_544' title='bbox 1413 3579 1672 3636; x_wconf 89' lang='lat' dir='ltr'><strong>ultionem</strong></span> <span class='ocrx_word' id='word_1_545' title='bbox 1723 3582 1924 3638; x_wconf 60' lang='lat' dir='ltr'><strong>verita.</strong></span> 
     </span>
    </p>
   </div>
   <div class='ocr_carea' id='block_1_67' title="bbox 333 3669 1928 3744">
    <p class='ocr_par' dir='ltr' id='par_1_67' title="bbox 333 3669 1928 3744">
     <span class='ocr_line' id='line_1_67' title="bbox 333 3669 1928 3744; baseline 0.006 -23"><span class='ocrx_word' id='word_1_546' title='bbox 333 3670 423 3723; x_wconf 89' lang='lat' dir='ltr'><strong>tis.</strong></span> <span class='ocrx_word' id='word_1_547' title='bbox 450 3669 620 3723; x_wconf 84' lang='lat' dir='ltr'><strong>Etiam</strong></span> <span class='ocrx_word' id='word_1_548' title='bbox 648 3669 909 3738; x_wconf 87' lang='lat' dir='ltr'><strong>adjiciens</strong></span> <span class='ocrx_word' id='word_1_549' title='bbox 941 3688 954 3724; x_wconf 89' lang='lat'><strong>:</strong></span> <span class='ocrx_word' id='word_1_550' title='bbox 983 3670 1188 3727; x_wconf 86' lang='lat' dir='ltr'><strong>Scimus</strong></span> <span class='ocrx_word' id='word_1_551' title='bbox 1217 3682 1387 3727; x_wconf 88' lang='lat' dir='ltr'><strong>autem</strong></span> <span class='ocrx_word' id='word_1_552' title='bbox 1417 3673 1670 3744; x_wconf 85' lang='lat' dir='ltr'><strong>judicium</strong></span> <span class='ocrx_word' id='word_1_553' title='bbox 1707 3673 1805 3730; x_wconf 87' lang='lat' dir='ltr'><strong>Dei</strong></span> <span class='ocrx_word' id='word_1_554' title='bbox 1849 3692 1928 3731; x_wconf 85' lang='lat' dir='ltr'><strong>se-</strong></span> 
     </span>
    </p>
   </div>
   <div class='ocr_carea' id='block_1_68' title="bbox 327 3759 1923 3835">
    <p class='ocr_par' dir='ltr' id='par_1_68' title="bbox 327 3759 1923 3835">
     <span class='ocr_line' id='line_1_68' title="bbox 327 3759 1923 3835; baseline 0.005 -21"><span class='ocrx_word' id='word_1_555' title='bbox 327 3759 554 3814; x_wconf 86' lang='lat' dir='ltr'><strong>cundum</strong></span> <span class='ocrx_word' id='word_1_556' title='bbox 592 3761 848 3814; x_wconf 85' lang='lat' dir='ltr'><strong>veritatem</strong></span> <span class='ocrx_word' id='word_1_557' title='bbox 887 3776 1030 3826; x_wconf 86' lang='lat' dir='ltr'><strong>esse;</strong></span> <span class='ocrx_word' id='word_1_558' title='bbox 1059 3772 1114 3816; x_wconf 88' lang='lat' dir='ltr'><strong>et</strong></span> <span class='ocrx_word' id='word_1_559' title='bbox 1152 3761 1286 3817; x_wconf 90' lang='lat' dir='ltr'><strong>iram</strong></span> <span class='ocrx_word' id='word_1_560' title='bbox 1318 3764 1488 3834; x_wconf 85' lang='lat' dir='ltr'><strong>ipsam</strong></span> <span class='ocrx_word' id='word_1_561' title='bbox 1532 3764 1819 3835; x_wconf 89' lang='lat' dir='ltr'><strong>probavit,</strong></span> <span class='ocrx_word' id='word_1_562' title='bbox 1851 3782 1923 3822; x_wconf 79' lang='lat' dir='ltr'><strong>cx</strong></span> 
     </span>
    </p>
   </div>
   <div class='ocr_carea' id='block_1_69' title="bbox 332 3853 1926 3925">
    <p class='ocr_par' dir='ltr' id='par_1_69' title="bbox 332 3853 1926 3925">
     <span class='ocr_line' id='line_1_69' title="bbox 332 3853 1926 3925; baseline 0.004 -16"><span class='ocrx_word' id='word_1_563' title='bbox 332 3869 437 3925; x_wconf 89' lang='lat' dir='ltr'><strong>qua</strong></span> <span class='ocrx_word' id='word_1_564' title='bbox 464 3854 612 3908; x_wconf 87' lang='lat' dir='ltr'><strong>venit</strong></span> <span class='ocrx_word' id='word_1_565' title='bbox 631 3853 890 3924; x_wconf 89' lang='lat' dir='ltr'><strong>judicium</strong></span> <span class='ocrx_word' id='word_1_566' title='bbox 923 3869 1022 3924; x_wconf 90' lang='lat' dir='ltr'><strong>pro</strong></span> <span class='ocrx_word' id='word_1_567' title='bbox 1050 3855 1298 3920; x_wconf 88' lang='lat' dir='ltr'><strong>veritate,</strong></span> <span class='ocrx_word' id='word_1_568' title='bbox 1331 3866 1386 3910; x_wconf 93' lang='lat' dir='ltr'><strong>et</strong></span> <span class='ocrx_word' id='word_1_569' title='bbox 1433 3859 1712 3914; x_wconf 88' lang='lat' dir='ltr'><strong>veritatem</strong></span> <span class='ocrx_word' id='word_1_570' title='bbox 1740 3873 1926 3915; x_wconf 88' lang='lat' dir='ltr'><strong>rursus</strong></span> 
     </span>
    </p>
   </div>
   <div class='ocr_carea' id='block_1_70' title="bbox 331 3947 1927 4024">
    <p class='ocr_par' dir='ltr' id='par_1_70' title="bbox 331 3947 1927 4024">
     <span class='ocr_line' id='line_1_70' title="bbox 331 3947 1927 4024; baseline 0.002 -20"><span class='ocrx_word' id='word_1_571' title='bbox 331 3947 576 4018; x_wconf 86' lang='lat' dir='ltr'><strong>ejusdem</strong></span> <span class='ocrx_word' id='word_1_572' title='bbox 613 3947 706 4002; x_wconf 89' lang='lat' dir='ltr'><strong>Dei</strong></span> <span class='ocrx_word' id='word_1_573' title='bbox 737 3947 1098 4014; x_wconf 83' lang='lat' dir='ltr'><strong>continuavit,</strong></span> <span class='ocrx_word' id='word_1_574' title='bbox 1126 3947 1281 4018; x_wconf 88' lang='lat' dir='ltr'><strong>cujus</strong></span> <span class='ocrx_word' id='word_1_575' title='bbox 1310 3947 1444 4004; x_wconf 89' lang='lat' dir='ltr'><strong>iram</strong></span> <span class='ocrx_word' id='word_1_576' title='bbox 1497 3949 1752 4020; x_wconf 87' lang='lat' dir='ltr'><strong>probavit</strong></span> <span class='ocrx_word' id='word_1_577' title='bbox 1803 3967 1927 4024; x_wconf 85' lang='lat' dir='ltr'><strong>pro-</strong></span> 
     </span>
    </p>
   </div>
   <div class='ocr_carea' id='block_1_71' title="bbox 326 4041 1926 4111">
    <p class='ocr_par' dir='ltr' id='par_1_71' title="bbox 326 4041 1926 4111">
     <span class='ocr_line' id='line_1_71' title="bbox 326 4041 1926 4111; baseline 0.004 -15"><span class='ocrx_word' id='word_1_578' title='bbox 326 4041 808 4111; x_wconf 88' lang='lat' dir='ltr'><strong>bandojudicium.</strong></span> <span class='ocrx_word' id='word_1_579' title='bbox 834 4042 990 4097; x_wconf 84' lang='lat' dir='ltr'><strong>Aliud</strong></span> <span class='ocrx_word' id='word_1_580' title='bbox 1019 4051 1103 4098; x_wconf 89' lang='lat' dir='ltr'><strong>est</strong></span> <span class='ocrx_word' id='word_1_581' title='bbox 1129 4083 1144 4109; x_wconf 93' lang='lat'><strong>,</strong></span> <span class='ocrx_word' id='word_1_582' title='bbox 1170 4043 1214 4098; x_wconf 91' lang='lat' dir='ltr'><strong>si</strong></span> <span class='ocrx_word' id='word_1_583' title='bbox 1272 4043 1553 4099; x_wconf 83' lang='lat' dir='ltr'><strong>veritatem</strong></span> <span class='ocrx_word' id='word_1_584' title='bbox 1584 4043 1676 4100; x_wconf 92' lang='lat' dir='ltr'><strong>Dei</strong></span> <span class='ocrx_word' id='word_1_585' title='bbox 1705 4044 1926 4102; x_wconf 88' lang='lat' dir='ltr'><strong>alterius</strong></span> 
     </span>
    </p>
   </div>
   <div class='ocr_carea' id='block_1_72' title="bbox 326 4133 1924 4211">
    <p class='ocr_par' dir='ltr' id='par_1_72' title="bbox 326 4133 1924 4211">
     <span class='ocr_line' id='line_1_72' title="bbox 326 4133 1924 4211; baseline 0.004 -24"><span class='ocrx_word' id='word_1_586' title='bbox 326 4133 380 4187; x_wconf 87' lang='lat' dir='ltr'><strong>in</strong></span> <span class='ocrx_word' id='word_1_587' title='bbox 396 4133 599 4202; x_wconf 77' lang='lat' dir='ltr'><strong>justitia</strong></span> <span class='ocrx_word' id='word_1_588' title='bbox 622 4133 893 4188; x_wconf 80' lang='lat' dir='ltr'><strong>detentum</strong></span> <span class='ocrx_word' id='word_1_589' title='bbox 914 4135 1136 4190; x_wconf 89' lang='lat' dir='ltr'><strong>Creator</strong></span> <span class='ocrx_word' id='word_1_590' title='bbox 1159 4135 1325 4191; x_wconf 90' lang='lat' dir='ltr'><strong>iratus</strong></span> <span class='ocrx_word' id='word_1_591' title='bbox 1341 4136 1636 4192; x_wconf 86' lang='lat' dir='ltr'><strong>ulciscitur.</strong></span> <span class='ocrx_word' id='word_1_592' title='bbox 1653 4137 1730 4211; x_wconf 80' lang='grc' dir='ltr'><strong>(α)</strong></span> <span class='ocrx_word' id='word_1_593' title='bbox 1746 4137 1924 4206; x_wconf 85' lang='lat' dir='ltr'><strong>Quan-</strong></span> 
     </span>
    </p>
   </div>
   <div class='ocr_carea' id='block_1_73' title="bbox 325 4223 1924 4296">
    <p class='ocr_par' dir='ltr' id='par_1_73' title="bbox 325 4223 1924 4296">
     <span class='ocr_line' id='line_1_73' title="bbox 325 4223 1924 4296; baseline 0.006 -18"><span class='ocrx_word' id='word_1_594' title='bbox 325 4235 409 4280; x_wconf 87' lang='lat' dir='ltr'><strong>tas</strong></span> <span class='ocrx_word' id='word_1_595' title='bbox 439 4235 617 4278; x_wconf 88' lang='lat' dir='ltr'><strong>autem</strong></span> <span class='ocrx_word' id='word_1_596' title='bbox 650 4223 831 4279; x_wconf 74' lang='lat' dir='ltr'><strong>foveas</strong></span> <span class='ocrx_word' id='word_1_597' title='bbox 857 4224 1024 4280; x_wconf 91' lang='lat' dir='ltr'><strong>inista</strong></span> <span class='ocrx_word' id='word_1_598' title='bbox 1057 4226 1144 4280; x_wconf 91' lang='lat' dir='ltr'><strong>vel</strong></span> <span class='ocrx_word' id='word_1_599' title='bbox 1175 4227 1410 4283; x_wconf 83' lang='lat' dir='ltr'><strong>maxime</strong></span> <span class='ocrx_word' id='word_1_600' title='bbox 1434 4227 1674 4296; x_wconf 86' lang='lat' dir='ltr'><strong>Epistula</strong></span> <span class='ocrx_word' id='word_1_601' title='bbox 1691 4227 1924 4287; x_wconf 86' lang='lat' dir='ltr'><strong>Marcion</strong></span> 
     </span>
    </p>
   </div>
   <div class='ocr_carea' id='block_1_74' title="bbox 326 4315 1924 4388">
    <p class='ocr_par' dir='ltr' id='par_1_74' title="bbox 326 4315 1924 4388">
     <span class='ocr_line' id='line_1_74' title="bbox 326 4315 1924 4388; baseline 0.004 -16"><span class='ocrx_word' id='word_1_602' title='bbox 326 4318 538 4379; x_wconf 84' lang='lat' dir='ltr'><strong>fecerit,</strong></span> <span class='ocrx_word' id='word_1_603' title='bbox 570 4315 868 4372; x_wconf 90' lang='lat' dir='ltr'><strong>auferendo</strong></span> <span class='ocrx_word' id='word_1_604' title='bbox 893 4333 1013 4388; x_wconf 69' lang='lat' dir='ltr'><strong>(pla:</strong></span> <span class='ocrx_word' id='word_1_605' title='bbox 1053 4319 1243 4387; x_wconf 87' lang='lat' dir='ltr'><strong>voluit,</strong></span> <span class='ocrx_word' id='word_1_606' title='bbox 1274 4319 1344 4376; x_wconf 92' lang='lat' dir='ltr'><strong>de</strong></span> <span class='ocrx_word' id='word_1_607' title='bbox 1373 4321 1542 4376; x_wconf 88' lang='lat' dir='ltr'><strong>nostri</strong></span> <span class='ocrx_word' id='word_1_608' title='bbox 1574 4319 1924 4378; x_wconf 89' lang='lat' dir='ltr'><strong>lnstrumenti</strong></span> 
     </span>
    </p>
   </div>
   <div class='ocr_carea' id='block_1_75' title="bbox 329 4409 1924 4483">
    <p class='ocr_par' dir='ltr' id='par_1_75' title="bbox 329 4409 1924 4483">
     <span class='ocr_line' id='line_1_75' title="bbox 329 4409 1924 4483; baseline 0.004 -19"><span class='ocrx_word' id='word_1_609' title='bbox 329 4409 640 4480; x_wconf 80' lang='lat' dir='ltr'><strong>integritate</strong></span> <span class='ocrx_word' id='word_1_610' title='bbox 657 4409 880 4478; x_wconf 78' lang='lat' dir='ltr'><strong>patebit.</strong></span> <span class='ocrx_word' id='word_1_611' title='bbox 904 4409 1029 4464; x_wconf 85' lang='lat' dir='ltr'><strong>Mihi</strong></span> <span class='ocrx_word' id='word_1_612' title='bbox 1047 4409 1247 4466; x_wconf 81' lang='lat' dir='ltr'><strong>sufﬁcit</strong></span> <span class='ocrx_word' id='word_1_613' title='bbox 1263 4426 1384 4482; x_wconf 75' lang='lat' dir='ltr'><strong>qua:</strong></span> <span class='ocrx_word' id='word_1_614' title='bbox 1404 4411 1631 4483; x_wconf 86' lang='lat' dir='ltr'><strong>proinde</strong></span> <span class='ocrx_word' id='word_1_615' title='bbox 1650 4413 1924 4471; x_wconf 87' lang='lat' dir='ltr'><strong>eradenda</strong></span> 
     </span>
    </p>
   </div>
   <div class='ocr_carea' id='block_1_76' title="bbox 325 4503 1920 4581">
    <p class='ocr_par' dir='ltr' id='par_1_76' title="bbox 325 4503 1920 4581">
     <span class='ocr_line' id='line_1_76' title="bbox 325 4503 1920 4581; baseline 0.004 -23"><span class='ocrx_word' id='word_1_616' title='bbox 325 4519 434 4558; x_wconf 80' lang='grc' dir='ltr'><strong>ιιυιι</strong></span> <span class='ocrx_word' id='word_1_617' title='bbox 455 4503 602 4568; x_wconf 83' lang='lat' dir='ltr'><strong>vidit,</strong></span> <span class='ocrx_word' id='word_1_618' title='bbox 625 4503 772 4573; x_wconf 84' lang='lat' dir='ltr'><strong>quasi</strong></span> <span class='ocrx_word' id='word_1_619' title='bbox 796 4504 1146 4575; x_wconf 83' lang='lat' dir='ltr'><strong>negligentias</strong></span> <span class='ocrx_word' id='word_1_620' title='bbox 1165 4515 1219 4562; x_wconf 92' lang='lat' dir='ltr'><strong>et</strong></span> <span class='ocrx_word' id='word_1_621' title='bbox 1235 4509 1503 4564; x_wconf 72' lang='lat' dir='ltr'><strong>cmcitates</strong></span> <span class='ocrx_word' id='word_1_622' title='bbox 1517 4508 1638 4580; x_wconf 88' lang='lat' dir='ltr'><strong>ejus</strong></span> <span class='ocrx_word' id='word_1_623' title='bbox 1653 4509 1920 4581; x_wconf 90' lang='lat' dir='ltr'><strong>accipere.</strong></span> 
     </span>
    </p>
   </div>
   <div class='ocr_carea' id='block_1_77' title="bbox 2031 3298 3629 3372">
    <p class='ocr_par' dir='ltr' id='par_1_77' title="bbox 2031 3298 3629 3372">
     <span class='ocr_line' id='line_1_77' title="bbox 2031 3298 3629 3372; baseline 0 -16"><span class='ocrx_word' id='word_1_624' title='bbox 2031 3317 2155 3358; x_wconf 89' lang='lat' dir='ltr'><strong>nem</strong></span> <span class='ocrx_word' id='word_1_625' title='bbox 2185 3300 2340 3372; x_wconf 90' lang='lat' dir='ltr'><strong>ejus;</strong></span> <span class='ocrx_word' id='word_1_626' title='bbox 2369 3311 2424 3356; x_wconf 91' lang='lat' dir='ltr'><strong>et</strong></span> <span class='ocrx_word' id='word_1_627' title='bbox 2445 3300 2664 3356; x_wconf 67' lang='lat' dir='ltr'><strong>Iudaeus</strong></span> <span class='ocrx_word' id='word_1_628' title='bbox 2689 3301 2776 3371; x_wconf 87' lang='lat' dir='ltr'><strong>qui</strong></span> <span class='ocrx_word' id='word_1_629' title='bbox 2803 3299 2856 3354; x_wconf 89' lang='lat' dir='ltr'><strong>in</strong></span> <span class='ocrx_word' id='word_1_630' title='bbox 2901 3298 3115 3364; x_wconf 82' lang='lat' dir='ltr'><strong>occulto,</strong></span> <span class='ocrx_word' id='word_1_631' title='bbox 3169 3301 3317 3366; x_wconf 88' lang='lat' dir='ltr'><strong>cuius</strong></span> <span class='ocrx_word' id='word_1_632' title='bbox 3337 3309 3383 3354; x_wconf 83' lang='lat' dir='ltr'><strong>et</strong></span> <span class='ocrx_word' id='word_1_633' title='bbox 3412 3300 3629 3356; x_wconf 71' lang='lat' dir='ltr'><strong>Judaeus</strong></span> 
     </span>
    </p>
   </div>
   <div class='ocr_carea' id='block_1_78' title="bbox 2031 3391 3627 3465">
    <p class='ocr_par' dir='ltr' id='par_1_78' title="bbox 2031 3391 3627 3465">
     <span class='ocr_line' id='line_1_78' title="bbox 2031 3391 3627 3465; baseline 0.001 -18"><span class='ocrx_word' id='word_1_634' title='bbox 2031 3393 2285 3465; x_wconf 86' lang='lat' dir='ltr'><strong>inaperta</strong></span> <span class='ocrx_word' id='word_1_635' title='bbox 2312 3408 2331 3458; x_wconf 79' lang='lat'><strong>,°</strong></span> <span class='ocrx_word' id='word_1_636' title='bbox 2359 3395 2480 3463; x_wconf 82' lang='lat' dir='ltr'><strong>quia</strong></span> <span class='ocrx_word' id='word_1_637' title='bbox 2532 3407 2634 3449; x_wconf 91' lang='lat' dir='ltr'><strong>nec</strong></span> <span class='ocrx_word' id='word_1_638' title='bbox 2661 3391 2904 3448; x_wconf 72' lang='lat' dir='ltr'><strong>Judaeum</strong></span> <span class='ocrx_word' id='word_1_639' title='bbox 2954 3392 3233 3448; x_wconf 89' lang='lat' dir='ltr'><strong>nominare</strong></span> <span class='ocrx_word' id='word_1_640' title='bbox 3272 3392 3435 3449; x_wconf 89' lang='lat' dir='ltr'><strong>vellet</strong></span> <span class='ocrx_word' id='word_1_641' title='bbox 3479 3395 3627 3464; x_wconf 80' lang='lat' dir='ltr'><strong>Apo-</strong></span> 
     </span>
    </p>
   </div>
   <div class='ocr_carea' id='block_1_79' title="bbox 2031 3483 3630 3557">
    <p class='ocr_par' dir='ltr' id='par_1_79' title="bbox 2031 3483 3630 3557">
     <span class='ocr_line' id='line_1_79' title="bbox 2031 3483 3630 3557; baseline 0.001 -18"><span class='ocrx_word' id='word_1_642' title='bbox 2031 3484 2221 3551; x_wconf 88' lang='lat' dir='ltr'><strong>stolus,</strong></span> <span class='ocrx_word' id='word_1_643' title='bbox 2241 3499 2348 3540; x_wconf 91' lang='lat' dir='ltr'><strong>non</strong></span> <span class='ocrx_word' id='word_1_644' title='bbox 2367 3483 2676 3540; x_wconf 59' lang='lat' dir='ltr'><strong>Judasorum</strong></span> <span class='ocrx_word' id='word_1_645' title='bbox 2701 3484 2792 3540; x_wconf 91' lang='lat' dir='ltr'><strong>Dei</strong></span> <span class='ocrx_word' id='word_1_646' title='bbox 2807 3499 3040 3541; x_wconf 87' lang='lat' dir='ltr'><strong>servum.</strong></span> <span class='ocrx_word' id='word_1_647' title='bbox 3058 3483 3207 3538; x_wconf 87' lang='lat' dir='ltr'><strong>Tunc</strong></span> <span class='ocrx_word' id='word_1_648' title='bbox 3234 3485 3336 3553; x_wconf 74' lang='lat' dir='ltr'><strong>lex,</strong></span> <span class='ocrx_word' id='word_1_649' title='bbox 3359 3502 3494 3540; x_wconf 85' lang='lat' dir='ltr'><strong>nunc</strong></span> <span class='ocrx_word' id='word_1_650' title='bbox 3510 3487 3630 3557; x_wconf 84' lang='lat' dir='ltr'><strong>jus-</strong></span> 
     </span>
    </p>
   </div>
   <div class='ocr_carea' id='block_1_80' title="bbox 2031 3575 3630 3647">
    <p class='ocr_par' dir='ltr' id='par_1_80' title="bbox 2031 3575 3630 3647">
     <span class='ocr_line' id='line_1_80' title="bbox 2031 3575 3630 3647; baseline 0.003 -17"><span class='ocrx_word' id='word_1_651' title='bbox 2031 3577 2140 3631; x_wconf 89' lang='lat' dir='ltr'><strong>titia</strong></span> <span class='ocrx_word' id='word_1_652' title='bbox 2174 3577 2268 3631; x_wconf 77' lang='lat' dir='ltr'><strong>Dei</strong></span> <span class='ocrx_word' id='word_1_653' title='bbox 2307 3591 2397 3646; x_wconf 83' lang='lat' dir='ltr'><strong>per</strong></span> <span class='ocrx_word' id='word_1_654' title='bbox 2448 3576 2602 3647; x_wconf 76' lang='lat' dir='ltr'><strong>ﬁdem</strong></span> <span class='ocrx_word' id='word_1_655' title='bbox 2630 3575 2840 3631; x_wconf 81' lang='lat' dir='ltr'><strong>Christi.</strong></span> <span class='ocrx_word' id='word_1_656' title='bbox 2897 3576 3029 3643; x_wconf 63' lang='lat' dir='ltr'><strong>Quae</strong></span> <span class='ocrx_word' id='word_1_657' title='bbox 3053 3585 3136 3631; x_wconf 91' lang='lat' dir='ltr'><strong>est</strong></span> <span class='ocrx_word' id='word_1_658' title='bbox 3175 3576 3274 3630; x_wconf 91' lang='lat' dir='ltr'><strong>ista</strong></span> <span class='ocrx_word' id='word_1_659' title='bbox 3315 3577 3630 3634; x_wconf 73' lang='lat' dir='ltr'><strong>distinctio?</strong></span> 
     </span>
    </p>
   </div>
   <div class='ocr_carea' id='block_1_81' title="bbox 2030 3668 3629 3740">
    <p class='ocr_par' dir='ltr' id='par_1_81' title="bbox 2030 3668 3629 3740">
     <span class='ocr_line' id='line_1_81' title="bbox 2030 3668 3629 3740; baseline 0.002 -15"><span class='ocrx_word' id='word_1_660' title='bbox 2030 3668 2264 3726; x_wconf 88' lang='lat' dir='ltr'><strong>Servivit</strong></span> <span class='ocrx_word' id='word_1_661' title='bbox 2321 3669 2463 3724; x_wconf 90' lang='lat' dir='ltr'><strong>Deus</strong></span> <span class='ocrx_word' id='word_1_662' title='bbox 2511 3679 2633 3725; x_wconf 92' lang='lat' dir='ltr'><strong>tuus</strong></span> <span class='ocrx_word' id='word_1_663' title='bbox 2661 3668 3002 3740; x_wconf 89' lang='lat' dir='ltr'><strong>dispositioni</strong></span> <span class='ocrx_word' id='word_1_664' title='bbox 3057 3670 3368 3739; x_wconf 80' lang='lat' dir='ltr'><strong>Creatoris,</strong></span> <span class='ocrx_word' id='word_1_665' title='bbox 3397 3671 3532 3728; x_wconf 86' lang='lat' dir='ltr'><strong>dans</strong></span> <span class='ocrx_word' id='word_1_666' title='bbox 3577 3675 3629 3730; x_wconf 91' lang='lat' dir='ltr'><strong>ei</strong></span> 
     </span>
    </p>
   </div>
   <div class='ocr_carea' id='block_1_82' title="bbox 2032 3761 3629 3833">
    <p class='ocr_par' dir='ltr' id='par_1_82' title="bbox 2032 3761 3629 3833">
     <span class='ocr_line' id='line_1_82' title="bbox 2032 3761 3629 3833; baseline 0.001 -15"><span class='ocrx_word' id='word_1_667' title='bbox 2032 3772 2242 3833; x_wconf 86' lang='lat' dir='ltr'><strong>tempus</strong></span> <span class='ocrx_word' id='word_1_668' title='bbox 2261 3771 2316 3820; x_wconf 93' lang='lat' dir='ltr'><strong>et</strong></span> <span class='ocrx_word' id='word_1_669' title='bbox 2340 3761 2469 3833; x_wconf 81' lang='lat' dir='ltr'><strong>Legi</strong></span> <span class='ocrx_word' id='word_1_670' title='bbox 2499 3762 2618 3832; x_wconf 91' lang='lat' dir='ltr'><strong>ejus</strong></span> <span class='ocrx_word' id='word_1_671' title='bbox 2647 3779 2660 3817; x_wconf 91' lang='lat'><strong>:</strong></span> <span class='ocrx_word' id='word_1_672' title='bbox 2689 3777 2756 3817; x_wconf 90' lang='lat' dir='ltr'><strong>an</strong></span> <span class='ocrx_word' id='word_1_673' title='bbox 2802 3762 2920 3833; x_wconf 88' lang='lat' dir='ltr'><strong>ejus</strong></span> <span class='ocrx_word' id='word_1_674' title='bbox 2946 3770 3074 3818; x_wconf 90' lang='lat' dir='ltr'><strong>tunc</strong></span> <span class='ocrx_word' id='word_1_675' title='bbox 3100 3805 3116 3830; x_wconf 93' lang='lat'><strong>,</strong></span> <span class='ocrx_word' id='word_1_676' title='bbox 3142 3763 3295 3833; x_wconf 90' lang='lat' dir='ltr'><strong>cujus</strong></span> <span class='ocrx_word' id='word_1_677' title='bbox 3331 3773 3388 3820; x_wconf 92' lang='lat' dir='ltr'><strong>et</strong></span> <span class='ocrx_word' id='word_1_678' title='bbox 3434 3779 3578 3822; x_wconf 89' lang='lat' dir='ltr'><strong>nunc</strong></span> <span class='ocrx_word' id='word_1_679' title='bbox 3604 3767 3629 3820; x_wconf 70' lang='grc' dir='ltr'><strong>’ἔ</strong></span> 
     </span>
    </p>
   </div>
   <div class='ocr_carea' id='block_1_83' title="bbox 2030 3853 3628 3928">
    <p class='ocr_par' dir='ltr' id='par_1_83' title="bbox 2030 3853 3628 3928">
     <span class='ocr_line' id='line_1_83' title="bbox 2030 3853 3628 3928; baseline 0.003 -18"><span class='ocrx_word' id='word_1_680' title='bbox 2030 3855 2149 3926; x_wconf 89' lang='lat' dir='ltr'><strong>ejus</strong></span> <span class='ocrx_word' id='word_1_681' title='bbox 2175 3854 2260 3910; x_wconf 79' lang='lat' dir='ltr'><strong>lex</strong></span> <span class='ocrx_word' id='word_1_682' title='bbox 2281 3896 2297 3922; x_wconf 95' lang='lat'><strong>,</strong></span> <span class='ocrx_word' id='word_1_683' title='bbox 2328 3853 2482 3924; x_wconf 91' lang='lat' dir='ltr'><strong>cujus</strong></span> <span class='ocrx_word' id='word_1_684' title='bbox 2509 3863 2565 3909; x_wconf 91' lang='lat' dir='ltr'><strong>et</strong></span> <span class='ocrx_word' id='word_1_685' title='bbox 2611 3853 2764 3910; x_wconf 81' lang='lat' dir='ltr'><strong>fides.</strong></span> <span class='ocrx_word' id='word_1_686' title='bbox 2789 3854 2986 3910; x_wconf 81' lang='lat' dir='ltr'><strong>Christi</strong></span> <span class='ocrx_word' id='word_1_687' title='bbox 3016 3854 3293 3911; x_wconf 88' lang='lat' dir='ltr'><strong>distinctio</strong></span> <span class='ocrx_word' id='word_1_688' title='bbox 3318 3855 3628 3928; x_wconf 88' lang='lat' dir='ltr'><strong>dispositio-</strong></span> 
     </span>
    </p>
   </div>
   <div class='ocr_carea' id='block_1_84' title="bbox 2033 3945 3630 4019">
    <p class='ocr_par' dir='ltr' id='par_1_84' title="bbox 2033 3945 3630 4019">
     <span class='ocr_line' id='line_1_84' title="bbox 2033 3945 3630 4019; baseline 0.001 -16"><span class='ocrx_word' id='word_1_689' title='bbox 2033 3962 2164 4003; x_wconf 91' lang='lat' dir='ltr'><strong>num</strong></span> <span class='ocrx_word' id='word_1_690' title='bbox 2195 3955 2321 4014; x_wconf 91' lang='lat' dir='ltr'><strong>est,</strong></span> <span class='ocrx_word' id='word_1_691' title='bbox 2355 3961 2466 4002; x_wconf 90' lang='lat' dir='ltr'><strong>non</strong></span> <span class='ocrx_word' id='word_1_692' title='bbox 2495 3945 2744 4006; x_wconf 84' lang='lat' dir='ltr'><strong>deorum.</strong></span> <span class='ocrx_word' id='word_1_693' title='bbox 2793 3945 2870 4019; x_wconf 94' lang='lat' dir='ltr'><strong>(b)</strong></span> <span class='ocrx_word' id='word_1_694' title='bbox 2903 3946 3080 4003; x_wconf 82' lang='lat' dir='ltr'><strong>Monet</strong></span> <span class='ocrx_word' id='word_1_695' title='bbox 3100 3947 3410 4018; x_wconf 84' lang='lat' dir='ltr'><strong>justi/icatos</strong></span> <span class='ocrx_word' id='word_1_696' title='bbox 3440 3964 3504 4004; x_wconf 81' lang='lat' dir='ltr'><strong>ea:</strong></span> <span class='ocrx_word' id='word_1_697' title='bbox 3525 3949 3630 4018; x_wconf 78' lang='lat' dir='ltr'><strong>ﬁde</strong></span> 
     </span>
    </p>
   </div>
   <div class='ocr_carea' id='block_1_85' title="bbox 2028 4039 3628 4113">
    <p class='ocr_par' dir='ltr' id='par_1_85' title="bbox 2028 4039 3628 4113">
     <span class='ocr_line' id='line_1_85' title="bbox 2028 4039 3628 4113; baseline -0.001 -14"><span class='ocrx_word' id='word_1_698' title='bbox 2028 4039 2238 4108; x_wconf 85' lang='lat' dir='ltr'><strong>Christi,</strong></span> <span class='ocrx_word' id='word_1_699' title='bbox 2267 4055 2367 4095; x_wconf 87' lang='lat' dir='ltr'><strong>non</strong></span> <span class='ocrx_word' id='word_1_700' title='bbox 2387 4057 2452 4094; x_wconf 72' lang='lat' dir='ltr'><strong>ex</strong></span> <span class='ocrx_word' id='word_1_701' title='bbox 2472 4041 2598 4111; x_wconf 86' lang='lat' dir='ltr'><strong>lege,</strong></span> <span class='ocrx_word' id='word_1_702' title='bbox 2617 4055 2792 4110; x_wconf 82' lang='lat' dir='ltr'><strong>pacem</strong></span> <span class='ocrx_word' id='word_1_703' title='bbox 2807 4039 2876 4094; x_wconf 88' lang='lat' dir='ltr'><strong>ad</strong></span> <span class='ocrx_word' id='word_1_704' title='bbox 2893 4039 3055 4094; x_wconf 91' lang='lat' dir='ltr'><strong>Deum</strong></span> <span class='ocrx_word' id='word_1_705' title='bbox 3082 4040 3287 4096; x_wconf 86' lang='lat' dir='ltr'><strong>habere.</strong></span> <span class='ocrx_word' id='word_1_706' title='bbox 3319 4041 3398 4096; x_wconf 84' lang='lat' dir='ltr'><strong>Ad</strong></span> <span class='ocrx_word' id='word_1_707' title='bbox 3426 4043 3628 4113; x_wconf 83' lang='lat' dir='ltr'><strong>quem?</strong></span> 
     </span>
    </p>
   </div>
   <div class='ocr_carea' id='block_1_86' title="bbox 2029 4132 3630 4206">
    <p class='ocr_par' dir='ltr' id='par_1_86' title="bbox 2029 4132 3630 4206">
     <span class='ocr_line' id='line_1_86' title="bbox 2029 4132 3630 4206; baseline 0.001 -15"><span class='ocrx_word' id='word_1_708' title='bbox 2029 4134 2196 4205; x_wconf 89' lang='lat' dir='ltr'><strong>Cujus</strong></span> <span class='ocrx_word' id='word_1_709' title='bbox 2220 4148 2482 4204; x_wconf 89' lang='lat' dir='ltr'><strong>nusquam</strong></span> <span class='ocrx_word' id='word_1_710' title='bbox 2533 4132 2730 4189; x_wconf 81' lang='lat' dir='ltr'><strong>fuimus</strong></span> <span class='ocrx_word' id='word_1_711' title='bbox 2760 4133 2946 4190; x_wconf 90' lang='lat' dir='ltr'><strong>hostes</strong></span> <span class='ocrx_word' id='word_1_712' title='bbox 2966 4176 2982 4200; x_wconf 90' lang='lat'><strong>,</strong></span> <span class='ocrx_word' id='word_1_713' title='bbox 3011 4148 3080 4189; x_wconf 91' lang='lat' dir='ltr'><strong>an</strong></span> <span class='ocrx_word' id='word_1_714' title='bbox 3100 4134 3257 4205; x_wconf 87' lang='lat' dir='ltr'><strong>cujus</strong></span> <span class='ocrx_word' id='word_1_715' title='bbox 3292 4135 3394 4206; x_wconf 87' lang='lat' dir='ltr'><strong>legi</strong></span> <span class='ocrx_word' id='word_1_716' title='bbox 3419 4145 3475 4192; x_wconf 89' lang='lat' dir='ltr'><strong>et</strong></span> <span class='ocrx_word' id='word_1_717' title='bbox 3533 4151 3630 4192; x_wconf 87' lang='lat' dir='ltr'><strong>na-</strong></span> 
     </span>
    </p>
   </div>
   <div class='ocr_carea' id='block_1_87' title="bbox 2028 4225 3628 4301">
    <p class='ocr_par' dir='ltr' id='par_1_87' title="bbox 2028 4225 3628 4301">
     <span class='ocr_line' id='line_1_87' title="bbox 2028 4225 3628 4301; baseline 0.002 -17"><span class='ocrx_word' id='word_1_718' title='bbox 2028 4236 2163 4284; x_wconf 67' lang='lat' dir='ltr'><strong>tura:</strong></span> <span class='ocrx_word' id='word_1_719' title='bbox 2215 4227 2637 4284; x_wconf 85' lang='lat' dir='ltr'><strong>rebellavimus?</strong></span> <span class='ocrx_word' id='word_1_720' title='bbox 2665 4225 2799 4283; x_wconf 89' lang='lat' dir='ltr'><strong>Nam</strong></span> <span class='ocrx_word' id='word_1_721' title='bbox 2825 4227 2872 4282; x_wconf 86' lang='lat' dir='ltr'><strong>si</strong></span> <span class='ocrx_word' id='word_1_722' title='bbox 2932 4227 3137 4282; x_wconf 86' lang='lat' dir='ltr'><strong>lneum</strong></span> <span class='ocrx_word' id='word_1_723' title='bbox 3220 4229 3478 4300; x_wconf 87' lang='lat' dir='ltr'><strong>competit</strong></span> <span class='ocrx_word' id='word_1_724' title='bbox 3523 4245 3628 4301; x_wconf 79' lang='lat' dir='ltr'><strong>pax</strong></span> 
     </span>
    </p>
   </div>
   <div class='ocr_carea' id='block_1_88' title="bbox 2028 4317 3627 4392">
    <p class='ocr_par' dir='ltr' id='par_1_88' title="bbox 2028 4317 3627 4392">
     <span class='ocr_line' id='line_1_88' title="bbox 2028 4317 3627 4392; baseline 0.001 -16"><span class='ocrx_word' id='word_1_725' title='bbox 2028 4335 2149 4376; x_wconf 91' lang='lat' dir='ltr'><strong>cum</strong></span> <span class='ocrx_word' id='word_1_726' title='bbox 2175 4334 2284 4390; x_wconf 91' lang='lat' dir='ltr'><strong>quo</strong></span> <span class='ocrx_word' id='word_1_727' title='bbox 2309 4317 2408 4376; x_wconf 89' lang='lat' dir='ltr'><strong>fuit</strong></span> <span class='ocrx_word' id='word_1_728' title='bbox 2437 4317 2657 4387; x_wconf 91' lang='lat' dir='ltr'><strong>bellum,</strong></span> <span class='ocrx_word' id='word_1_729' title='bbox 2708 4318 2758 4374; x_wconf 92' lang='lat' dir='ltr'><strong>ei</strong></span> <span class='ocrx_word' id='word_1_730' title='bbox 2812 4327 2868 4373; x_wconf 92' lang='lat' dir='ltr'><strong>et</strong></span> <span class='ocrx_word' id='word_1_731' title='bbox 2904 4317 3320 4387; x_wconf 84' lang='lat' dir='ltr'><strong>justiticabimur</strong></span> <span class='ocrx_word' id='word_1_732' title='bbox 3349 4361 3364 4388; x_wconf 95' lang='lat'><strong>,</strong></span> <span class='ocrx_word' id='word_1_733' title='bbox 3422 4329 3480 4377; x_wconf 87' lang='lat' dir='ltr'><strong>et</strong></span> <span class='ocrx_word' id='word_1_734' title='bbox 3507 4321 3627 4392; x_wconf 88' lang='lat' dir='ltr'><strong>ejus</strong></span> 
     </span>
    </p>
   </div>
   <div class='ocr_carea' id='block_1_89' title="bbox 2027 4409 3629 4484">
    <p class='ocr_par' dir='ltr' id='par_1_89' title="bbox 2027 4409 3629 4484">
     <span class='ocr_line' id='line_1_89' title="bbox 2027 4409 3629 4484; baseline 0.002 -16"><span class='ocrx_word' id='word_1_735' title='bbox 2027 4412 2132 4468; x_wconf 86' lang='lat' dir='ltr'><strong>erit</strong></span> <span class='ocrx_word' id='word_1_736' title='bbox 2153 4411 2400 4468; x_wconf 87' lang='lat' dir='ltr'><strong>Christus</strong></span> <span class='ocrx_word' id='word_1_737' title='bbox 2428 4453 2443 4478; x_wconf 93' lang='lat'><strong>,</strong></span> <span class='ocrx_word' id='word_1_738' title='bbox 2476 4427 2542 4468; x_wconf 83' lang='lat' dir='ltr'><strong>ex</strong></span> <span class='ocrx_word' id='word_1_739' title='bbox 2559 4410 2714 4482; x_wconf 89' lang='lat' dir='ltr'><strong>cujus</strong></span> <span class='ocrx_word' id='word_1_740' title='bbox 2743 4409 2849 4466; x_wconf 82' lang='lat' dir='ltr'><strong>ﬁde</strong></span> <span class='ocrx_word' id='word_1_741' title='bbox 2883 4409 3329 4482; x_wconf 82' lang='lat' dir='ltr'><strong>justiﬁcabimur,</strong></span> <span class='ocrx_word' id='word_1_742' title='bbox 3349 4413 3414 4468; x_wconf 88' lang='lat' dir='ltr'><strong>ad</strong></span> <span class='ocrx_word' id='word_1_743' title='bbox 3471 4415 3629 4484; x_wconf 85' lang='lat' dir='ltr'><strong>cujus</strong></span> 
     </span>
    </p>
   </div>
   <div class='ocr_carea' id='block_1_90' title="bbox 2027 4503 3628 4578">
    <p class='ocr_par' dir='ltr' id='par_1_90' title="bbox 2027 4503 3628 4578">
     <span class='ocr_line' id='line_1_90' title="bbox 2027 4503 3628 4578; baseline 0.001 -18"><span class='ocrx_word' id='word_1_744' title='bbox 2027 4519 2214 4578; x_wconf 88' lang='lat' dir='ltr'><strong>pacem</strong></span> <span class='ocrx_word' id='word_1_745' title='bbox 2232 4503 2670 4576; x_wconf 85' lang='lat' dir='ltr'><strong>competitredigi</strong></span> <span class='ocrx_word' id='word_1_746' title='bbox 2702 4503 2886 4559; x_wconf 90' lang='lat' dir='ltr'><strong>hostes</strong></span> <span class='ocrx_word' id='word_1_747' title='bbox 2915 4503 3033 4574; x_wconf 87' lang='lat' dir='ltr'><strong>ejus</strong></span> <span class='ocrx_word' id='word_1_748' title='bbox 3057 4505 3366 4576; x_wconf 76' lang='lat' dir='ltr'><strong>aliquando.</strong></span> <span class='ocrx_word' id='word_1_749' title='bbox 3411 4506 3518 4565; x_wconf 64' lang='lat' dir='ltr'><strong>La:</strong></span> <span class='ocrx_word' id='word_1_750' title='bbox 3531 4523 3628 4562; x_wconf 80' lang='lat' dir='ltr'><strong>au-</strong></span> 
     </span>
    </p>
   </div>
   <div class='ocr_carea' id='block_1_91' title="bbox 325 4595 3626 4675">
    <p class='ocr_par' dir='ltr' id='par_1_91' title="bbox 325 4595 3626 4675">
     <span class='ocr_line' id='line_1_91' title="bbox 325 4595 3626 4675; baseline 0.001 -22"><span class='ocrx_word' id='word_1_751' title='bbox 325 4597 380 4653; x_wconf 88' lang='lat' dir='ltr'><strong>Si</strong></span> <span class='ocrx_word' id='word_1_752' title='bbox 408 4599 549 4652; x_wconf 91' lang='lat' dir='ltr'><strong>enim</strong></span> <span class='ocrx_word' id='word_1_753' title='bbox 574 4597 821 4667; x_wconf 80' lang='lat' dir='ltr'><strong>iudicabit</strong></span> <span class='ocrx_word' id='word_1_754' title='bbox 853 4598 990 4652; x_wconf 87' lang='lat' dir='ltr'><strong>Deus</strong></span> <span class='ocrx_word' id='word_1_755' title='bbox 1025 4599 1223 4652; x_wconf 88' lang='lat' dir='ltr'><strong>occulta</strong></span> <span class='ocrx_word' id='word_1_756' title='bbox 1272 4599 1533 4655; x_wconf 89' lang='lat' dir='ltr'><strong>hominum</strong></span> <span class='ocrx_word' id='word_1_757' title='bbox 1552 4642 1569 4669; x_wconf 93' lang='lat'><strong>,</strong></span> <span class='ocrx_word' id='word_1_758' title='bbox 1599 4611 1704 4656; x_wconf 87' lang='lat' dir='ltr'><strong>tam</strong></span> <span class='ocrx_word' id='word_1_759' title='bbox 1744 4617 1918 4656; x_wconf 72' lang='lat' dir='ltr'><strong>eorum</strong></span> <span class='ocrx_word' id='word_1_760' title='bbox 1947 4615 2002 4675; x_wconf 83' lang='grc' dir='ltr'><strong>Ῑ)</strong></span> <span class='ocrx_word' id='word_1_761' title='bbox 2029 4608 2148 4666; x_wconf 87' lang='lat' dir='ltr'><strong>tem,</strong></span> <span class='ocrx_word' id='word_1_762' title='bbox 2171 4598 2363 4669; x_wconf 87' lang='lat' dir='ltr'><strong>inquit,</strong></span> <span class='ocrx_word' id='word_1_763' title='bbox 2386 4597 2730 4662; x_wconf 82' lang='lat' dir='ltr'><strong>subintroivit,</strong></span> <span class='ocrx_word' id='word_1_764' title='bbox 2757 4606 2812 4650; x_wconf 88' lang='lat' dir='ltr'><strong>ut</strong></span> <span class='ocrx_word' id='word_1_765' title='bbox 2834 4595 3116 4652; x_wconf 88' lang='lat' dir='ltr'><strong>abundaret</strong></span> <span class='ocrx_word' id='word_1_766' title='bbox 3137 4597 3397 4654; x_wconf 84' lang='lat' dir='ltr'><strong>delictum.</strong></span> <span class='ocrx_word' id='word_1_767' title='bbox 3419 4599 3626 4668; x_wconf 87' lang='lat' dir='ltr'><strong>Quare?</strong></span> 
     </span>
    </p>
   </div>
   <div class='ocr_carea' id='block_1_92' title="bbox 325 4688 1927 4766">
    <p class='ocr_par' dir='ltr' id='par_1_92' title="bbox 325 4688 1927 4766">
     <span class='ocr_line' id='line_1_92' title="bbox 325 4688 1927 4766; baseline 0.005 -24"><span class='ocrx_word' id='word_1_768' title='bbox 325 4691 412 4753; x_wconf 86' lang='lat' dir='ltr'><strong>qui</strong></span> <span class='ocrx_word' id='word_1_769' title='bbox 441 4689 493 4742; x_wconf 90' lang='lat' dir='ltr'><strong>in</strong></span> <span class='ocrx_word' id='word_1_770' title='bbox 514 4689 624 4759; x_wconf 85' lang='lat' dir='ltr'><strong>lege</strong></span> <span class='ocrx_word' id='word_1_771' title='bbox 652 4688 988 4757; x_wconf 83' lang='lat' dir='ltr'><strong>deliquerunt,</strong></span> <span class='ocrx_word' id='word_1_772' title='bbox 1017 4707 1169 4762; x_wconf 84' lang='lat' dir='ltr'><strong>quant</strong></span> <span class='ocrx_word' id='word_1_773' title='bbox 1195 4708 1367 4746; x_wconf 90' lang='lat' dir='ltr'><strong>eorum</strong></span> <span class='ocrx_word' id='word_1_774' title='bbox 1395 4693 1481 4762; x_wconf 86' lang='lat' dir='ltr'><strong>qui</strong></span> <span class='ocrx_word' id='word_1_775' title='bbox 1503 4693 1613 4748; x_wconf 83' lang='lat' dir='ltr'><strong>sine</strong></span> <span class='ocrx_word' id='word_1_776' title='bbox 1649 4693 1777 4766; x_wconf 84' lang='lat' dir='ltr'><strong>lege,</strong></span> <span class='ocrx_word' id='word_1_777' title='bbox 1804 4696 1927 4766; x_wconf 89' lang='lat' dir='ltr'><strong>quia</strong></span> 
     </span>
    </p>
   </div>
   <div class='ocr_carea' id='block_1_93' title="bbox 325 4785 1926 4861">
    <p class='ocr_par' dir='ltr' id='par_1_93' title="bbox 325 4785 1926 4861">
     <span class='ocr_line' id='line_1_93' title="bbox 325 4785 1926 4861; baseline 0.003 -21"><span class='ocrx_word' id='word_1_778' title='bbox 325 4796 372 4840; x_wconf 90' lang='lat' dir='ltr'><strong>et</strong></span> <span class='ocrx_word' id='word_1_779' title='bbox 412 4786 465 4838; x_wconf 89' lang='lat' dir='ltr'><strong>hi</strong></span> <span class='ocrx_word' id='word_1_780' title='bbox 493 4786 648 4856; x_wconf 82' lang='lat' dir='ltr'><strong>legem</strong></span> <span class='ocrx_word' id='word_1_781' title='bbox 672 4785 930 4855; x_wconf 86' lang='lat' dir='ltr'><strong>ignorant,</strong></span> <span class='ocrx_word' id='word_1_782' title='bbox 963 4795 1010 4840; x_wconf 88' lang='lat' dir='ltr'><strong>et</strong></span> <span class='ocrx_word' id='word_1_783' title='bbox 1040 4795 1224 4841; x_wconf 88' lang='lat' dir='ltr'><strong>natura</strong></span> <span class='ocrx_word' id='word_1_784' title='bbox 1246 4786 1442 4857; x_wconf 79' lang='lat' dir='ltr'><strong>faciunt</strong></span> <span class='ocrx_word' id='word_1_785' title='bbox 1465 4803 1580 4858; x_wconf 71' lang='lat' dir='ltr'><strong>quin</strong></span> <span class='ocrx_word' id='word_1_786' title='bbox 1607 4799 1725 4843; x_wconf 90' lang='lat' dir='ltr'><strong>sunt</strong></span> <span class='ocrx_word' id='word_1_787' title='bbox 1763 4791 1926 4861; x_wconf 86' lang='lat' dir='ltr'><strong>legis;</strong></span> 
     </span>
    </p>
   </div>
   <div class='ocr_carea' id='block_1_94' title="bbox 2035 4689 3626 4766">
    <p class='ocr_par' dir='ltr' id='par_1_94' title="bbox 2035 4689 3626 4766">
     <span class='ocr_line' id='line_1_94' title="bbox 2035 4689 3626 4766; baseline -0.001 -15"><span class='ocrx_word' id='word_1_788' title='bbox 2035 4693 2103 4751; x_wconf 88' lang='lat' dir='ltr'><strong>Ut</strong></span> <span class='ocrx_word' id='word_1_789' title='bbox 2129 4692 2584 4766; x_wconf 84' lang='lat' dir='ltr'><strong>superabundaret,</strong></span> <span class='ocrx_word' id='word_1_790' title='bbox 2620 4690 2812 4763; x_wconf 88' lang='lat' dir='ltr'><strong>inquit,</strong></span> <span class='ocrx_word' id='word_1_791' title='bbox 2835 4692 3018 4764; x_wconf 87' lang='lat' dir='ltr'><strong>gratia.</strong></span> <span class='ocrx_word' id='word_1_792' title='bbox 3045 4689 3212 4762; x_wconf 91' lang='lat' dir='ltr'><strong>Cujus</strong></span> <span class='ocrx_word' id='word_1_793' title='bbox 3239 4691 3331 4747; x_wconf 88' lang='lat' dir='ltr'><strong>Dei</strong></span> <span class='ocrx_word' id='word_1_794' title='bbox 3356 4693 3551 4763; x_wconf 85' lang='lat' dir='ltr'><strong>gratia,</strong></span> <span class='ocrx_word' id='word_1_795' title='bbox 3579 4696 3626 4750; x_wconf 87' lang='lat' dir='ltr'><strong>si</strong></span> 
     </span>
    </p>
   </div>
   <div class='ocr_carea' id='block_1_95' title="bbox 2032 4781 3624 4860">
    <p class='ocr_par' dir='ltr' id='par_1_95' title="bbox 2032 4781 3624 4860">
     <span class='ocr_line' id='line_1_95' title="bbox 2032 4781 3624 4860; baseline -0.001 -15"><span class='ocrx_word' id='word_1_796' title='bbox 2032 4802 2139 4845; x_wconf 89' lang='lat' dir='ltr'><strong>non</strong></span> <span class='ocrx_word' id='word_1_797' title='bbox 2166 4789 2320 4856; x_wconf 91' lang='lat' dir='ltr'><strong>cujus</strong></span> <span class='ocrx_word' id='word_1_798' title='bbox 2344 4795 2399 4842; x_wconf 91' lang='lat' dir='ltr'><strong>et</strong></span> <span class='ocrx_word' id='word_1_799' title='bbox 2429 4784 2560 4842; x_wconf 80' lang='lat' dir='ltr'><strong>lex?</strong></span> <span class='ocrx_word' id='word_1_800' title='bbox 2589 4784 2689 4841; x_wconf 92' lang='lat' dir='ltr'><strong>nisi</strong></span> <span class='ocrx_word' id='word_1_801' title='bbox 2720 4783 2766 4840; x_wconf 90' lang='lat' dir='ltr'><strong>si</strong></span> <span class='ocrx_word' id='word_1_802' title='bbox 2793 4781 3021 4844; x_wconf 86' lang='lat' dir='ltr'><strong>Creator</strong></span> <span class='ocrx_word' id='word_1_803' title='bbox 3051 4784 3172 4842; x_wconf 88' lang='lat' dir='ltr'><strong>ideo</strong></span> <span class='ocrx_word' id='word_1_804' title='bbox 3198 4783 3271 4857; x_wconf 90' lang='lat' dir='ltr'><strong>(c)</strong></span> <span class='ocrx_word' id='word_1_805' title='bbox 3301 4785 3472 4857; x_wconf 79' lang='lat' dir='ltr'><strong>legem</strong></span> <span class='ocrx_word' id='word_1_806' title='bbox 3501 4786 3624 4860; x_wconf 82' lang='lat' dir='ltr'><strong>(ll)</strong></span> 
     </span>
    </p>
   </div>
   <div class='ocr_carea' id='block_1_96' title="bbox 1530 4877 2372 4943">
    <p class='ocr_par' dir='ltr' id='par_1_96' title="bbox 1530 4877 2372 4943">
     <span class='ocr_line' id='line_1_96' title="bbox 1530 4877 2372 4943; baseline -0.004 -5"><span class='ocrx_word' id='word_1_807' title='bbox 1530 4881 1913 4943; x_wconf 77' lang='lat' dir='ltr'><strong>LECTIONES</strong></span> <span class='ocrx_word' id='word_1_808' title='bbox 1951 4877 2372 4940; x_wconf 79' lang='lat' dir='ltr'><strong>VARIANTES.</strong></span> 
     </span>
    </p>
   </div>
   <div class='ocr_carea' id='block_1_97' title="bbox 386 4969 2599 5098">
    <p class='ocr_par' dir='ltr' id='par_1_97' title="bbox 386 4969 2599 5098">
     <span class='ocr_line' id='line_1_97' title="bbox 386 4969 2599 5098; baseline -0.002 -73"><span class='ocrx_word' id='word_1_809' title='bbox 386 4976 462 5045; x_wconf 82' lang='lat' dir='ltr'><strong>(t)</strong></span> <span class='ocrx_word' id='word_1_810' title='bbox 488 4975 751 5039; x_wconf 79' lang='lat' dir='ltr'><strong>Congredi,</strong></span> <span class='ocrx_word' id='word_1_811' title='bbox 779 4976 974 5037; x_wconf 87' lang='lat' dir='ltr'><strong>quoties</strong></span> <span class='ocrx_word' id='word_1_812' title='bbox 996 4971 1146 5028; x_wconf 84' lang='lat' dir='ltr'><strong>Seml.</strong></span> <span class='ocrx_word' id='word_1_813' title='bbox 1158 4980 1176 5040; x_wconf 60' lang='grc' dir='ltr'><em>ξ</em></span> <span class='ocrx_word' id='word_1_814' title='bbox 2085 4972 2163 5098; x_wconf 46' lang='lat' dir='ltr'><strong>E7)</strong></span> <span class='ocrx_word' id='word_1_815' title='bbox 2183 4980 2301 5022; x_wconf 86' lang='lat' dir='ltr'><strong>Dum</strong></span> <span class='ocrx_word' id='word_1_816' title='bbox 2322 4969 2452 5022; x_wconf 88' lang='lat' dir='ltr'><strong>abest</strong></span> <span class='ocrx_word' id='word_1_817' title='bbox 2478 4972 2599 5022; x_wconf 85' lang='lat' dir='ltr'><strong>Par.</strong></span> 
     </span>
     <span class='ocr_line' id='line_1_98' title="bbox 386 5031 2440 5098; baseline -0.003 -10"><span class='ocrx_word' id='word_1_818' title='bbox 386 5041 458 5098; x_wconf 79' lang='lat'><strong>(2)</strong></span> <span class='ocrx_word' id='word_1_819' title='bbox 479 5041 758 5092; x_wconf 84' lang='lat' dir='ltr'><strong>Cessionem</strong></span> <span class='ocrx_word' id='word_1_820' title='bbox 781 5039 935 5090; x_wconf 81' lang='lat' dir='ltr'><strong>Fran.</strong></span> <span class='ocrx_word' id='word_1_821' title='bbox 2110 5039 2142 5088; x_wconf 90' lang='lat'><strong>8</strong></span> <span class='ocrx_word' id='word_1_822' title='bbox 2188 5035 2266 5098; x_wconf 82' lang='lat' dir='ltr'><strong>Ira</strong></span> <span class='ocrx_word' id='word_1_823' title='bbox 2286 5031 2440 5098; x_wconf 85' lang='lat' dir='ltr'><strong>Seml.</strong></span> 
     </span>
    </p>
   </div>
   <div class='ocr_carea' id='block_1_98' title="bbox 384 5031 2437 5115">
    <p class='ocr_par' dir='ltr' id='par_1_98' title="bbox 384 5031 2437 5115">
     <span class='ocr_line' id='line_1_99' title="bbox 384 5031 2437 5115; baseline 0 0"><span class='ocrx_word' id='word_1_824' title='bbox 384 5031 458 5115; x_wconf 56' lang='lat' dir='ltr'><strong>(ei</strong></span> <span class='ocrx_word' id='word_1_825' title='bbox 479 5031 758 5115; x_wconf 60' lang='grc' dir='ltr'><strong>(Ξςεδῖυηρηῖ</strong></span> <span class='ocrx_word' id='word_1_826' title='bbox 778 5031 972 5115; x_wconf 42' lang='lat' dir='ltr'><strong>FW;</strong></span> <span class='ocrx_word' id='word_1_827' title='bbox 1009 5105 1019 5115; x_wconf 93' lang='lat'><strong>.</strong></span> <span class='ocrx_word' id='word_1_828' title='bbox 1054 5110 1062 5115; x_wconf 91' lang='lat'>_</span> <span class='ocrx_word' id='word_1_829' title='bbox 1103 5101 1114 5115; x_wconf 92' lang='lat'><strong>.</strong></span> <span class='ocrx_word' id='word_1_830' title='bbox 1158 5031 1198 5115; x_wconf 73' lang='grc'><strong>”.</strong></span> <span class='ocrx_word' id='word_1_831' title='bbox 1220 5108 1256 5115; x_wconf 88' lang='lat'><strong>_-</strong></span> <span class='ocrx_word' id='word_1_832' title='bbox 2085 5031 2163 5115; x_wconf 67' lang='grc' dir='ltr'><strong>(ἕ)</strong></span> <span class='ocrx_word' id='word_1_833' title='bbox 2184 5035 2270 5115; x_wconf 64' lang='lat'><strong>1&quot;}.</strong></span> <span class='ocrx_word' id='word_1_834' title='bbox 2283 5031 2437 5115; x_wconf 59' lang='grc' dir='ltr'><strong>ἔφξὲ</strong></span> 
     </span>
    </p>
   </div>
   <div class='ocr_carea' id='block_1_99' title="bbox 389 5097 2641 5209">
    <p class='ocr_par' dir='ltr' id='par_1_99' title="bbox 389 5097 2641 5209">
     <span class='ocr_line' id='line_1_100' title="bbox 389 5097 2641 5209; baseline -0.002 -59"><span class='ocrx_word' id='word_1_835' title='bbox 389 5097 464 5167; x_wconf 65' lang='lat'><strong>(3&#39;)</strong></span> <span class='ocrx_word' id='word_1_836' title='bbox 491 5105 720 5177; x_wconf 73' lang='lat' dir='ltr'><strong>Quamvis</strong></span> <span class='ocrx_word' id='word_1_837' title='bbox 744 5109 796 5151; x_wconf 91' lang='lat' dir='ltr'><strong>et</strong></span> <span class='ocrx_word' id='word_1_838' title='bbox 816 5106 916 5166; x_wconf 85' lang='lat' dir='ltr'><strong>ipsa</strong></span> <span class='ocrx_word' id='word_1_839' title='bbox 933 5101 1147 5169; x_wconf 78' lang='lat' dir='ltr'><strong>Epistola</strong></span> <span class='ocrx_word' id='word_1_840' title='bbox 1170 5103 1274 5154; x_wconf 85' lang='lat' dir='ltr'><strong>Lat.</strong></span> <span class='ocrx_word' id='word_1_841' title='bbox 2085 5097 2162 5209; x_wconf 58' lang='lat'><strong>$9)</strong></span> <span class='ocrx_word' id='word_1_842' title='bbox 2184 5097 2324 5148; x_wconf 87' lang='lat' dir='ltr'><strong>Enim</strong></span> <span class='ocrx_word' id='word_1_843' title='bbox 2343 5097 2462 5147; x_wconf 84' lang='lat' dir='ltr'><strong>add.</strong></span> <span class='ocrx_word' id='word_1_844' title='bbox 2491 5103 2641 5146; x_wconf 70' lang='lat' dir='ltr'><strong>r‘ran.</strong></span> 
     </span>
     <span class='ocr_line' id='line_1_101' title="bbox 389 5161 2571 5209; baseline 0 0"><span class='ocrx_word' id='word_1_845' title='bbox 389 5165 459 5209; x_wconf 70' lang='lat' dir='ltr'><strong>lt)</strong></span> <span class='ocrx_word' id='word_1_846' title='bbox 483 5173 567 5209; x_wconf 80' lang='lat' dir='ltr'><strong>nm</strong></span> <span class='ocrx_word' id='word_1_847' title='bbox 591 5166 710 5209; x_wconf 78' lang='lat' dir='ltr'><strong>add-</strong></span> <span class='ocrx_word' id='word_1_848' title='bbox 740 5166 892 5209; x_wconf 77' lang='lat' dir='ltr'><strong>Frmt-</strong></span> <span class='ocrx_word' id='word_1_849' title='bbox 2116 5161 2194 5209; x_wconf 83' lang='grc' dir='ltr'><strong>1οὶ</strong></span> <span class='ocrx_word' id='word_1_850' title='bbox 2223 5161 2413 5209; x_wconf 75' lang='lat' dir='ltr'><strong>Movses</strong></span> <span class='ocrx_word' id='word_1_851' title='bbox 2431 5161 2571 5209; x_wconf 89' lang='lat' dir='ltr'><strong>Pam.</strong></span> 
     </span>
    </p>
   </div>
   <div class='ocr_carea' id='block_1_100' title="bbox 384 5161 1922 5300">
    <p class='ocr_par' dir='ltr' id='par_1_100' title="bbox 384 5161 1042 5300">
     <span class='ocr_line' id='line_1_102' title="bbox 384 5161 991 5223; baseline -0.002 -8"><span class='ocrx_word' id='word_1_852' title='bbox 384 5161 457 5223; x_wconf 33' lang='lat' dir='ltr'><strong>(&#39;t&#39;</strong></span> <span class='ocrx_word' id='word_1_853' title='bbox 483 5161 567 5214; x_wconf 15' lang='lat' dir='ltr'><strong>Diei</strong></span> <span class='ocrx_word' id='word_1_854' title='bbox 591 5166 711 5216; x_wconf 85' lang='lat' dir='ltr'><strong>add.</strong></span> <span class='ocrx_word' id='word_1_855' title='bbox 738 5161 892 5215; x_wconf 79' lang='lat' dir='ltr'><strong>Fran.</strong></span> <span class='ocrx_word' id='word_1_856' title='bbox 978 5161 991 5169; x_wconf 88' lang='grc'><em>’</em></span> 
     </span>
     <span class='ocr_line' id='line_1_103' title="bbox 385 5165 1042 5300; baseline 0.006 -25"><span class='ocrx_word' id='word_1_857' title='bbox 486 5231 741 5300; x_wconf 67' lang='grc' dir='ltr'><strong>ῃυῑίιιεεωι</strong></span> <span class='ocrx_word' id='word_1_858' title='bbox 764 5227 908 5300; x_wconf 73' lang='lat' dir='ltr'><strong>alter.</strong></span> <span class='ocrx_word' id='word_1_859' title='bbox 995 5288 1042 5300; x_wconf 45' lang='grc' dir='ltr'><strong>Α.</strong></span> 
     </span>
    </p>
   </div>
   <div class='ocr_carea' id='block_1_101' title="bbox 2030 5161 2723 5300">
    <p class='ocr_par' dir='ltr' id='par_1_101' title="bbox 2086 5161 2707 5290">
     <span class='ocr_line' id='line_1_104' title="bbox 2086 5161 2707 5290; baseline -0.002 -16"><span class='ocrx_word' id='word_1_860' title='bbox 2086 5161 2196 5290; x_wconf 65' lang='lat' dir='ltr'><strong>iiii</strong></span> <span class='ocrx_word' id='word_1_861' title='bbox 2219 5161 2413 5288; x_wconf 60' lang='grc' dir='ltr'><strong>ἓὲἔὲἓῗ</strong></span> <span class='ocrx_word' id='word_1_862' title='bbox 2425 5161 2707 5275; x_wconf 67' lang='grc' dir='ltr'><strong>ἔὲἑηέἰυιεπ</strong></span> 
     </span>
    </p>
   </div>
   <div class='ocr_carea' id='block_1_102' title="bbox 385 5291 1208 5358">
    <p class='ocr_par' dir='ltr' id='par_1_102' title="bbox 385 5291 1208 5358">
     <span class='ocr_line' id='line_1_105' title="bbox 385 5291 1208 5358; baseline -0.001 -17"><span class='ocrx_word' id='word_1_863' title='bbox 385 5291 461 5358; x_wconf 85' lang='grc'><strong>(6)</strong></span> <span class='ocrx_word' id='word_1_864' title='bbox 490 5292 775 5354; x_wconf 84' lang='lat' dir='ltr'><strong>lgnorantes</strong></span> <span class='ocrx_word' id='word_1_865' title='bbox 795 5298 966 5342; x_wconf 86' lang='lat' dir='ltr'><strong>natura</strong></span> <span class='ocrx_word' id='word_1_866' title='bbox 987 5291 1208 5346; x_wconf 81' lang='lat' dir='ltr'><strong>Ciaccon.</strong></span> 
     </span>
    </p>
   </div>
   <div class='ocr_carea' id='block_1_103' title="bbox 1687 5373 2250 5432">
    <p class='ocr_par' dir='ltr' id='par_1_103' title="bbox 1687 5373 2250 5432">
     <span class='ocr_line' id='line_1_106' title="bbox 1687 5373 2250 5432; baseline 0 -2"><span class='ocrx_word' id='word_1_867' title='bbox 1687 5373 2250 5432; x_wconf 74' lang='lat' dir='ltr'><strong>COMMENTARIUS.</strong></span> 
     </span>
    </p>
   </div>
   <div class='ocr_carea' id='block_1_104' title="bbox 390 5462 1905 5536">
    <p class='ocr_par' dir='ltr' id='par_1_104' title="bbox 390 5462 1905 5536">
     <span class='ocr_line' id='line_1_107' title="bbox 390 5462 1905 5536; baseline 0.001 -17"><span class='ocrx_word' id='word_1_868' title='bbox 390 5464 544 5520; x_wconf 78' lang='lat' dir='ltr'><strong>CAP.</strong></span> <span class='ocrx_word' id='word_1_869' title='bbox 571 5463 713 5536; x_wconf 18' lang='lat' dir='ltr'><strong>,Xlll.</strong></span> <span class='ocrx_word' id='word_1_870' title='bbox 741 5462 908 5535; x_wconf 76' lang='lat' dir='ltr'><strong>—-(a)</strong></span> <span class='ocrx_word' id='word_1_871' title='bbox 944 5463 1174 5533; x_wconf 87' lang='lat' dir='ltr'><strong>Quantas</strong></span> <span class='ocrx_word' id='word_1_872' title='bbox 1203 5473 1368 5520; x_wconf 89' lang='lat' dir='ltr'><strong>autem</strong></span> <span class='ocrx_word' id='word_1_873' title='bbox 1389 5467 1559 5536; x_wconf 83' lang='lat' dir='ltr'><strong>foveas</strong></span> <span class='ocrx_word' id='word_1_874' title='bbox 1601 5465 1654 5519; x_wconf 89' lang='lat' dir='ltr'><strong>in</strong></span> <span class='ocrx_word' id='word_1_875' title='bbox 1701 5466 1905 5536; x_wconf 71' lang='lat' dir='ltr'><strong>istanel</strong></span> 
     </span>
    </p>
   </div>
   <div class='ocr_carea' id='block_1_105' title="bbox 319 5535 1907 5606">
    <p class='ocr_par' dir='ltr' id='par_1_105' title="bbox 319 5535 1907 5606">
     <span class='ocr_line' id='line_1_108' title="bbox 319 5535 1907 5606; baseline 0.002 -19"><span class='ocrx_word' id='word_1_876' title='bbox 319 5539 540 5590; x_wconf 73' lang='lat' dir='ltr'><strong>niaximc</strong></span> <span class='ocrx_word' id='word_1_877' title='bbox 557 5535 721 5603; x_wconf 81' lang='lat' dir='ltr'><strong>Epist.</strong></span> <span class='ocrx_word' id='word_1_878' title='bbox 750 5537 949 5592; x_wconf 82' lang='lat' dir='ltr'><strong>indicat</strong></span> <span class='ocrx_word' id='word_1_879' title='bbox 975 5551 1034 5591; x_wconf 91' lang='lat' dir='ltr'><strong>se</strong></span> <span class='ocrx_word' id='word_1_880' title='bbox 1058 5536 1334 5592; x_wconf 86' lang='lat' dir='ltr'><strong>dumtaxat</strong></span> <span class='ocrx_word' id='word_1_881' title='bbox 1354 5535 1600 5599; x_wconf 85' lang='lat' dir='ltr'><strong>tractare,</strong></span> <span class='ocrx_word' id='word_1_882' title='bbox 1627 5551 1746 5606; x_wconf 69' lang='lat' dir='ltr'><strong>qua:</strong></span> <span class='ocrx_word' id='word_1_883' title='bbox 1771 5535 1907 5590; x_wconf 83' lang='lat' dir='ltr'><strong>Mar-</strong></span> 
     </span>
    </p>
   </div>
   <div class='ocr_carea' id='block_1_106' title="bbox 318 5606 1904 5676">
    <p class='ocr_par' dir='ltr' id='par_1_106' title="bbox 318 5606 1904 5676">
     <span class='ocr_line' id='line_1_109' title="bbox 318 5606 1904 5676; baseline 0.002 -17"><span class='ocrx_word' id='word_1_884' title='bbox 318 5607 440 5660; x_wconf 88' lang='lat' dir='ltr'><strong>cion</strong></span> <span class='ocrx_word' id='word_1_885' title='bbox 467 5607 732 5661; x_wconf 72' lang='lat' dir='ltr'><strong>eradcndn</strong></span> <span class='ocrx_word' id='word_1_886' title='bbox 758 5624 861 5662; x_wconf 89' lang='lat' dir='ltr'><strong>non</strong></span> <span class='ocrx_word' id='word_1_887' title='bbox 889 5606 1069 5674; x_wconf 90' lang='lat' dir='ltr'><strong>videt,</strong></span> <span class='ocrx_word' id='word_1_888' title='bbox 1095 5622 1215 5662; x_wconf 83' lang='lat' dir='ltr'><strong>cum</strong></span> <span class='ocrx_word' id='word_1_889' title='bbox 1249 5617 1422 5661; x_wconf 89' lang='lat' dir='ltr'><strong>tamen</strong></span> <span class='ocrx_word' id='word_1_890' title='bbox 1450 5607 1730 5662; x_wconf 88' lang='lat' dir='ltr'><strong>abstulerit</strong></span> <span class='ocrx_word' id='word_1_891' title='bbox 1785 5622 1904 5676; x_wconf 64' lang='lat' dir='ltr'><strong>quas</strong></span> 
     </span>
    </p>
   </div>
   <div class='ocr_carea' id='block_1_107' title="bbox 323 5675 1904 5747">
    <p class='ocr_par' dir='ltr' id='par_1_107' title="bbox 323 5675 1904 5747">
     <span class='ocr_line' id='line_1_110' title="bbox 323 5675 1904 5747; baseline 0.004 -21"><span class='ocrx_word' id='word_1_892' title='bbox 323 5679 508 5739; x_wconf 83' lang='lat' dir='ltr'><strong>voluit;</strong></span> <span class='ocrx_word' id='word_1_893' title='bbox 537 5679 658 5731; x_wconf 85' lang='lat' dir='ltr'><strong>hinc</strong></span> <span class='ocrx_word' id='word_1_894' title='bbox 688 5675 906 5742; x_wconf 85' lang='lat' dir='ltr'><strong>factum,</strong></span> <span class='ocrx_word' id='word_1_895' title='bbox 938 5688 993 5731; x_wconf 91' lang='lat' dir='ltr'><strong>ut</strong></span> <span class='ocrx_word' id='word_1_896' title='bbox 1043 5679 1395 5747; x_wconf 87' lang='lat' dir='ltr'><strong>paucissimos</strong></span> <span class='ocrx_word' id='word_1_897' title='bbox 1444 5677 1592 5732; x_wconf 86' lang='lat' dir='ltr'><strong>locus</strong></span> <span class='ocrx_word' id='word_1_898' title='bbox 1651 5675 1904 5746; x_wconf 71' lang='lat' dir='ltr'><strong>Epistulas</strong></span> 
     </span>
    </p>
   </div>
   <div class='ocr_carea' id='block_1_108' title="bbox 317 5747 1899 5816">
    <p class='ocr_par' dir='ltr' id='par_1_108' title="bbox 317 5747 1899 5816">
     <span class='ocr_line' id='line_1_111' title="bbox 317 5747 1899 5816; baseline 0.005 -22"><span class='ocrx_word' id='word_1_899' title='bbox 317 5747 689 5816; x_wconf 56' lang='grc' dir='ltr'><strong>νι·‹›1ἱλίπμίιιιω</strong></span> <span class='ocrx_word' id='word_1_900' title='bbox 722 5750 772 5802; x_wconf 84' lang='grc' dir='ltr'><strong>ἱιι</strong></span> <span class='ocrx_word' id='word_1_901' title='bbox 801 5749 1054 5816; x_wconf 71' lang='lat' dir='ltr'><strong>pnedium</strong></span> <span class='ocrx_word' id='word_1_902' title='bbox 1109 5748 1398 5815; x_wconf 85' lang='lat' dir='ltr'><strong>producat,</strong></span> <span class='ocrx_word' id='word_1_903' title='bbox 1444 5748 1579 5802; x_wconf 88' lang='lat' dir='ltr'><strong>sicut</strong></span> <span class='ocrx_word' id='word_1_904' title='bbox 1629 5750 1788 5802; x_wconf 87' lang='lat' dir='ltr'><strong>etiam</strong></span> <span class='ocrx_word' id='word_1_905' title='bbox 1837 5748 1899 5802; x_wconf 89' lang='grc' dir='ltr'><strong>Β.</strong></span> 
     </span>
    </p>
   </div>
   <div class='ocr_carea' id='block_1_109' title="bbox 318 5812 1900 5890">
    <p class='ocr_par' dir='ltr' id='par_1_109' title="bbox 318 5812 1900 5890">
     <span class='ocr_line' id='line_1_112' title="bbox 318 5812 1900 5890; baseline 0.004 -22"><span class='ocrx_word' id='word_1_906' title='bbox 318 5812 512 5887; x_wconf 79' lang='lat' dir='ltr'><strong>Epiph.</strong></span> <span class='ocrx_word' id='word_1_907' title='bbox 542 5819 738 5874; x_wconf 74' lang='lat' dir='ltr'><strong>Eodem</strong></span> <span class='ocrx_word' id='word_1_908' title='bbox 781 5812 1050 5889; x_wconf 78' lang='lat' dir='ltr'><strong>pertinent</strong></span> <span class='ocrx_word' id='word_1_909' title='bbox 1071 5812 1190 5889; x_wconf 74' lang='lat' dir='ltr'><strong>qua:</strong></span> <span class='ocrx_word' id='word_1_910' title='bbox 1213 5817 1371 5874; x_wconf 81' lang='lat' dir='ltr'><strong>habet</strong></span> <span class='ocrx_word' id='word_1_911' title='bbox 1411 5831 1528 5890; x_wconf 90' lang='lat' dir='ltr'><strong>cap.</strong></span> <span class='ocrx_word' id='word_1_912' title='bbox 1557 5833 1668 5890; x_wconf 88' lang='lat' dir='ltr'><strong>seq.</strong></span> <span class='ocrx_word' id='word_1_913' title='bbox 1705 5832 1721 5876; x_wconf 71' lang='grc' dir='ltr'>ς</span> <span class='ocrx_word' id='word_1_914' title='bbox 1753 5818 1900 5875; x_wconf 86' lang='lat' dir='ltr'><strong>Salio</strong></span> 
     </span>
    </p>
   </div>
   <div class='ocr_carea' id='block_1_110' title="bbox 2009 5677 2801 5748">
    <p class='ocr_par' dir='ltr' id='par_1_110' title="bbox 2009 5677 2801 5748">
     <span class='ocr_line' id='line_1_113' title="bbox 2009 5677 2801 5748; baseline -0.003 -14"><span class='ocrx_word' id='word_1_915' title='bbox 2009 5679 2075 5734; x_wconf 85' lang='lat' dir='ltr'><strong>IV</strong></span> <span class='ocrx_word' id='word_1_916' title='bbox 2110 5678 2363 5748; x_wconf 70' lang='lat' dir='ltr'><strong>Epistula:</strong></span> <span class='ocrx_word' id='word_1_917' title='bbox 2385 5677 2450 5731; x_wconf 88' lang='lat' dir='ltr'><strong>ad</strong></span> <span class='ocrx_word' id='word_1_918' title='bbox 2474 5678 2745 5732; x_wconf 77' lang='lat' dir='ltr'><strong>Romanos</strong></span> <span class='ocrx_word' id='word_1_919' title='bbox 2790 5679 2801 5732; x_wconf 93' lang='grc' dir='ltr'><strong>Ι</strong></span> 
     </span>
    </p>
   </div>
   <div class='ocr_carea' id='block_1_111' title="bbox 2008 5748 2971 5821">
    <p class='ocr_par' dir='ltr' id='par_1_111' title="bbox 2008 5748 2971 5821">
     <span class='ocr_line' id='line_1_114' title="bbox 2008 5748 2971 5821; baseline -0.002 -17"><span class='ocrx_word' id='word_1_920' title='bbox 2008 5749 2148 5821; x_wconf 84' lang='lat' dir='ltr'><strong>quod</strong></span> <span class='ocrx_word' id='word_1_921' title='bbox 2170 5749 2263 5821; x_wconf 77' lang='lat' dir='ltr'><strong>alii</strong></span> <span class='ocrx_word' id='word_1_922' title='bbox 2291 5758 2487 5818; x_wconf 75' lang='grc' dir='ltr'><strong>ἔχωμεν,</strong></span> <span class='ocrx_word' id='word_1_923' title='bbox 2513 5748 2804 5821; x_wconf 72' lang='lat' dir='ltr'><strong>habeamus.</strong></span> <span class='ocrx_word' id='word_1_924' title='bbox 2837 5748 2971 5821; x_wconf 70' lang='lat' dir='ltr'><strong>Plut.</strong></span> 
     </span>
    </p>
   </div>
   <div class='ocr_carea' id='block_1_112' title="bbox 2011 5464 2874 5536">
    <p class='ocr_par' dir='ltr' id='par_1_112' title="bbox 2011 5464 2874 5536">
     <span class='ocr_line' id='line_1_115' title="bbox 2011 5464 2874 5536; baseline -0.003 -14"><span class='ocrx_word' id='word_1_925' title='bbox 2011 5477 2057 5522; x_wconf 87' lang='lat' dir='ltr'><strong>et</strong></span> <span class='ocrx_word' id='word_1_926' title='bbox 2074 5467 2154 5521; x_wconf 90' lang='lat' dir='ltr'><strong>hic</strong></span> <span class='ocrx_word' id='word_1_927' title='bbox 2181 5465 2572 5536; x_wconf 81' lang='lat' dir='ltr'><strong>amplissimum,</strong></span> <span class='ocrx_word' id='word_1_928' title='bbox 2599 5473 2712 5520; x_wconf 88' lang='lat' dir='ltr'><strong>etc.</strong></span> <span class='ocrx_word' id='word_1_929' title='bbox 2737 5464 2874 5521; x_wconf 74' lang='lat' dir='ltr'><strong>Pus.</strong></span> 
     </span>
    </p>
   </div>
   <div class='ocr_carea' id='block_1_113' title="bbox 2011 5530 3622 5662">
    <p class='ocr_par' dir='ltr' id='par_1_113' title="bbox 2011 5530 3622 5662">
     <span class='ocr_line' id='line_1_116' title="bbox 2081 5530 3622 5662; baseline -0.001 -70"><span class='ocrx_word' id='word_1_930' title='bbox 2081 5537 2162 5662; x_wconf 53' lang='lat' dir='ltr'><strong>ib)</strong></span> <span class='ocrx_word' id='word_1_931' title='bbox 2195 5535 2245 5591; x_wconf 85' lang='grc' dir='ltr'><em>Μ</em></span> <span class='ocrx_word' id='word_1_932' title='bbox 2253 5530 2366 5591; x_wconf 82' lang='lat' dir='ltr'><strong>onet</strong></span> <span class='ocrx_word' id='word_1_933' title='bbox 2380 5536 2691 5607; x_wconf 74' lang='lat' dir='ltr'><strong>justi/iactos</strong></span> <span class='ocrx_word' id='word_1_934' title='bbox 2719 5552 2784 5590; x_wconf 75' lang='lat' dir='ltr'><strong>ex</strong></span> <span class='ocrx_word' id='word_1_935' title='bbox 2813 5535 2928 5602; x_wconf 80' lang='lat' dir='ltr'><strong>(ide,</strong></span> <span class='ocrx_word' id='word_1_936' title='bbox 2959 5543 3086 5599; x_wconf 90' lang='lat' dir='ltr'><strong>etc.,</strong></span> <span class='ocrx_word' id='word_1_937' title='bbox 3133 5547 3306 5604; x_wconf 81' lang='lat' dir='ltr'><strong>pacem</strong></span> <span class='ocrx_word' id='word_1_938' title='bbox 3334 5531 3403 5584; x_wconf 89' lang='lat' dir='ltr'><strong>ad</strong></span> <span class='ocrx_word' id='word_1_939' title='bbox 3448 5530 3622 5590; x_wconf 67' lang='lat' dir='ltr'><strong>Deum</strong></span> 
     </span>
     <span class='ocr_line' id='line_1_117' title="bbox 2011 5603 3614 5662; baseline -0.002 -1"><span class='ocrx_word' id='word_1_940' title='bbox 2011 5609 2078 5662; x_wconf 86' lang='lat' dir='ltr'><strong>ha</strong></span> <span class='ocrx_word' id='word_1_941' title='bbox 2113 5624 2212 5662; x_wconf 89' lang='lat' dir='ltr'><strong>ere.</strong></span> <span class='ocrx_word' id='word_1_942' title='bbox 2249 5608 2302 5661; x_wconf 88' lang='lat' dir='ltr'><strong>In</strong></span> <span class='ocrx_word' id='word_1_943' title='bbox 2333 5607 2414 5662; x_wconf 88' lang='lat' dir='ltr'><strong>his</strong></span> <span class='ocrx_word' id='word_1_944' title='bbox 2460 5607 2639 5662; x_wconf 90' lang='lat' dir='ltr'><strong>verbis</strong></span> <span class='ocrx_word' id='word_1_945' title='bbox 2675 5608 2826 5662; x_wconf 90' lang='lat' dir='ltr'><strong>initio</strong></span> <span class='ocrx_word' id='word_1_946' title='bbox 2855 5623 2973 5662; x_wconf 85' lang='lat' dir='ltr'><strong>can.</strong></span> <span class='ocrx_word' id='word_1_947' title='bbox 3007 5604 3072 5662; x_wconf 77' lang='grc' dir='ltr'><strong>ν.</strong></span> <span class='ocrx_word' id='word_1_948' title='bbox 3096 5603 3296 5658; x_wconf 88' lang='lat' dir='ltr'><strong>omisso</strong></span> <span class='ocrx_word' id='word_1_949' title='bbox 3349 5609 3461 5655; x_wconf 83' lang='lat' dir='ltr'><strong>toto</strong></span> <span class='ocrx_word' id='word_1_950' title='bbox 3487 5619 3614 5662; x_wconf 88' lang='lat' dir='ltr'><strong>can.</strong></span> 
     </span>
    </p>
   </div>
   <div class='ocr_carea' id='block_1_114' title="bbox 2113 5603 3614 5677">
    <p class='ocr_par' dir='ltr' id='par_1_114' title="bbox 2113 5603 3614 5677">
     <span class='ocr_line' id='line_1_118' title="bbox 2113 5603 3614 5677; baseline -0.001 -16"><span class='ocrx_word' id='word_1_951' title='bbox 2113 5603 2212 5662; x_wconf 79' lang='lat' dir='ltr'><strong>ere.</strong></span> <span class='ocrx_word' id='word_1_952' title='bbox 2249 5608 2302 5661; x_wconf 88' lang='lat' dir='ltr'><strong>In</strong></span> <span class='ocrx_word' id='word_1_953' title='bbox 2333 5603 2414 5662; x_wconf 78' lang='lat' dir='ltr'><strong>his</strong></span> <span class='ocrx_word' id='word_1_954' title='bbox 2460 5603 2639 5662; x_wconf 86' lang='lat' dir='ltr'><strong>verbis</strong></span> <span class='ocrx_word' id='word_1_955' title='bbox 2675 5608 2826 5663; x_wconf 90' lang='lat' dir='ltr'><strong>initio</strong></span> <span class='ocrx_word' id='word_1_956' title='bbox 2855 5623 2973 5677; x_wconf 89' lang='lat' dir='ltr'><strong>cap.</strong></span> <span class='ocrx_word' id='word_1_957' title='bbox 3007 5604 3072 5669; x_wconf 76' lang='grc' dir='ltr'><strong>ν,</strong></span> <span class='ocrx_word' id='word_1_958' title='bbox 3096 5603 3296 5658; x_wconf 87' lang='lat' dir='ltr'><strong>omisso</strong></span> <span class='ocrx_word' id='word_1_959' title='bbox 3349 5609 3461 5655; x_wconf 80' lang='lat' dir='ltr'><strong>toto</strong></span> <span class='ocrx_word' id='word_1_960' title='bbox 3487 5619 3614 5675; x_wconf 90' lang='lat' dir='ltr'><strong>cap.</strong></span> 
     </span>
    </p>
   </div>
   <div class='ocr_carea' id='block_1_115' title="bbox 2878 5679 3622 5744">
    <p class='ocr_par' dir='ltr' id='par_1_115' title="bbox 2878 5679 3622 5744">
     <span class='ocr_line' id='line_1_119' title="bbox 2878 5679 3622 5744; baseline -0.005 -12"><span class='ocrx_word' id='word_1_961' title='bbox 2878 5679 2916 5732; x_wconf 90' lang='lat' dir='ltr'><strong>it</strong></span> <span class='ocrx_word' id='word_1_962' title='bbox 2959 5679 3157 5732; x_wconf 83' lang='lat' dir='ltr'><strong>Auctor</strong></span> <span class='ocrx_word' id='word_1_963' title='bbox 3199 5682 3387 5744; x_wconf 61' lang='grc' dir='ltr'><strong>ἔχομεν,</strong></span> <span class='ocrx_word' id='word_1_964' title='bbox 3421 5686 3519 5742; x_wconf 88' lang='lat' dir='ltr'><strong>pro</strong></span> <span class='ocrx_word' id='word_1_965' title='bbox 3547 5692 3622 5732; x_wconf 87' lang='lat' dir='ltr'><strong>eo</strong></span> 
     </span>
    </p>
   </div>
   <div class='ocr_carea' id='block_1_116' title="bbox 2081 5813 3620 5892">
    <p class='ocr_par' dir='ltr' id='par_1_116' title="bbox 2081 5813 3620 5892">
     <span class='ocr_line' id='line_1_120' title="bbox 2081 5813 3620 5892; baseline -0.001 -18"><span class='ocrx_word' id='word_1_966' title='bbox 2081 5818 2158 5892; x_wconf 89' lang='lat' dir='ltr'><strong>(c)</strong></span> <span class='ocrx_word' id='word_1_967' title='bbox 2189 5813 2370 5892; x_wconf 75' lang='lat' dir='ltr'><strong>Legem</strong></span> <span class='ocrx_word' id='word_1_968' title='bbox 2383 5813 2727 5876; x_wconf 60' lang='lat' dir='ltr'><strong>&#39;intercatavit.</strong></span> <span class='ocrx_word' id='word_1_969' title='bbox 2752 5819 2807 5876; x_wconf 93' lang='lat' dir='ltr'><strong>ld</strong></span> <span class='ocrx_word' id='word_1_970' title='bbox 2836 5828 2936 5890; x_wconf 89' lang='lat' dir='ltr'><strong>est,</strong></span> <span class='ocrx_word' id='word_1_971' title='bbox 2967 5816 3154 5889; x_wconf 90' lang='lat' dir='ltr'><strong>inquit,</strong></span> <span class='ocrx_word' id='word_1_972' title='bbox 3187 5813 3500 5884; x_wconf 78' lang='lat' dir='ltr'><strong>Rhenanus,</strong></span> <span class='ocrx_word' id='word_1_973' title='bbox 3526 5815 3620 5873; x_wconf 83' lang='lat' dir='ltr'><strong>in-</strong></span> 
     </span>
    </p>
   </div>
  </div>
