4020 6286
393 299 507 358 505

1512 295 1642 354 LIB.
1685 294 1727 353 ν
1769 295 2134 356 ADVERSUS
2170 296 2591 356 MARCIONEM.

3603 299 3708 357 506

395 408 747 467 intercalavit
768 451 785 478 ,
841 420 900 466 ut
950 408 1223 480 negotium
1269 420 1582 483 procuraret
1653 412 1842 483 gratiae
1896 411 1994 467 Dei
2021 414 2073 474 Α
2098 412 2240 468 milis
2257 422 2423 480 esset,
2450 428 2574 469 cum
2599 413 2869 485 peccatrix
2893 414 3007 486 ipsa
3031 394 3143 471 noni
3165 421 3333 481 esset,
3356 427 3484 470 nam
3511 418 3567 468 et
3589 410 3707 467 haec

394 503 665 571 alterius,
718 512 772 559 et
836 502 1050 574 quidem
1097 502 1314 569 remuli,
1378 517 1447 559 ne
1491 502 1719 559 dixerim
1797 504 1994 575 ignoti;

395 607 451 651 ut
475 597 909 665 quemadmodum
937 597 1081 669 apud
1105 597 1272 668 ipsum
1310 608 1608 670 regnaverat
1638 609 1898 669 peccatum
1944 602 1999 656 in

398 698 616 744 mortem
636 729 651 754 ,
675 689 748 742 ita
772 697 819 742 et
843 690 1009 760 gratia
1034 690 1268 760 regnaret
1295 690 1349 744 in
1371 690 1576 759 justitia
1599 691 1654 745 in
1688 691 1845 745 vitam
1908 707 1999 763 per

393 778 579 836 Iesum
607 778 902 848 Christum,
939 780 1308 838 adversarium
1356 782 1545 853 ipsius.
1591 783 1818 854 Propter
1849 783 1953 840 hoc
1978 826 1995 851 ,

394 872 578 926 omnia
599 870 939 927 concluserat
964 872 1048 928 lex
1082 872 1360 929 Creatoris
1399 874 1501 930 sub
1529 872 1806 944 delictum,
1836 885 1891 932 et
1919 886 1998 932 to-

396 971 512 1016 tum
534 962 799 1019 mundum
826 962 1124 1021 deduxerat
1162 965 1216 1022 in
1246 973 1457 1022 reatum
1480 1008 1494 1032 ,
1523 975 1578 1022 et
1604 982 1766 1024 omne
1813 983 1877 1024 os
1909 968 2001 1024 ob-

392 1066 699 1124 struxerat,
731 1072 800 1114 ue
830 1058 921 1130 qui
964 1060 1296 1131 gloriaretur
1338 1079 1434 1136 per
1484 1064 1669 1133 illam;
1724 1074 1782 1121 ut
1827 1068 1997 1138 gratia

392 1158 705 1206 servaretur
747 1151 803 1206 in
831 1152 1055 1221 gloriam
1084 1155 1330 1225 Christi,
1384 1174 1490 1214 non
1531 1159 1805 1216 Creatoris
1835 1202 1850 1225 ,
1902 1160 1996 1217 sed

397 1242 708 1299 Marcionis.
748 1244 976 1301 Possum
1020 1258 1074 1303 et
1104 1247 1192 1304 hic
1216 1250 1286 1307 de
1312 1237 1618 1308 substantia
1639 1254 1839 1311 Christi
1861 1270 1999 1326 pra:-

315 1367 371 1386 --
392 1349 628 1403 struere,
669 1352 734 1393 ex
780 1350 1065 1411 prospectu
1087 1344 1402 1413 quaestionis
1431 1345 1823 1402 subsecutum.
1853 1346 1998 1403 Mor-

393 1438 509 1484 tuos
537 1428 672 1484 enim
698 1446 788 1484 nos
827 1431 999 1503 inquit
1045 1433 1171 1505 Legi
1196 1433 1298 1507 (a).
1330 1434 1474 1508 Ergo
1534 1452 1731 1507 corpus
1764 1438 1995 1507 Christi;

391 1526 452 1575 ct
499 1518 818 1592 (i)lpotest
873 1538 1070 1594 corpus
1109 1527 1399 1593 contendi,
1455 1542 1565 1583 non
1613 1529 1796 1584 statim
1847 1545 1995 1586 caro.

390 1609 499 1666 Sed
525 1618 581 1667 et
604 1626 958 1684 quaecumque
986 1616 1287 1673 substantia
1312 1619 1384 1674 sit
1415 1659 1434 1686 ,
1479 1635 1603 1676 cum
1645 1621 1764 1693 ejus
1818 1623 1996 1678 nomi-

395 1709 493 1755 nat
523 1715 722 1772 corpus
747 1744 765 1771 ,
792 1719 951 1775 quem
980 1707 1198 1778 subjicit
1238 1725 1305 1765 ex
1353 1712 1581 1767 mortuis
1610 1714 1993 1783 resurrexissc,

2101 505 2203 561 erit
2229 507 2320 562 Dei
2362 507 2562 574 virtus,
2613 504 2997 566 in.substantia'
3018 509 3137 582 pari
3164 507 3424 580 perﬁcere
3442 507 3701 562 salutem.

2100 597 2215 654 Non
2242 599 2384 654 enim
2414 615 2665 672 magnum
2688 644 2703 668 ,
2732 600 2780 657 si
2800 601 3022 671 spiritus
3054 601 3147 657 Dei
3177 615 3405 673 carnem
3429 599 3703 661 remedia-

2100 700 2217 757 ret;
2240 692 2336 748 sed
2353 693 2395 748 si
2425 707 2554 748 caro
2593 694 2893 749 consimilis
2922 694 3205 764 peccatrici
3236 736 3252 762 ,
3281 693 3407 749 dum
3436 707 3564 749 caro
3599 701 3703 757 est,

2100 783 2195 839 sed
2225 799 2331 839 non
2382 783 2609 856 peccati.
2666 783 2742 840 Ita
2792 784 3089 840 similitudo
3135 784 3203 840 ad
3253 785 3464 840 titulum
3496 783 3698 854 peccati

2102 876 2393 945 pertinebit
2424 919 2440 947 ,
2473 893 2579 933 non
2604 876 2673 933 ad
2696 877 3015 934 subatantia:
3036 877 3395 935 mendacium.
3446 877 3577 933 Nam
3603 890 3704 931 nec

2100 971 2394 1028 addidisset
2422 964 2635 1043 peccati,
2660 971 2706 1028 si
2732 971 3047 1029 substantias
3090 970 3493 1027 similitudinem
3544 968 3706 1025 vellet

2101 1063 2322 1134 intelligi
2345 1105 2361 1131 ,
2390 1071 2447 1117 ut
2471 1070 2694 1132 negaret
2730 1062 3031 1137 veritatem.
3066 1062 3297 1118 Tantum
3344 1061 3487 1118 enim
3534 1060 3704 1115 carnis

2101 1157 2387 1229 posuisset,
2417 1171 2523 1212 non
2557 1165 2613 1214 et
2640 1156 2855 1228 peccati.
2882 1156 3017 1212 Cum
3057 1171 3189 1212 vero
3219 1165 3345 1213 tunc
3381 1155 3460 1211 sic
3487 1162 3702 1209 struxe-

2103 1254 2178 1309 rit
2224 1252 2325 1323 (4),
2354 1251 2522 1306 carnis
2572 1252 2781 1323 peccati,
2831 1259 2885 1307 et
2928 1250 3277 1306 substantiam
3324 1248 3693 1315 continuavit,

2101 1343 2155 1400 id
2193 1355 2276 1400 est
2307 1358 2548 1411 carnem,
2582 1350 2637 1399 et
2672 1341 3077 1399 similitudinem
3117 1341 3184 1398 ad
3213 1341 3397 1397 vitium
3441 1340 3695 1396 substan-

2100 1435 2189 1491 tizc
2217 1434 2418 1502 retulit,
2449 1434 2501 1489 id
2526 1444 2610 1490 est
2634 1433 2703 1490 ad
2734 1442 3034 1505 peceatum.
3066 1433 3199 1489 Puta
3228 1448 3371 1489 nunc
3389 1432 3699 1499 similitudi.

2110 1542 2231 1583 nem
2282 1526 2597 1582 substantia}
2631 1526 2829 1585 dictam
2857 1568 2872 1593 ,
2907 1542 3012 1581 non
3067 1527 3187 1581 ideo
3230 1525 3508 1597 negabitur
3562 1525 3689 1581 sub-

2099 1622 2311 1677 stantiae
2352 1620 2572 1676 veritas.
2603 1618 2737 1681 .Cur
2786 1635 2917 1692 ergo
2970 1618 3161 1675 similis
3188 1618 3356 1674 vera?
3400 1617 3533 1686 Quia
3561 1632 3687 1673 vera

2100 1713 2336 1784 quidem,
2360 1713 2456 1769 sed
2483 1728 2589 1769 non
2615 1728 2683 1768 ex
2721 1712 2948 1779 semine;
2975 1712 3044 1768 de
3064 1720 3206 1767 statu
3250 1709 3459 1776 similis,
3492 1708 3586 1766 sed
3615 1708 3698 1782 (5)

388 1811 503 1851 utin
531 1804 709 1866 potest
732 1799 879 1855 aliud
907 1810 1105 1871 ‘corpus
1135 1803 1359 1874 intelligi
1392 1843 1410 1870 ,
1449 1820 1610 1876 quam
1660 1807 1839 1865 carnis
1865 1849 1882 1875 ,
1941 1814 1998 1865 iu
2031 1807 2076 1866 Β
2105 1821 2227 1862 vera
2276 1806 2345 1861 de
2387 1819 2550 1862 censu
2583 1846 2599 1872 ,
2631 1820 2738 1861 non
2781 1820 2911 1861 vero
2938 1805 3215 1860 dissimilis
3253 1804 3354 1876 (6).
3404 1803 3697 1866 Caeterum,

390 1902 557 1958 quant
588 1888 677 1943 lex
708 1891 900 1947 mortis
921 1902 1004 1948 est
1028 1893 1193 1950 dicta.
1251 1896 1390 1952 Ecce
1439 1906 1617 1953 autem
1648 1908 1705 1955 et
1751 1901 1994 1958 testimo-

390 1981 541 2035 nium
566 1980 814 2050 perhibet
850 1984 951 2055 legi
984 2027 1000 2050 ,
1041 1996 1096 2042 et
1133 2002 1324 2044 caussa
1373 1989 1554 2045 delicti
1607 2006 1725 2046 eam
1754 2004 1995 2050 excusat.

393 2070 535 2136 Quid
556 2087 676 2143 ergo
696 2073 961 2146 dicemus?
992 2077 1127 2145 Quia
1172 2081 1258 2134 lea:
1297 2083 1595 2151 peccatum?
1645 2083 1809 2141 Absit.
1857 2086 1995 2142 Eru-

389 2167 578 2233 besce,
604 2169 857 2227 Marcion.
894 2171 1058 2231 Absit.
1102 2174 1456 2231 Abominatur
1481 2179 1771 2248 Apostolus
1817 2181 1996 2237 crimi-

391 2267 670 2323 nationem
702 2268 857 2338 legis.
890 2266 996 2323 Sed
1018 2284 1111 2340 ego
1141 2268 1385 2325 delictum
1406 2288 1508 2326 non
1536 2273 1663 2339 scio,
1687 2274 1789 2330 nisi
1818 2292 1909 2344 per
1928 2277 2000 2332 le-

390 2376 525 2437 gem.
551 2360 598 2416 0
624 2376 893 2417 summum
921 2375 987 2417 ex
1019 2359 1121 2417 hoc
1148 2362 1479 2431 prteconium
1507 2363 1642 2435 legis
1663 2406 1678 2431 ,
1710 2381 1807 2437 per
1833 2384 1995 2439 quam

397 2451 595 2522 quuuit
647 2451 729 2525 (2)
806 2452 1057 2509 delictum
1107 2453 1275 2510 latere
1344 2454 1472 2527 (5)!
1530 2455 1653 2513 Non
1704 2473 1836 2530 ergo
1911 2459 1994 2515 lea:

391 2545 628 2614 seduxit,
658 2548 749 2602 sed
767 2556 1027 2616 peccatum
1057 2564 1147 2617 per
1191 2550 1431 2619 praecepti
1471 2551 1807 2607 occasionem.
1852 2552 1997 2621 Quid

399 2637 516 2693 Deo
546 2638 779 2709 imputas
816 2638 994 2709 Legis,
1026 2638 1168 2710 quod
1194 2638 1324 2710 Legi
1355 2640 1472 2711 ejus
1501 2643 1790 2712 Apostolus
1823 2643 1997 2714 impu.

391 2738 510 2785 tare
532 2745 639 2786 non
662 2731 860 2787 audet?
889 2734 1086 2801 Atquin
1111 2741 1165 2789 et
1207 2735 1516 2790 accumulat
1546 2755 1559 2790 :
1588 2735 1699 2792 Lex
1719 2749 1919 2804 sancta,
1949 2748 1994 2795 et

390 2836 704 2898 promptum
717 2829 830 2900 ejus
841 2830 1042 2900 justum
1070 2839 1118 2884 et
1159 2828 1365 2885 bonum.
1418 2831 1473 2887 Si
1500 2832 1681 2889 taliter
1706 2845 1997 2891 veneratur

390 2918 570 2988 legem
600 2917 894 2988 Creatoris,
944 2920 1216 2990 quomde
1270 2922 1445 2992 ipsum
1487 2922 1729 2980 destruat
1783 2926 1991 2982 nescio.

390 3009 527 3079 Quis
575 3012 836 3068 discernit
890 3014 1025 3069 duos
1084 3014 1259 3079 deos,
1300 3016 1507 3086 justum
1563 3019 1758 3086 alium,
1791 3020 1991 3077 bonum

390 3104 559 3159 alium
593 3121 608 3168 ;
652 3120 776 3161 cum
802 3106 847 3161 is
869 3113 1158 3179 utrumque
1183 3108 1380 3165 debeat
1431 3108 1615 3165 credi:
1665 3111 1818 3182 cujus
1850 3127 1993 3182 prae;

2108 1898 2401 1954 similitudo
2472 1899 2524 1953 in
2575 1897 2860 1954 contrariis
2916 1898 3059 1953 nulla
3125 1906 3227 1953 cst.
3285 1896 3515 1968 Spiritus
3585 1910 3692 1951 non

2098 1990 2367 2047 diceretur
2390 1991 2567 2046 carnis
2587 1991 2879 2046 similitudo
2896 2033 2908 2056 ,
2938 1993 3061 2062 quia
3109 2005 3209 2048 nec
3236 2005 3362 2047 caro
3385 1989 3691 2071 similitudi-

2099 2098 2222 2140 nem
2252 2084 2472 2155 spiritus
2495 2093 2745 2155 caperet;
2785 2083 2883 2139 sed
2918 2083 3235 2155 phantasma
3287 2083 3558 2139 diceretur
3581 2123 3598 2148 ,
3650 2080 3696 2136 si

2099 2177 2151 2231 id
2181 2176 2324 2247 quod
2352 2190 2459 2232 non
2488 2184 2606 2231 erat
2630 2216 2646 2237 ,
2670 2174 2973 2233 videbatur.
3006 2175 3315 2231 Similitudo
3355 2184 3535 2231 autem
3565 2172 3701 2228 dici—

2100 2277 2205 2335 tur,
2245 2283 2367 2323 eum
2411 2275 2495 2322 est
2534 2265 2674 2336 quod
2719 2266 2949 2322 videtur.
2973 2266 3072 2323 Est
3097 2268 3263 2334 enim,
3309 2266 3434 2321 dum
3475 2264 3694 2320 alterius

2100 2374 2196 2431 par
2244 2368 2347 2414 est.
2388 2357 2463 2429 (ὁ)
2510 2357 2836 2413 Phantasma
2895 2365 3072 2413 autem
3130 2357 3232 2429 (7),
3289 2372 3392 2429 qua
3455 2358 3536 2432 (8)
3585 2357 3693 2414 hoc

2100 2461 2303 2509 tantum
2338 2449 2422 2524 (9)
2443 2459 2544 2518 est,
2584 2463 2694 2505 non
2724 2459 2806 2505 est
2846 2449 3161 2505 similitudo.
3195 2449 3261 2504 Et
3290 2450 3375 2506 hic
3400 2461 3580 2509 autem
3608 2454 3687 2525 ip-

2098 2562 2158 2604 se
2187 2547 2525 2614 edissercns,
2568 2546 2841 2619 quomodo
2883 2546 3010 2601 nolit
3036 2561 3144 2602 esse
3168 2562 3261 2603 nos
3286 2547 3340 2601 in
3365 2563 3536 2615 carne,
3581 2565 3698 2604 cum

2097 2640 2256 2694 simus
2283 2641 2336 2694 in
2366 2654 2563 2706 carne;
2616 2650 2673 2695 ιιι
2716 2639 2924 2695 scilicet
2945 2656 3050 2694 non
3091 2639 3260 2694 simus
3287 2640 3337 2695 in
3380 2640 3497 2715 (i0)
3527 2644 3700 2713 operi-

2098 2733 2197 2789 bus
2219 2733 2415 2801 carnis,
2445 2732 2680 2789 ostendit
2724 2733 2824 2788 hac
2876 2733 3084 2789 ratione
3137 2734 3506 2808 scripsissc(l
3546 2736 3692 2802 Con,

2097 2828 2216 2895 XV,
2245 2828 2375 2899 50);
2406 2816 2539 2883 Caio
2579 2836 2626 2881 et
2666 2827 2873 2898 sanguis
2906 2843 3118 2897 regnum
3165 2825 3264 2883 Dei
3306 2829 3543 2899 consequi
3586 2846 3695 2884 non

2097 2931 2344 2994 possunt;
2366 2935 2472 2977 non
2509 2919 2861 2976 substantiam
2888 2920 3172 2985 damnans,
3201 2920 3296 2977 sed
3325 2936 3486 2991 opera
3533 2921 3689 2992 ejus:

2095 3032 2232 3088 quae,
2262 3015 2383 3086 quia
2410 3019 2637 3084 possunt
2675 3025 2780 3067 non
2807 3011 3013 3067 admitti
3042 3026 3071 3067 a
3119 3012 3275 3068 nobis
3332 3014 3383 3068 in
3413 3027 3575 3068 carne
3600 3014 3697 3068 ad-

2096 3109 2201 3164 huc
2225 3107 2415 3179 positis
2445 3147 2461 3171 ,
2490 3121 2598 3161 non
2624 3104 2692 3160 ad
2720 3114 2928 3160 reatum
2959 3104 3296 3173 substantiae,
3329 3106 3424 3163 sed
3471 3105 3537 3162 ad
3559 3121 3692 3162 con-

390 3205 608 3266 ceptum
634 3206 690 3261 et
710 3198 909 3252 bonum
940 3206 995 3254 et
1009 3197 1211 3269 justum
1239 3199 1362 3254 est?
1389 3201 1445 3255 Si
1472 3212 1651 3257 autem
1682 3213 1737 3257 et
1784 3204 1992 3274 spirita-
2016 3196 2071 3260 C.
2097 3199 2418 3258 versationis
2449 3197 2807 3270 pertinebunt.
2841 3196 2972 3254 Item
3003 3240 3017 3262 ,
3046 3198 3093 3253 si
3119 3214 3305 3267 corpus
3329 3200 3529 3270 quidem
3556 3217 3695 3255 mor-

392 3286 493 3340 tcm
525 3286 813 3342 conﬁrmat
837 3290 1033 3363 legem»,
1061 3291 1244 3361 utique
1261 3299 1315 3345 et
1358 3291 1752 3362 propheticam,
1805 3294 1989 3365 utique

388 3388 446 3434 et
476 3377 780 3450 ﬁguratam.
809 3380 992 3437 Debeo
1017 3382 1161 3437 enim
1216 3390 1272 3437 et
1301 3383 1426 3439 hinc
1450 3384 1786 3440 constituere
1826 3383 1989 3441 Chri-

386 3480 532 3525 stum
563 3471 616 3527 in
647 3473 1006 3553 Iegeligurate
1028 3474 1374 3547 praedicatum
1393 3515 1411 3543 ,
1438 3492 1547 3548 quo
1599 3492 1700 3536 nec
1733 3493 1764 3534 a
1784 3478 1988 3537 Judteis

387 3565 642 3623 omnibus
661 3568 896 3638 potuerit
915 3570 1153 3641 agnosci.

1000 3663 1228 3721 CAPUT
1257 3663 1395 3722 XIV.

460 3752 640 3825 (Rom.
667 3752 805 3822 VIII,
829 3753 900 3820 Χ,
923 3754 1016 3823 XI,
1051 3754 1167 3822 XII,
1195 3756 1337 3823 XIII,
1374 3757 1518 3830 XIV)
1540 3758 1692 3815 Hunc
1733 3761 1779 3816 si
1822 3760 1980 3817 Pater

385 3849 527 3904 misit
554 3849 608 3904 in
633 3850 1020 3907 similitudinettt
1051 3853 1221 3906 carnis
1242 3853 1434 3922 peccati
1457 3894 1472 3918 ,
1502 3867 1608 3908 non
1655 3853 1777 3910 ideo
1815 3855 1987 3927 phan-

388 3950 561 3997 tasma
585 3940 796 3998 dicetur
817 3956 945 3998 caro
971 3958 1092 4014 qua:
1121 3944 1175 3998 in
1199 3943 1293 3999 illo
1346 3943 1643 4001 videbatur.
1702 3946 1989 4003 Peccatum

384 4034 535 4091 enim
565 4035 713 4091 carni
737 4049 899 4107 supra
924 4034 1235 4106 adscripsit,
1258 4046 1313 4091 et
1337 4035 1480 4092 illam
1507 4037 1632 4093 fecit
1662 4038 1836 4110 legem
1869 4055 1993 4111 pec-

382 4128 492 4185 cati
520 4126 849 4183 habitautem
884 4127 936 4183 in
960 4128 1223 4185 membris
1248 4131 1361 4186 suis
1386 4171 1400 4192 ,
1428 4140 1484 4185 et
1504 4131 1877 4189 adversantem
1910 4133 1987 4189 lc-

383 4222 436 4292 gi
461 4230 676 4276 sensus.
704 4217 785 4275 Ob
808 4219 913 4275 hoc
938 4219 1103 4291 igitur
1121 4222 1348 4276 missum
1375 4220 1569 4278 Filium
1593 4224 1645 4279 in
1680 4226 1989 4282 similitudi-

381 4326 513 4369 nem
534 4311 716 4367 carnis
742 4313 987 4383 peccati,
1017 4322 1073 4367 ut
1098 4314 1291 4385 peccati
1310 4330 1514 4369 carnem
1542 4315 1703 4372 simili
1732 4319 1984 4375 substan-

384 4407 459 4463 tia
487 4406 793 4476 redimeret,
825 4406 880 4463 id
899 4416 983 4464 est
1006 4420 1200 4463 carnea
1224 4447 1241 4474 ,
1272 4422 1391 4480 qua:
1422 4411 1705 4481 peccatrici
1732 4413 1881 4467 carui
1911 4413 1986 4469 si-

2090 3303 2231 3349 tuum
2247 3300 2453 3363 propter
2474 3289 2719 3357 delictum
2756 3288 2915 3362 (adeo
2939 3304 3047 3347 non
3074 3290 3289 3359 animas,
3320 3290 3415 3347 sed
3454 3294 3696 3362 corporis

2091 3402 2240 3444 mors
2291 3382 2418 3457 est),
2448 3384 2657 3454 spiritus
2707 3392 2876 3437 autem
2919 3383 3023 3437 vita
3070 3392 3277 3454 propter
3312 3384 3613 3454 justitiam;
3644 3385 3694 3440 ei

2092 3481 2278 3553 utique
2305 3478 2556 3535 obvenict
2576 3477 2682 3532 vita
2707 3476 3227 3549 propterjustitiam,
3254 3478 3341 3533 eui
3393 3491 3542 3533 mors
3591 3477 3693 3533 ob-

2093 3570 2236 3630 venit
2265 3577 2485 3643 propter
2509 3568 2787 3635 delictum,
2820 3567 2871 3623 id
2892 3577 2978 3642 est
2995 3569 3231 3637 corpori.
3254 3568 3373 3625 Non
3423 3569 3564 3625 enim
3591 3570 3695 3626 ali-

2093 3665 2179 3722 cui
2217 3663 2519 3720 restituitur
2545 3661 2694 3733 quid,
2719 3661 2820 3716 nisi
2843 3660 2969 3731 quid
2992 3659 3135 3716 aliud
3161 3661 3339 3716 amisit
3368 3677 3383 3727 ;
3417 3670 3471 3719 et
3498 3662 3570 3717 ita
3595 3662 3699 3719 erit

2097 3757 2428 3815 resurrectio
2488 3764 2825 3811 mortuorum
2855 3795 2870 3819 ,
2903 3752 3030 3809 dum
3080 3764 3164 3809 est
3209 3769 3516 3825 corporum.
3557 3755 3693 3812 Nam

2093 3863 2146 3907 ct
2178 3849 2289 3921 (ii)
2323 3846 2595 3919 sultjuttgit
2626 3864 2639 3900 ε
2677 3846 2778 3913 Qui
2803 3846 3061 3900 suscitavit
3104 3843 3362 3901 Christum
3391 3863 3422 3900 a
3461 3848 3690 3912 mortuis,

2091 3941 2361 4013 viriﬁcabit
2385 3952 2430 3995 et
2447 3940 2684 3994 mortalia
2733 3954 2949 4007 corpora
3001 3947 3185 3992 vestra.
3235 3938 3385 3994 Adeo
3415 3947 3470 3994 et
3518 3940 3697 3994 carnis

2091 4037 2544 4095 resurrectionem
2570 4032 2931 4101 conﬁrmavit,
2962 4031 3169 4102 absque
3197 4047 3301 4103 qua
3355 4047 3454 4088 nec
3497 4047 3696 4104 corpus

2092 4131 2234 4188 aliud
2272 4129 2376 4186 dici
2398 4130 2559 4199 capit,
2593 4142 2693 4183 nec
2719 4125 2944 4182 mortale
2972 4124 3116 4181 aliud
3148 4125 3391 4196 intelligi,
3428 4136 3481 4180 ct
3528 4125 3693 4182 Citrio

2090 4225 2160 4281 sti
2187 4220 2542 4279 substantiam
2564 4218 2901 4291 corporalem
2922 4217 3186 4289 probavit.
3211 4216 3487 4288 Siquidem
3520 4219 3698 4289 proin-

2093 4318 2162 4375 de
2186 4313 2593 4373 viviﬁcabuntur
2629 4322 2684 4367 ct
2732 4311 2975 4366 mortalia
3000 4323 3228 4382 corpora
3262 4319 3441 4365 nostra
3464 4350 3481 4377 ,
3510 4327 3696 4382 quem-

2104 4408 2392 4466 admodum
2422 4417 2478 4464 et
2530 4404 2622 4463 ille
2650 4404 3003 4462 resuscitatus
3048 4413 3135 4469 est
3159 4446 3175 4473 ,
3203 4418 3309 4460 non
3340 4404 3472 4459 alias
3522 4405 3698 4476 proin-

1597 4525 1894 4585 LECTION
1900 4528 1985 4587 ES
2020 4524 2439 4588 VARIANTES.

448 4662 530 4791 ut
552 4662 1209 4781 armarium

2015 4666 2072 4728 D
2156 4663 2233 4730 (7)
2258 4658 2589 4730 Antemjtegt.
2615 4656 2686 4712 al.

474 4720 524 4791 si
551 4720 713 4791 mni
732 4720 885 4791 segni.
902 4720 1122 4781 'Oberth.
1304 4720 1331 4726 ⁷
2015 4720 2063 4728 ’⁷
2160 4720 2233 4791 (8)
2255 4727 2381 4791 Quia
2398 4724 2466 4778 al.

473 4784 528 4850 ὅ)
551 4788 734 4840 Luem
757 4787 918 4840 εἰσοι-
1118 4849 1127 4850 ,
2110 4830 2119 4835 -
2153 4784 2230 4850 (9)
2252 4784 2350 4840 Pro
2372 4790 2464 4839 hoc
2481 4792 2675 4839 tantum
2697 4784 2795 4839 vult
2813 4785 2917 4842 Lat.
2938 4790 3204 4836 ostentum.

472 4849 527 4980 4;
546 4851 683 4902 Tune
699 4852 770 4902 sic
792 4850 973 4902 struxit
992 4849 1146 4906 Semt.
1174 4855 1441 4916 utrumque
1462 4850 1800 4904 substrauerit
1816 4852 1923 4904 Lat.
2152 4849 2263 4980 tu);
2281 4852 2354 4903 Ex
2376 4850 2529 4926 Segni.

472 4916 505 4980 ξς
548 4913 733 4980 litua,
811 4975 822 4980 Α
957 4976 979 4980 _
1956 4946 1965 4949 «
2182 4916 2230 4966 ιι
2282 4913 2529 4968 Ειοηιιι..

446 4913 526 5037 ig}
548 4913 765 5029 de
782 4975 928 5027 simili
948 4976 1053 5028 Lat.
1956 4946 1965 4949 ‘
2152 4913 2201 4980 (ι
2215 4913 2260 4980 ι)
2282 4913 2344 4968 Et
2362 4921 2497 4968 οηηι·
2523 4916 2667 4967 Pam.
2718 4960 2725 4965 .

1768 5082 2337 5145 COMMENTARIUS.

383 5220 976 5294 terjecit,'interposuit,
992 5218 1326 5294 intersetgtit,
1341 5218 1573 5294 mediam
1589 5218 1839 5294 immisit;
1864 5234 1987 5277 nam

491 5291 541 5348 id
561 5289 825 5377 signiﬁcat
839 5293 1178 5377 intercalare.
1209 5289 1343 5377 Ejus
1360 5291 1511 5377 verbi
1527 5291 1771 5377 meminit
1784 5291 1988 5377 Maero-

381 5364 529 5431 Itius,
559 5360 719 5421 etiam
740 5365 810 5421 de
838 5366 1045 5420 ratione
1084 5360 1433 5419 intercalandi
1456 5361 1669 5417 abunde
1691 5360 1985 5419 disserens.

380 5435 559 5493 Julius
580 5434 762 5492 Caesar
792 5435 1021 5491 instituit
1047 5443 1104 5490 ut
1134 5449 1272 5489 unus
1293 5432 1411 5489 dies
1433 5441 1625 5505 quarto
1650 5448 1862 5505 quoque
1887 5450 1986 5489 an-

382 5523 459 5564 no
481 5506 892 5564 intercalaretur
921 5547 936 5571 ,
968 5506 1068 5561 hoc
1097 5515 1180 5560 est
1198 5505 1564 5570 inscreretur;
1596 5504 1739 5559 unde
1778 5506 1986 5561 bissex-

378 5579 534 5637 tilem
560 5593 760 5635 attuum
792 5575 997 5634 Plinius
1046 5575 1419 5632 intercalarem
1467 5577 1642 5642 vcem,
1701 5586 1757 5631 et
1796 5576 1982 5633 Livius

2068 5276 2073 5281 ς
2103 5236 2329 5293 persona
2356 5219 2645 5293 Marcionis
2666 5260 2683 5287 ,
2714 5228 2767 5277 et
2809 5234 2874 5275 es
2898 5226 3152 5293 corrupta
3198 5216 3346 5293 ejus
3384 5215 3648 5293 scriptura
3671 5260 3687 5285 ,

2131 5293 2287 5364 uippe
2313 5292 2403 5364 qui
2453 5291 2713 5354 verterit,
2743 5288 3089 5364 mortuorum
3110 5289 3230 5364 legi,
3253 5288 3348 5364 ubi
3399 5288 3692 5364 Apostolus

2128 5357 2237 5429 icit,
2266 5357 2488 5418 mortuos
2518 5372 2740 5429 peccato.
2770 5360 2927 5415 Rom.
2956 5359 3043 5425 VI,
3067 5357 3175 5414 sub
3195 5358 3400 5429 initium
3428 5357 3548 5427 cap.
3581 5357 3687 5414 Sed

2088 5428 2234 5490 recte
2262 5449 2386 5489 eum
2413 5428 2731 5487 eonfutatex
2756 5430 3103 5494 sequentibus
3127 5428 3325 5495 verbis,
3360 5429 3446 5483 ubi
3475 5429 3692 5499 subjicit

2089 5504 2343 5561 Christum
2374 5520 2436 5557 ex
2461 5503 2668 5557 mortuis
2692 5501 3041 5554 resurrexisse.
3070 5499 3205 5553 Plut.

2161 5574 2315 5631 CAP.
2343 5571 2645 5644 XIV.——(b)
2672 5570 2986 5644 Phantasnta
3006 5566 3297 5644 antennpe
3311 5583 3419 5644 quo
3446 5569 3686 5637 pluribus

377 5635 625 5708 mensem
654 5649 792 5706 dixit
820 5647 1235 5719 intcrgalarium.
1270 5645 1443 5704 Graeci
1496 5635 1746 5717 ιμεόὶζιμον
1790 5647 1978 5719 appel-
2080 5656 2204 5719 ante
2243 5646 2493 5719 disseruit
2554 5635 2739 5719 contra
2790 5640 3109 5696 Marcioncm
3139 5678 3155 5705 ,
3200 5635 3417 5693 Christo
3449 5635 3681 5719 carnem

393 5722 586 5792 lant-et
602 5727 931 5792 φολιμαίον.
960 5716 1098 5774 ΡΔΜ.

2082 5716 2469 5788 phantastieam
2492 5724 2544 5788 et
2567 5713 2878 5782 phantasma
2913 5752 2930 5778 ,
2961 5726 3068 5767 non
3099 5720 3283 5766 verum
3326 5721 3522 5777 corpus
3574 5709 3669 5763 tri-

324 5810 357 5825 θ
458 5790 538 5865 (a)
559 5783 948 5879 Mortuossnim
1001 5805 1092 5847 nos
1137 5787 1298 5862 inquit
1343 5786 1488 5861 Legi.
1537 5787 1714 5848 Etiam
1762 5788 1867 5847 hoc
1909 5803 1978 5847 ex
2080 5783 2351 5847 buentetu.
2378 5783 2456 5845 Ls
2494 5786 2593 5844 Pu.
