4020 6286
305 259 412 326 507

1684 261 2145 326 TERTULLIANI

3497 264 3609 329 ΜΒ

304 382 375 441 de
399 427 416 455 ,
442 385 547 443 nisi
598 386 722 461 quia
769 386 850 461 (1)
879 386 1204 460 incorpore.
1245 352 1474 445 Saliojet
1497 384 1585 443 hic
1628 385 1898 459 amplissi-
1926 388 1979 447 Α
2003 383 2300 442 videamus.
2345 381 2520 454 Odia,
2577 382 2789 458 inquit,
2842 382 3082 445 halantes
3134 382 3355 457 malum,
3382 395 3430 444 et
3473 387 3607 444 bona

306 494 454 536 mum
481 481 763 554 abruptum
786 483 1053 540 intercisae
1076 483 1365 553 Scriptura:
1387 500 1405 549 ;
1431 481 1526 537 sed
1554 479 1903 553 apprehende

307 574 647 629 testimonium
692 574 1036 646 perhibentem
1084 574 1399 646 Apostolutn
1442 573 1627 631 Israeli
1651 575 1788 645 quod
1827 591 1906 630 ze-

308 665 414 721 lum
437 651 802 733 Dei‘habeant,
837 668 921 723 sui
948 669 1153 738 utique,
1187 679 1474 723 nontamen
1496 685 1588 739 per
1615 668 1897 723 scientiam.

307 758 474 814 Deum
504 760 660 824 enim,
703 760 895 832 inquit,
922 762 1238 834 ignorantes,
1271 770 1317 816 et
1343 777 1489 816 suam
1509 761 1766 833 justitiam
1799 762 1900 816 sis-

308 859 409 906 tere
453 861 736 919 quaerentes
760 895 775 921 ,
804 871 904 909 non
929 854 1247 919 subiecerunt
1281 870 1335 907 se
1344 854 1565 925 justitiw
1602 850 1719 908 Dei.
1752 851 1903 909 Finis

305 945 442 996 enim
493 943 620 1014 legis
681 942 914 1000 Christus
959 946 1012 999 in
1043 945 1301 1015 justitiam
1347 944 1427 1019 (2)
1469 947 1606 1000 omni
1654 945 1896 1001 credenti.

307 1033 406 1107 Hic
431 1036 535 1092 erit
562 1038 953 1109 argumentatio
985 1038 1258 1106 haeretici,
1284 1040 1434 1110 quasi
1465 1040 1629 1096 Deum
1657 1039 1901 1110 superio-

306 1141 421 1182 rem
464 1128 829 1200 ignoraverint
856 1130 1048 1200 Judaii,
1077 1133 1167 1204 qui
1198 1132 1458 1188 adversus
1491 1147 1613 1188 eum
1640 1132 1900 1203 justitiam

305 1233 480 1287 suam,
514 1220 566 1276 id
591 1230 693 1288 est,
727 1223 860 1295 legis
885 1237 996 1279 sua:
1013 1223 1407 1292 constituerint,
1441 1239 1549 1280 non
1579 1225 1905 1297 recipientes

305 1309 576 1370 Christum
627 1315 790 1373 linem
837 1319 989 1390 legis.
1022 1318 1129 1375 Cur
1157 1334 1287 1391 ergo
1311 1328 1366 1376 et
1393 1319 1510 1376 zelo
1560 1334 1749 1376 eorum
1774 1334 1902 1390 erga

308 1405 474 1462 Deum
503 1408 781 1480 proprium
813 1411 1179 1467 testimonium
1207 1410 1480 1483 perhibet,
1498 1412 1544 1467 si
1573 1427 1679 1467 non
1708 1422 1763 1469 et
1787 1412 1901 1468 ius-

313 1499 566 1557 cieutiam
610 1515 737 1573 erga
768 1502 1017 1559 eumdem
1048 1504 1217 1559 Deuni
1261 1504 1339 1561 eis
1372 1504 1704 1574 exprobrat?
1755 1503 1896 1572 quod

306 1591 423 1647 zelo
464 1593 680 1664 quidem
728 1594 825 1651 Dei
846 1607 1156 1667 agerentur,
1189 1595 1283 1654 sed
1314 1611 1420 1653 non
1449 1611 1546 1668 per
1571 1598 1853 1654 scientiam
1881 1614 1898 1663 ;

305 1683 616 1754 ignorantes
667 1688 879 1747 scilicet
922 1703 1070 1754 eum,
1114 1689 1240 1749 dum
1290 1690 1673 1761 dispositioncs
1694 1692 1811 1762 ejus
1847 1692 1901 1746 in

2004 480 2341 535 adhaerentes.
2372 478 2531 536 Aliud
2558 488 2643 536 est
2665 482 2809 536 enim
2843 479 2985 549 apud
3014 479 3352 538 Creatorem.
3390 480 3605 553 Auferte

2005 571 2196 626 malum
2222 572 2286 626 de
2308 570 2443 627 vobis
2461 612 2478 640 ,
2507 579 2561 628 et
2587 569 2704 644 (Ps.
2735 569 2977 638 XXXIII,
3005 571 3099 645 14)
3123 571 3326 628 declina
3360 589 3395 627 a
3418 575 3557 628 malo
3584 615 3604 642 ,

2004 674 2054 720 et
2105 664 2189 736 [ac
2233 663 2440 719 bonum.
2488 664 2671 720 Amore
2698 663 3036 733 [raternitatis
3070 663 3282 719 invicem
3311 661 3604 733 aﬂ'ecttiosi.

2004 759 2122 815 Non
2143 760 2290 816 enim
2318 760 2371 815 id
2395 760 2569 831 ipsum
2593 769 2676 815 est
2700 757 2928 831 :Diliges
2943 760 3236 831 proximum
3255 768 3496 832 tanquam
3522 760 3610 817 te!

2005 855 2114 925 Spe
2161 855 2475 927 gaudentes;
2526 854 2710 925 utique
2739 853 2870 910 Dei:
2918 850 3120 909 Battum
3172 862 3247 909 est
3292 852 3428 909 enim
3477 850 3604 925 (l's.

2004 945 2214 1019 CXVII)
2229 963 2434 1018 sperare
2444 947 2498 1001 in
2523 945 2795 1001 Dominum
2809 946 2907 1017 (7),
2927 961 3081 1016 quam
3095 936 3303 1015 sperare
3327 944 3383 1000 in
3410 944 3605 1015 magis-

2004 1048 2188 1095 tratus.
2248 1038 2553 1094 l’ressuram
2602 1039 2905 1094 sustinentes
2926 1053 2947 1093 :
3002 1036 3259 1095 Exaudiet
3300 1039 3444 1093 enim
3476 1035 3599 1109 (Ps.

2012 1132 2224 1202 XIXJ)
2253 1142 2300 1188 te
2331 1132 2579 1189 Dominus
2609 1132 2664 1187 in
2685 1130 2770 1186 die
2792 1145 3064 1203 pressum.
3099 1130 3279 1187 Habes
3306 1128 3599 1186 Psalmuiu.

2005 1224 2330 1292 Bcneaicite,
2377 1234 2425 1280 et
2468 1225 2625 1280 nolite
2676 1222 3014 1291 maledicere;
3042 1223 3164 1295 quis
3216 1221 3321 1278 hoc
3364 1220 3602 1292 docebit,

2005 1335 2166 1390 quam
2214 1319 2304 1390 qui
2331 1319 2512 1375 omnia
2563 1315 3029 1379 benedictionibus
3046 1315 3331 1372 condidit?
3373 1314 3497 1371 Non
3524 1318 3606 1371 al-

2007 1420 2115 1465 tum
2158 1411 2430 1482 sapientes,
2483 1409 2573 1465 sed
2598 1409 2872 1464 humilibus
2916 1417 3233 1465 assentantes
3260 1406 3366 1482 (8),
3394 1423 3459 1463 ne
3488 1407 3603 1463 sitis

2006 1504 2147 1577 apud
2171 1520 2260 1561 vos
2283 1506 2578 1576 sapientes;
2629 1518 2706 1560 vce
2722 1504 2865 1559 enim
2893 1501 3120 1560 audiunt
3144 1517 3242 1573 per
3259 1501 3470 1559 Esaiam
3493 1501 3601 1570 (Is.

2006 1595 2074 1662 ν,
2124 1596 2245 1669 21).
2296 1596 2497 1653 Malum
2548 1611 2644 1668 pro
2695 1596 2834 1651 malo
2886 1596 3076 1653 nemini
3123 1594 3499 1661 retiibneritis;
3547 1602 3605 1650 et

2010 1688 2197 1762 (Leuit.
2249 1689 2406 1758 XIX,
2467 1690 2562 1759 18)
2594 1709 2610 1745 :
2643 1687 2863 1745 Malitia:
2891 1688 3068 1761 fratris
3092 1689 3241 1744 vestri
3277 1704 3341 1742 ne
3366 1687 3606 1743 uiciniae-

220 1842 228 1850 _
306 1775 523 1834 Christo
550 1779 797 1851 ignorant
825 1782 1339 1839 consummationem
1369 1783 1470 1855 legi
1498 1792 1765 1841 statuturo
1797 1782 1900 1858 (5),
1931 1784 1980 1846 B
2007 1783 2119 1838 ritis
2170 1780 2275 1855 (9).
2340 1780 2453 1837 Nec
2502 1781 2833 1852 vosmetipsos
2877 1779 3213 1837 ulciscentes:
3272 1779 3407 1834 Mihi
3470 1780 3609 1834 enim

309 1877 469 1939 atque
496 1870 568 1926 ita
593 1884 744 1926 suam
767 1872 1030 1940 justitiam
1061 1883 1279 1930 tuentur
1308 1875 1575 1932 adversus
1603 1877 1778 1934 illum.
1809 1881 1903 1933 Ato

306 1975 413 2032 que
439 1961 573 2017 adeo
602 1962 717 2032 ipse
753 1962 979 2020 Creator
1005 1973 1060 2022 et
1094 1966 1448 2037 ignorantiam
1471 1984 1598 2040 erga
1623 1985 1683 2025 se
1710 1985 1903 2026 eorum

307 2063 639 2111 contestatur
666 2055 768 2129 (Is.
797 2056 839 2124 ι,
871 2056 929 2131 5)
958 2076 975 2118 :
1005 2059 1175 2115 Israel
1221 2078 1302 2115 me
1344 2079 1445 2117 non
1475 2064 1698 2133 agnovit,
1726 2073 1774 2120 et
1813 2081 1906 2135 po-

311 2147 463 2217 pulus
488 2164 629 2203 meus
650 2165 729 2203 me
752 2167 853 2205 non
869 2152 1178 2218 intellexit);
1208 2163 1262 2209 et
1287 2154 1428 2225 quod
1445 2154 1706 2225 justitiam
1753 2171 1906 2214 Suam

311 2239 483 2312 magis
502 2242 776 2307 sisterent,
816 2243 1071 2300 docentes
1111 2244 1386 2301 doctrinas
1419 2256 1682 2317 praicepta
1732 2246 1910 2304 homi-

312 2346 441 2391 num
466 2332 567 2403 (ls.
597 2332 790 2399 XXIX,
822 2336 936 2405 15),
975 2351 1076 2393 nec
1121 2351 1227 2393 non
1254 2346 1308 2415 et
1336 2337 1457 2409 (Ps.
1488 2338 1564 2405 ll,
1594 2340 1652 2409 2)
1679 2354 1909 2411 congreo

311 2425 420 2496 gati
470 2434 653 2482 essent
678 2426 939 2485 adversus
996 2429 1304 2498 Dominum,
1336 2439 1393 2487 et
1439 2431 1700 2501 adversus
1725 2430 1912 2489 Chris-

323 2526 437 2574 tum
468 2518 657 2588 ipsius,
689 2533 755 2575 ει
784 2520 1063 2577 inscientia
1095 2523 1320 2579 scilicet.
1364 2522 1507 2580 Nihil
1552 2523 1711 2595 igitur
1737 2534 1913 2595 potest

319 2612 375 2667 in
402 2611 567 2667 alium
594 2612 762 2669 Deum
796 2616 1016 2686 exponi,
1057 2616 1201 2687 quod
1222 2620 1482 2690 competit
1507 2620 1558 2676 in
1575 2619 1911 2692 Creatorem,

314 2704 439 2775 quia
470 2713 525 2760 et
543 2706 674 2760 alias
704 2706 974 2767 immerito
1003 2710 1291 2779 Apostolus
1315 2711 1532 2768 Judaaos
1570 2713 1638 2770 de
1665 2714 1915 2786 ignoran-

315 2797 388 2852 tia
423 2797 893 2871 sugillasset-erga
930 2800 1107 2858 Deum
1158 2802 1417 2874 ignotum.
1441 2804 1578 2875 Quid
1605 2808 1749 2864 enim
1781 2806 1917 2865 deli-

314 2897 563 2960 querant,
590 2890 636 2946 si
660 2890 923 2961 justitiam
955 2892 1048 2949 Dei
1074 2894 1155 2950 sui
1185 2894 1252 2950 ad
1265 2911 1452 2952 versus
1476 2912 1599 2953 eum
1627 2898 1913 2967 sistebant,
1950 2893 1955 2897 ’

322 2996 482 3051 quem
531 2983 889 3055 ignorabant?
918 2985 1115 3057 Atquin
1141 2987 1450 3045 exclamat:
1500 2990 1582 3065 (a)
1622 2989 1669 3046 Ο
1699 2992 1918 3065 profun-

319 3072 445 3127 dam
470 3074 765 3129 divitiarum
807 3085 855 3131 et
900 3079 1167 3150 sapientia:
1190 3078 1309 3146 Dei,
1343 3089 1391 3136 et
1424 3082 1497 3154 (b)
1537 3082 1917 3155 investigabiles

2006 1875 2188 1949 (Deut.
2217 1875 2435 1939 XXXII.
2466 1876 2564 1948 55)
2593 1875 2871 1931 vindictam
2890 1914 2907 1941 ,
2940 1884 2988 1930 et
3017 1890 3110 1946 ego
3147 1874 3413 1931 vindicabo
3438 1913 3452 1938 ,
3484 1874 3609 1927 dicit

2011 1969 2278 2024 Dominus.
2313 1966 2503 2023 Pacem
2543 1984 2659 2023 sum
2702 1967 2933 2023 omnibus
2971 1964 3089 2038 (I0)
3118 1966 3405 2021 hominibus
3449 1964 3607 2019 liabe-

2008 2069 2139 2126 tote;
2167 2076 2297 2131 ergo
2326 2072 2381 2117 et
2410 2060 2600 2132 legalis
2649 2059 2776 2115 talio
2822 2073 2930 2115 non
2959 2058 3368 2128 retributionem
3401 2056 3610 2127 injuriae

2009 2153 2376 2227 permittebat.
2400 2153 2496 2209 sed
2516 2151 2881 2223 inceptionem
2910 2162 3059 2209 metu
3086 2151 3452 2209 retributionis
3472 2167 3575 2207 con
3594 2182 3608 2190 -

2014 2247 2295 2319 primebat.
2322 2245 2513 2303 Merito
2547 2244 2731 2317 itaque
2761 2253 2925 2299 totam
2957 2242 3236 2300 Creatoris
3264 2242 3608 2314 disciplinam

2011 2338 2291 2411 principali
2325 2345 2593 2407 princepto
2614 2336 2734 2407 ejus
2757 2335 3022 2392 conclusit
3048 2353 3065 2393 :
3097 2334 3296 2408 Diliges
3319 2335 3613 2406 proximum

2018 2440 2261 2509 tanquam
2286 2439 2352 2485 te.
2384 2428 2499 2485 Hoc
2522 2428 2682 2500 Legis
2703 2428 3133 2499 supplementum
3159 2428 3207 2484 si
3234 2444 3301 2483 ex
3328 2428 3439 2499 ipsa
3465 2426 3611 2498 Lege

2013 2532 2117 2589 est,
2146 2522 2266 2594 quis
2295 2522 2365 2578 sit
2394 2521 2535 2577 Deus
2566 2520 2723 2592 Legis
2742 2519 2853 2591 jam
2883 2519 3073 2591 ignoro
3104 2519 3324 2594 (metuo
3353 2535 3423 2576 ne
3464 2520 3603 2575 deus

2020 2616 2329 2687 Marcionis)
2355 2615 2435 2682 :si
2454 2628 2583 2671 vero
2615 2613 2969 2686 Evangelium
2983 2614 3183 2672 Christi
3211 2614 3313 2671 hoc
3342 2623 3613 2687 pmeeptii

2025 2709 2368 2781 adimpletur,
2396 2708 2594 2764 Christi
2637 2716 2814 2763 autent
2855 2722 2959 2764 non
2997 2718 3080 2766 est
3135 2706 3251 2781 (11)
3293 2707 3611 2775 Creatoris,

2016 2819 2124 2876 quo
2165 2803 2277 2876 jam
2330 2802 2751 2859 contendimus?
2796 2802 3000 2859 Dixerit
3051 2800 3320 2867 Christus,
3349 2817 3419 2858 an
3453 2817 3606 2858 non:

2019 2897 2132 2970 Ego
2161 2913 2264 2951 non
2286 2896 2397 2951 veni
2419 2896 2579 2969 legem
2608 2894 2884 2950 dissolvere
2909 2934 2924 2958 ,
2975 2894 3066 2950 sed
3092 2894 3305 2965 implere
3334 2891 3517 2967 (Matt.
3550 2892 3618 2959 γ,

2021 2992 2151 3063 i7)?
2190 2988 2412 3046 Frustra
2444 2988 2510 3062 de
2541 2989 2640 3044 ista
2670 2987 2936 3045 sententia
2968 2985 3208 3059 neganda
3235 2986 3305 3059 (c)
3357 2986 3618 3042 Ponticus

2027 3080 2316 3138 laboravit.
2349 3079 2405 3137 Si
2446 3079 2795 3150 Evaugelium
2843 3077 3042 3148 Legem
3093 3092 3200 3133 non
3256 3074 3620 3147 adimplevit,

317 3166 417 3220 via:
453 3165 604 3237 ejus!
642 3166 796 3224 Unde
840 3168 931 3224 illa
978 3169 1057 3243 (Δ)
1098 3173 1349 3243 eruptio?
1386 3173 1465 3230 Ex
1541 3176 1917 3233 recordatione
1943 3179 1989 3243 C
2024 3172 2150 3230 ecce
2187 3172 2300 3228 Lex
2338 3170 2688 3244 Evangeliiim
2719 3169 3053 3241 adimplevit.
3084 3167 3230 3225 Bene
3256 3177 3435 3225 autem
3463 3168 3613 3239 quod

319 3258 525 3315 scilicet
545 3259 964 3333 Scripturarum,
992 3280 1127 3336 quas
1156 3276 1301 3322 retro
1330 3268 1653 3334 revolverat,
1685 3285 1753 3327 ex
1785 3285 1916 3328 eon-

322 3351 674 3421 templatione
726 3364 1212 3426 sacramentorum,
1244 3374 1362 3429 qua:
1398 3374 1559 3432 supra
1585 3361 1921 3422 disseruerat

322 3444 376 3501 in
413 3444 573 3502 ﬁdem
600 3444 821 3516 Christi,
850 3465 916 3506 ex
946 3448 1063 3522 lege
1094 3452 1421 3525 venientem.
1456 3450 1580 3510 llaec
1606 3455 1652 3511 si
1681 3455 1918 3514 Marcion

322 3538 392 3594 de
432 3538 688 3597 industria
731 3557 835 3597 non
871 3542 952 3615 (5)
982 3544 1167 3611 erasit,
1198 3542 1322 3619 quid
1348 3548 1623 3616 apostolus
1667 3548 1787 3619 ejus
1820 3566 1919 3607 ex-

323 3630 540 3697 clamat,
558 3632 729 3687 nullas
743 3633 955 3689 intuens
969 3634 1182 3690 divitias
1196 3636 1287 3691 Dci
1305 3645 1411 3692 tam
1426 3639 1677 3710 pauperis
1697 3649 1753 3696 et
1765 3642 1921 3712 egeni

326 3739 490 3796 quam
520 3724 611 3797 qui
642 3725 774 3781 nihil
800 3726 1062 3793 condidit,
1095 3727 1222 3784 nihil
1254 3729 1579 3799 praedicavit,
1597 3730 1728 3787 nihil
1755 3730 1913 3788 deni-

331 3832 436 3888 que
460 3815 663 3884 habuit,
697 3826 755 3874 ut
782 3818 874 3890 qui
902 3819 954 3874 in
976 3820 1156 3876 aliena
1186 3820 1506 3878 descendit?
1545 3821 1653 3881 Sed
1691 3826 1837 3882 enim
1866 3835 1924 3882 et

326 3926 458 3984 opes
486 3919 539 3969 et
564 3912 763 3970 divitia:
783 3912 1057 3970 Creatoris
1083 3916 1212 3971 olim
1237 3915 1590 3982 absconditur,
1617 3934 1922 3976 nuncrese-

328 4014 458 4061 rata:
476 4008 855 4076 repromiserat
876 4006 978 4080 (Is.
1001 4006 1163 4075 XLV,
1185 4010 1262 4077 5):
1282 4009 1352 4064 Et
1377 4009 1509 4066 dabo
1534 4012 1637 4068 illis
1659 4012 1925 4070 thesauros

328 4096 859 4161 occultos,invisibiles
884 4102 1113 4171 aperiam
1142 4101 1235 4157 eis.
1259 4101 1386 4157 Inde
1412 4119 1541 4175 ergo
1559 4105 1919 4163 exclamatum

328 4198 413 4245 est
440 4206 457 4243 :
485 4188 530 4244 0
558 4191 870 4263 profundum
897 4193 1192 4261 divitiarum
1216 4207 1264 4250 et
1286 4196 1551 4267 sapientia:
1579 4196 1718 4253 Dei!
1743 4199 1921 4269 ‘cujus

325 4281 440 4352 jam
471 4281 706 4339 thesauri
756 4283 1021 4356 patebant.
1080 4285 1135 4340 ld
1179 4287 1371 4354 Esaiae,
1426 4298 1479 4344 et
1512 4288 1592 4363 (6)
1645 4291 1926 4362 sequentia

329 4377 399 4433 de
442 4377 682 4449 ejusdem
735 4380 1010 4450 propheta:
1064 4381 1422 4438 instrumento
1468 4381 1570 4453 (Is.
1629 4380 1755 4451 XL,
1790 4385 1926 4458 l3):

343 4470 471 4538 Quis
500 4471 636 4525 enim
683 4472 917 4542 cognovit
956 4489 1162 4527 sensum
1214 4471 1464 4542 Domini,
1496 4485 1585 4530 aut
1620 4476 1732 4548 quis
1756 4476 1929 4531 consi-

2023 3268 2155 3325 etin
2181 3266 2425 3324 clausula
2457 3268 2681 3322 tribunal
2707 3266 2899 3322 Christi
2923 3266 3301 3331 comminatur,
3328 3266 3510 3338 utique
3530 3265 3626 3337 ju-

2029 3363 2165 3419 dicis
2189 3372 2243 3419 et
2270 3362 2493 3427 ultoris,
2526 3362 2709 3432 utique
2753 3359 3059 3428 Creatoris;
3122 3360 3271 3416 illum
3305 3370 3453 3419 certe
3480 3376 3616 3417 con-

2023 3456 2253 3513 stituens
2310 3453 2724 3525 promerendum
2752 3492 2768 3521 ,
2818 3468 2977 3525 quem
3030 3452 3259 3511 intentat
3303 3450 3629 3519 timendum,

2024 3548 2234 3603 etiamsi
2263 3546 2427 3602 alium
2449 3545 2786 3617 praedicaret.

2637 3636 2867 3695 CAPUT
2900 3636 3020 3695 XV.

2099 3729 2448 3788 Brevioribus
2469 3744 2683 3802 quoque
2710 3729 2972 3803 Epistolis
2987 3744 3096 3788 non
3113 3729 3624 3803 pigebitintemlere:

2025 3832 2109 3879 est
2160 3836 2322 3892 sapor
2351 3831 2405 3878 et
2449 3822 2504 3878 in
2537 3822 2740 3894 paucis.
2776 3821 3084 3879 acciderant
3132 3821 3308 3880 Indici
3355 3825 3634 3897 prophetas

2026 3930 2167 3970 suos.
2189 3913 2413 3970 Possum
2428 3914 2609 3971 dicere
2632 3932 2646 3969 :
2669 3914 2806 3984 Quid
2833 3915 2902 3972 ad
2942 3915 3251 3987 apostolum
3269 3915 3363 3973 Dei
3376 3916 3629 3985 alterius,

2028 4017 2083 4063 et
2110 4007 2327 4079 quidem
2354 4006 2572 4077 optimi,
2599 4007 2692 4079 qui
2743 4021 2843 4063 nec
2892 4022 3113 4064 suorum
3142 4008 3336 4065 delicta
3363 4007 3628 4065 damnare

2028 4098 2257 4166 dicatur,
2283 4099 2479 4169 quique
2491 4106 2547 4155 et
2575 4100 2689 4171 ipse
2721 4099 3012 4171 prephetas
3035 4100 3255 4157 εί)εάοω
3306 4099 3638 4158 destruendo

2028 4190 2425 4264 quodammodo
2456 4192 2727 4264 perimat?
2766 4190 2906 4260 Quid
2948 4193 3092 4249 enim
3114 4192 3233 4266 (I2)
3255 4193 3385 4251 mali
3412 4192 3635 4249 admisit

2028 4282 2168 4354 apud
2199 4282 2344 4339 illum
2372 4281 2572 4351 Israel,
2606 4284 2651 4341 si
2679 4283 2880 4340 occidit
2899 4300 3037 4357 quos
3073 4295 3129 4343 et
3159 4285 3253 4342 ille
3277 4283 3634 4357 reprohavit?

2032 4377 2076 4431 si
2108 4377 2254 4448 prior
2286 4375 2554 4432 inimicam
2578 4376 2632 4433 in
2656 4390 2750 4432 eos
2781 4377 3103 4433 sententiam
3128 4378 3353 4437 statuit?
3385 4377 3623 4449 Deliquit

2032 4479 2210 4528 autem
2237 4469 2378 4541 apud
2409 4470 2574 4525 Deum
2617 4470 2878 4540 ipsorum.
2928 4469 2978 4525 Is
3007 4468 3123 4543 (l3)
3151 4469 3495 4541 exprobravit
3518 4469 3626 4526 iiii-

339 4562 518 4617 linrius
549 4565 660 4635 ejus
700 4564 841 4637 fuit?
872 4563 999 4629 Quis
1027 4567 1252 4637 porrexit
1278 4567 1323 4622 ei
1344 4609 1359 4632 ,
1390 4576 1438 4621 et
1464 4569 1771 4623 retribuetur
1795 4568 1875 4623 illi
1902 4569 1927 4623 ?
1953 4578 2004 4640 D
2032 4564 2314 4636 quitatem,
2338 4563 2404 4616 ad
2421 4578 2580 4634 quem
2610 4565 2841 4633 pertinet
2867 4564 3061 4628 linsus;
3090 4572 3240 4620 certe
3266 4563 3441 4634 «ιιιίνὶε
3467 4563 3630 4629 alius.

334 4654 435 4723 Qui
469 4664 612 4709 tanta
639 4655 707 4710 de
752 4652 1045 4725 Scr‘ipturis
1086 4657 1355 4727 ademisti,
1387 4659 1517 4730 quid
1544 4659 1647 4714 ista
1674 4661 1925 4728 servasti,

2030 4672 2187 4728 quam
2210 4654 2552 4709 adversarius
2576 4654 2712 4711 lassi.
2749 4653 2858 4711 Sed
2885 4664 2987 4711 nec
3010 4663 3293 4712 onerasset
3321 4654 3443 4710 illos
3466 4692 3482 4721 ,
3514 4655 3620 4710 im-

333 4746 487 4816 quasi
512 4762 620 4803 non
641 4754 696 4803 et
714 4746 831 4806 haec
853 4746 1167 4806 Creatoris“!
1193 4748 1357 4808 Plane
1383 4752 1507 4809 novi
1532 4751 1629 4807 Dei
1663 4760 1929 4822 praecepta
2032 4748 2267 4823 putando
2293 4748 2457 4805 etiam
2484 4747 2695 4805 Domini
2721 4762 2934 4818 necem,
2960 4749 3048 4821 qui
3071 4757 3119 4805 et
3156 4736 3436 4813 Dominum
3467 4747 3633 4805 inter-

1542 4864 1836 4929 LECTION
1844 4869 1923 4929 ES
1959 4862 2371 4929 VARIANTES.

424 4988 445 5038 1

420 5052 449 5099 2

421 5116 450 5164 5

424 5177 452 5226 4

528 4996 596 5036 ωε
614 4993 730 5038 Jun.

528 5050 693 5100 ustitia
715 5050 868 5103 Seml.
896 5048 1094 5102 Oberth.

498 5111 1073 5189 §tatur9ttig._statuero
1097 5120 1258 5167 Venet.

472 5174 637 5225 lEDIm
660 5174 875 5228 Lat.'ista
896 5184 1010 5227 Jun.

472 5237 605 5307 iljon
625 5237 944 5307 Pam,
963 5238 1051 5292 sed
1069 5237 1205 5307 estin
1237 5239 1349 5293 rod.
1381 5240 1593 5306 Wouw.j

500 5300 823 5367 Eatebantde
848 5302 991 5367 Isaia,
1032 5308 1089 5355 ut
1110 5304 1212 5357 Lat.
1430 5332 1433 5335 <

425 5361 478 5418 7)
502 5361 712 5415 Domino
736 5362 932 5418 Ohertlt.

452 4985 478 5429 ι

2122 4983 2529 5160 ὃέΔᾶεθειεηῑεε
2556 4988 2718 5034 Venet.

2125 5048 2158 5100 9
2204 5046 2495 5098 Memineris
2509 5053 2625 5096 Jun.

2122 5107 2154 5160 ’1
2191 5108 2214 5160 i
2238 5107 2477 5159 Omnibus
2495 5106 2649 5160 omitl.
2674 5108 2718 5159 ς.

2125 5046 2179 5100 9)
2204 5046 2495 5098 Memineris
2509 5053 2625 5096 Jun.

2132 5105 2214 5161 I0)
2238 5107 2477 5159 Omnibus
2495 5106 2649 5160 omitt.
2674 5105 2827 5159 Seml.

2122 4986 2155 5036 8
2200 4986 2529 5035 Adsectantes
2556 4988 2698 5034 Venet

2125 4986 2192 5160 9))
2204 5046 2495 5098 Memineris
2509 5053 2625 5096 Jun.

2132 5108 2154 5161 1
2238 5107 2477 5159 Omnibus
2495 5106 2649 5160 omitt.
2674 5108 2702 5159 ε

2128 5173 2178 5222 lt
2229 5170 2291 5221 Et
2314 5169 2418 5220 Lat.

2126 5234 2188 5284 ta
2228 5230 2367 5284 Enim
2381 5229 2532 5283 omitt.
2553 5229 2702 5284 Sunt.

2105 5287 2190 5361 (ta
2235 5294 2297 5347 Et
2317 5292 2438 5346 add.
2464 5290 2619 5348 Seml.

2105 5287 2213 5361 (to)
2235 5294 2297 5347 Et
2317 5292 2438 5346 add.
2464 5290 2619 5348 Seml.

1658 5468 2229 5532 COMMENTARIUS.

410 5588 486 5663 (τι)
587 5592 898 5667 profundum
920 5593 1227 5667 divitiarum.
1263 5601 1299 5649 ὣ
1319 5600 1489 5667 βάθη,
1546 5603 1646 5662 pro
1674 5601 1779 5657 quo
1804 5586 1937 5642 Vul-

337 5668 492 5727 gata:
526 5662 570 5716 0
592 5663 825 5717 altitudo.
852 5665 927 5720 LE
950 5666 1041 5720 Pu.

413 5730 491 5806 (li)
517 5734 912 5805 Investigabilrs.
937 5737 1199 5805 Quoniam
1217 5738 1267 5790 in
1289 5750 1464 5805 grtcco
1485 5743 1562 5788 est
1582 5734 1932 5806 aiszizitanoi

2038 5587 2430 5656 investigabiles,
2464 5587 2516 5643 id
2538 5597 2623 5643 est
2662 5586 2751 5659 qui
2774 5582 3066 5659 investigari
3115 5576 3503 5659 aequabis
3536 5578 3640 5635 Pri.

2114 5661 2186 5731 (ις)
2222 5642 2772 5715 Dontletytsilabordvit.
2816 5642 3029 5731 Optime
3071 5642 3308 5731 confecit
3338 5642 3648 5731 Ialmenus

2043 5716 2323 5799 legciiduiit
2357 5731 2602 5786 Ponticus
2633 5774 2648 5796 ,
2701 5744 2797 5800 pro
2837 5716 3057 5795 Pontus,
3105 5716 3205 5782 Itttl:
3232 5728 3314 5779 BSt
3348 5716 3649 5779 ‘Msrciona

342 5801 396 5858 id
417 5800 520 5874 est,
543 5821 644 5861 non
672 5800 1012 5880 vistigabilei,
1046 5808 1185 5866 bene
1222 5800 1376 5865 multi
1404 5802 1692 5875 legendum
1712 5811 1937 5861 censent
2041 5803 2214 5861 Ponto
2236 5802 2517 5861 oriundus.
2545 5800 2624 5861 Lit
2642 5800 2739 5861 I’n.
