4020 6286
336 306 450 372 509

1450 307 1579 369 LIB.
1626 310 1670 369 V
1709 307 2075 371 ADVERSUS
2109 310 2544 375 MARCIONEM.

3532 314 3643 378 δίο

334 428 568 497 [ecerunt
587 465 604 492 ,
647 422 909 497 dicendo,
939 433 986 481 et
1025 424 1297 497 prophetas
1341 442 1501 493 suos;
1532 425 1657 482 licet
1698 443 1819 482 suos
1847 426 1941 482 ad—
1966 427 2021 488 A
2045 437 2103 484 ut
2126 438 2180 485 et
2207 431 2381 486 futura
2413 430 2754 503 prmnuntiet,
2792 441 2846 490 et
2871 430 3083 490 occulta
3108 431 3289 490 cordis
3314 432 3523 490 revelet
3544 476 3559 502 ,
3588 438 3644 490 et

343 520 516 589 jectio
543 521 614 575 sit
656 518 919 579 hzrretici.
950 521 1087 590 Quid
1115 522 1259 578 enim
1290 531 1397 577 tam
1424 522 1699 590 acerbum,
1732 522 1778 577 si
1800 523 1939 578 alte-

336 614 452 672 rius
486 613 580 671 Dei
636 600 1046 685 praedicatorem
1074 615 1342 673 Christum
1397 616 1804 679 interemerunt,
1834 613 1925 686 qui

341 707 425 762 sui
461 707 555 762 Dei
602 707 1483 778 protibetascontrucidat/erunt?
1527 708 1713 764 Status
1754 718 1934 763 autem

274 828 321 852 ,α
338 799 797 869 exaggerationis,
821 799 962 870 quod
977 809 1030 855 et
1046 801 1326 855 Dominum
1339 810 1393 856 et
1414 800 1643 856 famulos
1664 801 1782 872 ejus
1813 816 1939 870 per-

339 894 624 949 emissent.
662 893 926 965 Denique,
959 894 1004 948 si
1040 894 1262 951 alterius
1297 877 1394 951 Dei
1430 894 1705 951 Christum
1730 937 1744 962 ,
1798 895 1938 951 alte—

342 986 459 1041 rius
481 985 770 1057 prophetas
815 996 1178 1057 peremerunt,
1216 990 1443 1061 aequavit
1472 990 1800 1060 impietatcs,
1831 1005 1939 1045 non

342 1078 711 1148 exaggeravit.
740 1076 1021 1151 Equanda
1057 1091 1237 1136 autem
1269 1097 1374 1137 non
1433 1081 1566 1148 fuit;
1622 1098 1753 1153 ergo
1780 1098 1944 1155 exag-

341 1173 519 1243 gerari
577 1188 684 1229 non
742 1175 934 1244 potuit,
976 1174 1080 1230 nisi
1114 1175 1168 1230 in
1195 1176 1446 1233 eumdem
1476 1157 1762 1233 Dominum
1789 1193 1943 1233 com-

346 1266 536 1330 missa,
566 1283 632 1323 ex
663 1276 890 1338 utroque
923 1269 1095 1325 titulo.
1133 1270 1271 1342 Ergo
1300 1268 1541 1340 ejusdem
1574 1270 1666 1326 Dei
1693 1271 1942 1327 Christus

344 1370 401 1414 et
429 1358 734 1430 propheta.
766 1360 935 1429 Quam
965 1371 1142 1418 autem
1171 1364 1489 1419 sanctitatem
1512 1374 1738 1420 nostram
1763 1364 1944 1420 volun-

343 1461 504 1508 tatem
526 1452 623 1509 Dei
643 1453 823 1521 dicat,
875 1471 941 1511 ex
981 1457 1268 1513 contrariis
1297 1474 1416 1529 qum
1444 1457 1710 1529 prohibet,
1744 1474 1941 1531 agnos-

340 1561 519 1603 ceres.
577 1547 841 1603 Abstinere
886 1550 966 1619 (l)
998 1551 1188 1621 inquit,
1221 1568 1254 1606 a
1299 1563 1496 1623 stupro,
1553 1568 1661 1609 non
1692 1569 1722 1608 a
1751 1555 1936 1610 matri-

342 1645 548 1699 monio.
566 1644 713 1701 Scire
727 1660 1131 1718 unumquemque
1157 1666 1304 1704 suum
1318 1651 1471 1706 vasin
1490 1652 1684 1708 honore
1703 1661 1938 1709 tractare.

342 1736 673 1805 Quomodo?
724 1739 859 1795 Dum
907 1754 1012 1796 non
1042 1741 1094 1795 in
1124 1741 1367 1806 libidine,
1395 1752 1496 1815 qua
1523 1754 1741 1815 gentes;
1775 1746 1941 1802 libido

2040 535 2374 583 sacramenta
2422 527 2714 583 cdisserat.
2745 528 2880 583 Cum
2925 527 3059 584 nihil
3099 527 3207 584 tale
3260 527 3547 598 protulerit
3577 543 3642 584 ac

2040 619 2313 690 probarit,
2354 634 2451 674 nos
2496 619 2832 690 proferemus
2859 626 2913 676 et
2941 622 3187 692 spiritum
3227 627 3283 677 et
3323 619 3636 692 prophetias

2039 715 2313 771 Creatoris
2335 756 2351 783 ,
2382 715 2676 770 secundum
2728 716 2902 785 ipsum
2948 714 3329 786 praedicantes.
3365 714 3539 785 Atque
3572 715 3641 795 ita

2042 809 2309 863 constabit
2346 807 2633 879 Apostolus
2683 804 2762 880 (8)
2812 798 2881 863 de
2919 809 3114 879 quibus
3163 806 3383 872 dixerit,
3436 805 3504 862 de
3557 808 3638 863 eis

2042 900 2245 956 scilicet
2293 916 2413 972 qua:
2444 900 2619 956 futura
2670 909 2825 955 erant
2870 900 2922 955 in
2963 900 3199 956 Ecclesia
3239 900 3356 969 ejus
3403 898 3511 964 dci,
3546 899 3637 971 qui

2042 994 2169 1049 dum
2208 1002 2312 1061 est,
2369 993 2587 1063 Spiritus
2649 988 2862 1064 quoque
2905 992 3023 1062 ejus
3088 993 3173 1064 (9)
3231 1001 3504 1064 operatur,
3584 996 3639 1045 et

2045 1086 2330 1156 promissio
2362 1083 2683 1140 celebratur.
2744 1085 2857 1154 Age
2897 1098 3068 1151 nunc,
3097 1084 3187 1154 qui
3225 1085 3454 1139 salutem
3512 1098 3635 1138 car-

2044 1180 2131 1234 nis
2161 1179 2418 1244 abnuitis,
2453 1187 2508 1233 et
2535 1177 2580 1234 si
2610 1176 2826 1248 quando
2859 1192 3053 1248 corpus
3076 1178 3129 1232 in
3158 1177 3466 1249 hujusmodi
3502 1186 3642 1247 prze-

2046 1272 2374 1337 nominatur,
2406 1271 2548 1326 aliud
2603 1272 2784 1327 nescio
2831 1272 2954 1341 quid
2985 1272 3410 1342 iuterprctamini
3460 1271 3590 1327 illud
3618 1314 3635 1339 ,

2046 1384 2203 1441 quam
2226 1367 2577 1423 substantiam
2601 1367 2816 1434 carnis;
2841 1365 3110 1438 quomodo
3131 1366 3418 1436 Apostolus
3444 1382 3636 1423 omnes

2048 1463 2099 1518 in
2127 1462 2278 1517 novis
2318 1460 2649 1525 substantiis,
2698 1461 2861 1516 certis
2928 1458 3231 1516 nominibus
3272 1459 3550 1524 distinxit,
3587 1466 3647 1516 et

2045 1569 2233 1609 omnes
2260 1554 2311 1608 in
2349 1568 2457 1609 uno
2505 1560 2629 1609 voto
2655 1552 2931 1608 constituit
2979 1553 3187 1619 salutis,
3230 1562 3413 1624 optans
3449 1560 3504 1605 ut
3531 1553 3644 1622 spi-

2056 1647 2187 1701 ritus
2225 1654 2395 1699 noster
2422 1654 2470 1700 et
2498 1660 2683 1714 corpus
2707 1653 2757 1700 et
2783 1646 2956 1698 animo
2985 1645 3094 1698 sine
3139 1644 3345 1715 querela
3372 1644 3424 1698 in
3454 1643 3642 1699 adven-

2049 1746 2155 1793 tum
2182 1736 2390 1792 Domini
2414 1747 2459 1792 et
2482 1737 2864 1815 salutiﬁcatoris
2905 1736 3067 1790 nostri
3112 1735 3302 1791 Christi
3338 1752 3640 1791 conserven—

343 1838 532 1885 antem
572 1845 670 1886 nec
698 1830 843 1900 apud
865 1843 1056 1901 gentes
1081 1835 1427 1892 matrimonio
1454 1836 1780 1892 adscribitur
1805 1882 1818 1903 ,
1849 1839 1941 1894 sed

2050 1830 2171 1885 tur?
2195 1827 2328 1884 Nam
2360 1832 2413 1883 et
2436 1825 2667 1882 animam
2699 1824 2876 1895 posuit
2908 1831 2963 1878 et
2988 1838 3202 1893 corpus,
3255 1831 3360 1878 tam
3402 1821 3536 1878 duas
3559 1834 3644 1877 res

343 1921 809 1984 extraordinariis,
863 1932 920 1979 et
973 1940 1078 1979 non
1123 1927 1453 1983 naturalibus
1483 1939 1538 1985 et
1591 1933 1941 1999 portentosis.

343 2014 614 2070 Sanctitas
632 2016 851 2071 luxuria:
880 2026 964 2073 est
982 2016 1297 2088 turpitudini
1312 2020 1387 2093 (τι)
1415 2036 1625 2092 quoque
1638 2032 1692 2078 et
1709 2024 1942 2079 immun-

346 2106 501 2162 ditia:
531 2106 612 2181 (2)
661 2110 953 2176 contraria,
995 2127 1116 2183 qua:
1148 2127 1255 2168 non
1310 2115 1709 2171 matrimonium
1762 2118 1944 2173 exclu-

344 2199 461 2265 dat,
489 2200 584 2257 sed
611 2200 924 2269 libidinem;
950 2220 1070 2275 qum
1092 2221 1184 2260 vas
1214 2217 1456 2262 nostrum
1498 2208 1548 2262 in
1593 2207 1798 2265 honore
1826 2225 1943 2265 ma-

348 2293 586 2349 trimonii
618 2303 827 2351 trantet.
873 2297 1024 2354 llunc
1072 2309 1250 2356 autem
1300 2300 1500 2366 locum,
1526 2303 1670 2358 salva
1698 2304 1940 2372 alterius,

346 2386 399 2441 id
417 2395 519 2448 est.
530 2387 785 2457 plenioris
798 2391 1093 2447 sanctitatis
1109 2393 1946 2463 pra-latione,tractavcrim,con-

347 2478 627 2533 tinentiam
656 2488 711 2536 et
739 2480 1093 2551 virginitatem
1126 2485 1326 2555 nuptiis
1353 2495 1687 2556 anteponens
1720 2487 1822 2561 (b),
1847 2489 1944 2546 sed

350 2585 457 2624 non
510 2571 832 2641 prohibitis:
881 2574 1248 2633 destructores
1289 2578 1431 2632 enim
1460 2578 1554 2635 Dei
1586 2583 1892 2650 nuptiarum
1923 2625 1938 2651 ,

346 2678 456 2717 non
483 2672 779 2721 sectatores
805 2667 1068 2722 castitatis
1095 2670 1344 2725 retunde.
1387 2671 1476 2726 Ait
1513 2688 1598 2726 eos
1637 2675 1725 2745 qui
1770 2691 1941 2730 rentu-

346 2764 500 2810 neant
526 2758 579 2811 in
605 2758 877 2815 adventant
909 2761 989 2831 (5)
1028 2760 1238 2830 Christi,
1292 2781 1408 2819 cum
1433 2768 1504 2821 eis
1547 2769 1633 2837 qui
1660 2770 1846 2823 mortui
1883 2771 1938 2825 in

344 2854 551 2911 Christo
572 2858 724 2928 primi
750 2869 1011 2931 resurgant
1033 2903 1047 2928 ,
1075 2863 1211 2934 quod
1235 2866 1289 2917 in
1315 2863 1531 2920 nubibus
1564 2865 1860 2936 auferentnr
1888 2866 1943 2920 in

344 2967 516 3004 aerem
546 2952 630 3021 (4)
658 2954 853 3008 obviam
889 2954 1127 3012 Domino.
1153 2959 1400 3029 Agnosco
1427 2960 1510 3014 his
1533 2961 1641 3029 jam
1666 2970 1793 3017 tunc
1823 2978 1944 3031 pro-

345 3044 549 3112 spectis
572 3046 752 3101 mirari
781 3048 1108 3105 substantias
1137 3053 1387 3108 cmlestes
1410 3053 1577 3123 ipsam
1608 3053 1940 3133 Hierusalem

344 3150 469 3205 qua:
511 3146 722 3193 sursum
776 3151 856 3196 est
906 3141 1047 3215 (Cal.
1081 3144 1170 3212 IV,
1209 3144 1328 3217 26),
1360 3154 1414 3201 ct
1452 3161 1546 3216 per
1576 3146 1789 3202 Esaiam
1839 3146 1940 3220 (Is.

348 3225 464 3293 LX,
499 3227 557 3300 8)
583 3232 934 3300 pronuntiare
958 3252 973 3299 ;
1003 3235 1225 3301 Quinam
1251 3237 1349 3291 huc
1387 3239 1522 3292 velut
1551 3238 1707 3292 nubes
1728 3240 1898 3294 volant
1924 3282 1939 3307 ,
1967 3220 2013 3283 (ἶ

346 3328 607 3388 tamquam
632 3324 882 3381 columba:
908 3340 1022 3380 cunt
1051 3328 1209 3399 pullis
1228 3329 1297 3383 ad
1323 3330 1444 3384 me?
1475 3331 1625 3385 llunc
1652 3347 1940 3387 ascensum

343 3413 390 3467 si
422 3410 670 3472 Christus
716 3420 869 3475 nobis
911 3424 1271 3493 praeparavit,
1326 3426 1430 3479 erit
1461 3424 1550 3479 ille
1595 3423 1843 3481 Christus
1875 3426 1942 3482 de

347 3522 460 3577 quo
508 3507 649 3566 Osee
689 3511 769 3585 (5)
825 3513 965 3585 (Am.
1019 3514 1123 3582 IX,
1186 3515 1240 3587 6)
1278 3537 1289 3571 :
1336 3518 1438 3586 Qui
1483 3534 1748 3573 ascensum
1793 3536 1944 3573 suum

314 3600 570 3669 .tediﬁcat
619 3602 671 3657 in
712 3605 885 3665 emtas,
919 3606 1105 3678 utique
1132 3609 1230 3663 sibi
1261 3617 1316 3665 et
1360 3610 1492 3667 suis.
1525 3611 1750 3675 Exinde,
1774 3628 1802 3666 a
1838 3629 1943 3684 quo

344 3692 576 3762 sperabo
608 3713 770 3762 nunc,
812 3700 913 3754 nisi
945 3716 974 3755 a
997 3716 1104 3771 quo
1132 3700 1247 3757 haec
1273 3703 1492 3757 audivi?
1513 3703 1683 3772 anm
1707 3705 1944 3775 spiritum

345 3787 598 3858 prohibet
625 3793 921 3862 exstingui?
949 3802 1003 3851 et
1026 3786 1160 3867 quas
1187 3796 1478 3867 prophetias
1503 3807 1647 3854 vetat
1674 3800 1821 3854 nihili
1863 3799 1943 3873 (6)

346 3880 522 3937 haberi
540 3885 566 3938 ?
602 3885 784 3956 utique
805 3903 911 3944 non
937 3889 1210 3951 Creatoris
1237 3891 1508 3962 Spiritum,
1539 3907 1641 3951 nec
1666 3890 1945 3951 Creatoris

347 3977 1003 4052 prophetias'setsundum
1043 3983 1404 4051 Marciouem;
1459 4002 1578 4056 qua:
1633 3988 1777 4043 enim
1843 3987 1939 4043 de-

345 4072 564 4136 struxit,
602 4072 717 4144 ipse
742 4074 852 4143 jam
881 4077 1159 4143 exstinxit,
1209 4084 1262 4132 et
1293 4076 1424 4133 nihil
1453 4077 1578 4134 l'ccit
1602 4121 1614 4142 ,
1646 4094 1744 4135 nec
1771 4090 1946 4151 potest

347 4160 635 4233 prohibere
679 4178 800 4235 qua:
842 4165 992 4221 nihili
1025 4164 1165 4222 fecit.
1207 4168 1346 4238 Ergo
1396 4170 1659 4225 incumbit
1688 4170 1943 4227 Marciani

344 4256 603 4313 exhibere
624 4258 782 4315 ho'tlie
811 4260 947 4329 apud
972 4256 1266 4316 Ecclesium
1294 4274 1444 4316 suam
1474 4262 1668 4317 exinde
1698 4264 1942 4330 Spiritum

347 4349 435 4404 dei
476 4350 557 4404 sui
588 4352 677 4421 qui
713 4366 819 4405 non
849 4353 920 4407 sit
945 4352 1385 4424 exstinguendos,
1413 4363 1466 4408 ct
1492 4355 1799 4425 pmphctias
1826 4372 1945 4426 qnte

350 4457 458 4497 non
486 4444 594 4498 sint
625 4444 775 4499 nihili
804 4444 1083 4501 habendte.
1126 4446 1194 4502 Et
1238 4448 1281 4501 si
1307 4447 1549 4502 exhibuit
1576 4448 1717 4517 quod
1752 4458 1937 4518 putat,

348 4538 482 4592 sciat
517 4535 596 4611 (7)
644 4554 742 4594 nos
793 4540 1167 4612 quodcumque
1208 4540 1336 4597 illud
1389 4540 1455 4597 ad
1510 4540 1738 4598 fortnam
1778 4544 1942 4613 Spiri-

2047 1930 2205 1992 quam
2237 1922 2516 1976 diversas:
2551 1919 2674 1975 licet
2698 1919 2841 1974 enim
2871 1927 2927 1973 et
2953 1916 3146 1971 anitum
3194 1931 3392 1987 corpus
3431 1917 3502 1971 sit
3539 1917 3644 1972 ali-

2047 2012 2190 2085 quod
2224 2028 2335 2067 suae
2365 2012 2656 2083 qualitatis,
2698 2010 2910 2065 s'icutet
2940 2009 3194 2079 spiritus;
3218 2024 3342 2064 cum
3371 2018 3548 2063 tamen
3589 2017 3643 2064 ct

2046 2119 2243 2175 corpus
2284 2112 2339 2160 et
2379 2103 2556 2158 anima
2609 2100 2863 2157 distincte
2910 2100 3255 2154 nominantur
3283 2141 3297 2165 ,
3334 2099 3495 2155 habet
3522 2099 3637 2153 ani-

2049 2212 2131 2253 ma
2156 2197 2277 2269 (10)
2321 2210 2476 2252 suum
2514 2192 2830 2249 vocabulum
2858 2192 3156 2264 proprium,
3186 2207 3290 2247 non
3312 2202 3478 2263 egens
3500 2208 3645 2247 t'Otll-

2049 2289 2196 2344 muni
2228 2288 2486 2343 vocabulo
2511 2286 2789 2357 corporis;
2844 2284 2897 2338 id
2946 2284 3267 2355 relinquitur
3301 2285 3450 2339 carni
3479 2326 3495 2350 ,
3525 2296 3645 2354 quae

2050 2399 2154 2439 non
2187 2382 2457 2437 nominata
2501 2378 2735 2451 preprio,
2768 2377 3041 2432 communi
3072 2384 3251 2431 utatur
3282 2389 3506 2431 necesse
3536 2383 3641 2431 est.

2050 2475 2258 2531 Etenim
2280 2474 2438 2527 aliam
2483 2469 2832 2527 substantiam
2861 2468 2913 2523 in
2944 2467 3165 2523 homine
3196 2482 3301 2522 non
3336 2466 3490 2523 video
3519 2474 3647 2539 post

2047 2570 2298 2642 spiritum
2323 2577 2378 2623 et
2404 2567 2661 2629 animam,
2693 2564 2777 2619 cui
2802 2561 3122 2619 vocabulum
3163 2561 3407 2632 corporis
3432 2576 3647 2617 accom-

2050 2665 2297 2721 modetur
2320 2706 2335 2730 ,
2394 2670 2589 2732 praeter
2632 2672 2873 2715 carnem.
2904 2656 3055 2713 lianc
3085 2656 3284 2713 totiens
3311 2655 3363 2710 in
3396 2657 3646 2726 corporis

2048 2759 2263 2820 nomine
2303 2755 2607 2825 intelligens
2628 2796 2643 2819 ,
2674 2751 2925 2824 quotiens
2953 2766 3059 2806 non
3107 2750 3446 2815 nominatur;
3479 2750 3645 2804 multo

2048 2853 2217 2923 magis
2238 2851 2345 2917 hic,
2377 2864 2497 2906 cum
2526 2861 2644 2918 (pne
2672 2843 2868 2901 dicitur
2896 2857 3094 2913 corpus
3119 2883 3134 2910 ,
3178 2854 3278 2897 suo
3299 2840 3519 2897 nomine
3550 2856 3645 2912 ap-

2050 2946 2293 3020 pellatur.

2638 3029 2868 3089 CAPUT
2902 3027 3043 3085 XVl.

2119 3155 2209 3228 (In
2238 3153 2338 3225 Ep.
2375 3150 2421 3206 Il
2449 3149 2518 3205 ad
2551 3144 2756 3218 Thess.)
2786 3143 3043 3214 Cogimur
3067 3139 3311 3214 quaedam
3340 3139 3636 3196 identidem

2048 3239 2660 3314 iterarc,ntcoha:rentia
2679 3239 2760 3294 eis
2781 3232 3471 3290 coniirmemus.Dominum
3487 3241 3539 3286 et
3556 3231 3642 3287 hic

2047 3341 2425 3399 retributorem
2475 3334 2644 3390 utrius
2666 3346 2751 3399 tne
2790 3328 2964 3384 meriti
2991 3369 3006 3394 ,
3039 3326 3266 3382 dicimus
3293 3325 3634 3381 circumferri

2046 3430 2406 3502 abApostolo,
2426 3436 2516 3481 aut
2535 3425 2870 3486 Creatorem,
2891 3426 2981 3473 aut
3017 3417 3183 3488 (quod
3215 3417 3347 3473 nolit
3376 3415 3633 3487 Marcion)

2048 3540 2229 3597 parem
2263 3518 2557 3587 Creatoris,
2607 3514 2748 3586 apud
2778 3528 2924 3584 quem
2968 3507 3040 3582 (c)
3059 3512 3260 3582 justum
3287 3511 3350 3565 sit
3375 3510 3642 3581 afﬂictam-

2048 3619 2186 3673 ribus
2214 3616 2399 3671 nostris
2431 3609 2641 3684 rependi
2669 3606 3063 3680 a/ﬂictationem,
3097 3612 3145 3658 et
3174 3603 3317 3657 nobis
3364 3603 3452 3674 qui
3480 3602 3637 3673 aﬁlic-

2050 3720 2212 3766 temur
2240 3708 2528 3778 requietem,
2578 3704 2634 3756 in
2656 3698 2959 3755 reuelatione
2984 3694 3194 3750 Domini
3243 3694 3370 3751 Iesu
3392 3694 3636 3750 venientis

2048 3820 2080 3856 α
2105 3801 2228 3856 caelo
2249 3816 2364 3853 cum
2388 3796 2580 3868 angelis
2601 3793 2799 3848 virtutis
2827 3804 2954 3849 suae,
2982 3787 3099 3841 etin
3126 3784 3336 3857 ﬂamma
3360 3786 3512 3858 ignis.
3538 3785 3642 3841 Sed

2048 3895 2307 3965 ﬂammam
2351 3900 2398 3945 et
2446 3890 2612 3959 ignem
2644 3886 2872 3941 tlelendo
2926 3886 3012 3957 (d)
3049 3885 3331 3939 lnoreticus
3359 3878 3640 3941 exstinxit,

2051 4001 2117 4041 ne
2147 3983 2351 4039 scilicet
2396 3988 2690 4035 nostratem
2736 3970 2905 4032 Deum
2954 3976 3176 4031 laceret.
3235 3973 3406 4029 Lucet
3457 3980 3637 4025 tamen

2051 4077 2262 4133 vanitas
2291 4074 2483 4128 Iiturm.
2517 4069 2649 4124 Cum
2681 4069 2825 4123 enim
2853 4068 2923 4123 ad
2948 4067 3191 4122 ultionem
3220 4074 3486 4118 venturum
3511 4059 3643 4115 scri-

2052 4172 2138 4225 bat
2186 4163 2473 4237 Apostolus
2519 4160 2795 4216 Dominum
2842 4158 3139 4231 exigendam
3167 4157 3230 4210 de
3257 4155 3327 4209 eis
3352 4154 3439 4223 qui
3483 4151 3646 4205 Deum

2047 4265 2300 4334 ignorent,
2327 4266 2373 4311 et
2394 4256 2479 4326 qui
2513 4271 2614 4309 non
2640 4252 2916 4307 obaudiunt
2949 4249 3248 4321 Evangelia,
3275 4262 3402 4317 quos
3430 4245 3503 4297 ait
3534 4260 3636 4315 pa:-

2050 4373 2168 4411 nam
2218 4350 2333 4425 (ll)
2364 4351 2601 4415 inituros,
2653 4347 2926 4410 exitialem,
2968 4353 3231 4408 teternam,
3270 4358 3302 4395 a
3345 4340 3475 4411 facie
3531 4336 3643 4389 Do-

2049 4451 2193 4513 mini,
2220 4458 2269 4504 et
2306 4465 2336 4501 a
2363 4445 2525 4516 gloria
2564 4442 2796 4497 valentia:
2838 4442 2981 4511 ejus;
3022 4437 3262 4506 sequitur
3289 4441 3345 4486 ut
3370 4432 3641 4486 ﬂammant

2051 4543 2186 4614 ignis
2216 4539 2452 4599 inducat,
2498 4534 2704 4589 scilicet
2734 4532 2958 4588 veniens
2981 4529 3048 4584 ad
3082 4520 3468 4614 puniendumi
3487 4520 3557 4575 ita
3588 4528 3642 4572 ot

356 4629 478 4688 talis
506 4631 902 4705 etpropheticze
918 4610 1103 4706 gratiae
1131 4645 1290 4707 atque
1304 4635 1513 4692 virtutis
1534 4610 1946 4708 provocaturos,
1972 4631 2026 4691 D
2055 4610 2107 4691 in
2133 4634 2238 4690 hoc
2261 4675 2277 4699 ,
2338 4629 2557 4685 nolente
2585 4624 2873 4690 Marcione,
2923 4617 3240 4677 crctnatoris
3273 4614 3369 4672 Del
3396 4610 3643 4668 mrtsnts

1559 4744 1941 4807 LECTlONES
1973 4743 2285 4807 VARIANT
2295 4742 2395 4799 ES.

438 4840 486 4955 1)
504 4841 644 4893 Enim
666 4840 786 4894 add.
809 4841 953 4918 pber.
986 4847 1092 4919 post
1111 4841 1264 4894 Seml.

432 4907 461 4955 2
508 4905 1095 4955 Portentuosts—Luxuna
1115 4912 1211 4955 est.
1240 4914 1264 4955 ιι

508 4905 1095 4972 Portentuosis-Luxuria
1115 4912 1211 4970 est,
1240 4906 1368 4972 ttlt‘p.
1389 4918 1439 4972 q.
1462 4907 1618 4959 etim.
1660 4919 1759 4960 non
1796 4907 1947 4961 Rhen.

342 4973 351 4983 '
409 4967 484 5021 (3)
504 4968 729 5018 Adventu
748 4967 900 5021 Seml.

433 5030 486 5083 4)
502 5032 633 5081 Aere
658 5030 805 5083 Ober.

431 5093 483 5158 5)
507 5095 659 5158 Amos
680 5093 779 5145 vult
794 5101 930 5158 Jun.,
962 5099 1009 5147 et
1029 5093 1219 5147 merito.

433 5155 489 5209 6)
505 5155 637 5209 Nihil
653 5159 796 5209 Pam.

408 4842 434 5221 ᾗ

464 4840 489 5221 ξ

2137 4959 2190 5023 9)
2213 4959 2297 5015 Eis
2315 4961 2465 5017 Seml.
2491 4959 2736 5011 mendose.

2141 5016 2198 5078 Η)
2246 5016 2465 5076 Animam
2496 5027 2656 5071 Venet.
2677 5016 2919 5070 mendose.

2141 5025 2219 5154 [1)
2237 5090 2437 5140 Poenam
2457 5096 2581 5149 quos
2600 5085 2665 5134 ait
2689 5083 2791 5132 Lat.

2136 4838 2189 4891 7)
2210 4838 2346 4888 Scias
2370 4840 2531 4886 Venet.

2137 4842 2165 4891 7
2210 4838 2346 4888 Scias
2370 4840 2531 4886 Venet.

2137 4905 2167 4953 8
2211 4899 2493 4974 Apostolum
2512 4899 2654 4947 Pam.

2137 4967 2168 5023 9
2213 4963 2297 5015 Eis
2315 4961 2465 5017 Seml.
2491 4959 2654 5011 mendt

2141 5027 2158 5078 l
2201 5025 2219 5078 l
2246 5026 2465 5076 Animam
2496 5027 2654 5071 Venet.

2136 4842 2165 4891 7
2210 4840 2346 4888 Scias
2370 4840 2531 4886 Venet.

2137 4905 2167 4953 8
2211 4899 2493 4974 Apostolum
2512 4899 2654 4947 Pam.

2137 4967 2168 5023 9
2213 4963 2297 5015 Eis
2315 4961 2465 5017 Seml.
2491 4959 2736 5011 mendose.

2141 5027 2158 5078 l
2246 5026 2465 5076 Animam
2496 5027 2656 5071 Venet.
2677 5032 2791 5070 metu

2134 5025 2219 5154 11)
2237 5090 2437 5140 Poenam
2457 5096 2581 5149 quos
2600 5085 2665 5134 ait
2689 5083 2791 5132 Lat.

1672 5265 2238 5333 COMMENTARIUS.

419 5380 572 5455 CAP.
593 5378 870 5454 XV.—(a)
887 5376 1148 5455 Sanctitas
1160 5381 1379 5438 luxttrite
1395 5387 1466 5439 est
1482 5383 1806 5455 turpitudini,
1822 5393 1930 5439 etc.

348 5451 465 5525 Noti
489 5453 626 5525 adeo
658 5451 822 5508 textui
851 5451 1219 5525 consentiunt
1267 5455 1355 5524 qui
1394 5451 1576 5525 legunt
1620 5455 1847 5525 timo-ia.
1877 5454 1932 5509 et

348 5522 436 5601 qui
473 5524 612 5601 adeo
642 5534 842 5601 “notam
871 5523 1217 5601 Ter-tulliano
1250 5522 1573 5601 impingunt
1593 5524 1731 5579 male
1767 5525 1931 5601 habiti

349 5594 707 5666 unanimanti;
743 5606 865 5666 nam
901 5611 1022 5666 qtno
1046 5595 1311 5665 sequitur
1346 5594 1632 5666 particula,
1676 5611 1799 5661 non,
1840 5594 1937 5651 du-

347 5665 492 5721 bintn
518 5680 682 5721 omne
715 5664 867 5720 tollit.
898 5664 972 5720 Li:
1004 5666 1097 5720 Ρη.

415 5730 501 5822 (1ο)
523 5736 905 5822 Contittetttiam
936 5747 981 5792 et
1014 5738 1571 5822 virginitatem.nuptiis
1600 5732 1931 5822 anteponens.

341 5810 441 5883 Qui
479 5807 817 5883 rirgiuitatis
843 5818 960 5866 vota
989 5818 1045 5866 et
1073 5808 1422 5866 continentia:
1452 5807 1788 5866 insectantur
1819 5807 1934 5866 lue-

2036 5378 2208 5445 retici,
2237 5374 2304 5431 ad
2336 5373 2475 5428 hunc
2497 5368 2696 5445 locum
2747 5365 3026 5445 advertant
3046 5403 3071 5445 ι
3096 5356 3644 5445 aliosqne’plurimps

2229 5426 2728 5522 lin—nescriptorelm
2747 5436 2852 5522 ..με
2873 5434 3023 5489 Cultu
3041 5426 3207 5505 Ῑωηι..
3240 5426 3304 5483 de
3338 5427 3487 5499 Virg.
3513 5426 3635 5489 vel.,

2038 5506 2093 5579 ei
2118 5521 2207 5574 lib.
2240 5518 2256 5572 l
2283 5517 2351 5570 ad
2379 5506 2641 5579 Umorem.
2665 5506 2741 5561 Le
2764 5506 2858 5562 Pu.

2285 5566 2587 5646 ὂξγίρ-ίω
2610 5578 2815 5630 Justum
2839 5578 2901 5629 sit
2928 5568 3314 5639 aﬂ'lictotoribus
3341 5566 3643 5647 nostris.Sic

2042 5642 2353 5717 istud—remi:
2373 5654 2412 5710 ll
2435 5642 2712 5706 'I'IteséuLl.
2728 5648 2799 5701 Gr
2816 5661 2911 5699 ccc
2927 5648 2982 5697 ἂν
3002 5646 3261 5697 inclita/et
3284 5642 3384 5697 τοῖς
3407 5645 3639 5695 θλίϐουσιν

2046 5744 2193 5878 viii)
2222 5732 2617 5872 .ﬂunnnam
2645 5798 2689 5848 et
2723 5789 2890 5864 ignem
2920 5782 3156 5843 delenda.
3190 5776 3303 5854 _Vel
3331 5770 3458 5832 hinc
3488 5778 3637 5848 patet
