4020 6286
342 235 443 307 5‘11

1751 246 1841 302 TE
1851 247 2214 308 RTULLIANI

3531 237 3643 297 519.

347 370 430 419 est
456 361 558 432 (1),
610 369 667 417 et
693 360 743 417 in
777 361 867 418 illo
905 360 1172 417 Creatoris
1199 369 1302 427 est,
1333 360 1472 433 quod
1500 362 1663 416 etiam
1700 361 1769 418 de
1798 363 1939 433 igno-
1970 374 2017 434 Α
2044 364 2202 436 quale
2231 371 2330 429 est,
2363 370 2420 417 ut
2448 360 2521 417 illi
2553 359 2777 418 Satanas
2813 361 3036 433 angelus
3062 360 3335 417 Creatoris
3366 358 3434 415 sit
3457 372 3646 413 neces-

349 454 591 509 rantibns
615 454 893 510 Dominum
924 453 1217 520 ulciscitur,
1250 453 1300 509 id
1317 463 1401 509 est
1421 453 1489 509 de
1509 454 1759 510 ethnicis.
1780 454 1941 510 Scor-

351 559 469 601 smn
526 546 672 601 enim
725 546 904 615 posuit
954 544 1232 618 Evangelia
1280 562 1381 600 non
1427 545 1786 614 obaudientes,
1835 548 1949 604 sive

352 636 679 692 christianos
709 646 1038 706 peccatores,
1072 637 1184 691 sive
1212 636 1660 725 ludicos..Porr9
1686 636 1753 692 de
1777 639 1949 693 elimi-

354 726 434 782 cis
461 727 681 797 exigere
709 742 919 798 poenas,
942 727 1030 794 qui
1058 727 1409 798 Evangelium
1434 727 1569 782 forte
1611 743 1715 783 non
1746 730 1947 803 norint,

354 833 464 876 non
489 830 571 876 est
599 820 691 876 Dei
716 820 831 891 ejus
885 821 973 891 qui
1008 820 1324 875 naturaliter
1361 820 1431 875 sit
1457 821 1684 892 ignotus,
1730 836 1832 877 nec
1860 835 1950 877 us—

356 928 514 985 quam
544 907 659 970 ἠἰςί
707 915 758 970 in
800 914 1091 984 Evangelia
1126 915 1196 970 sit
1240 915 1540 982 revelatus,
1571 931 1675 971 non
1705 916 1955 972 omnibus

356 1010 586 1068 scibilis.
615 1008 1047 1066 Creatoriautetn
1072 1008 1231 1065 etiam
1267 1009 1706 1079 naturaliagnitio
1729 1009 1957 1066 debetur

274 1112 330 1138 "
360 1117 425 1158 ex
455 1101 705 1171 operibus
744 1100 1120 1172 intelligendo,
1149 1109 1204 1156 et
1244 1100 1436 1156 exinde
1455 1101 1506 1156 in
1540 1102 1832 1171 pleniorem
1861 1117 1957 1156 no-

360 1194 528 1248 titiam
594 1192 940 1263 requirendo.
994 1192 1140 1248 Illius
1170 1203 1254 1248 est
1282 1207 1410 1264 ergo
1449 1194 1609 1248 etiam
1653 1194 1957 1263 ignorantes

362 1286 527 1343 Deum
554 1285 813 1358 plectere,
852 1303 1011 1355 quem
1051 1301 1155 1342 non
1185 1286 1343 1342 liceat
1367 1287 1597 1357 ignorari
1646 1286 1749 1359 (2).
1782 1287 1956 1358 lpsmn

361 1378 502 1451 quod
531 1379 638 1434 ait:
688 1380 731 1433 Α
768 1380 899 1451 facie
926 1377 1141 1450 Domini
1167 1389 1214 1434 et
1257 1396 1289 1433 a
1337 1379 1502 1451 gloria
1538 1378 1771 1434 valentia:
1797 1381 1908 1449 ejus
1938 1421 1952 1444 ,

359 1473 537 1529 verbis
560 1486 684 1528 usus
710 1472 882 1529 Esaiae
911 1472 1012 1547 (Is.
1033 1472 1194 1546 ll,l9)
1228 1491 1240 1527 :
1265 1489 1330 1528 ex
1359 1474 1469 1544 ipsa
1491 1488 1677 1528 caussa
1710 1473 1959 1531 eumdem
2000 1488 2013 1495 ‘

361 1566 502 1637 sapit
533 1566 814 1621 Dominum
841 1577 1250 1637 consurgentem
1273 1608 1287 1630 ,
1320 1578 1377 1621 ut
1402 1567 1711 1622 comminuat
1749 1575 1957 1623 terram.

362 1657 494 1726 Quis
541 1666 720 1712 autem
748 1667 849 1713 esl‘
879 1658 957 1730 (a)
1001 1659 1153 1713 homo
1201 1658 1372 1714 delicti
1400 1701 1415 1723 ,
1449 1660 1588 1729 ﬁlius
1620 1660 1920 1731 perditionis
1944 1702 1959 1724 ,

364 1764 510 1819 quem
534 1748 748 1802 revelari
772 1750 914 1817 prius
934 1758 1130 1819 oportet
1156 1750 1275 1805 ante
1295 1748 1503 1805 Domini
1522 1752 1790 1805 adventant
1810 1794 1826 1820 ,
1856 1768 1961 1807 ea:—
1994 1782 2039 1843 Β

372 1842 554 1896 tollens
591 1858 642 1897 se
685 1859 838 1914 super
876 1859 1024 1897 onme
1046 1844 1181 1914 quod
1230 1842 1369 1899 Deus
1408 1845 1614 1911 dicitur,
1676 1856 1722 1900 et
1763 1863 1963 1902 onmem

365 1936 702 2006 religionem;
760 1936 1103 2007 eoufessurusj
1123 1937 1206 2010 (5)
1250 1939 1303 1994 in
1344 1940 1529 2009 teutplo
1575 1939 1669 1995 Dei
1708 1950 1777 2003 et,
1802 1940 1963 1995 Deum

369 2045 423 2084 se
441 2030 780 2101 jactaturus?
826 2031 1131 2087 Secundum
1184 2049 1283 2088 nos
1321 2033 1535 2104 quidem
1562 2034 1922 2091 Antichristus
1947 2079 1961 2102 ,

367 2129 428 2176 ut
467 2119 665 2177 docent
709 2132 919 2179 veteres
967 2134 1020 2179 et
1054 2140 1209 2179 nume
1257 2126 1588 2195 prophetiae;
1630 2136 1687 2182 ut
1728 2127 1966 2184 Joannes

368 2213 663 2285 apostolus,
690 2215 778 2285 qui
827 2198 936 2285 jam
958 2217 1303 2272 antichristus
1322 2217 1449 2272 dicit
1472 2219 1513 2285 (l
1534 2217 1691 2274 Joan.
1711 2220 1811 2288 tv,
1830 2222 1882 2286 ι,
1909 2220 1965 2291 2)

369 2292 699 2376 processisse
733 2309 785 2361 in
811 2308 1065 2363 mundum
1086 2349 1102 2374 ,
1136 2320 1498 2378 pratcursores
1525 2310 1836 2367 Antichristi
1857 2312 1968 2383 spi-

372 2397 529 2462 ritus,
562 2408 819 2470 negantes
849 2398 1120 2455 Christnm
1153 2400 1204 2454 in
1235 2416 1399 2456 carne
1429 2402 1660 2467 venisse,
1684 2411 1736 2457 et
1756 2403 1970 2458 solven-

373 2498 455 2545 tes
481 2490 697 2558 .lesum,
729 2492 934 2547 scilicet
961 2494 1012 2548 in
1048 2494 1156 2548 Deo
1202 2492 1808 2551 Creatore.Secundum
1841 2512 1968 2551 vero

373 2579 734 2648 Marcioucm,
783 2584 996 2648 nescio,
1031 2600 1100 2640 ne
1138 2584 1383 2640 Christus
1428 2586 1497 2641 sit
1537 2586 1634 2656 (4).
1661 2586 1965 2644 Creatoris:

375 2672 611 2728 nomlum
643 2676 784 2729 enim
820 2676 901 2748 (ὅ)
940 2678 1085 2732 venit
1121 2679 1258 2753 apud
1295 2679 1462 2734 illum.
1495 2680 1746 2751 Quisquis
1777 2691 1860 2736 est
1886 2682 1968 2755 (6)

377 2772 555 2819 autem
592 2781 661 2820 ex
695 2766 937 2834 duobus,
973 2785 1156 2840 qumro
1176 2812 1188 2835 ,
1233 2785 1329 2824 cur
1355 2772 1520 2826 veniat
1549 2772 1765 2827 inomni
1793 2774 1973 2829 virtute

378 2865 427 2910 et
454 2856 613 2927 signis
638 2867 683 2911 rt
711 2861 918 2915 ostentis
943 2862 1240 2916 mendacii?
1269 2862 1570 2935 Pmpterea,
1602 2865 1808 2935 inquit,
1835 2868 1972 2938 quod

377 2946 696 3021 dilectionem
719 2952 943 3007 veritatis
969 2971 1071 3009 non
1096 2958 1427 3027 susceperint,
1444 2966 1509 3011 .ut
1537 2959 1667 3014 salvi
1690 2970 1851 3015 essent
1883 2972 1970 3026 ,'et

378 3051 587 3112 promer
626 3044 722 3098 hoc
764 3046 856 3100 erit
886 3045 965 3118 (7)
1016 3049 1087 3103 eis
1121 3051 1416 3105 instinctum
1443 3051 1699 3122 fallaciw,
1732 3066 1787 3108 ut
1826 3056 1973 3125 judi-

380 3144 558 3187 centur
579 3151 752 3191 omm's
778 3140 868 3205 qui
898 3157 999 3193 non
1040 3143 1360 3198 crediderunt
1389 3146 1621 3212 veritati,
1650 3146 1739 3201 sed
1766 3165 1975 3203 consen-

385 3235 560 3279 serunt
604 3227 878 3299 iniquitati.
930 3230 1096 3302 Igitur
1144 3234 1187 3288 si
1242 3235 1604 3292 Antichristus
1637 3248 1720 3293 est
1758 3237 1841 3310 (8)
1883 3256 1971 3295 se-

382 3316 615 3373 cundum
642 3318 949 3376 Creatorem
988 3321 1092 3395 (9),
1143 3324 1283 3381 Deus
1324 3326 1687 3394 eritCrealor,
1720 3331 1809 3401 qui
1851 3345 1977 3387 eum

386 3407 548 3463 mittit
577 3409 642 3465 ad
664 3411 1032 3483 impingendus
1053 3431 1147 3471 eos
1171 3418 1515 3483 inwcrrorem,
1548 3422 1637 3491 qui
1670 3437 1773 3477 non
1803 3423 1979 3479 credi-

387 3500 581 3557 derunt
609 3505 822 3561 veritati
852 3516 909 3562 ut
933 3510 1061 3563 salvi
1095 3511 1322 3578 tierent,
1363 3514 1603 3582 ejusdem
1652 3516 1755 3571 erit
1783 3516 1979 3571 veritas

389 3600 445 3648 et
472 3593 639 3662 salus,
671 3597 760 3666 qui
805 3614 871 3652 ex
910 3600 1182 3656 submissu
1225 3606 1426 3660 erroris
1457 3605 1770 3674 ulciscitur,
1806 3607 1857 3663 id
1899 3618 1982 3663 est

390 3682 684 3753 Creatoris,
727 3689 810 3742 cni
842 3697 897 3745 et
926 3695 1183 3762 competit
1209 3695 1355 3749 zelus
1385 3697 1499 3764 ipse
1525 3713 1710 3755 errore
1735 3699 1985 3770 decipere

392 3793 529 3850 quos
553 3781 777 3838 veritate
807 3798 911 3838 non
942 3789 1103 3854 cepit.
1158 3787 1214 3844 Si
1251 3805 1381 3846 vero
1405 3806 1509 3847 non
1537 3805 1618 3849 est
1640 3793 1988 3854 antichristus

393 3874 688 3929 secundum
718 3892 841 3943 nos,
865 3894 995 3950 ergo
1015 3879 1261 3938 Christus
1290 3893 1370 3939 est
1398 3884 1669 3942 Creatoris
1694 3889 1987 3946 secundum

396 3961 741 4023 Marcionem.
784 3969 850 4025 Et
896 3972 1051 4041 quale
1096 3975 1199 4029 erit
1240 3976 1375 4031 utad
1405 3978 1761 4035 ulciscendam
1791 3983 1987 4038 verita-

398 4066 503 4115 tem
548 4076 697 4117 suam
730 4105 745 4130 ,
799 4063 1069 4122 Christum
1102 4069 1344 4125 Creatori
1387 4070 1502 4144 (10)
1532 4073 1851 4130 submittat?
1880 4076 1984 4132 Sed

398 4158 456 4206 et
481 4152 522 4206 si
556 4152 674 4226 (11)
707 4154 774 4211 de
811 4156 1142 4214 Antichristo
1169 4165 1457 4231 consentit,
1488 4165 1712 4234 proinde
1734 4165 1985 4237 dixerim,

2052 458 2248 523 sarius,
2279 465 2332 512 et
2354 456 2617 510 occidatur
2634 456 2697 509 ab
2722 471 2802 521 ea,
2837 454 3041 511 habens
3080 454 3302 510 iallacite
3333 452 3653 524 operatione

2055 550 2201 620 iungi
2232 549 2515 605 Creatori?
2570 546 2624 603 ln
2661 563 2906 615 summa,
2947 549 2995 604 si
3034 547 3391 603 indubitatum
3417 555 3501 600 est
3529 545 3655 615 ejus

2055 656 2176 699 esse
2199 652 2255 698 et
2279 640 2524 712 angelum
2545 682 2560 705 ,
2615 648 2672 696 et
2705 641 2983 696 veritatem
3005 681 3020 705 ,
3050 648 3104 696 et
3133 639 3386 706 salutem,
3416 638 3573 708 cujus
3598 648 3656 695 et

2057 735 2131 789 ira
2153 776 2166 798 ,
2201 740 2256 787 et
2282 733 2573 798 :emulatio,
2607 741 2664 788 et
2693 732 2916 788 fallacia:
2942 732 3207 788 immissio
3232 731 3492 786 adversus
3517 745 3650 786 con-

2057 835 2352 898 temptores
2390 835 2445 882 et
2479 825 2815 892 desultores,
2862 826 3025 881 etiam
3055 825 3313 881 adversus
3344 825 3655 894 ignorantes

2061 917 2143 991 (ut
2162 920 2271 989 jam
2293 927 2347 974 et
2375 917 2609 974 Marcion
2635 917 2702 973 de
2728 917 2893 989 gradu
2919 917 3096 985 cedat,
3129 917 3297 973 Deum
3318 931 3531 986 quoque
3559 929 3652 970 ze-

2061 1010 2206 1066 loten
2230 1008 2557 1082 concedens)
2584 1051 2599 1078 ,
2637 1009 2758 1081 quis
2800 1008 3015 1081 dignius
3041 1009 3347 1064 irascetur?
3376 1008 3534 1075 Puto,
3562 1006 3658 1078 qui

2060 1118 2090 1158 a
2125 1103 2418 1173 primordio
2456 1088 2636 1158 rerum
2676 1110 2922 1158 naturam
2972 1102 3090 1176 (12)
3139 1101 3416 1173 operibus,
3450 1101 3658 1156 beneli-
3684 1106 3719 1132 ‘

2062 1195 2181 1260 ciis,
2226 1195 2411 1265 plagis,
2449 1194 2922 1265 praedicationibus
2967 1194 3109 1267 (15),
3147 1193 3373 1250 testibus
3410 1192 3479 1248 ad
3509 1193 3661 1264 agni-

2064 1288 2261 1345 tionem
2297 1289 2379 1344 sui
2408 1291 2739 1358 prmstruxit,
2760 1302 2859 1342 nec
2896 1294 3073 1342 tamen
3090 1286 3298 1357 agnitus
3311 1294 3425 1350 est;
3448 1300 3514 1340 an
3538 1283 3658 1356 (14)

2064 1383 2154 1453 qui
2178 1368 2345 1438 semel
2377 1382 2537 1447 unico
2581 1380 2711 1454 (l5)
2729 1380 3002 1452 Evangelii
3051 1380 3429 1445 instrumento,
3460 1389 3516 1435 et
3543 1380 3662 1450 ipso

2066 1473 2291 1539 incerto,
2320 1488 2422 1529 nec
2443 1473 2616 1544 palam
2644 1472 2809 1528 alium
2842 1471 3012 1527 Deum
3043 1471 3390 1542 praedicante,
3422 1469 3657 1541 produc-

2068 1576 2152 1622 tus
2178 1574 2260 1621 est
2284 1565 2307 1619 ?
2335 1565 2407 1620 Ita
2433 1564 2516 1620 cui
2547 1565 2802 1635 competit
2826 1563 3083 1631 vindicta,
3108 1572 3163 1618 et
3189 1570 3462 1633 competet
3484 1568 3654 1617 mate-

2067 1660 2144 1715 ria
2172 1658 2422 1715 vindicta:
2453 1676 2466 1712 :
2499 1657 2847 1729 Evangelium
2880 1655 3035 1723 dico,
3069 1664 3125 1711 et
3149 1656 3371 1721 veritas,
3414 1662 3470 1708 et
3494 1652 3661 1710 salus.

2068 1752 2264 1809 lubere
2293 1761 2472 1807 autem
2504 1752 2707 1821 operari
2731 1766 2847 1804 eum
2874 1750 2961 1817 qui
2990 1749 3106 1804 velit
3144 1748 3459 1805 manducare
3479 1788 3496 1814 ,
3544 1744 3664 1815 ejus

2069 1845 2353 1917 disciplina
2394 1853 2474 1900 est
2530 1844 2618 1915 qni
2660 1843 2783 1899 bovi
2835 1842 3105 1897 trituranti
3131 1855 3194 1896 os
3224 1838 3449 1896 liberum
3478 1836 3657 1908 jussit.

2650 1933 2878 1992 CAPUT
2922 1932 3087 1989 XVII.

2142 2031 2398 2087 Ecclesiae
2416 2028 2630 2100 quidem
2658 2030 2885 2084 veritate
2902 2027 3197 2097 Epistolam
3225 2025 3381 2080 istam
3408 2022 3474 2077 ad
3490 2019 3666 2091 Ephe-

2068 2123 2170 2177 sios
2200 2122 2457 2177 habemus
2486 2121 2734 2175 emissam
2770 2118 2859 2193 (In
2905 2118 3005 2189 Ep.
3034 2117 3103 2171 ad
3135 2115 3271 2186 Epit.
3302 2114 3395 2170 let
3417 2112 3511 2185 ll),
3549 2129 3659 2168 non

2069 2216 2137 2270 ad
2172 2213 2485 2269 Laodicenos
2519 2212 2618 2285 (b);
2658 2211 2752 2267 sed
2792 2211 3031 2266 Marcion
3063 2208 3115 2264 ei
3144 2207 3350 2262 titulum
3371 2204 3660 2286 aliquando

2071 2309 2399 2378 interpolare
2439 2307 2650 2378 gestiit,
2701 2305 2852 2376 quasi
2891 2313 2946 2359 et
2986 2303 3037 2358 in
3077 2302 3179 2356 isto
3216 2297 3657 2369 diligentissimus

2070 2403 2397 2472 explorator.
2443 2396 2581 2454 Nihil
2625 2408 2801 2452 autem
2833 2396 2902 2452 de
2949 2394 3115 2451 titulis
3162 2394 3405 2454 interest,
3437 2404 3557 2446 cum
3587 2388 3654 2443 ad

2071 2509 2261 2549 omnes
2291 2491 2581 2563 Apostolus
2610 2489 2909 2561 scripserit,
2938 2488 3064 2544 dum
3091 2484 3159 2541 ad
3190 2483 3488 2556 quosdam;
3516 2491 3665 2537 certe

2072 2600 2249 2644 tamen
2278 2603 2399 2642 eum
2434 2586 2602 2641 Deum
2645 2583 2940 2655 prtedicans
2969 2581 3026 2637 in
3050 2580 3287 2655 Christo,
3327 2578 3413 2632 cui
3441 2589 3663 2646 compe-

2073 2691 2192 2736 tunt
2219 2697 2337 2751 quae
2363 2677 2736 2747 pra-dicantur.
2770 2675 2864 2731 Cui
2895 2688 3025 2745 ergo
3051 2678 3363 2740 competent
3387 2668 3667 2724 secundum

2075 2773 2191 2829 boni
2220 2770 2676 2836 existimationem,
2699 2785 2850 2841 quam
2894 2764 3212 2838 proposuerit
3250 2764 3303 2817 in
3344 2769 3664 2817 sacramento

2074 2865 2348 2922 voluntatis
2371 2879 2498 2929 sum,
2529 2864 2579 2916 in
2610 2860 3033 2931 dispensationem
3068 2854 3445 2926 adimpletionis
3476 2862 3670 2924 tempe.

2074 2976 2187 3013 rum
2209 2960 2289 3027 (ut
2320 2957 2391 3012 ita
2418 2957 2668 3021 dixerim,
2710 2953 3087 3010 sicutverbum
3112 2949 3239 3006 illud
3266 2950 3319 3003 in
3349 2962 3526 3019 graeco
3567 2961 3661 3002 so-

2078 3051 2192 3124 nat)
2220 3050 2552 3121 recapitulare
2588 3048 2664 3120 (id
2696 3057 2776 3103 est
2799 3088 2813 3112 ,
2861 3045 2928 3101 ad
2958 3044 3168 3100 initium
3197 3041 3460 3112 redigere,
3494 3038 3577 3094 vel
3602 3038 3671 3093 ab

2002 3173 2047 3235 Ο
2082 3145 2232 3199 initio
2255 3140 2561 3214 recensere)
2602 3142 2772 3196 omnia
2799 3141 2852 3194 in
2878 3138 3159 3202 Christum,
3192 3151 3307 3207 qua:
3333 3134 3387 3189 in
3410 3132 3551 3190 catis
3572 3174 3588 3199 ,
3625 3141 3674 3195 et

2080 3254 2196 3309 qua:
2215 3238 2268 3291 in
2296 3237 2483 3301 terris;
2518 3234 2617 3289 nisi
2645 3234 2800 3304 cujus
2827 3241 2985 3289 erunt
3013 3228 3194 3285 omnia
3218 3228 3287 3283 ah
3307 3226 3479 3292 initio,
3507 3224 3671 3280 etiam

2082 3331 2255 3403 ipsum
2300 3330 2529 3394 initium,
2553 3344 2584 3382 a
2608 3343 2716 3399 quo
2740 3337 2794 3383 et
2823 3335 3064 3396 tempora
3084 3332 3141 3379 et
3169 3330 3469 3392 temporum
3498 3316 3674 3373 adim-

2084 3424 2344 3495 pletioncs
2382 3420 2534 3494 (16),
2586 3419 2936 3490 dispensatio,
2985 3416 3057 3471 ob
3084 3429 3244 3485 quam
3270 3409 3448 3467 omnia
3473 3410 3541 3466 ad
3577 3410 3681 3465 ini-

2080 3516 2216 3571 tium
2240 3526 2586 3571 recensentur
2608 3513 2659 3567 in
2676 3508 2924 3566 Christo?
2955 3506 3187 3564 Alterius
3201 3502 3518 3569 autemDei,
3534 3498 3679 3571 quod

2086 3606 2295 3662 initium
2319 3647 2331 3669 ,
2366 3603 2417 3660 id
2445 3613 2527 3660 est
2557 3601 2696 3657 unde
2715 3644 2731 3671 ,
2762 3600 2914 3670 cujus
2938 3611 3073 3669 Opus
3095 3596 3343 3651 nullum?
3371 3607 3493 3665 qua:
3523 3599 3634 3649 tem
3652 3620 3673 3632 -

2090 3715 2216 3769 pora
2264 3699 2381 3754 sine
2420 3696 2606 3752 initio?
2647 3710 2766 3766 qum
2806 3690 3120 3762 adimpletio
3152 3690 3269 3744 sine
3297 3683 3629 3757 temporibus
3657 3686 3683 3738 ν

2088 3808 2209 3864 qua:
2246 3791 2577 3863 dispensatio
2619 3789 2737 3845 sine
2780 3783 3214 3857 adimpletione?
3257 3781 3511 3851 denique,
3553 3778 3685 3849 quid

2093 3889 2148 3945 in
2180 3888 2338 3944 terris
2382 3887 2492 3958 egit
2535 3885 2643 3955 jam
2677 3882 2826 3947 olim,
2855 3889 2915 3936 ut
2967 3880 3123 3949 longa
3164 3876 3340 3946 aliqua
3385 3883 3689 3942 temporum

2094 3978 2555 4052 adimplendorum
2584 3973 2914 4046 dispensatio
2939 3978 3234 4043 reputetur,
3260 3965 3328 4021 ad
3354 3962 3692 4021 recensenda

2095 4075 2275 4131 omnia
2303 4073 2355 4128 in
2380 4071 2598 4128 Christo
2619 4111 2634 4136 ,
2664 4068 2826 4124 etiam
2855 4081 2976 4136 qua:
3011 4063 3064 4118 in
3089 4059 3274 4143 oculis?
3319 4055 3428 4112 Nec
3458 4055 3511 4111 in
3537 4055 3698 4112 caelis

2097 4177 2274 4226 autem
2298 4181 2385 4223 res
2408 4166 2476 4222 ab
2500 4164 2672 4219 altero
2700 4169 2848 4218 actas
2877 4153 3306 4216 existimabimus
3339 4163 3699 4220 quaecumque

1612 4277 1990 4337 LECTIONES
2033 4278 2443 4338 VARIANTES.

495 4383 538 4436 ll
566 4383 652 4434 Est
673 4380 823 4436 omitt.
846 4387 986 4436 Pam.

464 4381 508 4438 (1
566 4383 652 4434 Est
673 4381 823 4436 omitt.
846 4387 963 4436 Pam

493 4445 519 4495 Ξ
568 4447 799 4526 ignorare
822 4451 963 4499 Pam.

491 4511 519 4557 5
568 4512 963 4562 Consecuturust

492 4571 515 4618 1
566 4570 664 4620 Nisi
688 4574 753 4622 sit
769 4572 959 4642 Cpristu

492 4634 522 4682 ii
571 4633 707 4684 Enim
725 4641 876 4687 armti.
904 4640 963 4687 Pt

491 4510 542 4562 5)
568 4510 929 4560 Consecuturus
948 4510 1017 4562 al.

492 4570 540 4642 ί)
566 4570 664 4642 [fisi
688 4574 753 4622 sit
769 4572 990 4642 Christus
1017 4585 1198 4628 tr’ouw.
1225 4589 1290 4629 ne
1309 4576 1527 4630 Cbrisms
1541 4581 1605 4630 sit
1625 4580 1775 4632 Seml.

492 4633 543 4688 ii)
571 4633 707 4684 Enim
725 4633 876 4687 ornitt.
904 4640 1045 4688 Pam.

470 4695 545 4753 (6)
573 4695 655 4745 Est
670 4695 822 4747 antiit.
849 4700 1001 4750 Fran.

469 4756 545 4817 (7)
571 4756 717 4808 Dabit
740 4761 841 4812 Lat.

473 4819 548 4885 (8)
574 4819 635 4873 Et
653 4823 795 4874 Pam.

413 5084 599 5155 verum
626 5076 910 5155 essequod
935 5077 1122 5155 scribit
1161 5078 1221 5134 Β.
1246 5078 1570 5155 Epiphanius
1582 5079 1839 5155 _adversus
1866 5077 2011 5155 Mar-_-

416 5146 611 5227 cionem
638 5146 769 5229 nihil
790 5146 871 5204 se
899 5150 1061 5229 etiam
1093 5146 1322 5229 tractare
1348 5146 1431 5207 'de
1460 5151 1560 5207 hac
1581 5150 1842 5222 Epistola,
1869 5149 2011 5221 quod

417 5221 654 5289 nimium‘
664 5221 773 5285 jam
799 5221 1073 5289 pervertit.
1103 5222 1238 5278 Pan.

495 5286 568 5369 (a)
592 5285 775 5369 [Ionio
792 5285 984 5369 delicti.
1005 5294 1153 5369 Satis
1170 5294 1409 5363 eXplicat
1432 5294 1613 5369 statim
1641 5293 1730 5369 qui
1755 5293 1833 5369 sit
1853 5292 2014 5369 homo

423 5356 627 5436 delicti,
652 5359 1016 5436 Antichristus
1041 5356 1277 5431 scilicet;
1310 5381 1416 5436 quo
1445 5356 2015 5436 nomine'Marcionitas

426 5429 680 5509 i‘_ltl)-'llat,
712 5432 801 5501 qui
824 5434 1010 5509 eadem
1036 5429 1372 5509 perpetrasse
1393 5436 1642 5491 videntur
1669 5451 1787 5505 qua:
1810 5435 1879 5490 de
1909 5438 2019 5489 An-

429 5499 670 5553 ticltri~tn
702 5499 951 5568 pratdicta
983 5499 1236 5561 sunthE
1279 5508 1372 5562 Pn.

500 5568 1109 5652 ('AP._2C\_’II._——(b)l\_lon
1130 5577 1555 5652 ad_l_.aodicenos.
1571 5576 1770 5652 Errant
1784 5592 1911 5631 sane
1932 5578 2020 5645 qni

428 5652 620 5762 Γιιιςιιιι
650 5642 938 5710 Epistulam
964 5642 1127 5700 luisse
1149 5648 1213 5701 ad
1233 5648 1560 5703 Laodicent-s
1583 5642 2019 5717 set‘iptant,qttatn

451 5712 518 5762 hic
545 5712 762 5762 ilmuerc
777 5714 984 5762 videtur
1002 5731 1065 5762 ex
1091 5715 1356 5762 Marcium:
1369 5718 1747 5762 'l‘nrlnllianns:
1766 5733 1884 5762 nam
1901 5733 2019 5762 num

451 5714 518 5784 tie
545 5714 762 5768 innuerc
777 5714 984 5770 videtur
1002 5731 1069 5771 ex
1090 5715 1356 5776 Mareioue
1369 5714 1748 5781 Tertullianu‘s;
1766 5733 1885 5770 tiam
1901 5733 2019 5784 quae

432 5780 722 5853 fragmenta
746 5785 978 5844 citantur
1012 5787 1274 5844 habentur
1292 5805 1409 5863 cap.
1436 5787 1503 5845 IV
1523 5786 1693 5856 Epist.
1719 5780 1786 5841 ad
1812 5780 2014 5857 Eplics.

2185 4396 2237 4459 9)
2263 4394 2542 4459 secundum
2558 4405 2665 4459 nos,
2690 4387 2900 4459 e_t__Deus
2915 4386 3025 4439 cod.
3055 4387 3241 4439 Wouw.

2197 4455 2271 4509 lli)
2297 4457 2542 4509 Creatoris
2563 4455 2673 4506 carl.
2708 4455 2897 4505 Wouw.

2198 4522 2214 4569 1
2232 4517 2274 4570 li
2297 4521 2347 4570 Si
2373 4517 2522 4570 omitt.
2548 4520 2692 4569 Pam.

2198 4578 2275 4632 12)
2301 4582 2497 4632 Naturae
2515 4578 2625 4630 cod.
2655 4588 2834 4627 trouw.

2166 4642 2272 4705 (IS)
2297 4642 2691 4694 Prasdicationum
2713 4643 2855 4690 Pam.

2198 4705 2275 4757 It)
2298 4707 2403 4757 Nec
2424 4705 2534 4757 cod.
2561 4714 2741 4754 tr'ouw.

2200 4766 2277 4819 lii)
2302 4768 2446 4819 Unito
2466 4766 2577 4817 cod.
2604 4767 2790 4818 Wouw.

2255 4644 2277 4897 ἒ

2027 4811 2083 4871 1)
2170 4811 2277 4897 (itii
2301 4811 2671 4883 aziwma.

1727 4939 2280 5000 COMMENTARIUS.

3212 4935 3282 4983 te:

2114 5080 2371 5137 Errorem
2409 5078 2559 5151 dedit
2608 5070 2981 5148 interpretatio
3015 5090 3204 5147 parum
3248 5079 3499 5130 accurata
3536 5070 3610 5129 ιν
3641 5075 3723 5151 ad

2115 5151 2323 5209 Coloss.
2355 5151 2441 5207 ubi
2467 5150 2690 5206 habetur
2725 5146 2815 5205 at...
2854 5157 2904 5204 εκ
2924 5146 3229 5209 Acrisium.
3262 5152 3544 5202 verterunt
3566 5146 3717 5201 enim

2116 5240 2229 5280 eam
2257 5239 2370 5289 qua:
2413 5232 2485 5276 est
2523 5222 2591 5275 ad
2624 5219 2960 5275 Laodicenses
2985 5260 2999 5285 ,
3048 5232 3168 5273 cum
3201 5213 3520 5289 vertendum
3549 5226 3722 5289 _ess_et

2119 5312 2229 5368 eam
2255 5285 2369 5368 qua:
2392 5309 2453 5348 ea:
2495 5294 2614 5348 urbe
2656 5291 2944 5368 Laodictea.
2968 5289 3239 5368 _Epistola
3278 5286 3362 5341 illa
3396 5301 3521 5368 quae
3549 5285 3719 5368 hodie
3748 5316 3778 5357 ι,

2119 5358 2494 5422 circumfertur
2517 5407 2531 5429 ,
2565 5358 3109 5434 apocrypharvidetu‘r
3123 5368 3174 5414 et
3196 5358 3559 5434 supposititia.
3584 5358 3728 5434 Bea-

2122 5446 2208 5509 tus
2250 5437 2476 5509 Allieron.
2522 5426 2613 5491 de'
2634 5426 2801 5504 Episi.
2836 5433 2926 5488 illa
2974 5431 3038 5486 ad
3069 5429 3236 5509 Laud.
3266 5426 3406 5509 falsa
3439 5436 3498 5482 et
3521 5427 3726 5509 exple:

2124 5507 2294 5562 tientia
2326 5507 2595 5576 loquitur:
2647 5499 2939 5578 nutantque
2971 5500 3208 5578 nonnulli
3238 5499 3463 5578 primam
3501 5511 3629 5578 esse
3657 5499 3726 5578 ad

2123 5566 2467 5635 Timotheum
2514 5566 2978 5648 quze'iLaodictetc
3006 5571 3214 5648 scripta
3231 5566 3332 5624 est.
3358 5566 3730 5648 luscripserat

2125 5659 2303 5705 autem
2354 5639 2584 5703 Marcion
2632 5646 2927 5717 Epistulam
2957 5643 3025 5700 ad
3052 5640 3387 5704 Laodiceuos,
3414 5653 3541 5708 qum
3563 5639 3725 5696 nobis

2129 5721 2304 5779 estad
2336 5720 2601 5795 Ephesios.
2634 5717 2711 5774 LE
2742 5719 2838 5773 Pa.
