4020 6286
334 331 459 393 515,

1484 328 1612 385 LIB.
1658 330 1700 384 V
1740 326 2102 387 ADVERSUS
2141 327 2563 387 MARCIONEM.

3529 327 3635 386 5H

334 455 488 512 sunt,
521 458 684 517 quam
722 443 791 499 ab
819 457 884 500 eo
916 483 930 508 ,
985 457 1014 497 a
1056 456 1164 513 quo
1195 450 1250 499 et
1277 442 1330 498 in
1377 443 1535 499 terris
1562 453 1678 497 acta
1711 442 1792 515 (l)
1827 458 1944 499 om-
1969 448 2017 509 Α
2048 456 2134 498 ses
2160 443 2498 513 superiorum
2529 441 2597 497 de
2633 438 2973 497 inferioribus
3002 448 3238 509 notatur,
3265 440 3393 499 licet
3419 450 3474 496 et
3498 441 3637 499 infe-

339 538 503 596 nibus
531 545 766 593 constat.
794 533 945 603 Quod
975 535 1018 589 si
1046 550 1152 591 non
1195 534 1339 606 capit
1381 535 1601 590 alterius
1628 534 1808 589 omnia
1834 536 1933 590 ista

330 630 586 703 deputari
616 630 684 685 ab
716 627 866 684 initio
894 642 1054 697 quam
1078 625 1371 694 Creatoris,
1399 627 1518 697 quis
1544 625 1727 681 credet
1751 627 1818 682 ab
1831 626 1936 682 alio

329 740 397 781 ea
424 722 699 780 recenseri
732 722 783 776 in
808 706 1076 776 Christum
1099 721 1263 775 alium
1282 727 1336 775 ct
1363 734 1470 775 non
1498 735 1528 774 a
1558 734 1659 775 suo
1686 729 1933 788 auclore,

330 828 390 879 et
414 818 470 874 in
498 832 656 873 suum
697 814 968 870 Christum
995 813 1019 869 ?
1057 811 1115 870 Si
1137 812 1409 868 Creatoris
1424 821 1571 878 sunt,
1596 812 1805 867 diversa
1830 812 1940 867 sint

335 921 562 963 necesse
585 915 667 961 est
689 922 718 959 a
747 904 958 960 diversa
987 904 1118 960 Deo.
1148 903 1207 959 Si
1239 902 1473 969 diversa,
1504 902 1687 971 utique
1717 912 1937 958 contra-

336 998 441 1055 ria.
466 995 751 1067 Quomodo
787 1011 916 1068 ergo
956 995 1225 1051 contraria
1270 1003 1659 1050 recenseantnr
1683 995 1735 1049 in
1758 1010 1880 1049 eum
1909 1009 1941 1049 a

336 1105 448 1162 quo
471 1088 709 1159 denique
726 1088 1076 1144 destruuntur
1098 1088 1122 1141 ἲ
1145 1086 1278 1142 Nam
1305 1097 1359 1142 et
1384 1087 1665 1155 sequentia
1683 1103 1839 1157 quem
1859 1102 1944 1144 re-

337 1182 594 1237 nuntiant
635 1178 939 1244 Christum,
991 1194 1113 1234 cum
1159 1177 1311 1245 dicit,
1368 1177 1438 1234 Ut
1474 1179 1632 1234 simus
1656 1180 1710 1232 in
1739 1178 1943 1233 laudem

342 1275 529 1349 gloria:
572 1290 665 1330 nos
708 1274 796 1343 qui
819 1273 895 1344 (α)
928 1272 1350 1344 prwspcrnvimus
1397 1272 1453 1325 in
1491 1269 1751 1327 Christum
1779 1271 1805 1324 1’
1842 1270 1946 1337 Qui

339 1368 490 1424 enim
521 1380 885 1438 prmsperasse
909 1373 1214 1437 potuerunt,
1246 1363 1301 1419 id
1327 1373 1431 1431 est,
1464 1375 1589 1419 ante
1613 1377 1864 1433 sperasse
1892 1363 1946 1419 in

351 1462 549 1526 Deum,
594 1475 752 1530 quam
781 1459 1053 1523 venisset;
1106 1459 1206 1513 nisi
1236 1457 1431 1525 Judaei,
1464 1457 1657 1529 quibus
1695 1454 1947 1512 Christus

342 1550 814 1620 praenuntiabatur
843 1551 912 1605 ab
942 1550 1134 1605 initio?
1165 1550 1254 1620 qui
1285 1565 1414 1620 ergo
1448 1548 1906 1619 pramnntiahatur
1928 1590 1944 1617 ,

342 1643 439 1700 ille
461 1652 518 1699 et
545 1642 991 1713 prmsperabatur.
1024 1643 1197 1714 Atque
1235 1642 1372 1699 adeo
1403 1642 1504 1697 hoc
1532 1642 1598 1697 ad
1627 1658 1687 1699 se
1708 1686 1722 1709 ,
1754 1642 1808 1697 id
1836 1651 1944 1710 est,

340 1735 412 1791 ad
437 1734 656 1791 Judzcos
684 1732 887 1801 refert,
919 1742 977 1789 ut
1005 1734 1405 1790 distinctionem
1435 1733 1615 1800 faciat,
1648 1749 1946 1790 conversus

2040 532 2181 588 riora
2232 534 2331 604 ipsi
2383 534 2733 605 deputentur.
2766 532 2871 588 Sed
2903 548 3000 588 nec
3028 532 3418 588 incredulitatis
3443 549 3638 609 opera-

2041 631 2126 679 tor
2169 623 2337 679 videri
2380 633 2595 694 potest,
2642 639 2801 694 quam
2848 624 2963 693 ipse
3012 625 3186 694 potius
3225 639 3254 678 a
3293 624 3498 681 Iudaeis
3528 636 3583 681 ct
3608 642 3639 682 ει

2041 714 2347 770 nationibus
2388 714 2603 785 patitur.
2627 714 2832 770 Sufﬁcit
2858 714 3019 784 igitur
3047 756 3061 781 ,
3087 715 3131 768 si
3159 715 3273 770 Iure
3302 732 3405 771 non
3438 715 3642 774 cadunt

2043 808 2097 861 in
2122 806 2453 862 Creatorem.
2497 805 2555 861 Si
2577 817 2753 861 autem
2778 814 2833 862 et
2860 817 2944 862 est
2981 806 3035 861 in
3078 823 3238 877 quem
3290 809 3462 879 magis
3488 824 3641 863 com-

2046 909 2231 971 petant
2281 896 2385 972 (3),
2418 901 2603 971 utique
2645 900 2814 972 magis
2852 901 2953 956 hoc
3002 900 3294 971 Apostolus
3345 902 3484 957 sciit.
3513 903 3643 971 Quis

2046 993 2192 1047 iSte?
2221 992 2348 1049 Sine
2374 992 2539 1047 dubio
2570 993 2677 1058 ille,
2711 994 2800 1064 qui
2834 994 2930 1064 ipsi
2960 994 3198 1049 Creatori
3212 995 3366 1069 olilios
3396 996 3643 1051 incredu-

2048 1084 2212 1139 litatis
2240 1084 2487 1151 obstruit,
2519 1100 2643 1140 aere
2660 1082 2761 1140 isto
2781 1086 2995 1155 potitus,
3022 1084 3160 1141 sicut
3180 1086 3360 1143 dicere
3383 1103 3505 1143 eum
3528 1104 3648 1160 pro-

2046 1178 2206 1247 pheta
2233 1178 2313 1250 (4)
2340 1178 2502 1233 refert
2523 1176 2621 1250 (Is.
2660 1178 2799 1245 XIV,
2818 1177 2928 1249 Il):
2956 1178 3150 1234 Ponant
3188 1182 3241 1235 in
3271 1180 3484 1237 nubibus
3515 1184 3649 1238 thro-

2049 1284 2170 1322 num
2185 1285 2369 1335 meum,
2385 1286 2467 1324 ero
2481 1270 2663 1324 similis
2678 1271 2955 1325 Altissinto.
2979 1271 3074 1328 Ilic
3095 1274 3196 1329 crit
3209 1273 3473 1342 diabolus,
3488 1289 3649 1343 quem

2049 1369 2104 1415 et
2129 1360 2279 1426 alibi,
2307 1361 2373 1433 (si
2405 1369 2580 1417 tamen
2602 1364 2671 1416 ita
2698 1362 3082 1433 etApostolum
3110 1366 3213 1436 lrgi
3247 1368 3458 1439 volunt)
3481 1367 3650 1423 Deum

2050 1453 2143 1507 wvi
2169 1454 2323 1524 hujus
2346 1468 2723 1525 agnosccmus.
2769 1456 2841 1511 lla
2863 1456 3007 1512 enim
3034 1466 3199 1512 totmn
3224 1460 3477 1516 smeulum
3502 1476 3652 1516 men-

2053 1543 2210 1601 dacio
2242 1544 2535 1603 divinitatis
2590 1548 2848 1618 implevit.
2899 1551 3002 1617 Qui
3051 1551 3207 1621 plane
3236 1552 3412 1608 sinon
3441 1553 3648 1622 fuisset,

2055 1648 2180 1693 tunc
2230 1638 2347 1694 haec
2377 1639 2428 1694 in
2453 1639 2764 1697 Creatorem
2809 1652 3082 1713 spectasse
3111 1646 3428 1715 potuissent.
3460 1640 3572 1703 Sed
3598 1656 3657 1704 et

2062 1732 2115 1784 in
2152 1730 2425 1800 judaismo
2476 1742 2826 1788 conversatus
2881 1731 2959 1805 (5)
3007 1735 3299 1804 Apostolus
3328 1779 3343 1803 ,
3378 1753 3485 1793 non
3530 1739 3656 1807 quia

357 1829 427 1886 ad
455 1830 737 1885 nationes:
787 1826 853 1883 In
891 1844 989 1899 quo
1033 1837 1081 1883 et
1120 1844 1208 1884 vos
1239 1845 1354 1883 cum
1377 1828 1647 1883 audissetis
1666 1843 1949 1883 sermonem
1980 1849 2027 1910 Β
2055 1823 2374 1894 interposuit
2392 1823 2460 1880 de
2489 1825 2718 1889 delic1is,
2768 1826 2822 1879 in
2848 1826 3027 1897 quibus
3052 1838 3099 1881 et
3126 1845 3218 1883 nos
3245 1846 3417 1886 omnes
3444 1846 3657 1886 cancer.

355 1922 608 1988 ueritatis,
635 1919 995 1992 Euangelium,
1022 1921 1073 1974 in
1099 1937 1197 1989 quo
1226 1921 1544 1985 credidistis,
1570 1928 1614 1975 et
1643 1920 1831 1992 signati
1873 1936 1953 1975 es-

361 2015 430 2070 tis
477 2013 678 2086 Spiritu
726 2013 1077 2085 promissionis
1118 2013 1233 2084 ejus
1277 2023 1472 2069 sancto.
1505 2013 1668 2083 Cujus
1721 2013 1953 2084 promis-

365 2105 587 2162 sionis?
634 2105 812 2162 Facta:
858 2120 952 2176 per
993 2105 1199 2162 .Ioelem
1247 2105 1388 2178 (Joel
1439 2105 1545 2178 II):
1577 2104 1645 2160 In
1667 2106 1953 2161 novissimis

357 2199 539 2254 diebus
564 2197 826 2267 elfundam
852 2197 916 2253 de
939 2215 1050 2253 meo
1075 2199 1256 2267 spiritu
1282 2200 1334 2253 in
1375 2214 1573 2253 omnem
1601 2213 1805 2252 carnem
1834 2213 1853 2262 ;
1899 2196 1953 2252 id

350 2304 460 2358 est,
515 2303 572 2350 et
600 2294 653 2349 in
683 2294 944 2350 nationes.
992 2292 1069 2348 lla
1107 2301 1163 2349 et
1189 2291 1419 2363 Spiritus
1444 2301 1499 2349 et
1525 2292 1870 2363 Evangelium
1900 2291 1952 2346 in

362 2403 433 2445 eo
451 2387 808 2458 eritChristo,
824 2390 913 2461 qni
929 2389 1383 2460 praesperabatur,
1403 2388 1528 2443 dum
1545 2388 1951 2460 prmdicabatur.

366 2484 474 2541 Sed
505 2494 561 2541 et
585 2484 743 2539 Pater
771 2486 948 2557 gloria:
990 2486 1080 2541 ille
1106 2494 1221 2552 est,
1264 2485 1417 2556 cujus
1443 2485 1687 2541 Christus
1717 2500 1813 2540 rex
1836 2482 1954 2554 glo-

312 2612 321 2617 —
358 2580 455 2635 riae
494 2574 703 2635 canitur
728 2579 780 2633 in
819 2579 1036 2633 Psalmo
1092 2580 1388 2636 ascendens
1437 2577 1558 2651 (Ps.
1592 2576 1783 2642 XXIII,
1818 2575 1908 2648 10)
1941 2593 1955 2631 :

369 2672 497 2740 Quis
515 2682 589 2727 est
607 2672 702 2727 iste
725 2688 816 2726 rea:
840 2671 1018 2743 glorise
1042 2671 1068 2726 1’
1089 2670 1341 2727 Dominus
1372 2672 1611 2726 uirtutum
1640 2671 1750 2738 ipse
1777 2680 1848 2725 est
1870 2684 1961 2723 rex

367 2764 565 2835 glorias.
612 2763 695 2819 Ab
735 2763 829 2818 illo
857 2764 1065 2834 spiritus
1087 2764 1348 2834 sapientiw
1376 2772 1609 2833 optatur,
1639 2762 1779 2833 apud
1802 2776 1959 2833 quem

367 2855 485 2911 lucc
527 2869 739 2927 quoque
786 2855 1099 2927 spiritalium
1154 2856 1364 2926 species
1411 2862 1794 2910 enumerantur
1824 2857 1964 2909 inter

360 2956 567 3018 septem
594 2947 815 3017 spiritus
837 2962 932 3017 per
962 2948 1174 3003 Esaiam
1204 2946 1305 3021 (Is.
1336 2946 1455 3015 Xl).
1484 2946 1575 3003 Ille
1605 2947 1743 3001 dabit
1769 2946 1964 3001 illumi-

372 3050 520 3095 natos
549 3041 719 3095 cordis
740 3040 917 3095 oculos
940 3082 955 3107 ,
1005 3043 1092 3111 qui
1120 3041 1279 3096 etiam
1310 3040 1611 3097 exteriores
1637 3039 1823 3096 oculos
1848 3039 1968 3096 luce

371 3130 601 3197 ditavit,
634 3132 717 3187 cui
746 3131 993 3202 displicet
1036 3131 1248 3187 czrcitas
1295 3131 1473 3202 populi
1516 3129 1616 3203 (Is.
1643 3130 1803 3199 XLII,
1835 3129 1966 3202 l9):

382 3223 451 3278 Et
467 3225 579 3295 quis
598 3240 759 3280 cautus
784 3267 799 3292 ,
831 3226 931 3280 nisi
964 3225 1109 3297 pueri
1136 3226 1233 3280 mei
1254 3225 1280 3279 ?
1332 3224 1398 3280 Et
1421 3241 1435 3279 :
1472 3223 1731 3280 Exrtecati
1750 3234 1866 3279 sunt
1887 3229 1969 3296 fa-
1993 3246 2039 3310 ρ

372 3314 502 3369 muli
544 3314 663 3371 Dei.
712 3316 866 3387 Apud
909 3318 1055 3373 illum
1100 3326 1225 3372 sunt
1270 3325 1325 3372 et
1363 3316 1550 3371 divitia:
1578 3318 1889 3372 hwreditatis
1915 3318 1968 3372 in

365 3408 557 3464 sanctis
581 3449 596 3472 .
624 3409 715 3480 qui
741 3424 859 3464 eam
890 3409 1256 3465 bmreditatem
1285 3426 1354 3464 ex
1385 3410 1664 3466 vocatione
1693 3410 1965 3465 nationum

366 3499 673 3569 repromisit
716 3498 833 3573 (Ps.
863 3499 928 3567 ll,
957 3500 1013 3572 8)
1038 3517 1053 3555 :
1084 3499 1296 3555 Postula
1319 3500 1383 3556 de
1402 3517 1499 3567 me,
1522 3510 1569 3555 et
1594 3500 1724 3555 dabo
1745 3499 1832 3555 tibi
1850 3518 1970 3572 grn-

361 3603 439 3649 tes
464 3594 813 3649 hwreditatem
855 3603 1014 3649 tuam.
1064 3595 1159 3650 Ille
1205 3595 1497 3666 inaperatus
1536 3595 1684 3649 estin
1709 3593 1968 3650 Christum

361 3685 638 3741 calentium
663 3702 827 3753 suam,
851 3686 1145 3741 suscitando
1170 3703 1281 3742 eum
1307 3704 1339 3740 a
1365 3686 1593 3752 mortuis,
1631 3696 1678 3740 et
1703 3688 1966 3742 collocan-

370 3778 441 3833 do
468 3794 581 3833 eum
608 3778 677 3832 ad
701 3778 963 3834 dexteram
981 3794 1146 3846 suam,
1177 3787 1223 3834 et
1243 3778 1559 3849 subjicienda
1585 3780 1777 3843 omnia,
1801 3778 1891 3850 qui
1916 3788 1969 3835 et

369 3871 511 3927 dixit
546 3871 665 3945 (Ps.
691 3870 834 3943 CIX)
861 3888 875 3925 :
906 3871 1042 3927 Sede
1079 3871 1147 3925 ad
1194 3871 1455 3926 dexteram
1491 3886 1673 3937 meam,
1704 3871 1862 3925 donec
1883 3887 1975 3942 po-

362 3981 490 4020 nant
531 3965 768 4020 inimicos
802 3975 916 4019 tuos
953 3964 1231 4019 scabellum
1274 3962 1459 4035 pedum
1500 3972 1723 4017 tuorum.
1754 3962 1888 4029 Quia
1918 3971 1973 4018 et

364 4056 499 4112 alibi
546 4057 765 4127 spiritus
795 4055 860 4112 ad
889 4055 1102 4111 Patrem
1132 4055 1201 4112 de
1227 4053 1361 4110 Filio
1384 4053 1505 4126 (Ps.
1535 4054 1669 4119 VIII,
1703 4052 1760 4126 7)
1792 4072 1805 4109 :
1840 4053 1968 4109 0m-

370 4149 465 4204 nia
500 4147 760 4215 subieciin
787 4146 878 4202 sub
903 4147 1113 4219 pedibus
1143 4150 1273 4219 ejus.
1303 4147 1357 4202 Si
1385 4163 1449 4203 ex
1492 4146 1574 4201 his
1601 4147 1735 4201 alius
1760 4146 1893 4201 deus
1920 4156 1976 4202 et

372 4241 516 4297 alius
552 4240 786 4297 christus
830 4240 1057 4296 infertur
1094 4256 1213 4312 qum
1241 4251 1700 4312 recognoscuntur
1729 4241 1780 4294 in
1806 4240 1974 4296 Crea-

380 4344 501 4391 tore
524 4375 540 4401 ,
582 4348 887 4405 quaeramus
916 4333 1027 4400 jam
1055 4332 1390 4388 Creatorem.
1426 4332 1588 4387 Plane
1612 4340 1740 4402 puto
1766 4332 1975 4388 inveni-

386 4439 533 4492 mus,
562 4439 683 4480 cum
733 4424 897 4481 dicit:
938 4423 1068 4479 Illos
1094 4425 1288 4480 delictis
1316 4435 1537 4480 mortuos
1561 4467 1575 4492 ,
1617 4424 1670 4479 in
1693 4405 1976 4494 quibusin-

375 4517 540 4592 gressi
561 4527 706 4573 erant
730 4560 743 4585 ,
774 4518 1049 4573 secundant
1074 4534 1236 4573 sevum
1264 4518 1441 4573 mundi
1469 4519 1624 4588 hujus
1650 4560 1664 4586 ,
1696 4518 1975 4573 secundant

379 4612 666 4684 principem
721 4613 979 4683 potestatis
1025 4612 1157 4667 aeris
1184 4614 1336 4683 hujus
1366 4610 1445 4684 (Ξ)
1477 4653 1491 4678 ,
1526 4612 1611 4683 qui
1661 4620 1896 4682 operatur
1921 4613 1975 4667 in

367 4705 495 4776 [iliis
533 4704 929 4761 incredulitatis.
970 4704 1076 4761 Sed
1123 4705 1380 4761 mundum
1430 4719 1535 4760 non
1574 4713 1748 4774 potest
1790 4717 1843 4761 et
1883 4706 1970 4761 hic

368 4811 472 4868 pro
500 4796 612 4852 Deo
637 4793 822 4852 mundi
871 4795 1108 4852 Marcion
1159 4795 1527 4867 interpretari.
1577 4793 1694 4849 Non
1725 4795 1866 4849 enim
1896 4794 1971 4849 si-

367 4888 504 4945 mile
550 4896 636 4943 est
682 4896 921 4944 creatum
954 4887 1209 4955 creatori,
1258 4886 1457 4943 factum
1492 4887 1721 4953 t‘actori,
1750 4886 1980 4942 mundus

2061 1916 2160 1970 sati
2211 1931 2387 1972 sumus
2410 1958 2425 1982 ,
2484 1916 2604 1972 ideo
2632 1915 2947 1973 delictorum
2974 1918 3250 1975 dominum
3279 1930 3335 1977 et
3363 1922 3655 1993 principem

2061 2008 2204 2062 aeris
2235 2007 2394 2078 hujus
2440 2006 2751 2064 Creatorem
2784 2019 3007 2079 praestat
3031 2011 3253 2083 intelligi
3287 2029 3302 2078 ;
3332 2013 3426 2069 sed
3453 2014 3573 2085 quia
3605 2015 3659 2070 in

2055 2097 2325 2168 judaismo
2354 2114 2491 2154 unus
2513 2099 2681 2155 fuerat
2708 2101 2776 2156 de
2797 2102 2921 2156 liliis
2939 2102 3352 2171 incredulitatis,
3377 2105 3656 2162 diabolum

2060 2188 2264 2246 habens
2289 2199 2653 2260 operatorem,
2701 2208 2823 2249 cum
2855 2206 3266 2266 persequeretur
3288 2197 3582 2254 Ecclesiam
3608 2209 3663 2256 et

2059 2283 2329 2340 Christum
2348 2284 2639 2341 Creatoris.
2664 2285 2891 2357 Propter
2904 2287 3045 2357 quod
3070 2298 3124 2343 et
3146 2290 3429 2345 iracundia:
3441 2292 3537 2361 ﬁlii
3552 2292 3663 2360 [uio

2060 2393 2192 2442 mus,
2222 2377 2411 2446 inquit,
2443 2377 2533 2432 sed
2556 2386 2762 2433 natura.
2802 2377 2902 2441 Ne.
2932 2380 3056 2451 quia
3091 2380 3228 2435 filios
3254 2382 3541 2452 appellavit
3566 2383 3662 2439 .Iu-

2060 2467 2209 2523 datos
2272 2466 2514 2535 Creator,
2563 2477 2966 2540 argumentetur
3010 2469 3090 2543 (6)
3164 2471 3446 2529 haereticus
3484 2473 3664 2529 domi-

2063 2576 2191 2615 num
2220 2560 2314 2614 ira:
2338 2560 2670 2616 Creatorem.
2702 2561 2840 2616 Cum
2868 2561 3012 2616 enim
3036 2563 3165 2618 dicit
3191 2581 3205 2618 :
3238 2562 3453 2620 Fuimus
3479 2577 3667 2622 natura

2067 2653 2167 2720 ﬁlii
2193 2654 2477 2709 iracundia:
2501 2671 2518 2718 ;
2558 2653 2833 2710 Creatoris
2855 2666 3032 2711 autem
3072 2673 3174 2713 non
3206 2668 3392 2714 natura
3419 2670 3543 2715 sunt
3573 2661 3668 2717 lilii

2065 2742 2234 2800 Judaei
2263 2786 2278 2811 ,
2307 2744 2402 2800 sed
2424 2744 2725 2801 adiectione
2747 2754 2957 2817 patrum
2988 2763 3001 2813 ;
3031 2749 3126 2802 ira:
3150 2749 3285 2818 ﬁlios
3325 2750 3391 2805 ad
3419 2760 3669 2809 naturam

2067 2836 2267 2903 retulit,
2299 2850 2405 2891 non
2427 2836 2493 2892 ad
2525 2836 2855 2893 Creatorem.
2894 2838 2970 2893 Ad
2996 2855 3258 2895 summam
3285 2842 3614 2913 subjungeus
3652 2861 3667 2899 :

2071 2930 2218 2986 Sicut
2245 2938 2291 2984 et
2318 2931 2487 2984 ueteri
2504 2945 2522 2995 ;
2550 2930 2639 3001 qui
2666 2931 2852 3001 utique
2876 2931 2965 2985 lilii
2998 2932 3089 2987 Dei
3123 2948 3228 2987 non
3251 2946 3394 2989 sunt.
3431 2937 3672 3006 Apparet

2071 3023 2342 3077 communi
2374 3032 2579 3077 natura:
2600 3023 2838 3086 omnium
2868 3022 3144 3078 hominum
3168 3034 3222 3079 et
3251 3024 3445 3081 delicta
3469 3036 3518 3081 ct
3538 3043 3673 3083 con-

2073 3114 2432 3185 cupiscentias
2459 3115 2640 3169 carnis
2665 3155 2679 3180 ,
2700 3123 2756 3171 et
2786 3114 3238 3185 incredulitatem,
3267 3126 3314 3171 et
3338 3117 3670 3176 iracundiam

2075 3216 2324 3277 reputare
2375 3204 2456 3280 (7)
2483 3248 2496 3272 ,
2532 3206 2607 3279 (b)
2659 3206 2877 3262 diabolo
2917 3217 3093 3263 tamen
3118 3217 3366 3279 captante
3400 3220 3666 3278 naturam,

2071 3313 2231 3369 quam
2259 3308 2313 3354 et
2337 3299 2450 3368 ipse
2471 3300 2580 3369 jam
2612 3299 2794 3356 infecit
2817 3300 2993 3356 delicti
3026 3302 3233 3358 semine
3256 3302 3420 3358 inlato
3451 3323 3465 3359 :
3495 3303 3672 3375 Ipsius

2076 3392 2270 3461 inquit,
2322 3408 2498 3447 sumus
2544 3396 2746 3463 factura
2785 3393 2978 3448 conditi
3017 3395 3072 3447 in
3121 3393 3343 3450 Christo.
3395 3397 3550 3452 Aliud
3589 3407 3675 3455 est

2071 3484 2212 3539 enim
2242 3482 2320 3554 (8)
2377 3482 2576 3551 facere,
2604 3483 2747 3539 aliud
2797 3486 3053 3541 condere.
3104 3486 3209 3542 Sed
3263 3497 3548 3561 utrumque
3580 3492 3675 3547 uni

2071 3573 2239 3630 dedit.
2271 3574 2451 3631 Homo
2480 3584 2657 3631 autem
2689 3575 2888 3632 Iactura
2916 3577 3192 3634 Creatoris
3218 3588 3321 3634 est.
3369 3579 3513 3636 Idem
3543 3598 3674 3652 ergo

2070 3666 2311 3722 condidit
2354 3667 2407 3722 in
2449 3666 2666 3723 Christo
2693 3708 2706 3733 ,
2754 3670 2844 3739 qui
2889 3677 2944 3725 et
2974 3670 3115 3725 fecit.
3141 3670 3410 3738 Quantum
3438 3674 3579 3728 enim
3603 3674 3674 3731 ad

2073 3758 2425 3815 substantiam
2455 3802 2469 3825 ,
2514 3759 2641 3816 fecit
2670 3777 2686 3827 ;
2739 3772 2995 3832 quantum
3037 3763 3103 3818 ad
3129 3766 3379 3836 gratiam,
3409 3769 3673 3824 condidit.

2073 3850 2283 3921 Inspice
2325 3861 2380 3907 et
2426 3852 2753 3909 cohmreutia
2787 3871 2801 3908 :
2858 3853 3109 3910 Memorcs
3146 3873 3232 3912 vos
3277 3857 3553 3928 aliquando
3584 3878 3678 3915 na-

2076 3943 2236 3996 tiones
2262 3942 2313 3995 in
2357 3959 2511 3997 carne
2548 3944 2708 4014 fuisse
2735 3985 2749 4007 ,
2801 3942 2884 4015 (9)
2924 3946 3320 4017 appellabamini
3372 3952 3677 4018 pra’putiunt

2074 4035 2137 4089 ab
2165 4050 2223 4087 ea
2246 4050 2359 4103 qua:
2378 4036 2565 4090 dicitur
2588 4037 2906 4091 circumcisio
2927 4039 2979 4091 in
3005 4054 3160 4093 carne
3182 4055 3334 4094 manu
3352 4040 3510 4111 facta,
3533 4044 3671 4113 quod

2075 4126 2246 4179 essetis
2264 4125 2356 4180 illo
2382 4126 2434 4179 in
2462 4134 2688 4198 tempore
2710 4128 2819 4182 sine
2848 4127 3051 4183 Christo
3072 4171 3086 4194 ,
3117 4130 3327 4186 alienati
3353 4149 3385 4186 a
3411 4148 3679 4189 conuersa-

2076 4217 2210 4271 tione
2250 4214 2481 4285 Israelis,
2513 4229 2559 4273 et
2591 4221 2845 4290 peregrini
2870 4229 3280 4276 testamentorum
3302 4233 3350 4278 et
3378 4227 3679 4296 promissio-

2078 4320 2157 4373 nis
2184 4334 2360 4374 eorum
2385 4358 2400 4384 ,
2431 4331 2570 4384 spent
2591 4330 2691 4367 non
2722 4313 2960 4369 habentes
2984 4356 2997 4381 ,
3025 4324 3072 4369 et
3102 4316 3211 4371 sine
3238 4316 3347 4372 Deo
3376 4318 3428 4372 in
3456 4320 3671 4376 mundo.

2077 4412 2205 4470 Sine
2248 4426 2355 4482 quo
2396 4416 2574 4464 autem
2631 4407 2739 4463 Deo
2774 4408 2984 4464 fuerunt
3035 4410 3314 4476 nationes,
3341 4422 3394 4467 et
3419 4413 3538 4469 sine
3567 4429 3677 4483 quo

2079 4503 2340 4560 Christo?
2371 4502 2567 4572 Utique
2596 4516 2662 4556 eo
2688 4540 2706 4568 ,
2751 4501 2905 4572 cujus
2934 4510 3050 4558 crat
3077 4505 3417 4560 conversatio
3438 4505 3675 4575 Israelis,
3736 4556 3743 4569 ,

2079 4604 2134 4651 et
2165 4604 2505 4660 testamenta,
2535 4601 2585 4647 et
2613 4592 2917 4663 promissio.
2946 4594 3011 4647 At
3033 4610 3186 4661 nunc,
3213 4595 3400 4664 inquit,
3422 4596 3476 4650 in
3498 4596 3678 4653 Chris-

2081 4701 2151 4755 to,
2192 4707 2281 4745 vos
2331 4688 2419 4760 qui
2448 4686 2601 4743 eratis
2642 4686 2812 4756 longe,
2860 4686 2984 4757 facti
3024 4687 3144 4740 estis
3171 4704 3329 4758 prope
3356 4688 3409 4741 in
3430 4689 3680 4761 sanguine

2079 4787 2208 4857 ejus.
2267 4784 2308 4838 A
2356 4782 2549 4853 quilms
2578 4789 2732 4835 erant
2776 4790 2922 4835 retro
2964 4780 3175 4850 longe?
3220 4781 3260 4834 A
3292 4780 3483 4850 quibus
3512 4798 3677 4850 supra

2081 4876 2218 4932 dixit
2245 4894 2256 4928 :
2291 4891 2318 4928 a
2350 4873 2564 4929 Christo
2590 4871 2864 4929 Creatoris
2891 4913 2906 4937 ,
2948 4885 2975 4923 a
3008 4871 3419 4927 conversatione
3444 4872 3675 4940 Israclis,

366 4979 506 5036 Deo.
538 4978 644 5036 Sed
672 4995 770 5036 nec
792 4974 1040 5051 princeps
1063 4979 1346 5050 petestatis
1370 4978 1510 5034 aeris
1529 4978 1757 5043 dicetur,
1782 4979 1872 5049 qui
1895 4987 1982 5034 est
2081 4986 2110 5025 a
2140 4967 2496 5033 testamentis,
2527 4981 2557 5021 a
2588 4980 2684 5035 spe
2705 4964 3103 5035 promissionis,
3130 4979 3158 5016 a
3182 4964 3292 5018 Deo
3322 4964 3457 5033 ipso.
3483 4964 3535 5018 Si
3563 4963 3679 5020 haec

368 5071 626 5146 princeps
652 5071 932 5144 potestatis
958 5071 1298 5135 smculorum.
1330 5068 1631 5141 Numquam
1662 5068 1804 5123 enim
1833 5083 1975 5138 prae-

2084 5064 2157 5119 ila
2185 5072 2330 5130 sunt,
2373 5074 2503 5133 ergo
2535 5060 2617 5116 his
2647 5073 2814 5131 prope
2866 5057 2999 5112 ﬁunt
3019 5071 3161 5113 nunc
3192 5056 3434 5112 nationes
3459 5055 3508 5110 in
3532 5056 3681 5112 Chri-
3730 5051 3743 5061 “

1599 5180 1981 5241 ιΕΟΤΙΟΝΕΒ
2019 5175 2435 5237 VABIANTES.

466 5300 517 5363 Ι)
540 5303 687 5354 Aetas
706 5300 807 5363 uult
825 5309 942 5352 Jun.

536 5363 693 5431 Hujus
712 5358 862 5418 omitt.
892 5361 1103 5416 Semler.
1134 5358 1331 5416 Obertlt.

536 5427 793 5479 (hmoetat
813 5430 962 5478 Pam.

2170 5354 2221 5406 m
2244 5354 2351 5406 Hoc
2370 5350 2490 5403 add.
2514 5357 2630 5400 Jun.

2175 5356 2201 5404 Β
2244 5354 2351 5406 Hoc
2370 5354 2490 5403 add.
2514 5357 2630 5400 Jun.

2175 5354 2226 5490 ᾖ
2244 5416 2642 5490 ﬁeputarihlfant.

456 5468 494 5540 ἱ
2171 5468 2223 5529 8”
2244 5468 2380 5530 Enim
2402 5474 2550 5527 omilt.
2570 5468 2721 5525 Seutl.

456 5468 515 5607 εξ
534 5550 721 5606 Fuerat
739 5551 864 5605 add.
892 5552 998 5603 Lat.
2149 5468 2227 5607 i9;
2251 5542 2341 5603 Qui
2363 5538 2510 5591 inser.
2534 5535 2679 5590 Ober.

594 5662 607 5693 ‘I
1696 5647 2283 5711 'COMMENTARIUS.

442 5754 1003 5833 (armavimus
1029 5758 1083 5813 in
1102 5724 1383 5816 Christum.
1407 5754 1489 5814 Ad
1510 5753 1730 5813 verbum
1750 5770 1814 5811 ex
1841 5768 1980 5826 grie-

370 5829 834 5907 comitum.
860 5829 942 5887 La
966 5830 1064 5888 Pu.
1110 5896 1135 5905 ,ί
1160 5877 1166 5902 ε

2165 5745 2246 5817 (b)
2282 5741 2702 5817 Diqbolo__ta_men
2725 5742 2959 5817 captante
2984 5742 3237 5817 naturam.
3275 5728 3363 5786 Sic
3381 5728 3679 5817 _Dion):fins

2098 5802 2241 5876 Ca‘to'
2254 5817 2307 5873 in
2326 5814 2453 5872 dist.
2480 5811 2619 5887 dixit
2639 5802 2844 5879 captare
2868 5805 3065 5862 denarii
3102 5808 3319 5876 formam
3344 5815 3518 5858 avare.
3551 5802 3675 5859 Illo.
