4020 6286
399 278 507 343 ﬁlii

403 496 532 552 tioni
573 494 785 552 lsraelis
808 537 823 565 ,
871 512 991 567 qua:
1020 508 1103 553 est
1126 499 1178 553 in
1208 498 1468 569 religione
1498 499 1591 554 Dei
1615 499 1907 565 Creatoris,
1936 515 1991 558 et

405 591 768 655 testamentis,
809 599 863 645 et
893 590 1258 661 promissioni,
1289 603 1345 647 et
1372 593 1470 662 ipsi
1500 592 1612 648 Deo
1636 608 1844 658 eorum,
1872 608 1993 664 pro-

399 683 526 738 ximi
558 699 745 739 sumus
774 683 899 739 facti
921 684 972 740 in
994 683 1232 751 Christo,
1258 684 1544 742 ridiculum
1562 688 1712 751 satis,
1736 687 1778 740 si
1802 701 1902 741 nos
1923 686 1998 741 al-

405 774 571 829 terius
614 774 709 831 Dei
756 776 1000 832 Christus
1029 776 1098 832 de
1137 776 1428 848 longinquo
1468 777 1706 832 admovit
1730 776 1994 834 Creatori.

399 866 716 923 Meminerat
739 868 1025 938 Apostolus
1045 868 1114 924 ita
1137 869 1485 940 prmdiratum
1507 869 1575 927 de
1597 870 1872 926 nationum
1894 884 1994 926 vo-

398 959 609 1015 catione
648 975 713 1014 ex
760 959 1048 1030 longinquo
1090 960 1453 1015 vucandarum
1506 959 1608 1033 (Is.
1640 959 1828 1029 XLVI,
1863 960 1995 1033 12):

402 1053 503 1118 Qui
523 1052 671 1124 longe
690 1063 832 1106 erant
856 1069 888 1105 a
912 1069 990 1106 me
1010 1093 1024 1116 ,
1056 1053 1593 1124 appropinquoverunt
1610 1053 1834 1124 justitite
1854 1068 1996 1108 meaz.

281 1206 293 1219 ,
396 1143 531 1200 Tum
561 1144 701 1199 enim
721 1143 949 1215 justitia,
979 1159 1139 1215 quam
1166 1153 1221 1199 et
1248 1160 1348 1215 pax
1389 1145 1661 1200 Creatoris
1688 1146 1741 1200 in
1774 1145 1990 1201 Christo

341 4721 363 4764 τ

1819 281 2280 352 TERTULLIANI

399 410 508 471 sto,
550 417 578 457 a
609 399 804 475 quibus
833 409 957 485 tunc
981 399 1140 478 longe
1162 399 1394 463 fuerant.
1422 400 1480 464 Si
1505 412 1682 463 autem
1712 421 2001 465 conversa-
2024 413 2079 473 Α

3587 300 3698 367 BIG

2667 407 2898 475 CAPUT
2938 407 3123 476 xvm.

2176 577 2823 653 (InEp.adEpli.Ill-Vl)
2857 580 3051 637 Datum
3092 582 3264 655 inquit
3287 585 3381 640 sibi
3419 590 3695 659 Apostolus

2102 674 2323 747 gratiam
2345 673 2616 728 novissimo
2643 675 2889 742 omnium,
2915 676 3453 746 .illuminandionmes;
3482 699 3594 754 quia
3609 686 3699 739 di-

2099 767 2356 838 spensatio
2384 769 2688 824 sacramenti
2712 771 2897 824 occulti
2935 770 2998 830 ab
3023 771 3141 827 tevis
3170 773 3225 827 in
3264 773 3394 842 Deo,
3422 779 3510 847 qui
3527 783 3703 836 omnia

2102 860 2348 916 condidit.
2365 860 2561 931 Rapuit
2586 861 2868 918 haereticus
2884 863 2936 919 in
2953 865 3406 936 praepositionem,
3422 879 3474 923 et
3500 872 3569 926 ita
3594 872 3700 944 legi

2102 953 2246 1011 fecit:
2265 952 2464 1010 Occulti
2477 955 2540 1010 ab
2560 956 2682 1012 tuuis
2695 955 2824 1019 Deo.
2839 957 2926 1028 qui
2937 960 3107 1013 omnia
3119 960 3366 1015 condidit.
3383 964 3488 1019 Sed
3501 967 3703 1024 critical.

2102 1044 2319 1103 falsum.
2349 1045 2516 1102 Infert
2538 1047 2683 1103 enim
2714 1048 3005 1118 Apostolus
3033 1069 3045 1105 :
3081 1049 3152 1107 Ut
3174 1062 3295 1107 nota
3314 1055 3407 1123 [int
3436 1057 3703 1129 principa-

2100 1138 2235 1195 tibus
2262 1149 2308 1195 et
2335 1139 2692 1211 potestatibus,
2713 1140 2765 1195 in
2786 1143 3244 1214 supercmlestibus,
3270 1162 3360 1217 per
3383 1147 3699 1220 Ecclesium,

398 1236 837 1304 annuntiaha-tur,
880 1246 940 1292 ut
975 1252 1122 1309 saepe
1146 1237 1258 1308 jam
1282 1237 1632 1294 ostendimus.
1676 1237 1856 1309 Itaque
1892 1238 2002 1308 ipse
2102 1232 2390 1305 multifaria
2434 1235 2687 1305 sapientia
2716 1232 2833 1289 Dei.
2865 1235 3028 1305 Cujus
3066 1236 3197 1292 dicit
3237 1240 3616 1313 principatibus
3644 1255 3705 1302 et

397 1338 494 1396 est,
528 1329 719 1401 inquit,
765 1345 874 1400 pax
914 1339 1112 1397 nostra,
1138 1330 1226 1400 qui
1244 1329 1367 1398 fecit
1388 1329 1491 1383 duo
1517 1345 1699 1395 unum,
1725 1328 1998 1399 judaicum
2104 1325 2456 1397 potestatibus
2474 1327 2499 1379 ‘!
2524 1326 2577 1381 Si
2604 1326 2879 1386 Creatoris
2899 1369 2915 1394 ,
2940 1329 3096 1398 quale
3119 1340 3205 1385 est
3231 1341 3288 1385 ut
3313 1333 3703 1406 principatibus

399 1421 609 1477 scilicet
638 1422 917 1493 populum,
949 1430 1004 1477 et
1027 1422 1283 1497 gentilem
1312 1463 1326 1489 ,
1359 1420 1502 1492 quod
1534 1436 1702 1492 prope
1727 1461 1744 1489 ,
1775 1431 1831 1479 et
1855 1421 1999 1492 quod
2104 1424 2160 1473 et
2181 1417 2533 1489 potestatibus
2557 1417 2677 1488 ejus
2701 1418 2911 1475 ostendi
2943 1420 3179 1477 voluerit
3204 1423 3342 1478 Deus
3368 1425 3458 1482 ille
3484 1429 3701 1497 sapien-

394 1513 575 1583 Ionge,
624 1492 791 1569 soluto
834 1512 998 1567 medio
1026 1492 1218 1587 pariete
1254 1512 1569 1579 inimicitiis,
1598 1512 1654 1566 in
1690 1528 1844 1567 carne
1869 1529 1985 1569 sua.
2107 1509 2234 1564 tiam
2264 1523 2439 1575 suam,
2472 1508 2575 1579 ipsi
2621 1518 2800 1566 autem
2829 1512 2976 1581 non?
3005 1513 3222 1584 quando
3266 1531 3365 1572 nec
3408 1527 3703 1587 potestates

395 1605 502 1663 Sed
529 1605 761 1661 Marcion
803 1605 1023 1660 abstulit
1052 1586 1168 1671 sua,
1201 1614 1257 1660 ut
1278 1605 1566 1662 inimicitia:
1583 1607 1737 1661 daret
1759 1620 1997 1674 carnem,
2104 1604 2223 1660 sine
2243 1616 2343 1658 suo
2372 1602 2615 1674 principe
2654 1604 2955 1675 potuissent
2984 1606 3111 1676 quid
3140 1622 3492 1679 cognoscere.
3524 1616 3629 1670 Aut
3656 1616 3703 1671 si

398 1698 549 1768 quasi
599 1698 802 1753 carnali
837 1698 989 1765 vitio,
1032 1712 1136 1752 non
1177 1696 1394 1753 Christo
1432 1697 1659 1752 amulw.
1688 1695 1873 1754 Sicubi
1917 1697 1999 1770 (l)
2105 1693 2226 1751 ideo
2251 1695 2423 1753 Deum
2447 1711 2556 1751 non
2589 1696 2887 1753 nominavit
2910 1696 3032 1765 hic,
3064 1701 3218 1770 quasi
3251 1702 3304 1757 in
3343 1704 3523 1761 illiset
3552 1708 3705 1777 prin-

395 1791 522 1846 alibi
566 1792 697 1860 dixi,
719 1801 773 1847 et
800 1791 906 1857 hic,
934 1788 1009 1865 (α)
1048 1805 1154 1846 non
1172 1790 1489 1855 Marrucine,
1521 1790 1618 1846 sed
1641 1790 1883 1858 Pontice,
1906 1805 2001 1846 cu-
2029 1828 2077 1889 Β
2103 1803 2232 1859 ceps
2262 1793 2376 1859 ipse
2401 1797 2699 1858 repetetur,
2720 1805 2851 1862 ergo
2878 1799 2932 1846 et
2957 1792 3279 1850 occultatum
3304 1809 3705 1858 sacramentum

393 1882 482 1954 jus
512 1899 670 1954 supra
702 1883 1016 1956 sanguinem
1045 1880 1326 1938 confessus
1356 1897 1436 1948 es,
1459 1881 1547 1938 hic
1570 1897 1733 1952 negas
1758 1898 1996 1937 carnem.
2029 1880 2074 1889 ”
2106 1881 2494 1953 principatibus
2514 1891 2568 1937 et
2588 1883 2941 1952 potestatibus
2956 1884 3072 1956 ejus
3110 1888 3199 1958 qui
3229 1889 3408 1944 omnia
3436 1892 3701 1959 condidit,

394 1974 450 2033 Si
484 1975 641 2048 legem
671 1984 1040 2048 praeceptorum
1059 1974 1320 2029 sententiis
1332 1989 1539 2028 vacuam
1553 1974 1691 2045 fecit,
1713 1973 2003 2044 adimplen-
2102 1976 2540 2046 pronuntiasset;
2570 1975 2800 2047 proinde
2838 1977 2890 2032 in
2919 1978 3028 2032 illis
3045 1979 3308 2048 deputans
3326 1981 3519 2052 ipsum.
3543 1985 3704 2051 Quod

395 2064 468 2122 do
507 2076 659 2122 certe
684 2067 853 2138 legem
882 2067 1059 2137 (vacat
1085 2065 1227 2121 enim
1250 2063 1361 2135 jam
1386 2063 1511 2119 Non
1529 2064 1858 2132 adulterabis,
1879 2079 1999 2120 cum
2102 2067 2148 2122 si
2198 2067 2303 2122 illis
2344 2066 2474 2123 dicit
2529 2068 2894 2137 occultatum,
2937 2068 3015 2125 illi
3077 2068 3160 2144 (5)
3211 2071 3439 2129 debebat
3499 2075 3707 2135 dixisse

395 2158 627 2215 dicitur:
671 2158 783 2214 Nec
819 2158 1006 2215 videbis
1041 2157 1110 2212 ad
1169 2157 1664 2228 concupiscendum:
1691 2164 1846 2213 vacat
1878 2156 2002 2211 Non
2103 2157 2483 2225 manifestum;
2511 2173 2642 2228 ergo
2685 2173 2790 2215 non
2825 2159 2935 2216 Deo
2968 2170 3086 2216 erat
3126 2164 3487 2232 occultatum,
3516 2168 3613 2224 sed
3649 2170 3704 2226 in

396 2255 616 2318 occides,
653 2267 774 2309 cum
810 2251 1023 2307 dicitur;
1056 2249 1166 2305 Nec
1185 2247 1515 2321 maledices);
1543 2248 1910 2306 adversarium
1926 2249 2002 2305 le-
2101 2251 2222 2309 Deo
2237 2254 2475 2310 omnium
2516 2254 2831 2321 conditore;
2860 2256 3127 2313 occultum
3170 2269 3349 2315 autem
3391 2262 3707 2334 principali-

394 2346 477 2418 gis
510 2345 578 2400 de
607 2344 852 2414 adjutore
878 2359 983 2399 non
1019 2351 1171 2413 potes
1200 2341 1391 2397 facere.
1425 2338 1496 2396 Ut
1520 2341 1651 2396 duos
1692 2340 1925 2396 conderet
1946 2341 2001 2395 in
2101 2344 2204 2400 bus
2246 2357 2299 2402 et
2342 2348 2697 2417 potestatibus
2729 2349 2847 2417 ejus
2886 2348 2989 2421 (Is.
3015 2392 3030 2418 ,
3063 2349 3186 2419 XL,
3216 2349 3310 2425 15)
3342 2370 3358 2404 :
3391 2353 3520 2420 Quis
3562 2357 3706 2411 enim

392 2440 702 2510 semetipso;
751 2437 841 2509 qui
894 2436 1130 2503 fecerat,
1181 2435 1323 2490 idem
1379 2432 1616 2489 condens
1639 2472 1656 2500 ,
1706 2432 1996 2489 secundum
2101 2439 2335 2511 cognouit
2378 2456 2580 2495 sensum
2645 2439 2892 2509 Domini,
2946 2452 3037 2497 aut
3094 2445 3210 2515 quis
3265 2447 3585 2504 consiliarius
3658 2453 3704 2506 ei

394 2533 535 2604 quod
567 2540 623 2588 ct
648 2546 809 2602 supra
838 2528 1050 2601 :Ipsius
1073 2528 1207 2583 enim
1254 2531 1457 2598 factura
1483 2542 1657 2582 sumus
1677 2568 1692 2593 ,
1729 2528 1919 2582 conditi
1946 2528 2001 2580 in
2102 2531 2243 2604 fuit?
2274 2530 2351 2606 (ιι)
2382 2531 2483 2589 Hic
2521 2541 2712 2599 captus
2741 2533 3026 2592 haereticus
3072 2535 3300 2596 fortasse
3347 2543 3571 2596 mulavit
3590 2582 3605 2607 ,
3644 2554 3707 2600 ut

398 2625 627 2682 Christo.
675 2622 746 2679 In
793 2638 950 2677 unum
988 2636 1172 2677 novum
1210 2619 1463 2673 hominem
1502 2618 1695 2689 faciens
1713 2634 1908 2690 pacem.
1941 2618 1997 2675 Si
2097 2622 2246 2678 dicat
2291 2624 2457 2681 Deum
2509 2640 2667 2681 suum
2711 2625 2824 2682 suis
2848 2628 3205 2698 potestatibus
3231 2640 3288 2688 et
3313 2634 3704 2706 principatibus

395 2733 523 2773 vero
555 2732 781 2784 novum,
810 2730 937 2771 vere
965 2724 1019 2770 et
1048 2713 1346 2779 hominem,
1380 2725 1485 2766 non
1516 2711 1851 2779 phantasma.
1882 2710 1994 2767 Νοι-

395 2827 519 2866 vum
543 2818 720 2865 autem
749 2819 801 2866 et
826 2822 962 2863 nove
990 2820 1174 2862 natum
1205 2821 1274 2860 ex
1299 2805 1522 2875 virgine,
1564 2805 1652 2860 Dei
1682 2802 1913 2873 spiritu:
1940 2813 1995 2859 ut

393 2902 682 2958 reconciliet
698 2901 871 2956 ambos
886 2898 999 2954 Deo
1012 2915 1034 2967 ;
1052 2907 1107 2955 ct
1124 2899 1253 2977 Deo,
1271 2913 1431 2970 quem
1448 2906 1731 2969 utrumque
1741 2912 1907 2969 genus
1924 2896 2000 2953 of-

393 2994 657 3062 fenderat,
691 3003 744 3050 et
771 2992 1049 3049 Judaicum
1073 3000 1129 3049 et
1167 2990 1386 3048 Gentile
1410 2989 1515 3065 (2);
1546 2988 1613 3046 In
1640 3006 1742 3045 uno
1763 3007 1993 3065 corpore,

393 3088 585 3159 inquit,
606 3103 723 3142 cum
739 3085 1071 3157 interfecisset
1087 3063 1417 3139 inimicitiam
1429 3084 1482 3139 in
1501 3099 1560 3138 eo
1575 3100 1667 3155 per
1675 3100 1896 3140 crucem.
1921 3083 1995 3140 Ita

393 3191 446 3239 et
496 3180 585 3236 hic
630 3195 760 3236 caro
809 3192 1009 3249 corpus
1055 3180 1107 3232 in
1153 3176 1411 3243 Christo,
1453 3176 1598 3248 quod
1642 3191 1855 3234 crucem
1884 3177 1992 3248 pati

392 3273 587 3347 potuit.
621 3272 734 3328 Hoc
773 3271 951 3344 itaque
970 3269 1309 3325 adnuntiante
1327 3286 1507 3341 pacem
1531 3269 1594 3326 iis
1613 3270 1700 3341 qui
1720 3287 1879 3342 prope
1898 3312 1916 3339 ,
1944 3280 1994 3326 et

393 3367 457 3421 iis
497 3366 583 3439 qui
618 3367 768 3438 longe
791 3406 807 3432 ,
835 3379 1092 3419 accessum
1135 3363 1391 3419 consecuti
1433 3363 1587 3417 simul
1628 3362 1697 3417 ad
1735 3361 1948 3418 Patrem
1972 3404 1990 3430 ,

387 3460 501 3532 jam
534 3474 637 3514 non
664 3473 839 3519 sumus
861 3455 1158 3529 peregrini,
1202 3470 1293 3509 nec
1336 3454 1545 3511 aduente
1567 3494 1584 3523 ,
1623 3455 1713 3523 sed
1767 3456 1994 3512 conciues

393 3559 689 3605 sanctorum
712 3591 729 3617 ,
757 3548 846 3604 sed
875 3546 1137 3603 domestici
1168 3544 1297 3613 Dei;
1325 3547 1510 3616 utique
1536 3545 1677 3616 ejus,
1705 3561 1738 3601 a
1762 3561 1872 3618 quo
1896 3562 1993 3604 su-

395 3660 492 3717 pra
514 3641 849 3700 ostendimus
877 3641 1088 3697 alienos
1113 3638 1279 3696 fuisse
1302 3655 1422 3705 nos,
1457 3649 1510 3695 et
1538 3639 1698 3710 longe
1726 3642 1993 3696 constitu-

404 3742 512 3791 tos.
554 3732 967 3804 Superatdiﬁcati
994 3747 1149 3800 super
1192 3730 1579 3802 fundamentum
1623 3731 1990 3802 apostolorum.

398 3827 637 3886 Abstulit
659 3825 970 3894 haereticus,
996 3835 1044 3881 et
1078 3823 1458 3896 praphetarum,
1482 3823 1678 3881 oblitus
1707 3823 1993 3881 Dominum

394 3920 642 3994 posuisse
661 3918 713 3975 in
737 3917 979 3975 Ecclesia
1004 3917 1141 3973 sicut
1168 3916 1462 3988 apostolos,
1490 3916 1561 3972 ita
1587 3924 1645 3974 et
1680 3916 1992 3988 prophetas.

394 4011 597 4069 Timuit
641 4010 851 4068 scilicet
898 4025 967 4067 ne
1007 4007 1088 4082 (3)
1128 4016 1184 4065 et
1217 4023 1380 4079 super
1418 4016 1659 4066 veterum
1709 4008 1994 4081 propheta.

398 4121 518 4164 rum
575 4103 924 4161 fundamenta
958 4145 974 4171 ,
1028 4101 1313 4159 aediﬁcatio
1369 4109 1552 4159 nostra
1606 4110 1880 4160 constaret
1938 4103 1993 4159 in

327 4224 337 4237 ι
395 4197 652 4264 Christo;
682 4211 807 4253 cum
838 4197 953 4267 ipse
972 4195 1262 4265 Apostolus
1283 4193 1479 4265 ubique
1504 4210 1602 4251 nos
1621 4195 1688 4251 de
1716 4195 1994 4267 prophetis

398 4298 679 4347 exstruere
724 4302 834 4344 non
880 4296 1075 4344 cesset.
1125 4284 1278 4343 Unde
1302 4286 1449 4342 enim
1493 4288 1699 4358 accepit
1739 4304 1994 4344 summum

398 4380 625 4453 lapidem
654 4378 955 4465 angularem
989 4376 1173 4434 dicere
1199 4375 1507 4445 Christum,
1550 4378 1651 4433 nisi
1687 4377 1752 4435 de
1792 4378 1994 4437 Psalmi

395 4473 785 4547 signiﬁcatione
817 4471 935 4545 (Ps.
976 4468 1187 4540 CXVII)
1240 4488 1253 4525 :
1306 4469 1465 4541 Lapis
1506 4487 1652 4542 quem
1690 4471 1990 4544 reprobave-

2100 2724 2283 2770 notam
2307 2713 2482 2772 facere
2512 2717 2745 2774 voluisse
2759 2718 3214 2788 dispensationem
3236 2725 3319 2779 sui
3349 2731 3701 2798 sacramenti,

2100 2821 2259 2876 quam
2303 2806 2604 2879 ignorasset
2652 2809 2792 2867 Deus
2846 2811 3095 2869 conditor
3148 2815 3409 2872 omnium.
3467 2819 3535 2875 Et
3586 2837 3704 2892 quo

2099 2898 2439 2969 cornpctebat
2497 2903 2831 2971 prmlendere
2873 2904 3228 2975 ignorantiam
3281 2914 3541 2969 creatoris
3600 2930 3705 2971 ex-

2101 2991 2294 3057 tranei,
2324 3000 2379 3047 et
2410 2992 2564 3064 longa
2594 2996 2936 3066 separatione
2965 2997 3184 3055 discreti
3209 3042 3224 3067 ,
3260 3016 3384 3058 cum
3413 3003 3704 3064 domestici

2099 3099 2311 3155 quoque
2340 3086 2634 3156 superioris
2660 3087 2753 3144 Dei
2782 3090 3122 3147 nescissent?
3147 3093 3346 3150 Tamen
3369 3106 3426 3153 et
3447 3096 3702 3157 Creatori

2098 3184 2283 3231 notum
2306 3186 2422 3232 erat
2447 3175 2708 3236 futurum.
2738 3180 2928 3237 Annon
2961 3184 3145 3253 utique
3172 3194 3355 3243 notum
3375 3227 3392 3254 ,
3414 3189 3559 3260 quod
3593 3193 3703 3249 sub

2098 3267 2238 3324 coelo
2273 3267 2353 3341 (6)
2407 3268 2460 3324 in
2511 3280 2652 3327 terra
2691 3270 2808 3341 ejus
2845 3271 3077 3332 habebat
3135 3279 3402 3336 revelari?
3442 3282 3583 3353 Ergo
3628 3300 3703 3341 ex

2097 3363 2201 3420 hoc
2243 3364 2593 3421 conﬁrmatur
2642 3366 2787 3439 quod
2836 3384 2998 3440 supra
3058 3372 3378 3430 struximus.
3439 3376 3496 3433 Si
3549 3380 3701 3435 enim

2096 3453 2320 3512 Creator
2343 3458 2657 3528 cogniturus
2696 3469 2821 3517 erat
2862 3448 3187 3533 quandoque
3236 3465 3506 3523 occultum
3561 3468 3699 3527 illud

2098 3547 2193 3604 Dei
2218 3549 2514 3619 superioris
2535 3559 2952 3620 sacramentum,
2972 3561 3027 3611 et
3048 3554 3120 3610 ita
3140 3554 3416 3627 Scriptura
3436 3557 3700 3617 trahebat:

2100 3638 2303 3694 Occulti
2326 3639 2459 3711 Deo,
2485 3643 2573 3713 qui
2594 3643 2769 3698 omnia
2793 3644 3021 3700 condidit
3042 3646 3159 3712 ;s'tc
3180 3647 3381 3707 inferre
3409 3650 3697 3710 debuerat:

2101 3729 2171 3787 Ut
2198 3741 2321 3787 nota
2348 3732 2441 3802 ﬁat
2470 3733 2576 3788 illis
2605 3733 2890 3807 multifaria
2912 3736 3162 3808 sapientia
3203 3736 3325 3808 Dei,
3358 3751 3485 3799 tunc
3508 3754 3566 3800 et
3591 3759 3698 3815 po-

2097 3823 2380 3880 testatibus
2411 3833 2467 3881 et
2506 3825 2896 3897 principatibus
2943 3828 3329 3904 cujuscumque
3385 3834 3519 3904 Dei,
3566 3851 3699 3895 cum

2095 3914 2292 3988 quibus
2310 3916 2543 3974 sciturus
2573 3928 2718 3974 esset
2744 3918 2987 3976 Greater.
3005 3921 3157 3979 Adeo
3202 3923 3537 3983 subtractum
3564 3944 3702 3988 con-

2097 4019 2206 4067 stat
2230 4052 2244 4078 ,
2266 4011 2411 4082 quod
2438 4021 2495 4070 et
2521 4012 2600 4070 sic
2625 4013 2841 4071 veritati
2868 4030 2980 4073 suae
3005 4017 3212 4075 salvum
3249 4032 3353 4078 est.
3386 4022 3523 4080 Volo
3550 4024 3699 4083 nunc

2098 4112 2153 4159 et
2178 4118 2279 4175 ego
2306 4103 2402 4160 tibi
2432 4103 2501 4160 de
2524 4104 2795 4177 allegoriis
2822 4108 3070 4179 Apostoli
3098 4116 3523 4172 controversiam
3566 4134 3696 4175 nec-

2102 4209 2236 4255 tere.
2260 4197 2404 4266 Quas
2430 4213 2602 4255 novus
2643 4198 2723 4272 (7)
2743 4199 2795 4256 in
2835 4202 3112 4273 prophetis
3133 4194 3409 4264 habuisset
3444 4209 3694 4267 formast

2096 4289 2399 4363 Captivam,
2428 4290 2641 4364 inquit,
2671 4293 2819 4350 duxit
2845 4297 3205 4366 captivitatem.
3240 4300 3444 4369 Quibus
3484 4305 3696 4361 armis!

2095 4383 2289 4454 quibus
2312 4383 2515 4455 puellis
2535 4385 2558 4440 ?
2582 4384 2651 4442 de
2678 4386 2832 4457 cujus
2870 4388 3046 4461 gentis
3075 4393 3415 4450 vastatione?
3440 4392 3511 4451 de
3535 4398 3691 4468 cujus

2096 4477 2330 4534 civitatis
2367 4479 2689 4536 eversione?
2734 4496 2868 4553 quas
2911 4482 3201 4554 finitimas,
3258 4503 3396 4559 quos
3446 4506 3645 4562 pueros
3672 4534 3689 4560 ,

393 4577 511 4624 runt
534 4566 879 4635 aediﬁcantes,
894 4564 988 4618 iste
1010 4566 1192 4636 ‘factus
1235 4573 1307 4618 est
1343 4566 1395 4617 in
1424 4580 1619 4619 summa
1664 4566 1888 4637 anguli?
1918 4567 1994 4621 De
2018 4632 2060 4642 ﬁ
2095 4585 2299 4640 quosve
2326 4572 2543 4642 regulos
2568 4574 2774 4631 catenis
2819 4576 2989 4633 victor
3018 4578 3279 4636 inseruit?
3306 4580 3440 4639 Nam
3471 4594 3526 4639 ct
3563 4601 3689 4641 cum

392 4632 647 4717 manibus
670 4655 906 4714 haeretici
952 4632 1296 4726 praecideritis
1324 4671 1430 4710 non
1460 4658 1652 4724 miror,
1677 4659 1720 4712 si
1734 4632 1989 4730 syllabas
2014 4632 2069 4694 D
2094 4632 2234 4732 apud
2257 4632 2419 4720 David
2470 4663 2588 4737 (Ps.
2629 4664 2815 4731 XLIV,
2846 4666 2905 4739 4)
2929 4632 3439 4730 Cliristu‘sﬁcanitu—rv

393 4750 680 4820 subtrahit,
709 4765 832 4807 cum
852 4748 1071 4822 paginas
1092 4758 1233 4804 totas
1256 4748 1571 4820 plerumque
1599 4750 1858 4807 subducat
1883 4752 1987 4826 (4).

2095 4767 2176 4812 tus
2203 4757 2379 4845 gladio
2406 4775 2560 4845 super
2586 4762 2771 4831 femur,
2812 4771 2906 4817 aut
2952 4772 3093 4832 apud
3134 4765 3344 4823 Esaiam
3374 4767 3478 4840 (Is.
3502 4812 3517 4838 ,
3550 4771 3685 4845 VIII)

2097 4843 2266 4914 spolia
2308 4844 2565 4917 accipiens
2604 4845 2861 4904 Samaria:
2888 4859 2934 4905 et
2964 4851 3198 4908 uirtutem
3236 4851 3479 4913 Damasci
3508 4899 3523 4925 ,
3554 4843 3683 4916 vere

1605 4955 1993 5016 LECTIONES
2036 4959 2450 5025 VARIANTES.

483 5058 531 5125 l)
553 5057 718 5125 Sicuti
733 5055 887 5108 Fran.

478 5119 531 5187 ‘2')
557 5119 805 5187 Centilem

480 5186 519 5236 3’
556 5186 608 5236 Si
629 5195 789 5235 nonne
812 5186 967 5232 Rhea.

479 5191 531 5314 4)
552 5246 778 5299 Subducit
799 5247 941 5295 Pam.

920 5114 1072 5179 ulum,
1094 5116 1143 5166 in
1166 5115 1309 5168 Pam.

2362 5054 2637 5132 SeptlLillis
2662 5058 2806 5132 alien.

2176 5118 2229 5183 6)
2252 5120 2316 5183 Iit
2337 5118 2458 5170 add.
2485 5119 2629 5171 Obcr.
2658 5131 2849 5175 secutus
2885 5126 3037 5177 Seml.

2178 5181 2230 5245 7)
2251 5181 2411 5234 Novas
2432 5191 2546 5233 Jtttt.
2575 5187 2795 5238 novimus
2814 5190 2862 5237 in
2886 5190 3138 5253 prophetis
3161 5191 3392 5246 habuisse
3415 5193 3522 5246 cod.
3556 5200 3687 5247 Vatt~

2090 5255 2200 5295 can.

1750 5344 2314 5409 COMMENTARIUS.

479 5448 555 5522 (a)
592 5445 712 5522 Non
754 5442 1068 5522 Marrucine,
1113 5441 1201 5522 sed
1223 5438 1457 5522 Dotttice.
1480 5438 1775 5522 Marrucini
1807 5440 1986 5522 populi

2093 5445 2315 5532 Tertull.
2364 5444 2448 5502 bis
2484 5462 2605 5519 cap.
2646 5446 2682 5503 4
2711 5448 2800 5505 lib.
2833 5449 2902 5507 de
2952 5450 3141 5510 Pallio.
3167 5453 3466 5528 Iuvenalis,
3497 5470 3597 5519 sat.
3623 5461 3679 5532 2,

352 5524 357 5529 ’
396 5510 616 5579 fuerunt
656 5516 975 5575 Forentanis
1015 5524 1070 5570 et
1124 5513 1356 5569 Vestinis
1394 5511 1551 5567 vicini
1582 5512 1632 5566 in
1664 5510 1810 5567 Italia
1836 5520 1986 5568 extra
2091 5527 2284 5573 vocat:

396 5594 630 5659 Latium,
652 5590 893 5658 adeoque
934 5584 1142 5642 barbari
1171 5593 1226 5639 et
1253 5585 1455 5649 inculti,
1487 5584 1627 5659 unde
1656 5581 1987 5659 Marrucinus

397 5667 450 5721 id
478 5677 557 5721 est
589 5655 779 5731 ἆμαθὴς
805 5655 885 5715 ἐκαὶ
903 5661 1183 5732 contueri“
1208 5672 1328 5732 nam
1353 5655 1747 5732 conviciuni_eo
1767 5656 1987 5732 nomine

396 5724 632 5804 smpidis'
673 5732 789 5804 lieri
836 5728 1067 5786 solebat.
1114 5728 1347 5804 Ilupices
1391 5726 1532 5782 idem
1568 5740 1632 5779 ac
1657 5724 1983 5804 Marrucinos

2267 5611 2576 5668 Montanum
2605 5614 2780 5685 positis
2804 5617 3001 5673 audiret
3028 5619 3216 5692 vulgus
3234 5626 3442 5682 aratris.
3483 5626 3560 5684 Ls
3582 5627 3678 5685 Pa.

2161 5723 2538 5816 :XYIII:
2562 5727 2731 5816 ται)
2766 5727 2864 5784 llic
2889 5742 3069 5816 capt-us
3096 5732 3382 5816 decreticum
3406 5738 3641 5816 δίειτοὶοη
3661 5782 3679 5816 ,

397 5795 698 5879 signiﬁcare
744 5801 917 5859 ferme
962 5795 1281 5873 putaverint,
1331 5811 1394 5855 ea
1438 5804 1618 5854 autem
1658 5795 1824 5853 utitur
1851 5809 1983 5854 voce
2091 5798 2182 5871 qui
2209 5797 2360 5861 locus
2398 5814 2502 5855 non
2526 5795 2727 5875 indiget
2749 5816 2868 5859 mea
2893 5795 3267 5876 explicatione.
3297 5806 3379 5865 ιε
3406 5795 3508 5873 Pa.
