  <div class='ocr_page' id='page_1' title='image "/cluster/home/n/w/nwhite01/storage/ocr_20150623/2/uva.x000669815/264.png"; bbox 0 0 4020 6286; ppageno 0'>
   <div class='ocr_carea' id='block_1_1' title="bbox 372 301 482 368">
    <p class='ocr_par' dir='ltr' id='par_1_1' title="bbox 372 301 482 368">
     <span class='ocr_line' id='line_1_1' title="bbox 372 301 482 368; baseline 0 -1"><span class='ocrx_word' id='word_1_1' title='bbox 372 301 482 368; x_wconf 68' lang='grc' dir='ltr'><strong>διν</strong></span> 
     </span>
    </p>
   </div>
   <div class='ocr_carea' id='block_1_2' title="bbox 1487 294 2574 364">
    <p class='ocr_par' dir='ltr' id='par_1_2' title="bbox 1487 294 2574 364">
     <span class='ocr_line' id='line_1_2' title="bbox 1487 294 2574 364; baseline -0.004 0"><span class='ocrx_word' id='word_1_2' title='bbox 1487 299 1613 364; x_wconf 76' lang='lat' dir='ltr'><strong>Llll.</strong></span> <span class='ocrx_word' id='word_1_3' title='bbox 1658 298 1702 363; x_wconf 72' lang='grc' dir='ltr'>ν</span> <span class='ocrx_word' id='word_1_4' title='bbox 1744 294 2106 364; x_wconf 71' lang='lat' dir='ltr'><strong>ADVERSUS</strong></span> <span class='ocrx_word' id='word_1_5' title='bbox 2143 294 2574 362; x_wconf 74' lang='lat' dir='ltr'><strong>MARCIONEM.</strong></span> 
     </span>
    </p>
   </div>
   <div class='ocr_carea' id='block_1_3' title="bbox 3588 295 3692 361">
    <p class='ocr_par' dir='ltr' id='par_1_3' title="bbox 3588 295 3692 361">
     <span class='ocr_line' id='line_1_3' title="bbox 3588 295 3692 361; baseline 0.019 -2"><span class='ocrx_word' id='word_1_6' title='bbox 3588 295 3692 361; x_wconf 67' lang='lat' dir='ltr'><strong>bis</strong></span> 
     </span>
    </p>
   </div>
   <div class='ocr_carea' id='block_1_4' title="bbox 372 412 3683 497">
    <p class='ocr_par' dir='ltr' id='par_1_4' title="bbox 372 412 3683 497">
     <span class='ocr_line' id='line_1_4' title="bbox 372 412 3683 497; baseline -0.002 -14"><span class='ocrx_word' id='word_1_7' title='bbox 372 441 496 483; x_wconf 87' lang='lat' dir='ltr'><strong>eum</strong></span> <span class='ocrx_word' id='word_1_8' title='bbox 534 435 591 483; x_wconf 89' lang='lat' dir='ltr'><strong>et</strong></span> <span class='ocrx_word' id='word_1_9' title='bbox 639 423 911 484; x_wconf 70' lang='lat' dir='ltr'><strong>visibilem</strong></span> <span class='ocrx_word' id='word_1_10' title='bbox 963 416 1221 483; x_wconf 75' lang='lat' dir='ltr'><strong>exeondis</strong></span> <span class='ocrx_word' id='word_1_11' title='bbox 1275 423 1638 497; x_wconf 65' lang='lat' dir='ltr'><strong>prtellatorem</strong></span> <span class='ocrx_word' id='word_1_12' title='bbox 1666 440 1682 491; x_wconf 90' lang='lat'><strong>;</strong></span> <span class='ocrx_word' id='word_1_13' title='bbox 1736 439 1965 497; x_wconf 79' lang='lat' dir='ltr'><strong>agnosce</strong></span> <span class='ocrx_word' id='word_1_14' title='bbox 1993 427 2046 487; x_wconf 87' lang='lat' dir='ltr'><strong>A</strong></span> <span class='ocrx_word' id='word_1_15' title='bbox 2074 421 2289 481; x_wconf 87' lang='lat' dir='ltr'><strong>iamavit</strong></span> <span class='ocrx_word' id='word_1_16' title='bbox 2317 430 2372 479; x_wconf 88' lang='lat' dir='ltr'><strong>et</strong></span> <span class='ocrx_word' id='word_1_17' title='bbox 2407 437 2622 478; x_wconf 89' lang='lat' dir='ltr'><strong>carnem</strong></span> <span class='ocrx_word' id='word_1_18' title='bbox 2654 421 2791 478; x_wconf 86' lang='lat' dir='ltr'><strong>sicut</strong></span> <span class='ocrx_word' id='word_1_19' title='bbox 2816 413 3134 478; x_wconf 82' lang='lat' dir='ltr'><strong>Ecclesiam.</strong></span> <span class='ocrx_word' id='word_1_20' title='bbox 3164 412 3336 478; x_wconf 79' lang='lat' dir='ltr'><strong>Nemo</strong></span> <span class='ocrx_word' id='word_1_21' title='bbox 3364 433 3468 477; x_wconf 91' lang='lat' dir='ltr'><strong>non</strong></span> <span class='ocrx_word' id='word_1_22' title='bbox 3498 419 3683 490; x_wconf 81' lang='lat' dir='ltr'><strong>diliget</strong></span> 
     </span>
    </p>
   </div>
   <div class='ocr_carea' id='block_1_5' title="bbox 372 516 1969 595">
    <p class='ocr_par' dir='ltr' id='par_1_5' title="bbox 372 516 1969 595">
     <span class='ocr_line' id='line_1_5' title="bbox 372 516 1969 595; baseline 0 -23"><span class='ocrx_word' id='word_1_23' title='bbox 372 518 535 590; x_wconf 87' lang='lat' dir='ltr'><strong>igitur</strong></span> <span class='ocrx_word' id='word_1_24' title='bbox 555 517 669 595; x_wconf 89' lang='lat' dir='ltr'><strong>jam</strong></span> <span class='ocrx_word' id='word_1_25' title='bbox 695 528 752 575; x_wconf 85' lang='lat' dir='ltr'><strong>et</strong></span> <span class='ocrx_word' id='word_1_26' title='bbox 778 527 1105 575; x_wconf 79' lang='lat' dir='ltr'><strong>armaturam</strong></span> <span class='ocrx_word' id='word_1_27' title='bbox 1134 527 1191 573; x_wconf 89' lang='lat' dir='ltr'><strong>et</strong></span> <span class='ocrx_word' id='word_1_28' title='bbox 1210 516 1455 573; x_wconf 75' lang='lat' dir='ltr'><strong>militiam</strong></span> <span class='ocrx_word' id='word_1_29' title='bbox 1487 516 1605 588; x_wconf 85' lang='lat' dir='ltr'><strong>ejus</strong></span> <span class='ocrx_word' id='word_1_30' title='bbox 1633 516 1931 587; x_wconf 88' lang='lat' dir='ltr'><strong>spiritalem</strong></span> <span class='ocrx_word' id='word_1_31' title='bbox 1953 558 1969 584; x_wconf 89' lang='lat'><strong>,</strong></span> 
     </span>
    </p>
   </div>
   <div class='ocr_carea' id='block_1_6' title="bbox 369 610 1975 684">
    <p class='ocr_par' dir='ltr' id='par_1_6' title="bbox 369 610 1975 684">
     <span class='ocr_line' id='line_1_6' title="bbox 369 610 1975 684; baseline -0.001 -18"><span class='ocrx_word' id='word_1_32' title='bbox 369 610 415 666; x_wconf 84' lang='lat' dir='ltr'><strong>si</strong></span> <span class='ocrx_word' id='word_1_33' title='bbox 456 610 569 681; x_wconf 84' lang='lat' dir='ltr'><strong>jam</strong></span> <span class='ocrx_word' id='word_1_34' title='bbox 606 610 845 667; x_wconf 88' lang='lat' dir='ltr'><strong>didicisti</strong></span> <span class='ocrx_word' id='word_1_35' title='bbox 879 625 1002 668; x_wconf 86' lang='lat' dir='ltr'><strong>esse</strong></span> <span class='ocrx_word' id='word_1_36' title='bbox 1039 612 1407 684; x_wconf 86' lang='lat' dir='ltr'><strong>captivitatem</strong></span> <span class='ocrx_word' id='word_1_37' title='bbox 1457 610 1752 681; x_wconf 81' lang='lat' dir='ltr'><strong>spiritalem</strong></span> <span class='ocrx_word' id='word_1_38' title='bbox 1776 651 1791 677; x_wconf 89' lang='lat'><strong>,</strong></span> <span class='ocrx_word' id='word_1_39' title='bbox 1824 619 1883 665; x_wconf 92' lang='lat' dir='ltr'><strong>nt</strong></span> <span class='ocrx_word' id='word_1_40' title='bbox 1920 619 1975 665; x_wconf 89' lang='lat' dir='ltr'><strong>ct</strong></span> 
     </span>
    </p>
   </div>
   <div class='ocr_carea' id='block_1_7' title="bbox 369 700 1973 775">
    <p class='ocr_par' dir='ltr' id='par_1_7' title="bbox 369 700 1973 775">
     <span class='ocr_line' id='line_1_7' title="bbox 369 700 1973 775; baseline -0.001 -18"><span class='ocrx_word' id='word_1_41' title='bbox 369 700 512 758; x_wconf 83' lang='lat' dir='ltr'><strong>hanc</strong></span> <span class='ocrx_word' id='word_1_42' title='bbox 547 701 699 759; x_wconf 90' lang='lat' dir='ltr'><strong>illius</strong></span> <span class='ocrx_word' id='word_1_43' title='bbox 744 716 1010 775; x_wconf 77' lang='lat' dir='ltr'><strong>agnoscas</strong></span> <span class='ocrx_word' id='word_1_44' title='bbox 1042 720 1056 758; x_wconf 89' lang='lat'><strong>:</strong></span> <span class='ocrx_word' id='word_1_45' title='bbox 1087 704 1169 759; x_wconf 88' lang='lat' dir='ltr'><strong>vel</strong></span> <span class='ocrx_word' id='word_1_46' title='bbox 1196 701 1320 774; x_wconf 84' lang='lat' dir='ltr'><strong>quia</strong></span> <span class='ocrx_word' id='word_1_47' title='bbox 1364 711 1419 758; x_wconf 90' lang='lat' dir='ltr'><strong>et</strong></span> <span class='ocrx_word' id='word_1_48' title='bbox 1445 702 1770 773; x_wconf 87' lang='lat' dir='ltr'><strong>captivitatis</strong></span> <span class='ocrx_word' id='word_1_49' title='bbox 1815 701 1973 772; x_wconf 86' lang='lat' dir='ltr'><strong>hujus</strong></span> 
     </span>
    </p>
   </div>
   <div class='ocr_carea' id='block_1_8' title="bbox 366 794 1976 868">
    <p class='ocr_par' dir='ltr' id='par_1_8' title="bbox 366 794 1976 868">
     <span class='ocr_line' id='line_1_8' title="bbox 366 794 1976 868; baseline -0.002 -15"><span class='ocrx_word' id='word_1_50' title='bbox 366 796 701 853; x_wconf 73' lang='lat' dir='ltr'><strong>mentionem</strong></span> <span class='ocrx_word' id='word_1_51' title='bbox 727 796 797 852; x_wconf 87' lang='lat' dir='ltr'><strong>de</strong></span> <span class='ocrx_word' id='word_1_52' title='bbox 836 794 1123 868; x_wconf 81' lang='lat' dir='ltr'><strong>Prophetis</strong></span> <span class='ocrx_word' id='word_1_53' title='bbox 1170 794 1464 868; x_wconf 82' lang='lat' dir='ltr'><strong>Apostolus</strong></span> <span class='ocrx_word' id='word_1_54' title='bbox 1492 798 1761 867; x_wconf 89' lang='lat' dir='ltr'><strong>sumpsit,</strong></span> <span class='ocrx_word' id='word_1_55' title='bbox 1794 811 1822 849; x_wconf 90' lang='lat' dir='ltr'><strong>a</strong></span> <span class='ocrx_word' id='word_1_56' title='bbox 1854 797 1976 867; x_wconf 83' lang='lat' dir='ltr'><strong>qui-</strong></span> 
     </span>
    </p>
   </div>
   <div class='ocr_carea' id='block_1_9' title="bbox 366 886 1974 961">
    <p class='ocr_par' dir='ltr' id='par_1_9' title="bbox 366 886 1974 961">
     <span class='ocr_line' id='line_1_9' title="bbox 366 886 1974 961; baseline -0.001 -17"><span class='ocrx_word' id='word_1_57' title='bbox 366 886 470 944; x_wconf 88' lang='lat' dir='ltr'><strong>bus</strong></span> <span class='ocrx_word' id='word_1_58' title='bbox 511 896 569 945; x_wconf 88' lang='lat' dir='ltr'><strong>et</strong></span> <span class='ocrx_word' id='word_1_59' title='bbox 596 888 873 944; x_wconf 80' lang='lat' dir='ltr'><strong>mandata.</strong></span> <span class='ocrx_word' id='word_1_60' title='bbox 924 888 1244 961; x_wconf 83' lang='lat' dir='ltr'><strong>Deponentes</strong></span> <span class='ocrx_word' id='word_1_61' title='bbox 1298 887 1656 958; x_wconf 78' lang='lat' dir='ltr'><strong>mendacium,</strong></span> <span class='ocrx_word' id='word_1_62' title='bbox 1706 888 1974 960; x_wconf 82' lang='lat' dir='ltr'><strong>loquimini</strong></span> 
     </span>
    </p>
   </div>
   <div class='ocr_carea' id='block_1_10' title="bbox 367 981 1977 1056">
    <p class='ocr_par' dir='ltr' id='par_1_10' title="bbox 367 981 1977 1056">
     <span class='ocr_line' id='line_1_10' title="bbox 367 981 1977 1056; baseline 0 -19"><span class='ocrx_word' id='word_1_63' title='bbox 367 983 629 1039; x_wconf 79' lang='lat' dir='ltr'><strong>ueritatem</strong></span> <span class='ocrx_word' id='word_1_64' title='bbox 660 983 731 1037; x_wconf 87' lang='lat' dir='ltr'><strong>ad</strong></span> <span class='ocrx_word' id='word_1_65' title='bbox 773 983 1065 1054; x_wconf 72' lang='lat' dir='ltr'><strong>proximum</strong></span> <span class='ocrx_word' id='word_1_66' title='bbox 1102 999 1253 1039; x_wconf 88' lang='lat' dir='ltr'><strong>suum</strong></span> <span class='ocrx_word' id='word_1_67' title='bbox 1302 981 1382 1056; x_wconf 88' lang='lat' dir='ltr'><strong>(l)</strong></span> <span class='ocrx_word' id='word_1_68' title='bbox 1415 985 1643 1056; x_wconf 86' lang='lat' dir='ltr'><strong>quisque.</strong></span> <span class='ocrx_word' id='word_1_69' title='bbox 1700 984 1768 1039; x_wconf 85' lang='lat' dir='ltr'><strong>Et</strong></span> <span class='ocrx_word' id='word_1_70' title='bbox 1806 983 1977 1038; x_wconf 85' lang='lat' dir='ltr'><strong>irasci-</strong></span> 
     </span>
    </p>
   </div>
   <div class='ocr_carea' id='block_1_11' title="bbox 372 1075 1974 1148">
    <p class='ocr_par' dir='ltr' id='par_1_11' title="bbox 372 1075 1974 1148">
     <span class='ocr_line' id='line_1_11' title="bbox 372 1075 1974 1148; baseline 0.002 -20"><span class='ocrx_word' id='word_1_71' title='bbox 372 1076 522 1143; x_wconf 73' lang='lat' dir='ltr'><strong>mini,</strong></span> <span class='ocrx_word' id='word_1_72' title='bbox 564 1086 609 1131; x_wconf 86' lang='lat' dir='ltr'><strong>et</strong></span> <span class='ocrx_word' id='word_1_73' title='bbox 636 1077 790 1139; x_wconf 83' lang='lat' dir='ltr'><strong>nolite</strong></span> <span class='ocrx_word' id='word_1_74' title='bbox 808 1076 1121 1148; x_wconf 86' lang='lat' dir='ltr'><strong>delinquere,</strong></span> <span class='ocrx_word' id='word_1_75' title='bbox 1150 1077 1280 1148; x_wconf 87' lang='lat' dir='ltr'><strong>ipsis</strong></span> <span class='ocrx_word' id='word_1_76' title='bbox 1308 1075 1487 1132; x_wconf 86' lang='lat' dir='ltr'><strong>verbis</strong></span> <span class='ocrx_word' id='word_1_77' title='bbox 1513 1077 1707 1148; x_wconf 89' lang='lat' dir='ltr'><strong>quibus</strong></span> <span class='ocrx_word' id='word_1_78' title='bbox 1732 1075 1974 1132; x_wconf 86' lang='lat' dir='ltr'><strong>Psalmus</strong></span> 
     </span>
    </p>
   </div>
   <div class='ocr_carea' id='block_1_12' title="bbox 366 1162 1975 1239">
    <p class='ocr_par' dir='ltr' id='par_1_12' title="bbox 366 1162 1975 1239">
     <span class='ocr_line' id='line_1_12' title="bbox 366 1162 1975 1239; baseline 0.001 -19"><span class='ocrx_word' id='word_1_79' title='bbox 366 1162 490 1237; x_wconf 87' lang='lat' dir='ltr'><strong>(Ps.</strong></span> <span class='ocrx_word' id='word_1_80' title='bbox 514 1206 530 1231; x_wconf 91' lang='lat'><strong>,</strong></span> <span class='ocrx_word' id='word_1_81' title='bbox 562 1165 653 1234; x_wconf 75' lang='lat' dir='ltr'><strong>IV,</strong></span> <span class='ocrx_word' id='word_1_82' title='bbox 685 1164 744 1238; x_wconf 86' lang='lat'><strong>5)</strong></span> <span class='ocrx_word' id='word_1_83' title='bbox 771 1175 1070 1239; x_wconf 80' lang='lat' dir='ltr'><strong>exponeret</strong></span> <span class='ocrx_word' id='word_1_84' title='bbox 1111 1182 1304 1225; x_wconf 91' lang='lat' dir='ltr'><strong>sensus</strong></span> <span class='ocrx_word' id='word_1_85' title='bbox 1331 1169 1468 1239; x_wconf 84' lang='lat' dir='ltr'><strong>ejus.</strong></span> <span class='ocrx_word' id='word_1_86' title='bbox 1516 1168 1613 1223; x_wconf 88' lang='lat' dir='ltr'><strong>Sol</strong></span> <span class='ocrx_word' id='word_1_87' title='bbox 1651 1184 1752 1223; x_wconf 86' lang='lat' dir='ltr'><strong>non</strong></span> <span class='ocrx_word' id='word_1_88' title='bbox 1778 1168 1975 1223; x_wconf 85' lang='lat' dir='ltr'><strong>occidat</strong></span> 
     </span>
    </p>
   </div>
   <div class='ocr_carea' id='block_1_13' title="bbox 369 1257 1978 1329">
    <p class='ocr_par' dir='ltr' id='par_1_13' title="bbox 369 1257 1978 1329">
     <span class='ocr_line' id='line_1_13' title="bbox 369 1257 1978 1329; baseline 0.002 -18"><span class='ocrx_word' id='word_1_89' title='bbox 369 1273 526 1329; x_wconf 80' lang='lat' dir='ltr'><strong>super</strong></span> <span class='ocrx_word' id='word_1_90' title='bbox 628 1258 949 1314; x_wconf 73' lang='lat' dir='ltr'><strong>iracundiam</strong></span> <span class='ocrx_word' id='word_1_91' title='bbox 1035 1269 1274 1315; x_wconf 75' lang='lat' dir='ltr'><strong>vestram.</strong></span> <span class='ocrx_word' id='word_1_92' title='bbox 1354 1257 1532 1314; x_wconf 83' lang='lat' dir='ltr'><strong>Nolite</strong></span> <span class='ocrx_word' id='word_1_93' title='bbox 1607 1259 1978 1314; x_wconf 79' lang='lat' dir='ltr'><strong>communicare</strong></span> 
     </span>
    </p>
   </div>
   <div class='ocr_carea' id='block_1_14' title="bbox 369 1347 1970 1423">
    <p class='ocr_par' dir='ltr' id='par_1_14' title="bbox 369 1347 1970 1423">
     <span class='ocr_line' id='line_1_14' title="bbox 369 1347 1970 1423; baseline 0.001 -20"><span class='ocrx_word' id='word_1_94' title='bbox 369 1347 609 1421; x_wconf 74' lang='lat' dir='ltr'><strong>operibus</strong></span> <span class='ocrx_word' id='word_1_95' title='bbox 666 1353 1008 1406; x_wconf 76' lang='lat' dir='ltr'><strong>tenebrarum.</strong></span> <span class='ocrx_word' id='word_1_96' title='bbox 1064 1351 1191 1407; x_wconf 90' lang='lat' dir='ltr'><strong>Cum</strong></span> <span class='ocrx_word' id='word_1_97' title='bbox 1237 1352 1383 1423; x_wconf 84' lang='lat' dir='ltr'><strong>justo</strong></span> <span class='ocrx_word' id='word_1_98' title='bbox 1420 1351 1562 1407; x_wconf 91' lang='lat' dir='ltr'><strong>enim</strong></span> <span class='ocrx_word' id='word_1_99' title='bbox 1604 1353 1779 1423; x_wconf 77' lang='lat' dir='ltr'><strong>justus</strong></span> <span class='ocrx_word' id='word_1_100' title='bbox 1827 1351 1929 1406; x_wconf 74' lang='lat' dir='ltr'><strong>eris</strong></span> <span class='ocrx_word' id='word_1_101' title='bbox 1956 1393 1970 1419; x_wconf 92' lang='lat'><strong>,</strong></span> 
     </span>
    </p>
   </div>
   <div class='ocr_carea' id='block_1_15' title="bbox 363 1442 1976 1518">
    <p class='ocr_par' dir='ltr' id='par_1_15' title="bbox 363 1442 1976 1518">
     <span class='ocr_line' id='line_1_15' title="bbox 363 1442 1976 1518; baseline 0.001 -21"><span class='ocrx_word' id='word_1_102' title='bbox 363 1451 412 1497; x_wconf 88' lang='lat' dir='ltr'><strong>et</strong></span> <span class='ocrx_word' id='word_1_103' title='bbox 441 1456 558 1497; x_wconf 84' lang='lat' dir='ltr'><strong>cum</strong></span> <span class='ocrx_word' id='word_1_104' title='bbox 594 1458 830 1515; x_wconf 79' lang='lat' dir='ltr'><strong>perverso</strong></span> <span class='ocrx_word' id='word_1_105' title='bbox 873 1445 1176 1515; x_wconf 80' lang='lat' dir='ltr'><strong>perverteris</strong></span> <span class='ocrx_word' id='word_1_106' title='bbox 1228 1444 1365 1518; x_wconf 91' lang='lat' dir='ltr'><strong>(Ps.</strong></span> <span class='ocrx_word' id='word_1_107' title='bbox 1412 1443 1594 1513; x_wconf 81' lang='lat' dir='ltr'><strong>XVII,</strong></span> <span class='ocrx_word' id='word_1_108' title='bbox 1626 1443 1743 1516; x_wconf 75' lang='lat'><strong>27).</strong></span> <span class='ocrx_word' id='word_1_109' title='bbox 1799 1444 1887 1512; x_wconf 84' lang='lat' dir='ltr'><strong>Et,</strong></span> <span class='ocrx_word' id='word_1_110' title='bbox 1933 1442 1976 1515; x_wconf 90' lang='grc' dir='ltr'><strong>(ι</strong></span> 
     </span>
    </p>
   </div>
   <div class='ocr_carea' id='block_1_16' title="bbox 362 1532 1980 1609">
    <p class='ocr_par' dir='ltr' id='par_1_16' title="bbox 362 1532 1980 1609">
     <span class='ocr_line' id='line_1_16' title="bbox 362 1532 1980 1609; baseline 0.001 -20"><span class='ocrx_word' id='word_1_111' title='bbox 362 1532 487 1589; x_wconf 87' lang='lat' dir='ltr'><strong>Cor.</strong></span> <span class='ocrx_word' id='word_1_112' title='bbox 523 1533 589 1599; x_wconf 82' lang='lat' dir='ltr'><strong>V,</strong></span> <span class='ocrx_word' id='word_1_113' title='bbox 646 1533 763 1608; x_wconf 75' lang='grc'><strong>15),</strong></span> <span class='ocrx_word' id='word_1_114' title='bbox 808 1540 1018 1609; x_wconf 76' lang='lat' dir='ltr'><strong>Auferte</strong></span> <span class='ocrx_word' id='word_1_115' title='bbox 1065 1536 1258 1592; x_wconf 87' lang='lat' dir='ltr'><strong>malum</strong></span> <span class='ocrx_word' id='word_1_116' title='bbox 1310 1538 1372 1593; x_wconf 87' lang='lat' dir='ltr'><strong>de</strong></span> <span class='ocrx_word' id='word_1_117' title='bbox 1423 1537 1590 1593; x_wconf 91' lang='lat' dir='ltr'><strong>medio</strong></span> <span class='ocrx_word' id='word_1_118' title='bbox 1627 1546 1866 1593; x_wconf 76' lang='lat' dir='ltr'><strong>vestrum.</strong></span> <span class='ocrx_word' id='word_1_119' title='bbox 1913 1536 1980 1591; x_wconf 83' lang='lat' dir='ltr'><strong>Et</strong></span> 
     </span>
    </p>
   </div>
   <div class='ocr_carea' id='block_1_17' title="bbox 362 1625 1978 1699">
    <p class='ocr_par' dir='ltr' id='par_1_17' title="bbox 362 1625 1978 1699">
     <span class='ocr_line' id='line_1_17' title="bbox 362 1625 1978 1699; baseline 0.002 -20"><span class='ocrx_word' id='word_1_120' title='bbox 362 1625 440 1698; x_wconf 86' lang='lat' dir='ltr'><strong>(ll</strong></span> <span class='ocrx_word' id='word_1_121' title='bbox 481 1625 603 1683; x_wconf 85' lang='lat' dir='ltr'><strong>Cor.</strong></span> <span class='ocrx_word' id='word_1_122' title='bbox 630 1626 736 1697; x_wconf 74' lang='lat' dir='ltr'><strong>Vl,</strong></span> <span class='ocrx_word' id='word_1_123' title='bbox 802 1626 870 1683; x_wconf 76' lang='lat' dir='ltr'><strong>i7</strong></span> <span class='ocrx_word' id='word_1_124' title='bbox 899 1625 921 1699; x_wconf 97' lang='lat'><strong>)</strong></span> <span class='ocrx_word' id='word_1_125' title='bbox 953 1670 967 1696; x_wconf 93' lang='lat'><strong>,</strong></span> <span class='ocrx_word' id='word_1_126' title='bbox 1014 1626 1169 1684; x_wconf 77' lang='lat' dir='ltr'><strong>Exite</strong></span> <span class='ocrx_word' id='word_1_127' title='bbox 1221 1629 1285 1684; x_wconf 87' lang='lat' dir='ltr'><strong>de</strong></span> <span class='ocrx_word' id='word_1_128' title='bbox 1333 1629 1498 1684; x_wconf 88' lang='lat' dir='ltr'><strong>medio</strong></span> <span class='ocrx_word' id='word_1_129' title='bbox 1528 1645 1736 1696; x_wconf 86' lang='lat' dir='ltr'><strong>eorum,</strong></span> <span class='ocrx_word' id='word_1_130' title='bbox 1793 1638 1840 1683; x_wconf 92' lang='lat' dir='ltr'><strong>et</strong></span> <span class='ocrx_word' id='word_1_131' title='bbox 1883 1629 1978 1683; x_wconf 85' lang='lat' dir='ltr'><strong>int-</strong></span> 
     </span>
    </p>
   </div>
   <div class='ocr_carea' id='block_1_18' title="bbox 363 1719 1980 1794">
    <p class='ocr_par' dir='ltr' id='par_1_18' title="bbox 363 1719 1980 1794">
     <span class='ocr_line' id='line_1_18' title="bbox 363 1719 1980 1794; baseline 0.003 -22"><span class='ocrx_word' id='word_1_132' title='bbox 363 1719 617 1774; x_wconf 78' lang='lat' dir='ltr'><strong>mundum</strong></span> <span class='ocrx_word' id='word_1_133' title='bbox 680 1735 745 1775; x_wconf 86' lang='lat' dir='ltr'><strong>ue</strong></span> <span class='ocrx_word' id='word_1_134' title='bbox 787 1722 1081 1792; x_wconf 83' lang='lat' dir='ltr'><strong>uttigeritis.</strong></span> <span class='ocrx_word' id='word_1_135' title='bbox 1134 1720 1462 1793; x_wconf 84' lang='lat' dir='ltr'><strong>Separamini</strong></span> <span class='ocrx_word' id='word_1_136' title='bbox 1485 1765 1501 1792; x_wconf 94' lang='lat'><strong>,</strong></span> <span class='ocrx_word' id='word_1_137' title='bbox 1542 1722 1629 1793; x_wconf 87' lang='lat' dir='ltr'><strong>qui</strong></span> <span class='ocrx_word' id='word_1_138' title='bbox 1677 1720 1819 1794; x_wconf 77' lang='lat' dir='ltr'><strong>fertis</strong></span> <span class='ocrx_word' id='word_1_139' title='bbox 1858 1736 1980 1777; x_wconf 82' lang='lat' dir='ltr'><strong>vasa</strong></span> 
     </span>
    </p>
   </div>
   <div class='ocr_carea' id='block_1_19' title="bbox 2078 512 3679 587">
    <p class='ocr_par' dir='ltr' id='par_1_19' title="bbox 2078 512 3679 587">
     <span class='ocr_line' id='line_1_19' title="bbox 2078 512 3679 587; baseline -0.001 -17"><span class='ocrx_word' id='word_1_140' title='bbox 2078 515 2350 587; x_wconf 85' lang='lat' dir='ltr'><strong>magincm</strong></span> <span class='ocrx_word' id='word_1_141' title='bbox 2386 529 2599 585; x_wconf 88' lang='lat' dir='ltr'><strong>quoque</strong></span> <span class='ocrx_word' id='word_1_142' title='bbox 2639 529 2851 585; x_wconf 77' lang='lat' dir='ltr'><strong>sponsa:</strong></span> <span class='ocrx_word' id='word_1_143' title='bbox 2874 557 2888 581; x_wconf 90' lang='lat'><strong>,</strong></span> <span class='ocrx_word' id='word_1_144' title='bbox 2916 514 3026 568; x_wconf 88' lang='lat' dir='ltr'><strong>imo</strong></span> <span class='ocrx_word' id='word_1_145' title='bbox 3054 522 3111 570; x_wconf 87' lang='lat' dir='ltr'><strong>et</strong></span> <span class='ocrx_word' id='word_1_146' title='bbox 3150 512 3386 569; x_wconf 71' lang='lat' dir='ltr'><strong>servabit</strong></span> <span class='ocrx_word' id='word_1_147' title='bbox 3426 513 3596 578; x_wconf 81' lang='lat' dir='ltr'><strong>illam,</strong></span> <span class='ocrx_word' id='word_1_148' title='bbox 3623 522 3679 569; x_wconf 83' lang='lat' dir='ltr'><strong>et</strong></span> 
     </span>
    </p>
   </div>
   <div class='ocr_carea' id='block_1_20' title="bbox 2078 605 3679 673">
    <p class='ocr_par' dir='ltr' id='par_1_20' title="bbox 2078 605 3679 673">
     <span class='ocr_line' id='line_1_20' title="bbox 2078 605 3679 673; baseline 0.001 -12"><span class='ocrx_word' id='word_1_149' title='bbox 2078 606 2401 673; x_wconf 83' lang='lat' dir='ltr'><strong>honorabit,</strong></span> <span class='ocrx_word' id='word_1_150' title='bbox 2434 616 2488 662; x_wconf 87' lang='lat' dir='ltr'><strong>et</strong></span> <span class='ocrx_word' id='word_1_151' title='bbox 2516 607 2817 667; x_wconf 82' lang='lat' dir='ltr'><strong>coronabit.</strong></span> <span class='ocrx_word' id='word_1_152' title='bbox 2850 605 3023 663; x_wconf 85' lang='lat' dir='ltr'><strong>Habet</strong></span> <span class='ocrx_word' id='word_1_153' title='bbox 3065 606 3358 662; x_wconf 88' lang='lat' dir='ltr'><strong>similitudo</strong></span> <span class='ocrx_word' id='word_1_154' title='bbox 3386 622 3508 662; x_wconf 90' lang='lat' dir='ltr'><strong>cum</strong></span> <span class='ocrx_word' id='word_1_155' title='bbox 3537 605 3679 662; x_wconf 81' lang='lat' dir='ltr'><strong>veri-</strong></span> 
     </span>
    </p>
   </div>
   <div class='ocr_carea' id='block_1_21' title="bbox 2079 697 3679 770">
    <p class='ocr_par' dir='ltr' id='par_1_21' title="bbox 2079 697 3679 770">
     <span class='ocr_line' id='line_1_21' title="bbox 2079 697 3679 770; baseline -0.001 -17"><span class='ocrx_word' id='word_1_156' title='bbox 2079 708 2187 754; x_wconf 85' lang='lat' dir='ltr'><strong>tate</strong></span> <span class='ocrx_word' id='word_1_157' title='bbox 2217 697 2437 755; x_wconf 83' lang='lat' dir='ltr'><strong>honoris</strong></span> <span class='ocrx_word' id='word_1_158' title='bbox 2478 699 2834 755; x_wconf 87' lang='lat' dir='ltr'><strong>consortium.</strong></span> <span class='ocrx_word' id='word_1_159' title='bbox 2869 697 3149 755; x_wconf 87' lang='lat' dir='ltr'><strong>Lahoraho</strong></span> <span class='ocrx_word' id='word_1_160' title='bbox 3198 712 3299 770; x_wconf 84' lang='lat' dir='ltr'><strong>ego</strong></span> <span class='ocrx_word' id='word_1_161' title='bbox 3338 714 3480 754; x_wconf 91' lang='lat' dir='ltr'><strong>nunc</strong></span> <span class='ocrx_word' id='word_1_162' title='bbox 3521 713 3679 754; x_wconf 88' lang='lat' dir='ltr'><strong>eum-</strong></span> 
     </span>
    </p>
   </div>
   <div class='ocr_carea' id='block_1_22' title="bbox 2077 788 3679 863">
    <p class='ocr_par' dir='ltr' id='par_1_22' title="bbox 2077 788 3679 863">
     <span class='ocr_line' id='line_1_22' title="bbox 2077 788 3679 863; baseline 0.001 -18"><span class='ocrx_word' id='word_1_163' title='bbox 2077 788 2201 846; x_wconf 90' lang='lat' dir='ltr'><strong>dem</strong></span> <span class='ocrx_word' id='word_1_164' title='bbox 2237 790 2400 846; x_wconf 90' lang='lat' dir='ltr'><strong>Deum</strong></span> <span class='ocrx_word' id='word_1_165' title='bbox 2435 791 2667 863; x_wconf 88' lang='lat' dir='ltr'><strong>probare</strong></span> <span class='ocrx_word' id='word_1_166' title='bbox 2705 790 2935 847; x_wconf 84' lang='lat' dir='ltr'><strong>masculi</strong></span> <span class='ocrx_word' id='word_1_167' title='bbox 2978 800 3034 847; x_wconf 92' lang='lat' dir='ltr'><strong>et</strong></span> <span class='ocrx_word' id='word_1_168' title='bbox 3079 790 3322 855; x_wconf 88' lang='lat' dir='ltr'><strong>Christi,</strong></span> <span class='ocrx_word' id='word_1_169' title='bbox 3352 790 3593 847; x_wconf 87' lang='lat' dir='ltr'><strong>mulieris</strong></span> <span class='ocrx_word' id='word_1_170' title='bbox 3621 796 3679 846; x_wconf 92' lang='lat' dir='ltr'><strong>et</strong></span> 
     </span>
    </p>
   </div>
   <div class='ocr_carea' id='block_1_23' title="bbox 2078 881 3677 954">
    <p class='ocr_par' dir='ltr' id='par_1_23' title="bbox 2078 881 3677 954">
     <span class='ocr_line' id='line_1_23' title="bbox 2078 881 3677 954; baseline 0.001 -17"><span class='ocrx_word' id='word_1_171' title='bbox 2078 881 2338 938; x_wconf 70' lang='lat' dir='ltr'><strong>Ecclesia:</strong></span> <span class='ocrx_word' id='word_1_172' title='bbox 2365 924 2381 951; x_wconf 94' lang='lat'><strong>,</strong></span> <span class='ocrx_word' id='word_1_173' title='bbox 2413 883 2593 940; x_wconf 89' lang='lat' dir='ltr'><strong>carnis</strong></span> <span class='ocrx_word' id='word_1_174' title='bbox 2623 892 2676 940; x_wconf 91' lang='lat' dir='ltr'><strong>et</strong></span> <span class='ocrx_word' id='word_1_175' title='bbox 2709 884 2973 954; x_wconf 85' lang='lat' dir='ltr'><strong>spiritus:</strong></span> <span class='ocrx_word' id='word_1_176' title='bbox 3007 883 3125 954; x_wconf 83' lang='lat' dir='ltr'><strong>ipso</strong></span> <span class='ocrx_word' id='word_1_177' title='bbox 3156 884 3417 953; x_wconf 80' lang='lat' dir='ltr'><strong>Apostulo</strong></span> <span class='ocrx_word' id='word_1_178' title='bbox 3454 894 3677 939; x_wconf 83' lang='lat' dir='ltr'><strong>senten-</strong></span> 
     </span>
    </p>
   </div>
   <div class='ocr_carea' id='block_1_24' title="bbox 2076 974 3683 1048">
    <p class='ocr_par' dir='ltr' id='par_1_24' title="bbox 2076 974 3683 1048">
     <span class='ocr_line' id='line_1_24' title="bbox 2076 974 3683 1048; baseline 0.002 -20"><span class='ocrx_word' id='word_1_179' title='bbox 2076 974 2206 1029; x_wconf 87' lang='lat' dir='ltr'><strong>tiam</strong></span> <span class='ocrx_word' id='word_1_180' title='bbox 2236 976 2508 1034; x_wconf 89' lang='lat' dir='ltr'><strong>Creatoris</strong></span> <span class='ocrx_word' id='word_1_181' title='bbox 2555 975 2848 1033; x_wconf 88' lang='lat' dir='ltr'><strong>adhibente</strong></span> <span class='ocrx_word' id='word_1_182' title='bbox 2872 1018 2889 1044; x_wconf 91' lang='lat'><strong>,</strong></span> <span class='ocrx_word' id='word_1_183' title='bbox 2917 978 3026 1033; x_wconf 92' lang='lat' dir='ltr'><strong>imo</strong></span> <span class='ocrx_word' id='word_1_184' title='bbox 3052 985 3109 1033; x_wconf 92' lang='lat' dir='ltr'><strong>et</strong></span> <span class='ocrx_word' id='word_1_185' title='bbox 3144 975 3446 1032; x_wconf 85' lang='lat' dir='ltr'><strong>disserente</strong></span> <span class='ocrx_word' id='word_1_186' title='bbox 3472 997 3486 1032; x_wconf 90' lang='lat'><strong>:</strong></span> <span class='ocrx_word' id='word_1_187' title='bbox 3519 975 3683 1048; x_wconf 81' lang='lat' dir='ltr'><strong>Prop-</strong></span> 
     </span>
    </p>
   </div>
   <div class='ocr_carea' id='block_1_25' title="bbox 2080 1068 3681 1141">
    <p class='ocr_par' dir='ltr' id='par_1_25' title="bbox 2080 1068 3681 1141">
     <span class='ocr_line' id='line_1_25' title="bbox 2080 1068 3681 1141; baseline 0.002 -20"><span class='ocrx_word' id='word_1_188' title='bbox 2080 1076 2171 1122; x_wconf 79' lang='lat' dir='ltr'><strong>ter‘</strong></span> <span class='ocrx_word' id='word_1_189' title='bbox 2197 1070 2292 1123; x_wconf 85' lang='lat' dir='ltr'><strong>hoc</strong></span> <span class='ocrx_word' id='word_1_190' title='bbox 2330 1068 2409 1141; x_wconf 61' lang='lat'><strong>(1)</strong></span> <span class='ocrx_word' id='word_1_191' title='bbox 2476 1070 2725 1139; x_wconf 84' lang='lat' dir='ltr'><strong>relinquet</strong></span> <span class='ocrx_word' id='word_1_192' title='bbox 2775 1070 2927 1125; x_wconf 87' lang='lat' dir='ltr'><strong>homo</strong></span> <span class='ocrx_word' id='word_1_193' title='bbox 2989 1079 3187 1139; x_wconf 79' lang='lat' dir='ltr'><strong>patrem</strong></span> <span class='ocrx_word' id='word_1_194' title='bbox 3231 1079 3279 1123; x_wconf 84' lang='lat' dir='ltr'><strong>et</strong></span> <span class='ocrx_word' id='word_1_195' title='bbox 3326 1079 3577 1136; x_wconf 87' lang='lat' dir='ltr'><strong>matrem,</strong></span> <span class='ocrx_word' id='word_1_196' title='bbox 3631 1079 3681 1125; x_wconf 91' lang='lat' dir='ltr'><strong>et</strong></span> 
     </span>
    </p>
   </div>
   <div class='ocr_carea' id='block_1_26' title="bbox 2078 1161 3678 1234">
    <p class='ocr_par' dir='ltr' id='par_1_26' title="bbox 2078 1161 3678 1234">
     <span class='ocr_line' id='line_1_26' title="bbox 2078 1161 3678 1234; baseline 0.003 -21"><span class='ocrx_word' id='word_1_197' title='bbox 2078 1170 2225 1214; x_wconf 83' lang='lat' dir='ltr'><strong>erant</strong></span> <span class='ocrx_word' id='word_1_198' title='bbox 2268 1161 2369 1215; x_wconf 88' lang='lat' dir='ltr'><strong>duo</strong></span> <span class='ocrx_word' id='word_1_199' title='bbox 2419 1162 2473 1216; x_wconf 88' lang='lat' dir='ltr'><strong>in</strong></span> <span class='ocrx_word' id='word_1_200' title='bbox 2511 1178 2714 1217; x_wconf 85' lang='lat' dir='ltr'><strong>carnem</strong></span> <span class='ocrx_word' id='word_1_201' title='bbox 2776 1179 2931 1218; x_wconf 86' lang='lat' dir='ltr'><strong>uuam</strong></span> <span class='ocrx_word' id='word_1_202' title='bbox 2977 1161 3080 1234; x_wconf 85' lang='lat'><strong>(5).</strong></span> <span class='ocrx_word' id='word_1_203' title='bbox 3126 1162 3518 1218; x_wconf 86' lang='lat' dir='ltr'><strong>Sacramentum</strong></span> <span class='ocrx_word' id='word_1_204' title='bbox 3584 1163 3678 1219; x_wconf 90' lang='lat' dir='ltr'><strong>hoc</strong></span> 
     </span>
    </p>
   </div>
   <div class='ocr_carea' id='block_1_27' title="bbox 2078 1253 3679 1328">
    <p class='ocr_par' dir='ltr' id='par_1_27' title="bbox 2078 1253 3679 1328">
     <span class='ocr_line' id='line_1_27' title="bbox 2078 1253 3679 1328; baseline 0.004 -22"><span class='ocrx_word' id='word_1_205' title='bbox 2078 1269 2320 1324; x_wconf 87' lang='lat' dir='ltr'><strong>magnum</strong></span> <span class='ocrx_word' id='word_1_206' title='bbox 2357 1261 2449 1309; x_wconf 87' lang='lat' dir='ltr'><strong>est.</strong></span> <span class='ocrx_word' id='word_1_207' title='bbox 2492 1253 2706 1311; x_wconf 74' lang='lat' dir='ltr'><strong>Sufﬁcit</strong></span> <span class='ocrx_word' id='word_1_208' title='bbox 2754 1254 2894 1311; x_wconf 89' lang='lat' dir='ltr'><strong>inter</strong></span> <span class='ocrx_word' id='word_1_209' title='bbox 2924 1255 3046 1322; x_wconf 86' lang='lat' dir='ltr'><strong>ista,</strong></span> <span class='ocrx_word' id='word_1_210' title='bbox 3079 1254 3126 1310; x_wconf 90' lang='lat' dir='ltr'><strong>si</strong></span> <span class='ocrx_word' id='word_1_211' title='bbox 3169 1254 3439 1311; x_wconf 87' lang='lat' dir='ltr'><strong>Creatoris</strong></span> <span class='ocrx_word' id='word_1_212' title='bbox 3488 1271 3679 1328; x_wconf 88' lang='lat' dir='ltr'><strong>magna</strong></span> 
     </span>
    </p>
   </div>
   <div class='ocr_carea' id='block_1_28' title="bbox 2079 1343 3681 1417">
    <p class='ocr_par' dir='ltr' id='par_1_28' title="bbox 2079 1343 3681 1417">
     <span class='ocr_line' id='line_1_28' title="bbox 2079 1343 3681 1417; baseline 0.001 -17"><span class='ocrx_word' id='word_1_213' title='bbox 2079 1354 2206 1400; x_wconf 87' lang='lat' dir='ltr'><strong>sunt</strong></span> <span class='ocrx_word' id='word_1_214' title='bbox 2234 1343 2372 1415; x_wconf 90' lang='lat' dir='ltr'><strong>apud</strong></span> <span class='ocrx_word' id='word_1_215' title='bbox 2402 1346 2722 1416; x_wconf 87' lang='lat' dir='ltr'><strong>Apostolum</strong></span> <span class='ocrx_word' id='word_1_216' title='bbox 2754 1356 3117 1412; x_wconf 88' lang='lat' dir='ltr'><strong>sacramenta,</strong></span> <span class='ocrx_word' id='word_1_217' title='bbox 3150 1347 3373 1402; x_wconf 90' lang='lat' dir='ltr'><strong>minima</strong></span> <span class='ocrx_word' id='word_1_218' title='bbox 3400 1347 3539 1417; x_wconf 88' lang='lat' dir='ltr'><strong>apud</strong></span> <span class='ocrx_word' id='word_1_219' title='bbox 3570 1349 3681 1402; x_wconf 71' lang='lat' dir='ltr'><strong>lite-</strong></span> 
     </span>
    </p>
   </div>
   <div class='ocr_carea' id='block_1_29' title="bbox 2079 1435 3681 1511">
    <p class='ocr_par' dir='ltr' id='par_1_29' title="bbox 2079 1435 3681 1511">
     <span class='ocr_line' id='line_1_29' title="bbox 2079 1435 3681 1511; baseline 0.001 -19"><span class='ocrx_word' id='word_1_220' title='bbox 2079 1436 2300 1493; x_wconf 85' lang='lat' dir='ltr'><strong>reticos.</strong></span> <span class='ocrx_word' id='word_1_221' title='bbox 2333 1435 2409 1508; x_wconf 90' lang='lat' dir='ltr'><strong>(a)</strong></span> <span class='ocrx_word' id='word_1_222' title='bbox 2440 1437 2547 1494; x_wconf 88' lang='lat' dir='ltr'><strong>Sed</strong></span> <span class='ocrx_word' id='word_1_223' title='bbox 2576 1456 2667 1511; x_wconf 86' lang='lat' dir='ltr'><strong>ego</strong></span> <span class='ocrx_word' id='word_1_224' title='bbox 2714 1448 2883 1494; x_wconf 89' lang='lat' dir='ltr'><strong>autem</strong></span> <span class='ocrx_word' id='word_1_225' title='bbox 2912 1440 3026 1494; x_wconf 84' lang='lat' dir='ltr'><strong>dico</strong></span> <span class='ocrx_word' id='word_1_226' title='bbox 3052 1480 3068 1506; x_wconf 94' lang='lat'><strong>,</strong></span> <span class='ocrx_word' id='word_1_227' title='bbox 3101 1440 3263 1511; x_wconf 88' lang='lat' dir='ltr'><strong>inquit</strong></span> <span class='ocrx_word' id='word_1_228' title='bbox 3290 1481 3303 1506; x_wconf 88' lang='lat'><strong>,</strong></span> <span class='ocrx_word' id='word_1_229' title='bbox 3331 1440 3384 1493; x_wconf 86' lang='lat' dir='ltr'><strong>in</strong></span> <span class='ocrx_word' id='word_1_230' title='bbox 3422 1438 3681 1495; x_wconf 74' lang='lat' dir='ltr'><strong>Christum</strong></span> 
     </span>
    </p>
   </div>
   <div class='ocr_carea' id='block_1_30' title="bbox 2081 1532 3677 1608">
    <p class='ocr_par' dir='ltr' id='par_1_30' title="bbox 2081 1532 3677 1608">
     <span class='ocr_line' id='line_1_30' title="bbox 2081 1532 3677 1608; baseline 0.001 -20"><span class='ocrx_word' id='word_1_231' title='bbox 2081 1543 2129 1588; x_wconf 93' lang='lat' dir='ltr'><strong>et</strong></span> <span class='ocrx_word' id='word_1_232' title='bbox 2152 1532 2454 1589; x_wconf 84' lang='lat' dir='ltr'><strong>Ecclesium.</strong></span> <span class='ocrx_word' id='word_1_233' title='bbox 2482 1534 2653 1591; x_wconf 83' lang='lat' dir='ltr'><strong>liabet</strong></span> <span class='ocrx_word' id='word_1_234' title='bbox 2681 1535 3179 1608; x_wconf 89' lang='lat' dir='ltr'><strong>interpretationem</strong></span> <span class='ocrx_word' id='word_1_235' title='bbox 3196 1577 3216 1605; x_wconf 69' lang='grc' dir='ltr'><strong><em>ι</em></strong></span> <span class='ocrx_word' id='word_1_236' title='bbox 3244 1550 3353 1590; x_wconf 91' lang='lat' dir='ltr'><strong>non</strong></span> <span class='ocrx_word' id='word_1_237' title='bbox 3381 1533 3677 1605; x_wconf 87' lang='lat' dir='ltr'><strong>separatio-</strong></span> 
     </span>
    </p>
   </div>
   <div class='ocr_carea' id='block_1_31' title="bbox 2082 1627 3680 1700">
    <p class='ocr_par' dir='ltr' id='par_1_31' title="bbox 2082 1627 3680 1700">
     <span class='ocr_line' id='line_1_31' title="bbox 2082 1627 3680 1700; baseline -0.001 -15"><span class='ocrx_word' id='word_1_238' title='bbox 2082 1643 2205 1685; x_wconf 88' lang='lat' dir='ltr'><strong>nem</strong></span> <span class='ocrx_word' id='word_1_239' title='bbox 2237 1629 2579 1684; x_wconf 75' lang='lat' dir='ltr'><strong>sacramenti.</strong></span> <span class='ocrx_word' id='word_1_240' title='bbox 2606 1628 2857 1685; x_wconf 87' lang='lat' dir='ltr'><strong>Ostendit</strong></span> <span class='ocrx_word' id='word_1_241' title='bbox 2888 1628 3111 1700; x_wconf 83' lang='lat' dir='ltr'><strong>ﬁguram</strong></span> <span class='ocrx_word' id='word_1_242' title='bbox 3154 1630 3474 1684; x_wconf 84' lang='lat' dir='ltr'><strong>sacramenti</strong></span> <span class='ocrx_word' id='word_1_243' title='bbox 3514 1627 3583 1683; x_wconf 90' lang='lat' dir='ltr'><strong>ab</strong></span> <span class='ocrx_word' id='word_1_244' title='bbox 3613 1643 3680 1683; x_wconf 91' lang='lat' dir='ltr'><strong>eo</strong></span> 
     </span>
    </p>
   </div>
   <div class='ocr_carea' id='block_1_32' title="bbox 2048 1722 3676 1795">
    <p class='ocr_par' dir='ltr' id='par_1_32' title="bbox 2048 1722 3676 1795">
     <span class='ocr_line' id='line_1_32' title="bbox 2048 1722 3676 1795; baseline -0.002 -16"><span class='ocrx_word' id='word_1_245' title='bbox 2048 1722 2556 1795; x_wconf 72' lang='lat' dir='ltr'><strong>’przeministratum</strong></span> <span class='ocrx_word' id='word_1_246' title='bbox 2595 1764 2609 1789; x_wconf 92' lang='lat'><strong>,</strong></span> <span class='ocrx_word' id='word_1_247' title='bbox 2654 1722 2805 1794; x_wconf 90' lang='lat' dir='ltr'><strong>cujus</strong></span> <span class='ocrx_word' id='word_1_248' title='bbox 2860 1732 2979 1780; x_wconf 87' lang='lat' dir='ltr'><strong>erat</strong></span> <span class='ocrx_word' id='word_1_249' title='bbox 3027 1724 3209 1795; x_wconf 87' lang='lat' dir='ltr'><strong>utique</strong></span> <span class='ocrx_word' id='word_1_250' title='bbox 3257 1730 3676 1779; x_wconf 86' lang='lat' dir='ltr'><strong>sacramentum.</strong></span> 
     </span>
    </p>
   </div>
   <div class='ocr_carea' id='block_1_33' title="bbox 362 1808 3680 1894">
    <p class='ocr_par' dir='ltr' id='par_1_33' title="bbox 362 1808 3680 1894">
     <span class='ocr_line' id='line_1_33' title="bbox 362 1808 3680 1894; baseline 0 -26"><span class='ocrx_word' id='word_1_251' title='bbox 362 1808 575 1868; x_wconf 83' lang='lat' dir='ltr'><strong>Domini</strong></span> <span class='ocrx_word' id='word_1_252' title='bbox 621 1811 750 1886; x_wconf 88' lang='lat' dir='ltr'><strong>(Is.,</strong></span> <span class='ocrx_word' id='word_1_253' title='bbox 795 1812 906 1882; x_wconf 75' lang='grc' dir='ltr'><strong>ιιι,</strong></span> <span class='ocrx_word' id='word_1_254' title='bbox 950 1812 1064 1887; x_wconf 81' lang='grc' dir='ltr'><strong>Η).</strong></span> <span class='ocrx_word' id='word_1_255' title='bbox 1096 1813 1187 1872; x_wconf 89' lang='lat' dir='ltr'><strong>Sic</strong></span> <span class='ocrx_word' id='word_1_256' title='bbox 1225 1822 1315 1884; x_wconf 89' lang='lat' dir='ltr'><strong>et,</strong></span> <span class='ocrx_word' id='word_1_257' title='bbox 1364 1814 1606 1871; x_wconf 86' lang='lat' dir='ltr'><strong>inebriari</strong></span> <span class='ocrx_word' id='word_1_258' title='bbox 1656 1816 1770 1870; x_wconf 79' lang='lat' dir='ltr'><strong>uino</strong></span> <span class='ocrx_word' id='word_1_259' title='bbox 1808 1815 1974 1872; x_wconf 88' lang='lat' dir='ltr'><strong>dede-</strong></span> <span class='ocrx_word' id='word_1_260' title='bbox 2003 1834 2052 1894; x_wconf 79' lang='grc' dir='ltr'><strong>Β</strong></span> <span class='ocrx_word' id='word_1_261' title='bbox 2081 1816 2217 1885; x_wconf 82' lang='lat' dir='ltr'><strong>Quid</strong></span> <span class='ocrx_word' id='word_1_262' title='bbox 2285 1813 2498 1872; x_wconf 85' lang='lat' dir='ltr'><strong>videtur</strong></span> <span class='ocrx_word' id='word_1_263' title='bbox 2573 1815 2874 1871; x_wconf 83' lang='lat' dir='ltr'><strong>Marcioni?</strong></span> <span class='ocrx_word' id='word_1_264' title='bbox 2936 1815 3162 1872; x_wconf 84' lang='lat' dir='ltr'><strong>Creator</strong></span> <span class='ocrx_word' id='word_1_265' title='bbox 3236 1815 3448 1887; x_wconf 87' lang='lat' dir='ltr'><strong>quidem</strong></span> <span class='ocrx_word' id='word_1_266' title='bbox 3496 1816 3680 1887; x_wconf 85' lang='lat' dir='ltr'><strong>ignoto</strong></span> 
     </span>
    </p>
   </div>
   <div class='ocr_carea' id='block_1_34' title="bbox 362 1904 1974 1979">
    <p class='ocr_par' dir='ltr' id='par_1_34' title="bbox 362 1904 1974 1979">
     <span class='ocr_line' id='line_1_34' title="bbox 362 1904 1974 1979; baseline 0.001 -16"><span class='ocrx_word' id='word_1_267' title='bbox 362 1906 482 1963; x_wconf 84' lang='lat' dir='ltr'><strong>cori</strong></span> <span class='ocrx_word' id='word_1_268' title='bbox 552 1904 632 1979; x_wconf 76' lang='lat'><strong>(2)</strong></span> <span class='ocrx_word' id='word_1_269' title='bbox 711 1906 839 1964; x_wconf 90' lang='lat' dir='ltr'><strong>inde</strong></span> <span class='ocrx_word' id='word_1_270' title='bbox 895 1917 1017 1976; x_wconf 87' lang='lat' dir='ltr'><strong>est,</strong></span> <span class='ocrx_word' id='word_1_271' title='bbox 1080 1907 1169 1963; x_wconf 92' lang='lat' dir='ltr'><strong>ubi</strong></span> <span class='ocrx_word' id='word_1_272' title='bbox 1232 1919 1542 1964; x_wconf 91' lang='lat' dir='ltr'><strong>sanctorum</strong></span> <span class='ocrx_word' id='word_1_273' title='bbox 1615 1907 1974 1965; x_wconf 85' lang='lat' dir='ltr'><strong>inebriatores</strong></span> 
     </span>
    </p>
   </div>
   <div class='ocr_carea' id='block_1_35' title="bbox 363 1999 1974 2071">
    <p class='ocr_par' dir='ltr' id='par_1_35' title="bbox 363 1999 1974 2071">
     <span class='ocr_line' id='line_1_35' title="bbox 363 1999 1974 2071; baseline 0.001 -17"><span class='ocrx_word' id='word_1_274' title='bbox 363 1999 764 2070; x_wconf 83' lang='lat' dir='ltr'><strong>increpantur:</strong></span> <span class='ocrx_word' id='word_1_275' title='bbox 812 1999 881 2055; x_wconf 72' lang='lat' dir='ltr'><strong>Et</strong></span> <span class='ocrx_word' id='word_1_276' title='bbox 933 2010 1111 2071; x_wconf 82' lang='lat' dir='ltr'><strong>potum</strong></span> <span class='ocrx_word' id='word_1_277' title='bbox 1162 2000 1366 2056; x_wconf 88' lang='lat' dir='ltr'><strong>dabatis</strong></span> <span class='ocrx_word' id='word_1_278' title='bbox 1403 2001 1596 2056; x_wconf 89' lang='lat' dir='ltr'><strong>sanctis</strong></span> <span class='ocrx_word' id='word_1_279' title='bbox 1631 2001 1758 2057; x_wconf 85' lang='lat' dir='ltr'><strong>meis</strong></span> <span class='ocrx_word' id='word_1_280' title='bbox 1800 2002 1974 2056; x_wconf 83' lang='lat' dir='ltr'><strong>vinum</strong></span> 
     </span>
    </p>
   </div>
   <div class='ocr_carea' id='block_1_36' title="bbox 366 2089 1975 2165">
    <p class='ocr_par' dir='ltr' id='par_1_36' title="bbox 366 2089 1975 2165">
     <span class='ocr_line' id='line_1_36' title="bbox 366 2089 1975 2165; baseline 0.001 -20"><span class='ocrx_word' id='word_1_281' title='bbox 366 2091 549 2164; x_wconf 78' lang='lat' dir='ltr'><strong>(Amos</strong></span> <span class='ocrx_word' id='word_1_282' title='bbox 575 2090 641 2158; x_wconf 87' lang='lat' dir='ltr'><strong>ll,</strong></span> <span class='ocrx_word' id='word_1_283' title='bbox 668 2089 786 2164; x_wconf 72' lang='grc'><strong>12),</strong></span> <span class='ocrx_word' id='word_1_284' title='bbox 809 2094 946 2165; x_wconf 87' lang='lat' dir='ltr'><strong>quod</strong></span> <span class='ocrx_word' id='word_1_285' title='bbox 966 2092 1253 2165; x_wconf 79' lang='lat' dir='ltr'><strong>prohibitus</strong></span> <span class='ocrx_word' id='word_1_286' title='bbox 1273 2103 1383 2148; x_wconf 87' lang='lat' dir='ltr'><strong>erat</strong></span> <span class='ocrx_word' id='word_1_287' title='bbox 1409 2103 1586 2163; x_wconf 82' lang='lat' dir='ltr'><strong>potare</strong></span> <span class='ocrx_word' id='word_1_288' title='bbox 1606 2103 1652 2148; x_wconf 90' lang='lat' dir='ltr'><strong>et</strong></span> <span class='ocrx_word' id='word_1_289' title='bbox 1681 2093 1857 2148; x_wconf 87' lang='lat' dir='ltr'><strong>Aaron</strong></span> <span class='ocrx_word' id='word_1_290' title='bbox 1888 2109 1975 2147; x_wconf 87' lang='lat' dir='ltr'><strong>su-</strong></span> 
     </span>
    </p>
   </div>
   <div class='ocr_carea' id='block_1_37' title="bbox 362 2181 1968 2258">
    <p class='ocr_par' dir='ltr' id='par_1_37' title="bbox 362 2181 1968 2258">
     <span class='ocr_line' id='line_1_37' title="bbox 362 2181 1968 2258; baseline 0.002 -19"><span class='ocrx_word' id='word_1_291' title='bbox 362 2181 568 2250; x_wconf 75' lang='lat' dir='ltr'><strong>cerdtis,</strong></span> <span class='ocrx_word' id='word_1_292' title='bbox 584 2193 631 2238; x_wconf 90' lang='lat' dir='ltr'><strong>et</strong></span> <span class='ocrx_word' id='word_1_293' title='bbox 652 2183 753 2253; x_wconf 75' lang='lat' dir='ltr'><strong>ﬁlii</strong></span> <span class='ocrx_word' id='word_1_294' title='bbox 774 2185 903 2257; x_wconf 86' lang='lat' dir='ltr'><strong>ejus,</strong></span> <span class='ocrx_word' id='word_1_295' title='bbox 925 2201 1041 2240; x_wconf 87' lang='lat' dir='ltr'><strong>cum</strong></span> <span class='ocrx_word' id='word_1_296' title='bbox 1057 2185 1259 2241; x_wconf 87' lang='lat' dir='ltr'><strong>adirent</strong></span> <span class='ocrx_word' id='word_1_297' title='bbox 1278 2187 1347 2240; x_wconf 92' lang='lat' dir='ltr'><strong>ad</strong></span> <span class='ocrx_word' id='word_1_298' title='bbox 1379 2196 1558 2241; x_wconf 89' lang='lat' dir='ltr'><strong>sancta</strong></span> <span class='ocrx_word' id='word_1_299' title='bbox 1578 2184 1755 2258; x_wconf 88' lang='lat' dir='ltr'><strong>(Deut.</strong></span> <span class='ocrx_word' id='word_1_300' title='bbox 1776 2184 1968 2258; x_wconf 83' lang='lat' dir='ltr'><strong>XXII).</strong></span> 
     </span>
    </p>
   </div>
   <div class='ocr_carea' id='block_1_38' title="bbox 368 2274 1972 2349">
    <p class='ocr_par' dir='ltr' id='par_1_38' title="bbox 368 2274 1972 2349">
     <span class='ocr_line' id='line_1_38' title="bbox 368 2274 1972 2349; baseline 0.001 -17"><span class='ocrx_word' id='word_1_301' title='bbox 368 2274 441 2332; x_wconf 83' lang='lat' dir='ltr'><strong>Et</strong></span> <span class='ocrx_word' id='word_1_302' title='bbox 460 2275 689 2331; x_wconf 82' lang='lat' dir='ltr'><strong>Psalmis</strong></span> <span class='ocrx_word' id='word_1_303' title='bbox 718 2287 767 2333; x_wconf 77' lang='lat' dir='ltr'><strong>et</strong></span> <span class='ocrx_word' id='word_1_304' title='bbox 797 2277 1003 2349; x_wconf 80' lang='lat' dir='ltr'><strong>hymnis</strong></span> <span class='ocrx_word' id='word_1_305' title='bbox 1028 2276 1135 2333; x_wconf 88' lang='lat' dir='ltr'><strong>Deo</strong></span> <span class='ocrx_word' id='word_1_306' title='bbox 1160 2293 1341 2332; x_wconf 85' lang='lat' dir='ltr'><strong>canere</strong></span> <span class='ocrx_word' id='word_1_307' title='bbox 1369 2278 1565 2334; x_wconf 90' lang='lat' dir='ltr'><strong>docere</strong></span> <span class='ocrx_word' id='word_1_308' title='bbox 1587 2278 1730 2333; x_wconf 88' lang='lat' dir='ltr'><strong>illius</strong></span> <span class='ocrx_word' id='word_1_309' title='bbox 1757 2287 1861 2344; x_wconf 89' lang='lat' dir='ltr'><strong>est,</strong></span> <span class='ocrx_word' id='word_1_310' title='bbox 1880 2278 1972 2349; x_wconf 92' lang='lat' dir='ltr'><strong>qui</strong></span> 
     </span>
    </p>
   </div>
   <div class='ocr_carea' id='block_1_39' title="bbox 366 2367 1973 2440">
    <p class='ocr_par' dir='ltr' id='par_1_39' title="bbox 366 2367 1973 2440">
     <span class='ocr_line' id='line_1_39' title="bbox 366 2367 1973 2440; baseline 0.002 -19"><span class='ocrx_word' id='word_1_311' title='bbox 366 2381 489 2422; x_wconf 90' lang='lat' dir='ltr'><strong>cum</strong></span> <span class='ocrx_word' id='word_1_312' title='bbox 521 2367 790 2439; x_wconf 79' lang='lat' dir='ltr'><strong>tympanis</strong></span> <span class='ocrx_word' id='word_1_313' title='bbox 845 2369 1022 2440; x_wconf 89' lang='lat' dir='ltr'><strong>potius</strong></span> <span class='ocrx_word' id='word_1_314' title='bbox 1042 2376 1098 2425; x_wconf 86' lang='lat' dir='ltr'><strong>et</strong></span> <span class='ocrx_word' id='word_1_315' title='bbox 1125 2368 1393 2440; x_wconf 87' lang='lat' dir='ltr'><strong>psalteriis</strong></span> <span class='ocrx_word' id='word_1_316' title='bbox 1417 2368 1599 2425; x_wconf 87' lang='lat' dir='ltr'><strong>vinum</strong></span> <span class='ocrx_word' id='word_1_317' title='bbox 1629 2369 1873 2426; x_wconf 87' lang='lat' dir='ltr'><strong>bibentes</strong></span> <span class='ocrx_word' id='word_1_318' title='bbox 1900 2371 1973 2424; x_wconf 90' lang='lat' dir='ltr'><strong>in-</strong></span> 
     </span>
    </p>
   </div>
   <div class='ocr_carea' id='block_1_40' title="bbox 366 2458 1973 2535">
    <p class='ocr_par' dir='ltr' id='par_1_40' title="bbox 366 2458 1973 2535">
     <span class='ocr_line' id='line_1_40' title="bbox 366 2458 1973 2535; baseline 0.001 -20"><span class='ocrx_word' id='word_1_319' title='bbox 366 2460 545 2515; x_wconf 86' lang='lat' dir='ltr'><strong>cusari</strong></span> <span class='ocrx_word' id='word_1_320' title='bbox 576 2476 609 2515; x_wconf 88' lang='lat' dir='ltr'><strong>a</strong></span> <span class='ocrx_word' id='word_1_321' title='bbox 643 2459 755 2517; x_wconf 88' lang='lat' dir='ltr'><strong>Deo</strong></span> <span class='ocrx_word' id='word_1_322' title='bbox 782 2458 887 2535; x_wconf 90' lang='lat' dir='ltr'><strong>(Is.</strong></span> <span class='ocrx_word' id='word_1_323' title='bbox 915 2500 930 2526; x_wconf 90' lang='lat'><strong>,</strong></span> <span class='ocrx_word' id='word_1_324' title='bbox 952 2460 1025 2516; x_wconf 81' lang='lat' dir='ltr'><strong>Xl</strong></span> <span class='ocrx_word' id='word_1_325' title='bbox 1055 2503 1071 2530; x_wconf 95' lang='lat'><strong>,</strong></span> <span class='ocrx_word' id='word_1_326' title='bbox 1098 2459 1190 2533; x_wconf 76' lang='grc'><strong>12)</strong></span> <span class='ocrx_word' id='word_1_327' title='bbox 1219 2470 1399 2516; x_wconf 89' lang='lat' dir='ltr'><strong>norat.</strong></span> <span class='ocrx_word' id='word_1_328' title='bbox 1434 2460 1533 2528; x_wconf 89' lang='lat' dir='ltr'><strong>Ita,</strong></span> <span class='ocrx_word' id='word_1_329' title='bbox 1565 2461 1719 2532; x_wconf 93' lang='lat' dir='ltr'><strong>cujus</strong></span> <span class='ocrx_word' id='word_1_330' title='bbox 1759 2462 1973 2516; x_wconf 86' lang='lat' dir='ltr'><strong>invenio</strong></span> 
     </span>
    </p>
   </div>
   <div class='ocr_carea' id='block_1_41' title="bbox 366 2552 1974 2625">
    <p class='ocr_par' dir='ltr' id='par_1_41' title="bbox 366 2552 1974 2625">
     <span class='ocr_line' id='line_1_41' title="bbox 366 2552 1974 2625; baseline 0.002 -19"><span class='ocrx_word' id='word_1_331' title='bbox 366 2560 636 2623; x_wconf 64' lang='lat' dir='ltr'><strong>pra&#39;cepta</strong></span> <span class='ocrx_word' id='word_1_332' title='bbox 661 2561 719 2608; x_wconf 87' lang='lat' dir='ltr'><strong>et</strong></span> <span class='ocrx_word' id='word_1_333' title='bbox 745 2552 963 2609; x_wconf 80' lang='lat' dir='ltr'><strong>semina‘</strong></span> <span class='ocrx_word' id='word_1_334' title='bbox 989 2563 1384 2625; x_wconf 69' lang='lat' dir='ltr'><strong>praeceptorum</strong></span> <span class='ocrx_word' id='word_1_335' title='bbox 1409 2555 1492 2609; x_wconf 91' lang='lat' dir='ltr'><strong>vel</strong></span> <span class='ocrx_word' id='word_1_336' title='bbox 1517 2562 1825 2625; x_wconf 91' lang='lat' dir='ltr'><strong>augmenta,</strong></span> <span class='ocrx_word' id='word_1_337' title='bbox 1854 2554 1974 2624; x_wconf 86' lang='lat' dir='ltr'><strong>ejus</strong></span> 
     </span>
    </p>
   </div>
   <div class='ocr_carea' id='block_1_42' title="bbox 368 2644 1972 2718">
    <p class='ocr_par' dir='ltr' id='par_1_42' title="bbox 368 2644 1972 2718">
     <span class='ocr_line' id='line_1_42' title="bbox 368 2644 1972 2718; baseline 0.003 -22"><span class='ocrx_word' id='word_1_338' title='bbox 368 2644 672 2714; x_wconf 86' lang='lat' dir='ltr'><strong>apostolum</strong></span> <span class='ocrx_word' id='word_1_339' title='bbox 698 2659 957 2717; x_wconf 86' lang='lat' dir='ltr'><strong>agnosco.</strong></span> <span class='ocrx_word' id='word_1_340' title='bbox 984 2644 1281 2714; x_wconf 60' lang='lat' dir='ltr'><strong>Cmterum,</strong></span> <span class='ocrx_word' id='word_1_341' title='bbox 1310 2646 1549 2700; x_wconf 85' lang='lat' dir='ltr'><strong>mulieres</strong></span> <span class='ocrx_word' id='word_1_342' title='bbox 1575 2645 1696 2700; x_wconf 86' lang='lat' dir='ltr'><strong>viris</strong></span> <span class='ocrx_word' id='word_1_343' title='bbox 1720 2645 1972 2718; x_wconf 86' lang='lat' dir='ltr'><strong>subjectus</strong></span> 
     </span>
    </p>
   </div>
   <div class='ocr_carea' id='block_1_43' title="bbox 366 2735 1972 2809">
    <p class='ocr_par' dir='ltr' id='par_1_43' title="bbox 366 2735 1972 2809">
     <span class='ocr_line' id='line_1_43' title="bbox 366 2735 1972 2809; baseline 0 -17"><span class='ocrx_word' id='word_1_344' title='bbox 366 2752 479 2792; x_wconf 85' lang='lat' dir='ltr'><strong>esse</strong></span> <span class='ocrx_word' id='word_1_345' title='bbox 512 2736 712 2803; x_wconf 84' lang='lat' dir='ltr'><strong>debere,</strong></span> <span class='ocrx_word' id='word_1_346' title='bbox 746 2736 890 2794; x_wconf 90' lang='lat' dir='ltr'><strong>unde</strong></span> <span class='ocrx_word' id='word_1_347' title='bbox 918 2738 1250 2793; x_wconf 86' lang='lat' dir='ltr'><strong>conﬁrmat?</strong></span> <span class='ocrx_word' id='word_1_348' title='bbox 1282 2736 1545 2805; x_wconf 36' lang='lat' dir='ltr'><strong>Quiu’vir,</strong></span> <span class='ocrx_word' id='word_1_349' title='bbox 1581 2735 1772 2809; x_wconf 89' lang='lat' dir='ltr'><strong>inquit,</strong></span> <span class='ocrx_word' id='word_1_350' title='bbox 1815 2748 1972 2809; x_wconf 83' lang='lat' dir='ltr'><strong>caput</strong></span> 
     </span>
    </p>
   </div>
   <div class='ocr_carea' id='block_1_44' title="bbox 366 2831 1973 2905">
    <p class='ocr_par' dir='ltr' id='par_1_44' title="bbox 366 2831 1973 2905">
     <span class='ocr_line' id='line_1_44' title="bbox 366 2831 1973 2905; baseline 0.001 -18"><span class='ocrx_word' id='word_1_351' title='bbox 366 2842 444 2887; x_wconf 88' lang='lat' dir='ltr'><strong>cst</strong></span> <span class='ocrx_word' id='word_1_352' title='bbox 471 2831 722 2887; x_wconf 80' lang='lat' dir='ltr'><strong>mulieris.</strong></span> <span class='ocrx_word' id='word_1_353' title='bbox 756 2832 850 2889; x_wconf 90' lang='lat' dir='ltr'><strong>Dic</strong></span> <span class='ocrx_word' id='word_1_354' title='bbox 874 2832 1044 2901; x_wconf 90' lang='lat' dir='ltr'><strong>mihi,</strong></span> <span class='ocrx_word' id='word_1_355' title='bbox 1072 2832 1307 2889; x_wconf 79' lang='lat' dir='ltr'><strong>Marcion</strong></span> <span class='ocrx_word' id='word_1_356' title='bbox 1329 2875 1345 2901; x_wconf 89' lang='lat'><strong>,</strong></span> <span class='ocrx_word' id='word_1_357' title='bbox 1376 2832 1448 2889; x_wconf 90' lang='lat' dir='ltr'><strong>de</strong></span> <span class='ocrx_word' id='word_1_358' title='bbox 1491 2848 1656 2905; x_wconf 89' lang='lat' dir='ltr'><strong>opere</strong></span> <span class='ocrx_word' id='word_1_359' title='bbox 1698 2832 1973 2888; x_wconf 80' lang='lat' dir='ltr'><strong>Creatoris</strong></span> 
     </span>
    </p>
   </div>
   <div class='ocr_carea' id='block_1_45' title="bbox 369 2924 1970 2998">
    <p class='ocr_par' dir='ltr' id='par_1_45' title="bbox 369 2924 1970 2998">
     <span class='ocr_line' id='line_1_45' title="bbox 369 2924 1970 2998; baseline -0.002 -16"><span class='ocrx_word' id='word_1_360' title='bbox 369 2926 519 2983; x_wconf 86' lang='lat' dir='ltr'><strong>Deus</strong></span> <span class='ocrx_word' id='word_1_361' title='bbox 537 2933 662 2981; x_wconf 88' lang='lat' dir='ltr'><strong>tuus</strong></span> <span class='ocrx_word' id='word_1_362' title='bbox 690 2924 795 2998; x_wconf 92' lang='lat' dir='ltr'><strong>legi</strong></span> <span class='ocrx_word' id='word_1_363' title='bbox 844 2941 957 2981; x_wconf 70' lang='lat' dir='ltr'><strong>sua:</strong></span> <span class='ocrx_word' id='word_1_364' title='bbox 1002 2925 1232 2981; x_wconf 88' lang='lat' dir='ltr'><strong>adstruit</strong></span> <span class='ocrx_word' id='word_1_365' title='bbox 1273 2925 1693 2982; x_wconf 79' lang='lat' dir='ltr'><strong>auctoritatem?</strong></span> <span class='ocrx_word' id='word_1_366' title='bbox 1720 2925 1836 2981; x_wconf 83' lang='lat' dir='ltr'><strong>Hoc</strong></span> <span class='ocrx_word' id='word_1_367' title='bbox 1859 2924 1970 2995; x_wconf 88' lang='lat' dir='ltr'><strong>jam</strong></span> 
     </span>
    </p>
   </div>
   <div class='ocr_carea' id='block_1_46' title="bbox 367 3017 1971 3093">
    <p class='ocr_par' dir='ltr' id='par_1_46' title="bbox 367 3017 1971 3093">
     <span class='ocr_line' id='line_1_46' title="bbox 367 3017 1971 3093; baseline -0.002 -17"><span class='ocrx_word' id='word_1_368' title='bbox 367 3021 532 3093; x_wconf 84' lang='lat' dir='ltr'><strong>plane</strong></span> <span class='ocrx_word' id='word_1_369' title='bbox 554 3020 734 3076; x_wconf 89' lang='lat' dir='ltr'><strong>minus</strong></span> <span class='ocrx_word' id='word_1_370' title='bbox 754 3028 861 3089; x_wconf 90' lang='lat' dir='ltr'><strong>est,</strong></span> <span class='ocrx_word' id='word_1_371' title='bbox 891 3034 1013 3076; x_wconf 87' lang='lat' dir='ltr'><strong>cum</strong></span> <span class='ocrx_word' id='word_1_372' title='bbox 1041 3028 1097 3076; x_wconf 90' lang='lat' dir='ltr'><strong>et</strong></span> <span class='ocrx_word' id='word_1_373' title='bbox 1122 3020 1224 3092; x_wconf 87' lang='lat' dir='ltr'><strong>ipsi</strong></span> <span class='ocrx_word' id='word_1_374' title='bbox 1249 3017 1468 3076; x_wconf 87' lang='lat' dir='ltr'><strong>Christo</strong></span> <span class='ocrx_word' id='word_1_375' title='bbox 1497 3034 1596 3076; x_wconf 90' lang='lat' dir='ltr'><strong>suo</strong></span> <span class='ocrx_word' id='word_1_376' title='bbox 1624 3027 1680 3076; x_wconf 89' lang='lat' dir='ltr'><strong>et</strong></span> <span class='ocrx_word' id='word_1_377' title='bbox 1710 3018 1971 3075; x_wconf 67' lang='lat' dir='ltr'><strong>Ecclesiae</strong></span> 
     </span>
    </p>
   </div>
   <div class='ocr_carea' id='block_1_47' title="bbox 370 3111 1970 3183">
    <p class='ocr_par' dir='ltr' id='par_1_47' title="bbox 370 3111 1970 3183">
     <span class='ocr_line' id='line_1_47' title="bbox 370 3111 1970 3183; baseline -0.002 -15"><span class='ocrx_word' id='word_1_378' title='bbox 370 3111 499 3183; x_wconf 83' lang='lat' dir='ltr'><strong>ejus</strong></span> <span class='ocrx_word' id='word_1_379' title='bbox 541 3111 664 3168; x_wconf 87' lang='lat' dir='ltr'><strong>inde</strong></span> <span class='ocrx_word' id='word_1_380' title='bbox 692 3118 888 3168; x_wconf 81' lang='lat' dir='ltr'><strong>statum</strong></span> <span class='ocrx_word' id='word_1_381' title='bbox 910 3111 1116 3169; x_wconf 89' lang='lat' dir='ltr'><strong>sumit:</strong></span> <span class='ocrx_word' id='word_1_382' title='bbox 1151 3111 1299 3168; x_wconf 88' lang='lat' dir='ltr'><strong>Sicut</strong></span> <span class='ocrx_word' id='word_1_383' title='bbox 1337 3122 1385 3167; x_wconf 87' lang='lat' dir='ltr'><strong>et</strong></span> <span class='ocrx_word' id='word_1_384' title='bbox 1430 3111 1666 3168; x_wconf 82' lang='lat' dir='ltr'><strong>Christus</strong></span> <span class='ocrx_word' id='word_1_385' title='bbox 1706 3119 1863 3182; x_wconf 86' lang='lat' dir='ltr'><strong>caput</strong></span> <span class='ocrx_word' id='word_1_386' title='bbox 1896 3119 1970 3165; x_wconf 87' lang='lat' dir='ltr'><strong>est</strong></span> 
     </span>
    </p>
   </div>
   <div class='ocr_carea' id='block_1_48' title="bbox 2078 1907 3680 1982">
    <p class='ocr_par' dir='ltr' id='par_1_48' title="bbox 2078 1907 3680 1982">
     <span class='ocr_line' id='line_1_48' title="bbox 2078 1907 3680 1982; baseline -0.003 -17"><span class='ocrx_word' id='word_1_387' title='bbox 2078 1910 2188 1966; x_wconf 93' lang='lat' dir='ltr'><strong>Deo</strong></span> <span class='ocrx_word' id='word_1_388' title='bbox 2240 1910 2438 1982; x_wconf 87' lang='lat' dir='ltr'><strong>ﬁguras</strong></span> <span class='ocrx_word' id='word_1_389' title='bbox 2487 1907 2906 1980; x_wconf 64' lang='lat' dir='ltr'><strong>praeministrare</strong></span> <span class='ocrx_word' id='word_1_390' title='bbox 2948 1925 3052 1963; x_wconf 90' lang='lat' dir='ltr'><strong>non</strong></span> <span class='ocrx_word' id='word_1_391' title='bbox 3087 1909 3295 1979; x_wconf 90' lang='lat' dir='ltr'><strong>potuit;</strong></span> <span class='ocrx_word' id='word_1_392' title='bbox 3340 1908 3503 1963; x_wconf 88' lang='lat' dir='ltr'><strong>etiam</strong></span> <span class='ocrx_word' id='word_1_393' title='bbox 3554 1907 3680 1978; x_wconf 85' lang='lat' dir='ltr'><strong>quia</strong></span> 
     </span>
    </p>
   </div>
   <div class='ocr_carea' id='block_1_49' title="bbox 2078 1982 3682 2072">
    <p class='ocr_par' dir='ltr' id='par_1_49' title="bbox 2078 1982 3682 2072">
     <span class='ocr_line' id='line_1_49' title="bbox 2078 1982 3682 2072; baseline -0.002 -15"><span class='ocrx_word' id='word_1_394' title='bbox 2078 2002 2412 2059; x_wconf 89' lang='lat' dir='ltr'><strong>adversario.</strong></span> <span class='ocrx_word' id='word_1_395' title='bbox 2448 2001 2504 2059; x_wconf 91' lang='lat' dir='ltr'><strong>Si</strong></span> <span class='ocrx_word' id='word_1_396' title='bbox 2538 2013 2704 2070; x_wconf 91' lang='lat' dir='ltr'><strong>noto,</strong></span> <span class='ocrx_word' id='word_1_397' title='bbox 2732 1982 2882 2058; x_wconf 46' lang='lat' dir='ltr'><strong>‘Deus</strong></span> <span class='ocrx_word' id='word_1_398' title='bbox 2910 2002 3158 2072; x_wconf 86' lang='lat' dir='ltr'><strong>superior</strong></span> <span class='ocrx_word' id='word_1_399' title='bbox 3200 2000 3269 2055; x_wconf 89' lang='lat' dir='ltr'><strong>ab</strong></span> <span class='ocrx_word' id='word_1_400' title='bbox 3313 2000 3592 2066; x_wconf 80' lang='lat' dir='ltr'><strong>inferiore,</strong></span> <span class='ocrx_word' id='word_1_401' title='bbox 3626 2007 3682 2055; x_wconf 90' lang='lat' dir='ltr'><strong>et</strong></span> 
     </span>
    </p>
   </div>
   <div class='ocr_carea' id='block_1_50' title="bbox 2074 2090 3679 2164">
    <p class='ocr_par' dir='ltr' id='par_1_50' title="bbox 2074 2090 3679 2164">
     <span class='ocr_line' id='line_1_50' title="bbox 2074 2090 3679 2164; baseline -0.002 -15"><span class='ocrx_word' id='word_1_402' title='bbox 2074 2094 2143 2150; x_wconf 87' lang='lat' dir='ltr'><strong>ad</strong></span> <span class='ocrx_word' id='word_1_403' title='bbox 2169 2092 2554 2150; x_wconf 88' lang='lat' dir='ltr'><strong>destruendum</strong></span> <span class='ocrx_word' id='word_1_404' title='bbox 2594 2093 2801 2164; x_wconf 78' lang='lat' dir='ltr'><strong>potius,</strong></span> <span class='ocrx_word' id='word_1_405' title='bbox 2836 2094 3068 2148; x_wconf 87' lang='lat' dir='ltr'><strong>mutuari</strong></span> <span class='ocrx_word' id='word_1_406' title='bbox 3102 2093 3233 2147; x_wconf 89' lang='lat' dir='ltr'><strong>nihil</strong></span> <span class='ocrx_word' id='word_1_407' title='bbox 3264 2092 3471 2148; x_wconf 79' lang='lat' dir='ltr'><strong>debuit.</strong></span> <span class='ocrx_word' id='word_1_408' title='bbox 3505 2090 3679 2147; x_wconf 85' lang='lat' dir='ltr'><strong>Obau-</strong></span> 
     </span>
    </p>
   </div>
   <div class='ocr_carea' id='block_1_51' title="bbox 2075 2184 3676 2261">
    <p class='ocr_par' dir='ltr' id='par_1_51' title="bbox 2075 2184 3676 2261">
     <span class='ocr_line' id='line_1_51' title="bbox 2075 2184 3676 2261; baseline -0.002 -19"><span class='ocrx_word' id='word_1_409' title='bbox 2075 2188 2221 2242; x_wconf 79' lang='lat' dir='ltr'><strong>diam</strong></span> <span class='ocrx_word' id='word_1_410' title='bbox 2257 2197 2307 2243; x_wconf 89' lang='lat' dir='ltr'><strong>et</strong></span> <span class='ocrx_word' id='word_1_411' title='bbox 2351 2186 2649 2261; x_wconf 83' lang='lat' dir='ltr'><strong>parentibus</strong></span> <span class='ocrx_word' id='word_1_412' title='bbox 2675 2187 2793 2257; x_wconf 82' lang='lat' dir='ltr'><strong>ﬁlii.</strong></span> <span class='ocrx_word' id='word_1_413' title='bbox 2824 2185 2957 2242; x_wconf 87' lang='lat' dir='ltr'><strong>Nam</strong></span> <span class='ocrx_word' id='word_1_414' title='bbox 2986 2186 3107 2244; x_wconf 89' lang='lat' dir='ltr'><strong>etsi</strong></span> <span class='ocrx_word' id='word_1_415' title='bbox 3146 2184 3386 2241; x_wconf 82' lang='lat' dir='ltr'><strong>Marcion</strong></span> <span class='ocrx_word' id='word_1_416' title='bbox 3416 2184 3676 2251; x_wconf 89' lang='lat' dir='ltr'><strong>abstulit,</strong></span> 
     </span>
    </p>
   </div>
   <div class='ocr_carea' id='block_1_52' title="bbox 2078 2276 3679 2348">
    <p class='ocr_par' dir='ltr' id='par_1_52' title="bbox 2078 2276 3679 2348">
     <span class='ocr_line' id='line_1_52' title="bbox 2078 2276 3679 2348; baseline 0 -16"><span class='ocrx_word' id='word_1_417' title='bbox 2078 2277 2196 2333; x_wconf 78' lang='lat' dir='ltr'><strong>Hoc</strong></span> <span class='ocrx_word' id='word_1_418' title='bbox 2215 2288 2287 2333; x_wconf 89' lang='lat' dir='ltr'><strong>est</strong></span> <span class='ocrx_word' id='word_1_419' title='bbox 2311 2282 2450 2332; x_wconf 85' lang='lat' dir='ltr'><strong>enim</strong></span> <span class='ocrx_word' id='word_1_420' title='bbox 2488 2282 2719 2348; x_wconf 81' lang='lat' dir='ltr'><strong>primum</strong></span> <span class='ocrx_word' id='word_1_421' title='bbox 2761 2279 2815 2332; x_wconf 87' lang='lat' dir='ltr'><strong>in</strong></span> <span class='ocrx_word' id='word_1_422' title='bbox 2840 2278 3174 2348; x_wconf 80' lang='lat' dir='ltr'><strong>promissione</strong></span> <span class='ocrx_word' id='word_1_423' title='bbox 3210 2288 3536 2348; x_wconf 72' lang='lat' dir='ltr'><strong>prteceptum.</strong></span> <span class='ocrx_word' id='word_1_424' title='bbox 3567 2276 3679 2332; x_wconf 81' lang='lat' dir='ltr'><strong>Lex</strong></span> 
     </span>
    </p>
   </div>
   <div class='ocr_carea' id='block_1_53' title="bbox 2075 2366 3675 2445">
    <p class='ocr_par' dir='ltr' id='par_1_53' title="bbox 2075 2366 3675 2445">
     <span class='ocr_line' id='line_1_53' title="bbox 2075 2366 3675 2445; baseline -0.001 -18"><span class='ocrx_word' id='word_1_425' title='bbox 2075 2369 2312 2443; x_wconf 88' lang='lat' dir='ltr'><strong>loquitur</strong></span> <span class='ocrx_word' id='word_1_426' title='bbox 2361 2369 2590 2445; x_wconf 57' lang='lat' dir='ltr'><strong>(Exod,</strong></span> <span class='ocrx_word' id='word_1_427' title='bbox 2645 2366 2812 2440; x_wconf 78' lang='lat' dir='ltr'><strong>XX);</strong></span> <span class='ocrx_word' id='word_1_428' title='bbox 2858 2370 3072 2425; x_wconf 86' lang='lat' dir='ltr'><strong>Honora</strong></span> <span class='ocrx_word' id='word_1_429' title='bbox 3122 2380 3316 2441; x_wconf 82' lang='lat' dir='ltr'><strong>patrem</strong></span> <span class='ocrx_word' id='word_1_430' title='bbox 3356 2379 3402 2425; x_wconf 90' lang='lat' dir='ltr'><strong>et</strong></span> <span class='ocrx_word' id='word_1_431' title='bbox 3442 2380 3675 2425; x_wconf 89' lang='lat' dir='ltr'><strong>matrem.</strong></span> 
     </span>
    </p>
   </div>
   <div class='ocr_carea' id='block_1_54' title="bbox 2076 2463 3681 2535">
    <p class='ocr_par' dir='ltr' id='par_1_54' title="bbox 2076 2463 3681 2535">
     <span class='ocr_line' id='line_1_54' title="bbox 2076 2463 3681 2535; baseline 0 -16"><span class='ocrx_word' id='word_1_432' title='bbox 2076 2464 2178 2519; x_wconf 88' lang='lat' dir='ltr'><strong>Et:</strong></span> <span class='ocrx_word' id='word_1_433' title='bbox 2215 2463 2492 2531; x_wconf 83' lang='lat' dir='ltr'><strong>Parentes,</strong></span> <span class='ocrx_word' id='word_1_434' title='bbox 2520 2465 2736 2520; x_wconf 83' lang='lat' dir='ltr'><strong>enutrite</strong></span> <span class='ocrx_word' id='word_1_435' title='bbox 2761 2463 2897 2534; x_wconf 82' lang='lat' dir='ltr'><strong>ﬁlios</strong></span> <span class='ocrx_word' id='word_1_436' title='bbox 2928 2464 2980 2518; x_wconf 90' lang='lat' dir='ltr'><strong>in</strong></span> <span class='ocrx_word' id='word_1_437' title='bbox 3000 2463 3275 2535; x_wconf 83' lang='lat' dir='ltr'><strong>disciplina</strong></span> <span class='ocrx_word' id='word_1_438' title='bbox 3293 2474 3340 2518; x_wconf 90' lang='lat' dir='ltr'><strong>et</strong></span> <span class='ocrx_word' id='word_1_439' title='bbox 3364 2465 3681 2535; x_wconf 81' lang='lat' dir='ltr'><strong>correptione</strong></span> 
     </span>
    </p>
   </div>
   <div class='ocr_carea' id='block_1_55' title="bbox 2078 2556 3678 2616">
    <p class='ocr_par' dir='ltr' id='par_1_55' title="bbox 2078 2556 3678 2616">
     <span class='ocr_line' id='line_1_55' title="bbox 2078 2556 3678 2616; baseline -0.003 -1"><span class='ocrx_word' id='word_1_440' title='bbox 2078 2559 2311 2615; x_wconf 90' lang='lat' dir='ltr'><strong>Domini.</strong></span> <span class='ocrx_word' id='word_1_441' title='bbox 2347 2558 2559 2615; x_wconf 82' lang='lat' dir='ltr'><strong>Audisti</strong></span> <span class='ocrx_word' id='word_1_442' title='bbox 2590 2560 2733 2614; x_wconf 90' lang='lat' dir='ltr'><strong>enim</strong></span> <span class='ocrx_word' id='word_1_443' title='bbox 2765 2568 2821 2614; x_wconf 89' lang='lat' dir='ltr'><strong>et</strong></span> <span class='ocrx_word' id='word_1_444' title='bbox 2847 2557 3123 2615; x_wconf 87' lang='lat' dir='ltr'><strong>veteribus</strong></span> <span class='ocrx_word' id='word_1_445' title='bbox 3150 2558 3351 2614; x_wconf 89' lang='lat' dir='ltr'><strong>dictum</strong></span> <span class='ocrx_word' id='word_1_446' title='bbox 3378 2579 3391 2616; x_wconf 91' lang='lat'>:</span> <span class='ocrx_word' id='word_1_447' title='bbox 3427 2556 3678 2613; x_wconf 83' lang='lat' dir='ltr'><strong>Narrabi-</strong></span> 
     </span>
    </p>
   </div>
   <div class='ocr_carea' id='block_1_56' title="bbox 2076 2648 3678 2719">
    <p class='ocr_par' dir='ltr' id='par_1_56' title="bbox 2076 2648 3678 2719">
     <span class='ocr_line' id='line_1_56' title="bbox 2076 2648 3678 2719; baseline -0.001 -16"><span class='ocrx_word' id='word_1_448' title='bbox 2076 2650 2141 2705; x_wconf 89' lang='lat' dir='ltr'><strong>tis</strong></span> <span class='ocrx_word' id='word_1_449' title='bbox 2188 2651 2299 2705; x_wconf 74' lang='lat' dir='ltr'><strong>lucc</strong></span> <span class='ocrx_word' id='word_1_450' title='bbox 2350 2649 2402 2703; x_wconf 88' lang='lat' dir='ltr'><strong>in</strong></span> <span class='ocrx_word' id='word_1_451' title='bbox 2428 2651 2641 2704; x_wconf 86' lang='lat' dir='ltr'><strong>auribus</strong></span> <span class='ocrx_word' id='word_1_452' title='bbox 2669 2648 2894 2712; x_wconf 82' lang='lat' dir='ltr'><strong>ﬁliorum</strong></span> <span class='ocrx_word' id='word_1_453' title='bbox 2936 2658 3252 2718; x_wconf 83' lang='lat' dir='ltr'><strong>vestrorum,</strong></span> <span class='ocrx_word' id='word_1_454' title='bbox 3299 2659 3345 2703; x_wconf 93' lang='lat' dir='ltr'><strong>et</strong></span> <span class='ocrx_word' id='word_1_455' title='bbox 3389 2648 3487 2719; x_wconf 82' lang='lat' dir='ltr'><strong>ﬁlii</strong></span> <span class='ocrx_word' id='word_1_456' title='bbox 3531 2650 3678 2703; x_wconf 86' lang='lat' dir='ltr'><strong>vestri</strong></span> 
     </span>
    </p>
   </div>
   <div class='ocr_carea' id='block_1_57' title="bbox 2074 2741 3676 2815">
    <p class='ocr_par' dir='ltr' id='par_1_57' title="bbox 2074 2741 3676 2815">
     <span class='ocr_line' id='line_1_57' title="bbox 2074 2741 3676 2815; baseline 0.001 -17"><span class='ocrx_word' id='word_1_457' title='bbox 2074 2760 2216 2815; x_wconf 68' lang='lat' dir='ltr'><strong>aeque</strong></span> <span class='ocrx_word' id='word_1_458' title='bbox 2243 2744 2297 2798; x_wconf 88' lang='lat' dir='ltr'><strong>in</strong></span> <span class='ocrx_word' id='word_1_459' title='bbox 2325 2743 2539 2798; x_wconf 83' lang='lat' dir='ltr'><strong>auribus</strong></span> <span class='ocrx_word' id='word_1_460' title='bbox 2593 2741 2674 2815; x_wconf 81' lang='grc'>(6)</span> <span class='ocrx_word' id='word_1_461' title='bbox 2729 2744 2955 2812; x_wconf 81' lang='lat' dir='ltr'><strong>ﬁliorum</strong></span> <span class='ocrx_word' id='word_1_462' title='bbox 2981 2760 3208 2798; x_wconf 89' lang='lat' dir='ltr'><strong>suorum.</strong></span> <span class='ocrx_word' id='word_1_463' title='bbox 3241 2742 3359 2811; x_wconf 87' lang='lat' dir='ltr'><strong>Quo</strong></span> <span class='ocrx_word' id='word_1_464' title='bbox 3402 2743 3513 2813; x_wconf 91' lang='lat' dir='ltr'><strong>jam</strong></span> <span class='ocrx_word' id='word_1_465' title='bbox 3547 2743 3676 2799; x_wconf 89' lang='lat' dir='ltr'><strong>mihi</strong></span> 
     </span>
    </p>
   </div>
   <div class='ocr_carea' id='block_1_58' title="bbox 2073 2835 3677 2907">
    <p class='ocr_par' dir='ltr' id='par_1_58' title="bbox 2073 2835 3677 2907">
     <span class='ocr_line' id='line_1_58' title="bbox 2073 2835 3677 2907; baseline -0.002 -13"><span class='ocrx_word' id='word_1_466' title='bbox 2073 2838 2209 2895; x_wconf 91' lang='lat' dir='ltr'><strong>duos</strong></span> <span class='ocrx_word' id='word_1_467' title='bbox 2233 2839 2390 2907; x_wconf 86' lang='lat' dir='ltr'><strong>Deos,</strong></span> <span class='ocrx_word' id='word_1_468' title='bbox 2418 2838 2465 2893; x_wconf 90' lang='lat' dir='ltr'><strong>si</strong></span> <span class='ocrx_word' id='word_1_469' title='bbox 2492 2853 2596 2893; x_wconf 85' lang='lat' dir='ltr'><strong>una</strong></span> <span class='ocrx_word' id='word_1_470' title='bbox 2624 2836 3001 2907; x_wconf 89' lang='lat' dir='ltr'><strong>estdisciplina</strong></span> <span class='ocrx_word' id='word_1_471' title='bbox 3020 2837 3044 2891; x_wconf 75' lang='lat' dir='ltr'><strong>‘t</strong></span> <span class='ocrx_word' id='word_1_472' title='bbox 3063 2846 3117 2893; x_wconf 89' lang='lat' dir='ltr'><strong>et</strong></span> <span class='ocrx_word' id='word_1_473' title='bbox 3145 2837 3189 2891; x_wconf 93' lang='lat' dir='ltr'><strong>si</strong></span> <span class='ocrx_word' id='word_1_474' title='bbox 3216 2835 3323 2891; x_wconf 91' lang='lat' dir='ltr'><strong>duo</strong></span> <span class='ocrx_word' id='word_1_475' title='bbox 3351 2845 3499 2903; x_wconf 90' lang='lat' dir='ltr'><strong>sunt,</strong></span> <span class='ocrx_word' id='word_1_476' title='bbox 3526 2836 3677 2891; x_wconf 91' lang='lat' dir='ltr'><strong>illum</strong></span> 
     </span>
    </p>
   </div>
   <div class='ocr_carea' id='block_1_59' title="bbox 2072 2924 3677 3002">
    <p class='ocr_par' dir='ltr' id='par_1_59' title="bbox 2072 2924 3677 3002">
     <span class='ocr_line' id='line_1_59' title="bbox 2072 2924 3677 3002; baseline -0.002 -15"><span class='ocrx_word' id='word_1_477' title='bbox 2072 2946 2275 3002; x_wconf 88' lang='lat' dir='ltr'><strong>sequar</strong></span> <span class='ocrx_word' id='word_1_478' title='bbox 2303 2929 2392 3001; x_wconf 89' lang='lat' dir='ltr'><strong>qui</strong></span> <span class='ocrx_word' id='word_1_479' title='bbox 2417 2929 2564 3000; x_wconf 90' lang='lat' dir='ltr'><strong>prior</strong></span> <span class='ocrx_word' id='word_1_480' title='bbox 2594 2927 2799 2984; x_wconf 89' lang='lat' dir='ltr'><strong>docuit.</strong></span> <span class='ocrx_word' id='word_1_481' title='bbox 2831 2924 2937 2983; x_wconf 90' lang='lat' dir='ltr'><strong>Sed</strong></span> <span class='ocrx_word' id='word_1_482' title='bbox 2959 2927 3220 2982; x_wconf 86' lang='lat' dir='ltr'><strong>adversus</strong></span> <span class='ocrx_word' id='word_1_483' title='bbox 3243 2925 3677 2983; x_wconf 88' lang='lat' dir='ltr'><strong>munditeneutes</strong></span> 
     </span>
    </p>
   </div>
   <div class='ocr_carea' id='block_1_60' title="bbox 2072 3018 3679 3092">
    <p class='ocr_par' dir='ltr' id='par_1_60' title="bbox 2072 3018 3679 3092">
     <span class='ocr_line' id='line_1_60' title="bbox 2072 3018 3679 3092; baseline -0.002 -14"><span class='ocrx_word' id='word_1_484' title='bbox 2072 3022 2292 3079; x_wconf 89' lang='lat' dir='ltr'><strong>luctatio</strong></span> <span class='ocrx_word' id='word_1_485' title='bbox 2337 3023 2382 3079; x_wconf 91' lang='lat' dir='ltr'><strong>si</strong></span> <span class='ocrx_word' id='word_1_486' title='bbox 2433 3021 2619 3087; x_wconf 89' lang='lat' dir='ltr'><strong>nobis,</strong></span> <span class='ocrx_word' id='word_1_487' title='bbox 2651 3036 2685 3075; x_wconf 91' lang='grc' dir='ltr'>ο</span> <span class='ocrx_word' id='word_1_488' title='bbox 2713 3021 2900 3092; x_wconf 89' lang='lat' dir='ltr'><strong>quanti</strong></span> <span class='ocrx_word' id='word_1_489' title='bbox 2946 3018 3057 3091; x_wconf 91' lang='lat' dir='ltr'><strong>jam</strong></span> <span class='ocrx_word' id='word_1_490' title='bbox 3106 3019 3186 3074; x_wconf 92' lang='lat' dir='ltr'><strong>Dii</strong></span> <span class='ocrx_word' id='word_1_491' title='bbox 3229 3019 3679 3076; x_wconf 85' lang='lat' dir='ltr'><strong>creatoreleur</strong></span> 
     </span>
    </p>
   </div>
   <div class='ocr_carea' id='block_1_61' title="bbox 2072 3109 3676 3178">
    <p class='ocr_par' dir='ltr' id='par_1_61' title="bbox 2072 3109 3676 3178">
     <span class='ocr_line' id='line_1_61' title="bbox 2072 3109 3676 3178; baseline -0.002 -7"><span class='ocrx_word' id='word_1_492' title='bbox 2072 3115 2214 3172; x_wconf 92' lang='lat' dir='ltr'><strong>enim</strong></span> <span class='ocrx_word' id='word_1_493' title='bbox 2260 3130 2365 3170; x_wconf 93' lang='lat' dir='ltr'><strong>non</strong></span> <span class='ocrx_word' id='word_1_494' title='bbox 2413 3124 2468 3169; x_wconf 90' lang='lat' dir='ltr'><strong>et</strong></span> <span class='ocrx_word' id='word_1_495' title='bbox 2519 3114 2622 3169; x_wconf 88' lang='lat' dir='ltr'><strong>hoc</strong></span> <span class='ocrx_word' id='word_1_496' title='bbox 2651 3111 2950 3178; x_wconf 89' lang='lat' dir='ltr'><strong>vindicem,</strong></span> <span class='ocrx_word' id='word_1_497' title='bbox 3005 3126 3170 3167; x_wconf 90' lang='lat' dir='ltr'><strong>unum</strong></span> <span class='ocrx_word' id='word_1_498' title='bbox 3212 3109 3676 3168; x_wconf 87' lang='lat' dir='ltr'><strong>munditeneutem</strong></span> 
     </span>
    </p>
   </div>
   <div class='ocr_carea' id='block_1_62' title="bbox 378 3202 3678 3292">
    <p class='ocr_par' dir='ltr' id='par_1_62' title="bbox 378 3202 3678 3292">
     <span class='ocr_line' id='line_1_62' title="bbox 378 3202 3678 3292; baseline -0.001 -31"><span class='ocrx_word' id='word_1_499' title='bbox 378 3206 652 3263; x_wconf 63' lang='lat' dir='ltr'><strong>Ecclesia.</strong></span> <span class='ocrx_word' id='word_1_500' title='bbox 685 3204 947 3263; x_wconf 87' lang='lat' dir='ltr'><strong>Similiter</strong></span> <span class='ocrx_word' id='word_1_501' title='bbox 973 3214 1028 3263; x_wconf 92' lang='lat' dir='ltr'><strong>et</strong></span> <span class='ocrx_word' id='word_1_502' title='bbox 1056 3222 1178 3263; x_wconf 91' lang='lat' dir='ltr'><strong>cum</strong></span> <span class='ocrx_word' id='word_1_503' title='bbox 1208 3206 1337 3263; x_wconf 87' lang='lat' dir='ltr'><strong>dicit</strong></span> <span class='ocrx_word' id='word_1_504' title='bbox 1374 3223 1389 3261; x_wconf 88' lang='lat'><strong>:</strong></span> <span class='ocrx_word' id='word_1_505' title='bbox 1427 3206 1642 3262; x_wconf 85' lang='lat' dir='ltr'><strong>Carnem</strong></span> <span class='ocrx_word' id='word_1_506' title='bbox 1678 3221 1825 3260; x_wconf 89' lang='lat' dir='ltr'><strong>suam</strong></span> <span class='ocrx_word' id='word_1_507' title='bbox 1853 3204 1971 3259; x_wconf 89' lang='lat' dir='ltr'><strong>dili-</strong></span> <span class='ocrx_word' id='word_1_508' title='bbox 2001 3226 2046 3292; x_wconf 71' lang='grc' dir='ltr'><strong>ρ</strong></span> <span class='ocrx_word' id='word_1_509' title='bbox 2081 3207 2344 3264; x_wconf 87' lang='lat' dir='ltr'><strong>nominari</strong></span> <span class='ocrx_word' id='word_1_510' title='bbox 2372 3205 2624 3263; x_wconf 86' lang='lat' dir='ltr'><strong>debuisse</strong></span> <span class='ocrx_word' id='word_1_511' title='bbox 2645 3205 2734 3271; x_wconf 83' lang='lat' dir='ltr'><strong>,.si</strong></span> <span class='ocrx_word' id='word_1_512' title='bbox 2759 3204 3072 3260; x_wconf 88' lang='lat' dir='ltr'><strong>Creatorem</strong></span> <span class='ocrx_word' id='word_1_513' title='bbox 3118 3202 3491 3274; x_wconf 84' lang='lat' dir='ltr'><strong>signiﬁcabat,</strong></span> <span class='ocrx_word' id='word_1_514' title='bbox 3522 3203 3678 3273; x_wconf 90' lang='lat' dir='ltr'><strong>cujus</strong></span> 
     </span>
    </p>
   </div>
   <div class='ocr_carea' id='block_1_63' title="bbox 372 3296 1975 3376">
    <p class='ocr_par' dir='ltr' id='par_1_63' title="bbox 372 3296 1975 3376">
     <span class='ocr_line' id='line_1_63' title="bbox 372 3296 1975 3376; baseline -0.001 -23"><span class='ocrx_word' id='word_1_515' title='bbox 372 3301 470 3372; x_wconf 84' lang='lat' dir='ltr'><strong>git,</strong></span> <span class='ocrx_word' id='word_1_516' title='bbox 501 3300 591 3373; x_wconf 85' lang='lat' dir='ltr'><strong>qui</strong></span> <span class='ocrx_word' id='word_1_517' title='bbox 617 3315 841 3358; x_wconf 82' lang='lat' dir='ltr'><strong>uxorem</strong></span> <span class='ocrx_word' id='word_1_518' title='bbox 862 3315 1015 3357; x_wconf 89' lang='lat' dir='ltr'><strong>suam</strong></span> <span class='ocrx_word' id='word_1_519' title='bbox 1032 3299 1110 3376; x_wconf 78' lang='grc'><strong>(5)</strong></span> <span class='ocrx_word' id='word_1_520' title='bbox 1137 3299 1309 3372; x_wconf 88' lang='lat' dir='ltr'><strong>diligit</strong></span> <span class='ocrx_word' id='word_1_521' title='bbox 1334 3304 1463 3355; x_wconf 87' lang='lat' dir='ltr'><strong>sicut</strong></span> <span class='ocrx_word' id='word_1_522' title='bbox 1480 3310 1524 3355; x_wconf 91' lang='lat' dir='ltr'><strong>et</strong></span> <span class='ocrx_word' id='word_1_523' title='bbox 1539 3298 1772 3356; x_wconf 88' lang='lat' dir='ltr'><strong>Christus</strong></span> <span class='ocrx_word' id='word_1_524' title='bbox 1798 3296 1975 3353; x_wconf 83' lang='lat' dir='ltr'><strong>Eccle-</strong></span> 
     </span>
    </p>
   </div>
   <div class='ocr_carea' id='block_1_64' title="bbox 365 3392 1969 3467">
    <p class='ocr_par' dir='ltr' id='par_1_64' title="bbox 365 3392 1969 3467">
     <span class='ocr_line' id='line_1_64' title="bbox 365 3392 1969 3467; baseline -0.003 -16"><span class='ocrx_word' id='word_1_525' title='bbox 365 3396 523 3451; x_wconf 84' lang='lat' dir='ltr'><strong>sium.</strong></span> <span class='ocrx_word' id='word_1_526' title='bbox 542 3393 707 3452; x_wconf 80' lang='lat' dir='ltr'><strong>Vides</strong></span> <span class='ocrx_word' id='word_1_527' title='bbox 730 3396 1192 3467; x_wconf 84' lang='lat' dir='ltr'><strong>compararieperi</strong></span> <span class='ocrx_word' id='word_1_528' title='bbox 1207 3396 1480 3451; x_wconf 88' lang='lat' dir='ltr'><strong>Creatoris</strong></span> <span class='ocrx_word' id='word_1_529' title='bbox 1503 3392 1776 3450; x_wconf 85' lang='lat' dir='ltr'><strong>Christum</strong></span> <span class='ocrx_word' id='word_1_530' title='bbox 1802 3400 1969 3458; x_wconf 90' lang='lat' dir='ltr'><strong>tuum,</strong></span> 
     </span>
    </p>
   </div>
   <div class='ocr_carea' id='block_1_65' title="bbox 366 3483 1976 3558">
    <p class='ocr_par' dir='ltr' id='par_1_65' title="bbox 366 3483 1976 3558">
     <span class='ocr_line' id='line_1_65' title="bbox 366 3483 1976 3558; baseline -0.004 -13"><span class='ocrx_word' id='word_1_531' title='bbox 366 3498 426 3545; x_wconf 86' lang='lat' dir='ltr'><strong>et</strong></span> <span class='ocrx_word' id='word_1_532' title='bbox 443 3487 737 3545; x_wconf 85' lang='lat' dir='ltr'><strong>Ecclesiam</strong></span> <span class='ocrx_word' id='word_1_533' title='bbox 755 3500 923 3545; x_wconf 92' lang='lat' dir='ltr'><strong>tuam.</strong></span> <span class='ocrx_word' id='word_1_534' title='bbox 942 3488 1210 3558; x_wconf 83' lang='lat' dir='ltr'><strong>Quantum</strong></span> <span class='ocrx_word' id='word_1_535' title='bbox 1232 3487 1450 3543; x_wconf 89' lang='lat' dir='ltr'><strong>honoris</strong></span> <span class='ocrx_word' id='word_1_536' title='bbox 1467 3483 1777 3542; x_wconf 87' lang='lat' dir='ltr'><strong>carnidatur</strong></span> <span class='ocrx_word' id='word_1_537' title='bbox 1794 3485 1848 3539; x_wconf 90' lang='lat' dir='ltr'><strong>in</strong></span> <span class='ocrx_word' id='word_1_538' title='bbox 1873 3484 1976 3540; x_wconf 87' lang='lat' dir='ltr'><strong>Ec-</strong></span> 
     </span>
    </p>
   </div>
   <div class='ocr_carea' id='block_1_66' title="bbox 366 3576 1972 3652">
    <p class='ocr_par' dir='ltr' id='par_1_66' title="bbox 366 3576 1972 3652">
     <span class='ocr_line' id='line_1_66' title="bbox 366 3576 1972 3652; baseline -0.004 -15"><span class='ocrx_word' id='word_1_539' title='bbox 366 3580 552 3637; x_wconf 69' lang='lat' dir='ltr'><strong>clesia:</strong></span> <span class='ocrx_word' id='word_1_540' title='bbox 580 3581 816 3638; x_wconf 85' lang='lat' dir='ltr'><strong>nomine!</strong></span> <span class='ocrx_word' id='word_1_541' title='bbox 850 3579 1036 3647; x_wconf 81' lang='lat' dir='ltr'><strong>Nemo,</strong></span> <span class='ocrx_word' id='word_1_542' title='bbox 1066 3580 1258 3652; x_wconf 88' lang='lat' dir='ltr'><strong>inquit,</strong></span> <span class='ocrx_word' id='word_1_543' title='bbox 1277 3595 1481 3634; x_wconf 86' lang='lat' dir='ltr'><strong>carnem</strong></span> <span class='ocrx_word' id='word_1_544' title='bbox 1500 3594 1648 3634; x_wconf 89' lang='lat' dir='ltr'><strong>suam</strong></span> <span class='ocrx_word' id='word_1_545' title='bbox 1666 3576 1784 3632; x_wconf 90' lang='lat' dir='ltr'><strong>odio</strong></span> <span class='ocrx_word' id='word_1_546' title='bbox 1804 3576 1972 3645; x_wconf 82' lang='lat' dir='ltr'><strong>habet,</strong></span> 
     </span>
    </p>
   </div>
   <div class='ocr_carea' id='block_1_67' title="bbox 367 3668 1975 3746">
    <p class='ocr_par' dir='ltr' id='par_1_67' title="bbox 367 3668 1975 3746">
     <span class='ocr_line' id='line_1_67' title="bbox 367 3668 1975 3746; baseline -0.002 -14"><span class='ocrx_word' id='word_1_547' title='bbox 367 3673 475 3732; x_wconf 78' lang='lat' dir='ltr'><strong>nisi</strong></span> <span class='ocrx_word' id='word_1_548' title='bbox 497 3673 655 3746; x_wconf 85' lang='lat' dir='ltr'><strong>plane</strong></span> <span class='ocrx_word' id='word_1_549' title='bbox 668 3668 901 3731; x_wconf 61' lang='lat' dir='ltr'><strong>Marcion</strong></span> <span class='ocrx_word' id='word_1_550' title='bbox 923 3675 1094 3731; x_wconf 90' lang='lat' dir='ltr'><strong>solus:</strong></span> <span class='ocrx_word' id='word_1_551' title='bbox 1114 3675 1206 3731; x_wconf 87' lang='lat' dir='ltr'><strong>sed</strong></span> <span class='ocrx_word' id='word_1_552' title='bbox 1225 3684 1272 3730; x_wconf 86' lang='lat' dir='ltr'><strong>et</strong></span> <span class='ocrx_word' id='word_1_553' title='bbox 1293 3675 1455 3731; x_wconf 85' lang='lat' dir='ltr'><strong>nutrit</strong></span> <span class='ocrx_word' id='word_1_554' title='bbox 1476 3682 1522 3729; x_wconf 89' lang='lat' dir='ltr'><strong>et</strong></span> <span class='ocrx_word' id='word_1_555' title='bbox 1547 3677 1677 3746; x_wconf 76' lang='lat' dir='ltr'><strong>[ovet</strong></span> <span class='ocrx_word' id='word_1_556' title='bbox 1696 3688 1828 3739; x_wconf 88' lang='lat' dir='ltr'><strong>eam,</strong></span> <span class='ocrx_word' id='word_1_557' title='bbox 1847 3673 1975 3728; x_wconf 87' lang='lat' dir='ltr'><strong>sicut</strong></span> 
     </span>
    </p>
   </div>
   <div class='ocr_carea' id='block_1_68' title="bbox 368 3765 1976 3837">
    <p class='ocr_par' dir='ltr' id='par_1_68' title="bbox 368 3765 1976 3837">
     <span class='ocr_line' id='line_1_68' title="bbox 368 3765 1976 3837; baseline -0.001 -13"><span class='ocrx_word' id='word_1_558' title='bbox 368 3777 419 3824; x_wconf 88' lang='lat' dir='ltr'><strong>et</strong></span> <span class='ocrx_word' id='word_1_559' title='bbox 444 3765 678 3823; x_wconf 81' lang='lat' dir='ltr'><strong>Christus</strong></span> <span class='ocrx_word' id='word_1_560' title='bbox 692 3765 1000 3824; x_wconf 82' lang='lat' dir='ltr'><strong>Ecclesiam.</strong></span> <span class='ocrx_word' id='word_1_561' title='bbox 1030 3769 1101 3824; x_wconf 85' lang='lat' dir='ltr'><strong>At</strong></span> <span class='ocrx_word' id='word_1_562' title='bbox 1119 3777 1175 3824; x_wconf 91' lang='lat' dir='ltr'><strong>tu</strong></span> <span class='ocrx_word' id='word_1_563' title='bbox 1191 3769 1344 3827; x_wconf 91' lang='lat' dir='ltr'><strong>solus</strong></span> <span class='ocrx_word' id='word_1_564' title='bbox 1373 3783 1493 3824; x_wconf 90' lang='lat' dir='ltr'><strong>eam</strong></span> <span class='ocrx_word' id='word_1_565' title='bbox 1514 3767 1698 3837; x_wconf 89' lang='lat' dir='ltr'><strong>odisti,</strong></span> <span class='ocrx_word' id='word_1_566' title='bbox 1726 3766 1976 3824; x_wconf 82' lang='lat' dir='ltr'><strong>auferens</strong></span> 
     </span>
    </p>
   </div>
   <div class='ocr_carea' id='block_1_69' title="bbox 368 3848 1963 3929">
    <p class='ocr_par' dir='ltr' id='par_1_69' title="bbox 368 3848 1963 3929">
     <span class='ocr_line' id='line_1_69' title="bbox 368 3848 1963 3929; baseline -0.001 -10"><span class='ocrx_word' id='word_1_567' title='bbox 368 3848 452 3920; x_wconf 72' lang='lat' dir='ltr'><strong>illi</strong></span> <span class='ocrx_word' id='word_1_568' title='bbox 507 3863 983 3920; x_wconf 77' lang='lat' dir='ltr'><strong>resurrectionem.</strong></span> <span class='ocrx_word' id='word_1_569' title='bbox 1010 3862 1203 3921; x_wconf 87' lang='lat' dir='ltr'><strong>Odisse</strong></span> <span class='ocrx_word' id='word_1_570' title='bbox 1248 3862 1474 3921; x_wconf 86' lang='lat' dir='ltr'><strong>debebis</strong></span> <span class='ocrx_word' id='word_1_571' title='bbox 1523 3872 1579 3920; x_wconf 91' lang='lat' dir='ltr'><strong>et</strong></span> <span class='ocrx_word' id='word_1_572' title='bbox 1625 3863 1923 3919; x_wconf 88' lang='lat' dir='ltr'><strong>Ecclesiam</strong></span> <span class='ocrx_word' id='word_1_573' title='bbox 1947 3902 1963 3929; x_wconf 90' lang='lat'><strong>,</strong></span> 
     </span>
    </p>
   </div>
   <div class='ocr_carea' id='block_1_70' title="bbox 367 3954 1967 4031">
    <p class='ocr_par' dir='ltr' id='par_1_70' title="bbox 367 3954 1967 4031">
     <span class='ocr_line' id='line_1_70' title="bbox 367 3954 1967 4031; baseline -0.001 -18"><span class='ocrx_word' id='word_1_574' title='bbox 367 3955 499 4031; x_wconf 86' lang='lat' dir='ltr'><strong>quia</strong></span> <span class='ocrx_word' id='word_1_575' title='bbox 536 3956 763 4029; x_wconf 85' lang='lat' dir='ltr'><strong>proinde</strong></span> <span class='ocrx_word' id='word_1_576' title='bbox 802 3956 1041 4031; x_wconf 85' lang='lat' dir='ltr'><strong>diligitur</strong></span> <span class='ocrx_word' id='word_1_577' title='bbox 1083 3971 1116 4014; x_wconf 88' lang='lat' dir='ltr'><strong>a</strong></span> <span class='ocrx_word' id='word_1_578' title='bbox 1166 3956 1404 4016; x_wconf 89' lang='lat' dir='ltr'><strong>Christo.</strong></span> <span class='ocrx_word' id='word_1_579' title='bbox 1453 3955 1667 4014; x_wconf 84' lang='lat' dir='ltr'><strong>Atenim</strong></span> <span class='ocrx_word' id='word_1_580' title='bbox 1721 3954 1967 4011; x_wconf 89' lang='lat' dir='ltr'><strong>Christus</strong></span> 
     </span>
    </p>
   </div>
   <div class='ocr_carea' id='block_1_71' title="bbox 2080 3295 3676 3370">
    <p class='ocr_par' dir='ltr' id='par_1_71' title="bbox 2080 3295 3676 3370">
     <span class='ocr_line' id='line_1_71' title="bbox 2080 3295 3676 3370; baseline -0.003 -15"><span class='ocrx_word' id='word_1_581' title='bbox 2080 3309 2265 3356; x_wconf 90' lang='lat' dir='ltr'><strong>essent</strong></span> <span class='ocrx_word' id='word_1_582' title='bbox 2307 3313 2440 3370; x_wconf 90' lang='lat' dir='ltr'><strong>quas</strong></span> <span class='ocrx_word' id='word_1_583' title='bbox 2473 3297 2732 3369; x_wconf 71' lang='lat' dir='ltr'><strong>prmmisit</strong></span> <span class='ocrx_word' id='word_1_584' title='bbox 2761 3295 3097 3366; x_wconf 84' lang='lat' dir='ltr'><strong>potestates?</strong></span> <span class='ocrx_word' id='word_1_585' title='bbox 3129 3295 3297 3351; x_wconf 81' lang='lat' dir='ltr'><strong>Porro</strong></span> <span class='ocrx_word' id='word_1_586' title='bbox 3326 3337 3341 3364; x_wconf 95' lang='lat'><strong>,</strong></span> <span class='ocrx_word' id='word_1_587' title='bbox 3370 3311 3495 3351; x_wconf 92' lang='lat' dir='ltr'><strong>cum</strong></span> <span class='ocrx_word' id='word_1_588' title='bbox 3515 3311 3676 3367; x_wconf 88' lang='lat' dir='ltr'><strong>supra</strong></span> 
     </span>
    </p>
   </div>
   <div class='ocr_carea' id='block_1_72' title="bbox 2075 3389 3678 3463">
    <p class='ocr_par' dir='ltr' id='par_1_72' title="bbox 2075 3389 3678 3463">
     <span class='ocr_line' id='line_1_72' title="bbox 2075 3389 3678 3463; baseline 0 -18"><span class='ocrx_word' id='word_1_589' title='bbox 2075 3391 2292 3463; x_wconf 89' lang='lat' dir='ltr'><strong>quidem</strong></span> <span class='ocrx_word' id='word_1_590' title='bbox 2323 3391 2535 3445; x_wconf 85' lang='lat' dir='ltr'><strong>induere</strong></span> <span class='ocrx_word' id='word_1_591' title='bbox 2574 3407 2666 3445; x_wconf 86' lang='lat' dir='ltr'><strong>nos</strong></span> <span class='ocrx_word' id='word_1_592' title='bbox 2690 3389 2877 3461; x_wconf 87' lang='lat' dir='ltr'><strong>jubeat</strong></span> <span class='ocrx_word' id='word_1_593' title='bbox 2910 3398 3247 3456; x_wconf 89' lang='lat' dir='ltr'><strong>armaturam,</strong></span> <span class='ocrx_word' id='word_1_594' title='bbox 3276 3389 3331 3443; x_wconf 87' lang='lat' dir='ltr'><strong>in</strong></span> <span class='ocrx_word' id='word_1_595' title='bbox 3358 3405 3459 3460; x_wconf 84' lang='lat' dir='ltr'><strong>qua</strong></span> <span class='ocrx_word' id='word_1_596' title='bbox 3488 3400 3678 3445; x_wconf 88' lang='lat' dir='ltr'><strong>stemus</strong></span> 
     </span>
    </p>
   </div>
   <div class='ocr_carea' id='block_1_73' title="bbox 2075 3481 3674 3553">
    <p class='ocr_par' dir='ltr' id='par_1_73' title="bbox 2075 3481 3674 3553">
     <span class='ocr_line' id='line_1_73' title="bbox 2075 3481 3674 3553; baseline 0.001 -15"><span class='ocrx_word' id='word_1_597' title='bbox 2075 3484 2145 3538; x_wconf 91' lang='lat' dir='ltr'><strong>ad</strong></span> <span class='ocrx_word' id='word_1_598' title='bbox 2186 3483 2585 3539; x_wconf 79' lang='lat' dir='ltr'><strong>machinationes</strong></span> <span class='ocrx_word' id='word_1_599' title='bbox 2614 3483 2839 3548; x_wconf 83' lang='lat' dir='ltr'><strong>diaboli,</strong></span> <span class='ocrx_word' id='word_1_600' title='bbox 2866 3483 2979 3553; x_wconf 90' lang='lat' dir='ltr'><strong>jam</strong></span> <span class='ocrx_word' id='word_1_601' title='bbox 3009 3481 3248 3538; x_wconf 88' lang='lat' dir='ltr'><strong>ostendit</strong></span> <span class='ocrx_word' id='word_1_602' title='bbox 3291 3482 3489 3538; x_wconf 83' lang='lat' dir='ltr'><strong>diaboli</strong></span> <span class='ocrx_word' id='word_1_603' title='bbox 3518 3482 3674 3552; x_wconf 63' lang='lat' dir='ltr'><strong>cisse,</strong></span> 
     </span>
    </p>
   </div>
   <div class='ocr_carea' id='block_1_74' title="bbox 2077 3576 3679 3650">
    <p class='ocr_par' dir='ltr' id='par_1_74' title="bbox 2077 3576 3679 3650">
     <span class='ocr_line' id='line_1_74' title="bbox 2077 3576 3679 3650; baseline -0.001 -16"><span class='ocrx_word' id='word_1_604' title='bbox 2077 3593 2198 3650; x_wconf 75' lang='lat' dir='ltr'><strong>qua:</strong></span> <span class='ocrx_word' id='word_1_605' title='bbox 2245 3577 2459 3633; x_wconf 91' lang='lat' dir='ltr'><strong>diabolo</strong></span> <span class='ocrx_word' id='word_1_606' title='bbox 2502 3576 2821 3649; x_wconf 82' lang='lat' dir='ltr'><strong>subjungit,</strong></span> <span class='ocrx_word' id='word_1_607' title='bbox 2871 3583 3141 3648; x_wconf 81' lang='lat' dir='ltr'><strong>potestates</strong></span> <span class='ocrx_word' id='word_1_608' title='bbox 3188 3585 3232 3629; x_wconf 86' lang='lat' dir='ltr'><strong>et</strong></span> <span class='ocrx_word' id='word_1_609' title='bbox 3279 3577 3679 3633; x_wconf 86' lang='lat' dir='ltr'><strong>munditeneutes</strong></span> 
     </span>
    </p>
   </div>
   <div class='ocr_carea' id='block_1_75' title="bbox 2077 3670 3675 3743">
    <p class='ocr_par' dir='ltr' id='par_1_75' title="bbox 2077 3670 3675 3743">
     <span class='ocr_line' id='line_1_75' title="bbox 2077 3670 3675 3743; baseline -0.001 -16"><span class='ocrx_word' id='word_1_610' title='bbox 2077 3671 2394 3727; x_wconf 88' lang='lat' dir='ltr'><strong>tenebrarum</strong></span> <span class='ocrx_word' id='word_1_611' title='bbox 2420 3672 2636 3727; x_wconf 88' lang='lat' dir='ltr'><strong>istarum</strong></span> <span class='ocrx_word' id='word_1_612' title='bbox 2663 3712 2678 3739; x_wconf 93' lang='lat'><strong>,</strong></span> <span class='ocrx_word' id='word_1_613' title='bbox 2710 3687 2829 3743; x_wconf 78' lang='lat' dir='ltr'><strong>qua:</strong></span> <span class='ocrx_word' id='word_1_614' title='bbox 2859 3679 2915 3727; x_wconf 88' lang='lat' dir='ltr'><strong>et</strong></span> <span class='ocrx_word' id='word_1_615' title='bbox 2954 3686 3053 3726; x_wconf 90' lang='lat' dir='ltr'><strong>nos</strong></span> <span class='ocrx_word' id='word_1_616' title='bbox 3078 3670 3296 3728; x_wconf 89' lang='lat' dir='ltr'><strong>diabolo</strong></span> <span class='ocrx_word' id='word_1_617' title='bbox 3332 3672 3675 3743; x_wconf 88' lang='lat' dir='ltr'><strong>deputamus.</strong></span> 
     </span>
    </p>
   </div>
   <div class='ocr_carea' id='block_1_76' title="bbox 2080 3763 3679 3839">
    <p class='ocr_par' dir='ltr' id='par_1_76' title="bbox 2080 3763 3679 3839">
     <span class='ocr_line' id='line_1_76' title="bbox 2080 3763 3679 3839; baseline 0.002 -18"><span class='ocrx_word' id='word_1_618' title='bbox 2080 3766 2189 3821; x_wconf 84' lang='lat' dir='ltr'><strong>Aut</strong></span> <span class='ocrx_word' id='word_1_619' title='bbox 2215 3765 2261 3821; x_wconf 93' lang='lat' dir='ltr'><strong>si</strong></span> <span class='ocrx_word' id='word_1_620' title='bbox 2305 3763 2551 3820; x_wconf 84' lang='lat' dir='ltr'><strong>diabolus</strong></span> <span class='ocrx_word' id='word_1_621' title='bbox 2581 3773 2794 3821; x_wconf 88' lang='lat' dir='ltr'><strong>creator</strong></span> <span class='ocrx_word' id='word_1_622' title='bbox 2821 3775 2902 3821; x_wconf 92' lang='lat' dir='ltr'><strong>est</strong></span> <span class='ocrx_word' id='word_1_623' title='bbox 2928 3806 2943 3830; x_wconf 89' lang='lat'><strong>,</strong></span> <span class='ocrx_word' id='word_1_624' title='bbox 2974 3764 3098 3838; x_wconf 92' lang='lat' dir='ltr'><strong>quis</strong></span> <span class='ocrx_word' id='word_1_625' title='bbox 3124 3764 3228 3821; x_wconf 86' lang='lat' dir='ltr'><strong>erit</strong></span> <span class='ocrx_word' id='word_1_626' title='bbox 3253 3764 3497 3823; x_wconf 85' lang='lat' dir='ltr'><strong>diabolus</strong></span> <span class='ocrx_word' id='word_1_627' title='bbox 3534 3768 3679 3839; x_wconf 90' lang='lat' dir='ltr'><strong>apud</strong></span> 
     </span>
    </p>
   </div>
   <div class='ocr_carea' id='block_1_77' title="bbox 2078 3856 3679 3931">
    <p class='ocr_par' dir='ltr' id='par_1_77' title="bbox 2078 3856 3679 3931">
     <span class='ocr_line' id='line_1_77' title="bbox 2078 3856 3679 3931; baseline 0.001 -16"><span class='ocrx_word' id='word_1_628' title='bbox 2078 3858 2420 3916; x_wconf 86' lang='lat' dir='ltr'><strong>creatorem?</strong></span> <span class='ocrx_word' id='word_1_629' title='bbox 2448 3857 2532 3913; x_wconf 86' lang='lat' dir='ltr'><strong>An</strong></span> <span class='ocrx_word' id='word_1_630' title='bbox 2578 3858 2716 3914; x_wconf 88' lang='lat' dir='ltr'><strong>sicut</strong></span> <span class='ocrx_word' id='word_1_631' title='bbox 2746 3856 2826 3931; x_wconf 89' lang='lat'><strong>(7)</strong></span> <span class='ocrx_word' id='word_1_632' title='bbox 2867 3857 2976 3913; x_wconf 91' lang='lat' dir='ltr'><strong>duo</strong></span> <span class='ocrx_word' id='word_1_633' title='bbox 3024 3858 3158 3925; x_wconf 91' lang='lat' dir='ltr'><strong>Dei,</strong></span> <span class='ocrx_word' id='word_1_634' title='bbox 3203 3858 3273 3914; x_wconf 89' lang='lat' dir='ltr'><strong>ita</strong></span> <span class='ocrx_word' id='word_1_635' title='bbox 3315 3870 3371 3916; x_wconf 91' lang='lat' dir='ltr'><strong>et</strong></span> <span class='ocrx_word' id='word_1_636' title='bbox 3409 3860 3519 3916; x_wconf 89' lang='lat' dir='ltr'><strong>duo</strong></span> <span class='ocrx_word' id='word_1_637' title='bbox 3561 3862 3679 3917; x_wconf 86' lang='lat' dir='ltr'><strong>dia-</strong></span> 
     </span>
    </p>
   </div>
   <div class='ocr_carea' id='block_1_78' title="bbox 2073 3950 3676 4031">
    <p class='ocr_par' dir='ltr' id='par_1_78' title="bbox 2073 3950 3676 4031">
     <span class='ocr_line' id='line_1_78' title="bbox 2073 3950 3676 4031; baseline 0.001 -20"><span class='ocrx_word' id='word_1_638' title='bbox 2073 3954 2183 4011; x_wconf 89' lang='lat' dir='ltr'><strong>boli</strong></span> <span class='ocrx_word' id='word_1_639' title='bbox 2207 3995 2223 4020; x_wconf 90' lang='lat'><strong>,</strong></span> <span class='ocrx_word' id='word_1_640' title='bbox 2256 3963 2310 4008; x_wconf 90' lang='lat' dir='ltr'><strong>et</strong></span> <span class='ocrx_word' id='word_1_641' title='bbox 2344 3951 2622 4023; x_wconf 87' lang='lat' dir='ltr'><strong>pluraliter</strong></span> <span class='ocrx_word' id='word_1_642' title='bbox 2668 3960 2964 4024; x_wconf 89' lang='lat' dir='ltr'><strong>potestates</strong></span> <span class='ocrx_word' id='word_1_643' title='bbox 2993 3959 3051 4010; x_wconf 91' lang='lat' dir='ltr'><strong>et</strong></span> <span class='ocrx_word' id='word_1_644' title='bbox 3079 3950 3155 4027; x_wconf 87' lang='lat' dir='ltr'><strong>(b)</strong></span> <span class='ocrx_word' id='word_1_645' title='bbox 3203 3952 3676 4031; x_wconf 84' lang='lat' dir='ltr'><strong>munditeneutes?</strong></span> 
     </span>
    </p>
   </div>
   <div class='ocr_carea' id='block_1_79' title="bbox 1596 4044 2428 4106">
    <p class='ocr_par' dir='ltr' id='par_1_79' title="bbox 1596 4044 2428 4106">
     <span class='ocr_line' id='line_1_79' title="bbox 1596 4044 2428 4106; baseline -0.01 0"><span class='ocrx_word' id='word_1_646' title='bbox 1596 4047 1979 4106; x_wconf 81' lang='lat' dir='ltr'><strong>LECTIO&#39;NES</strong></span> <span class='ocrx_word' id='word_1_647' title='bbox 2015 4044 2428 4104; x_wconf 79' lang='lat' dir='ltr'><strong>VABIANTES.</strong></span> 
     </span>
    </p>
   </div>
   <div class='ocr_carea' id='block_1_80' title="bbox 462 4141 2689 4199">
    <p class='ocr_par' dir='ltr' id='par_1_80' title="bbox 462 4141 2689 4199">
     <span class='ocr_line' id='line_1_80' title="bbox 462 4141 2689 4199; baseline -0.003 0"><span class='ocrx_word' id='word_1_648' title='bbox 462 4143 514 4199; x_wconf 71' lang='grc' dir='ltr'>ι)</span> <span class='ocrx_word' id='word_1_649' title='bbox 531 4147 686 4197; x_wconf 81' lang='lat' dir='ltr'><strong>Suum</strong></span> <span class='ocrx_word' id='word_1_650' title='bbox 707 4145 864 4199; x_wconf 84' lang='lat' dir='ltr'><strong>omilt.</strong></span> <span class='ocrx_word' id='word_1_651' title='bbox 885 4144 1038 4199; x_wconf 75' lang='lat' dir='ltr'><strong>Sani.</strong></span> <span class='ocrx_word' id='word_1_652' title='bbox 2140 4141 2216 4199; x_wconf 76' lang='grc' dir='ltr'><strong>(ὅ)</strong></span> <span class='ocrx_word' id='word_1_653' title='bbox 2240 4141 2398 4194; x_wconf 86' lang='lat' dir='ltr'><strong>Carne</strong></span> <span class='ocrx_word' id='word_1_654' title='bbox 2422 4154 2520 4193; x_wconf 87' lang='lat' dir='ltr'><strong>una</strong></span> <span class='ocrx_word' id='word_1_655' title='bbox 2543 4141 2689 4195; x_wconf 85' lang='lat' dir='ltr'><strong>Ober.</strong></span> 
     </span>
    </p>
   </div>
   <div class='ocr_carea' id='block_1_81' title="bbox 432 4139 2572 4399">
    <p class='ocr_par' dir='ltr' id='par_1_81' title="bbox 432 4139 2572 4399">
     <span class='ocr_line' id='line_1_81' title="bbox 462 4139 2572 4270; baseline -0.001 -72"><span class='ocrx_word' id='word_1_656' title='bbox 462 4147 483 4198; x_wconf 85' lang='grc' dir='ltr'><strong>ι</strong></span> <span class='ocrx_word' id='word_1_657' title='bbox 531 4147 686 4197; x_wconf 81' lang='lat' dir='ltr'><strong>Suum</strong></span> <span class='ocrx_word' id='word_1_658' title='bbox 885 4144 1038 4199; x_wconf 75' lang='lat' dir='ltr'><strong>Sani.</strong></span> <span class='ocrx_word' id='word_1_659' title='bbox 2163 4139 2216 4270; x_wconf 51' lang='grc' dir='ltr'>ὅ)</span> <span class='ocrx_word' id='word_1_660' title='bbox 2240 4141 2398 4194; x_wconf 86' lang='lat' dir='ltr'><strong>Carne</strong></span> <span class='ocrx_word' id='word_1_661' title='bbox 2422 4154 2520 4193; x_wconf 87' lang='lat' dir='ltr'><strong>una</strong></span> <span class='ocrx_word' id='word_1_662' title='bbox 2543 4143 2572 4195; x_wconf 80' lang='grc'><strong>0</strong></span> 
     </span>
     <span class='ocr_line' id='line_1_82' title="bbox 534 4206 2572 4281; baseline -0.001 -20"><span class='ocrx_word' id='word_1_663' title='bbox 534 4210 766 4261; x_wconf 68' lang='lat' dir='ltr'><strong>Deﬂectit</strong></span> <span class='ocrx_word' id='word_1_664' title='bbox 786 4218 900 4281; x_wconf 62' lang='lat' dir='ltr'><strong>urg.</strong></span> <span class='ocrx_word' id='word_1_665' title='bbox 934 4215 1101 4264; x_wconf 76' lang='lat' dir='ltr'><strong>Venet.</strong></span> <span class='ocrx_word' id='word_1_666' title='bbox 1117 4210 1366 4264; x_wconf 80' lang='lat' dir='ltr'><strong>mendose.</strong></span> <span class='ocrx_word' id='word_1_667' title='bbox 2163 4206 2195 4253; x_wconf 83' lang='lat'><strong>6</strong></span> <span class='ocrx_word' id='word_1_668' title='bbox 2241 4207 2405 4278; x_wconf 75' lang='lat' dir='ltr'><strong>Aures</strong></span> <span class='ocrx_word' id='word_1_669' title='bbox 2425 4207 2572 4257; x_wconf 84' lang='lat' dir='ltr'><strong>Pam.</strong></span> 
     </span>
     <span class='ocr_line' id='line_1_83' title="bbox 432 4143 2471 4399; baseline -0.002 -75"><span class='ocrx_word' id='word_1_670' title='bbox 432 4143 516 4399; x_wconf 53' lang='grc' dir='ltr'>ἒξ</span> <span class='ocrx_word' id='word_1_671' title='bbox 530 4271 681 4387; x_wconf 49' lang='grc' dir='ltr'><strong>ἓῗὲ</strong></span> <span class='ocrx_word' id='word_1_672' title='bbox 872 4271 1020 4327; x_wconf 88' lang='lat' dir='ltr'><strong>Ober.</strong></span> <span class='ocrx_word' id='word_1_673' title='bbox 2139 4143 2218 4334; x_wconf 47' lang='lat' dir='ltr'><strong>i7)</strong></span> <span class='ocrx_word' id='word_1_674' title='bbox 2242 4268 2294 4319; x_wconf 92' lang='lat' dir='ltr'><strong>St</strong></span> <span class='ocrx_word' id='word_1_675' title='bbox 2318 4264 2471 4320; x_wconf 87' lang='lat' dir='ltr'><strong>Seml.</strong></span> 
     </span>
    </p>
   </div>
   <div class='ocr_carea' id='block_1_82' title="bbox 459 4264 2471 4388">
    <p class='ocr_par' dir='ltr' id='par_1_82' title="bbox 459 4264 2471 4388">
     <span class='ocr_line' id='line_1_84' title="bbox 459 4264 2471 4388; baseline -0.001 -65"><span class='ocrx_word' id='word_1_676' title='bbox 530 4271 681 4387; x_wconf 49' lang='grc' dir='ltr'><strong>ἓῗὲ</strong></span> <span class='ocrx_word' id='word_1_677' title='bbox 696 4264 1020 4388; x_wconf 54' lang='lat' dir='ltr'><strong>mima.</strong></span> <span class='ocrx_word' id='word_1_678' title='bbox 2142 4264 2218 4334; x_wconf 87' lang='lat'><strong>(7)</strong></span> <span class='ocrx_word' id='word_1_679' title='bbox 2242 4268 2294 4319; x_wconf 88' lang='lat' dir='ltr'><strong>Si</strong></span> <span class='ocrx_word' id='word_1_680' title='bbox 2318 4264 2471 4320; x_wconf 82' lang='lat' dir='ltr'><strong>Seml.</strong></span> 
     </span>
    </p>
   </div>
   <div class='ocr_carea' id='block_1_83' title="bbox 1724 4415 2286 4477">
    <p class='ocr_par' dir='ltr' id='par_1_83' title="bbox 1724 4415 2286 4477">
     <span class='ocr_line' id='line_1_85' title="bbox 1724 4415 2286 4477; baseline 0 0"><span class='ocrx_word' id='word_1_681' title='bbox 1724 4415 2286 4477; x_wconf 78' lang='lat' dir='ltr'><strong>COMMENTARIUS.</strong></span> 
     </span>
    </p>
   </div>
   <div class='ocr_carea' id='block_1_84' title="bbox 466 4535 3676 4611">
    <p class='ocr_par' dir='ltr' id='par_1_84' title="bbox 466 4535 3676 4611">
     <span class='ocr_line' id='line_1_86' title="bbox 466 4535 3676 4611; baseline 0.002 -17"><span class='ocrx_word' id='word_1_682' title='bbox 466 4535 546 4611; x_wconf 73' lang='lat' dir='ltr'><strong>(a)</strong></span> <span class='ocrx_word' id='word_1_683' title='bbox 587 4535 697 4594; x_wconf 88' lang='lat' dir='ltr'><strong>Sed</strong></span> <span class='ocrx_word' id='word_1_684' title='bbox 719 4553 833 4611; x_wconf 82' lang='lat' dir='ltr'><strong>ego,</strong></span> <span class='ocrx_word' id='word_1_685' title='bbox 863 4537 1028 4611; x_wconf 83' lang='lat' dir='ltr'><strong>inquit</strong></span> <span class='ocrx_word' id='word_1_686' title='bbox 1048 4538 1212 4611; x_wconf 22' lang='lat' dir='ltr'><strong>,7dico</strong></span> <span class='ocrx_word' id='word_1_687' title='bbox 1243 4537 1298 4593; x_wconf 87' lang='lat' dir='ltr'><strong>in</strong></span> <span class='ocrx_word' id='word_1_688' title='bbox 1334 4537 1590 4611; x_wconf 70' lang='lat' dir='ltr'><strong>Christum</strong></span> <span class='ocrx_word' id='word_1_689' title='bbox 1616 4546 1663 4611; x_wconf 90' lang='lat' dir='ltr'><strong>et</strong></span> <span class='ocrx_word' id='word_1_690' title='bbox 1691 4537 1994 4595; x_wconf 84' lang='lat' dir='ltr'><strong>Ecclesiam.</strong></span> <span class='ocrx_word' id='word_1_691' title='bbox 2021 4537 2075 4599; x_wconf 87' lang='lat' dir='ltr'><strong>D</strong></span> <span class='ocrx_word' id='word_1_692' title='bbox 2103 4541 2184 4596; x_wconf 92' lang='lat' dir='ltr'><strong>lus</strong></span> <span class='ocrx_word' id='word_1_693' title='bbox 2206 4537 2359 4594; x_wconf 84' lang='lat' dir='ltr'><strong>duas.</strong></span> <span class='ocrx_word' id='word_1_694' title='bbox 2383 4536 2493 4611; x_wconf 77' lang='lat' dir='ltr'><strong>Viri</strong></span> <span class='ocrx_word' id='word_1_695' title='bbox 2513 4546 2568 4593; x_wconf 87' lang='lat' dir='ltr'><strong>et</strong></span> <span class='ocrx_word' id='word_1_696' title='bbox 2595 4536 2835 4592; x_wconf 88' lang='lat' dir='ltr'><strong>mulieris</strong></span> <span class='ocrx_word' id='word_1_697' title='bbox 2859 4536 3163 4611; x_wconf 73' lang='lat' dir='ltr'><strong>coniugium</strong></span> <span class='ocrx_word' id='word_1_698' title='bbox 3191 4554 3219 4592; x_wconf 86' lang='lat' dir='ltr'><strong>a</strong></span> <span class='ocrx_word' id='word_1_699' title='bbox 3249 4536 3360 4596; x_wconf 89' lang='lat' dir='ltr'><strong>Deo</strong></span> <span class='ocrx_word' id='word_1_700' title='bbox 3377 4538 3676 4599; x_wconf 80' lang='lat' dir='ltr'><strong>inSIitntum</strong></span> 
     </span>
    </p>
   </div>
   <div class='ocr_carea' id='block_1_85' title="bbox 392 4607 3674 4683">
    <p class='ocr_par' dir='ltr' id='par_1_85' title="bbox 392 4607 3674 4683">
     <span class='ocr_line' id='line_1_87' title="bbox 392 4607 3674 4683; baseline 0.002 -20"><span class='ocrx_word' id='word_1_701' title='bbox 392 4607 570 4683; x_wconf 77' lang='lat' dir='ltr'><strong>Verba</strong></span> <span class='ocrx_word' id='word_1_702' title='bbox 600 4607 1015 4683; x_wconf 58' lang='lat' dir='ltr'><strong>sunt&#39;Pauli&#39;ad</strong></span> <span class='ocrx_word' id='word_1_703' title='bbox 1045 4610 1310 4682; x_wconf 87' lang='lat' dir='ltr'><strong>Ephesios</strong></span> <span class='ocrx_word' id='word_1_704' title='bbox 1338 4608 1404 4677; x_wconf 74' lang='grc' dir='ltr'><strong>γ,</strong></span> <span class='ocrx_word' id='word_1_705' title='bbox 1435 4611 1522 4665; x_wconf 87' lang='lat' dir='ltr'><strong>ubi</strong></span> <span class='ocrx_word' id='word_1_706' title='bbox 1564 4610 1673 4681; x_wconf 84' lang='lat' dir='ltr'><strong>agit</strong></span> <span class='ocrx_word' id='word_1_707' title='bbox 1711 4611 1779 4666; x_wconf 91' lang='lat' dir='ltr'><strong>de</strong></span> <span class='ocrx_word' id='word_1_708' title='bbox 1806 4625 1993 4665; x_wconf 89' lang='lat' dir='ltr'><strong>amore</strong></span> <span class='ocrx_word' id='word_1_709' title='bbox 2096 4625 2214 4670; x_wconf 85' lang='lat' dir='ltr'><strong>esse</strong></span> <span class='ocrx_word' id='word_1_710' title='bbox 2243 4609 2514 4683; x_wconf 82' lang='lat' dir='ltr'><strong>ostendit,</strong></span> <span class='ocrx_word' id='word_1_711' title='bbox 2557 4619 2614 4664; x_wconf 91' lang='lat' dir='ltr'><strong>ut</strong></span> <span class='ocrx_word' id='word_1_712' title='bbox 2656 4611 2747 4664; x_wconf 89' lang='lat' dir='ltr'><strong>ﬁat</strong></span> <span class='ocrx_word' id='word_1_713' title='bbox 2776 4624 2939 4664; x_wconf 89' lang='lat' dir='ltr'><strong>unum</strong></span> <span class='ocrx_word' id='word_1_714' title='bbox 2964 4607 3042 4683; x_wconf 62' lang='lat' dir='ltr'><strong>est</strong></span> <span class='ocrx_word' id='word_1_715' title='bbox 3066 4608 3323 4683; x_wconf 89' lang='lat' dir='ltr'><strong>_duohus:</strong></span> <span class='ocrx_word' id='word_1_716' title='bbox 3361 4612 3539 4683; x_wconf 84' lang='lat' dir='ltr'><strong>itaque</strong></span> <span class='ocrx_word' id='word_1_717' title='bbox 3567 4626 3674 4669; x_wconf 87' lang='lat' dir='ltr'><strong>non</strong></span> 
     </span>
    </p>
   </div>
   <div class='ocr_carea' id='block_1_86' title="bbox 391 4679 3677 4764">
    <p class='ocr_par' dir='ltr' id='par_1_86' title="bbox 391 4679 3677 4764">
     <span class='ocr_line' id='line_1_88' title="bbox 391 4679 3677 4764; baseline 0.002 -27"><span class='ocrx_word' id='word_1_718' title='bbox 391 4679 699 4764; x_wconf 72' lang='lat' dir='ltr'><strong>conjugali,</strong></span> <span class='ocrx_word' id='word_1_719' title='bbox 721 4691 776 4736; x_wconf 90' lang='lat' dir='ltr'><strong>ct</strong></span> <span class='ocrx_word' id='word_1_720' title='bbox 791 4679 1199 4764; x_wconf 77' lang='lat' dir='ltr'><strong>matrimonium</strong></span> <span class='ocrx_word' id='word_1_721' title='bbox 1219 4683 1297 4735; x_wconf 84' lang='lat' dir='ltr'><strong>ait</strong></span> <span class='ocrx_word' id='word_1_722' title='bbox 1323 4695 1447 4764; x_wconf 73' lang='lat' dir='ltr'><strong>esse</strong></span> <span class='ocrx_word' id='word_1_723' title='bbox 1473 4679 1910 4764; x_wconf 72' lang='lat' dir='ltr'><strong>sacramentum,</strong></span> <span class='ocrx_word' id='word_1_724' title='bbox 1939 4690 1993 4735; x_wconf 89' lang='lat' dir='ltr'><strong>et</strong></span> <span class='ocrx_word' id='word_1_725' title='bbox 2095 4682 2291 4764; x_wconf 62' lang='lat' dir='ltr'><strong>debere</strong></span> <span class='ocrx_word' id='word_1_726' title='bbox 2322 4681 2589 4763; x_wconf 69' lang='lat' dir='ltr'><strong>hominem</strong></span> <span class='ocrx_word' id='word_1_727' title='bbox 2618 4696 2876 4764; x_wconf 36' lang='lat' dir='ltr'><strong>separare.</strong></span> <span class='ocrx_word' id='word_1_728' title='bbox 2894 4681 3037 4752; x_wconf 91' lang='lat' dir='ltr'><strong>quod</strong></span> <span class='ocrx_word' id='word_1_729' title='bbox 3065 4679 3509 4764; x_wconf 36' lang='lat' dir='ltr'><strong>Deus-conjunxit</strong></span> <span class='ocrx_word' id='word_1_730' title='bbox 3531 4726 3549 4750; x_wconf 93' lang='lat'><strong>,</strong></span> <span class='ocrx_word' id='word_1_731' title='bbox 3578 4700 3677 4742; x_wconf 88' lang='lat' dir='ltr'><strong>nec</strong></span> 
     </span>
    </p>
   </div>
   <div class='ocr_carea' id='block_1_87' title="bbox 377 4752 1990 4824">
    <p class='ocr_par' dir='ltr' id='par_1_87' title="bbox 377 4752 1990 4824">
     <span class='ocr_line' id='line_1_89' title="bbox 377 4752 1990 4824; baseline 0 -18"><span class='ocrx_word' id='word_1_732' title='bbox 377 4752 600 4822; x_wconf 87' lang='lat' dir='ltr'><strong>quidem</strong></span> <span class='ocrx_word' id='word_1_733' title='bbox 628 4766 909 4824; x_wconf 90' lang='lat' dir='ltr'><strong>magnum,</strong></span> <span class='ocrx_word' id='word_1_734' title='bbox 938 4752 1032 4808; x_wconf 84' lang='lat' dir='ltr'><strong>sed</strong></span> <span class='ocrx_word' id='word_1_735' title='bbox 1056 4753 1337 4818; x_wconf 87' lang='lat' dir='ltr'><strong>continuo,</strong></span> <span class='ocrx_word' id='word_1_736' title='bbox 1352 4752 1658 4824; x_wconf 72' lang='lat' dir='ltr'><strong>subiungit,</strong></span> <span class='ocrx_word' id='word_1_737' title='bbox 1677 4759 1764 4821; x_wconf 69' lang='grc' dir='ltr'><strong>εγὼ</strong></span> <span class='ocrx_word' id='word_1_738' title='bbox 1793 4758 1841 4808; x_wconf 81' lang='grc' dir='ltr'><strong>δὲ</strong></span> <span class='ocrx_word' id='word_1_739' title='bbox 1872 4759 1990 4819; x_wconf 73' lang='grc' dir='ltr'><strong>λέγω</strong></span> 
     </span>
    </p>
   </div>
   <div class='ocr_carea' id='block_1_88' title="bbox 379 4822 1989 4896">
    <p class='ocr_par' dir='ltr' id='par_1_88' title="bbox 379 4822 1989 4896">
     <span class='ocr_line' id='line_1_90' title="bbox 379 4822 1989 4896; baseline -0.001 -18"><span class='ocrx_word' id='word_1_740' title='bbox 379 4825 452 4883; x_wconf 71' lang='grc' dir='ltr'><strong>αἱς</strong></span> <span class='ocrx_word' id='word_1_741' title='bbox 476 4828 692 4894; x_wconf 71' lang='grc' dir='ltr'><strong>Χριστὸν</strong></span> <span class='ocrx_word' id='word_1_742' title='bbox 716 4822 800 4877; x_wconf 57' lang='lat' dir='ltr'><strong>iui</strong></span> <span class='ocrx_word' id='word_1_743' title='bbox 821 4828 887 4886; x_wconf 76' lang='grc' dir='ltr'><strong>εὶς</strong></span> <span class='ocrx_word' id='word_1_744' title='bbox 915 4834 1003 4879; x_wconf 56' lang='lat' dir='ltr'><strong>se»</strong></span> <span class='ocrx_word' id='word_1_745' title='bbox 1028 4831 1318 4896; x_wconf 66' lang='grc' dir='ltr'><strong>Ἐκκλησίαν.</strong></span> <span class='ocrx_word' id='word_1_746' title='bbox 1342 4822 1663 4896; x_wconf 67' lang='lat' dir='ltr'><strong>Mysterium,</strong></span> <span class='ocrx_word' id='word_1_747' title='bbox 1680 4826 1869 4896; x_wconf 83' lang='lat' dir='ltr'><strong>inquit,</strong></span> <span class='ocrx_word' id='word_1_748' title='bbox 1896 4827 1989 4896; x_wconf 85' lang='lat' dir='ltr'><strong>hoc</strong></span> 
     </span>
    </p>
   </div>
   <div class='ocr_carea' id='block_1_89' title="bbox 381 4894 1989 4966">
    <p class='ocr_par' dir='ltr' id='par_1_89' title="bbox 381 4894 1989 4966">
     <span class='ocr_line' id='line_1_91' title="bbox 381 4894 1989 4966; baseline -0.001 -17"><span class='ocrx_word' id='word_1_749' title='bbox 381 4909 630 4966; x_wconf 73' lang='lat' dir='ltr'><strong>magnum</strong></span> <span class='ocrx_word' id='word_1_750' title='bbox 674 4904 789 4958; x_wconf 86' lang='lat' dir='ltr'><strong>est;</strong></span> <span class='ocrx_word' id='word_1_751' title='bbox 829 4911 923 4966; x_wconf 85' lang='lat' dir='ltr'><strong>ego</strong></span> <span class='ocrx_word' id='word_1_752' title='bbox 951 4905 1153 4966; x_wconf 76' lang='lat' dir='ltr'><strong>autem</strong></span> <span class='ocrx_word' id='word_1_753' title='bbox 1197 4895 1311 4949; x_wconf 89' lang='lat' dir='ltr'><strong>dico</strong></span> <span class='ocrx_word' id='word_1_754' title='bbox 1335 4894 1392 4966; x_wconf 81' lang='lat' dir='ltr'><strong>in</strong></span> <span class='ocrx_word' id='word_1_755' title='bbox 1421 4894 1677 4950; x_wconf 84' lang='lat' dir='ltr'><strong>Christum</strong></span> <span class='ocrx_word' id='word_1_756' title='bbox 1716 4894 1766 4950; x_wconf 81' lang='lat' dir='ltr'><strong>et</strong></span> <span class='ocrx_word' id='word_1_757' title='bbox 1808 4895 1989 4949; x_wconf 73' lang='lat' dir='ltr'><strong>Eecle~</strong></span> 
     </span>
    </p>
   </div>
   <div class='ocr_carea' id='block_1_90' title="bbox 380 4964 1987 5038">
    <p class='ocr_par' dir='ltr' id='par_1_90' title="bbox 380 4964 1987 5038">
     <span class='ocr_line' id='line_1_92' title="bbox 380 4964 1987 5038; baseline -0.001 -15"><span class='ocrx_word' id='word_1_758' title='bbox 380 4965 539 5023; x_wconf 74' lang='lat' dir='ltr'><strong>siam.</strong></span> <span class='ocrx_word' id='word_1_759' title='bbox 572 4964 813 5025; x_wconf 79' lang='lat' dir='ltr'><strong>lnnoeus</strong></span> <span class='ocrx_word' id='word_1_760' title='bbox 841 4964 1280 5038; x_wconf 63' lang='lat' dir='ltr'><strong>Coniunctionem</strong></span> <span class='ocrx_word' id='word_1_761' title='bbox 1332 4964 1475 5020; x_wconf 89' lang='lat' dir='ltr'><strong>illam</strong></span> <span class='ocrx_word' id='word_1_762' title='bbox 1521 4968 1618 5021; x_wconf 88' lang='lat' dir='ltr'><strong>viri</strong></span> <span class='ocrx_word' id='word_1_763' title='bbox 1648 4976 1706 5023; x_wconf 94' lang='lat' dir='ltr'><strong>et</strong></span> <span class='ocrx_word' id='word_1_764' title='bbox 1749 4968 1987 5038; x_wconf 87' lang='lat' dir='ltr'><strong>mulieris</strong></span> 
     </span>
    </p>
   </div>
   <div class='ocr_carea' id='block_1_91' title="bbox 382 5037 1983 5110">
    <p class='ocr_par' dir='ltr' id='par_1_91' title="bbox 382 5037 1983 5110">
     <span class='ocr_line' id='line_1_93' title="bbox 382 5037 1983 5110; baseline 0.002 -19"><span class='ocrx_word' id='word_1_765' title='bbox 382 5049 640 5110; x_wconf 66' lang='lat' dir='ltr'><strong>mgnum</strong></span> <span class='ocrx_word' id='word_1_766' title='bbox 684 5050 810 5110; x_wconf 75' lang='lat' dir='ltr'><strong>esse</strong></span> <span class='ocrx_word' id='word_1_767' title='bbox 856 5037 1287 5110; x_wconf 78' lang='lat' dir='ltr'><strong>sacramentum,</strong></span> <span class='ocrx_word' id='word_1_768' title='bbox 1318 5038 1443 5110; x_wconf 82' lang='lat' dir='ltr'><strong>quia</strong></span> <span class='ocrx_word' id='word_1_769' title='bbox 1484 5053 1733 5110; x_wconf 79' lang='lat' dir='ltr'><strong>magnum</strong></span> <span class='ocrx_word' id='word_1_770' title='bbox 1782 5037 1983 5110; x_wconf 83' lang='lat' dir='ltr'><strong>aliquid</strong></span> 
     </span>
    </p>
   </div>
   <div class='ocr_carea' id='block_1_92' title="bbox 383 5102 1986 5180">
    <p class='ocr_par' dir='ltr' id='par_1_92' title="bbox 383 5102 1986 5180">
     <span class='ocr_line' id='line_1_94' title="bbox 383 5102 1986 5180; baseline 0.003 -20"><span class='ocrx_word' id='word_1_771' title='bbox 383 5102 658 5180; x_wconf 52' lang='lat' dir='ltr'><strong>signiﬁcat</strong></span> <span class='ocrx_word' id='word_1_772' title='bbox 688 5102 997 5180; x_wconf 15' lang='lat' dir='ltr'><strong>etg‘ﬁgurat,</strong></span> <span class='ocrx_word' id='word_1_773' title='bbox 1024 5108 1167 5179; x_wconf 85' lang='lat' dir='ltr'><strong>quod</strong></span> <span class='ocrx_word' id='word_1_774' title='bbox 1212 5102 1522 5180; x_wconf 75' lang='lat' dir='ltr'><strong>extenditur</strong></span> <span class='ocrx_word' id='word_1_775' title='bbox 1543 5102 1599 5165; x_wconf 76' lang='lat' dir='ltr'><strong>in</strong></span> <span class='ocrx_word' id='word_1_776' title='bbox 1626 5102 1899 5166; x_wconf 81' lang='lat' dir='ltr'><strong>Christum</strong></span> <span class='ocrx_word' id='word_1_777' title='bbox 1932 5118 1986 5165; x_wconf 89' lang='lat' dir='ltr'><strong>et</strong></span> 
     </span>
    </p>
   </div>
   <div class='ocr_carea' id='block_1_93' title="bbox 384 5176 1977 5251">
    <p class='ocr_par' dir='ltr' id='par_1_93' title="bbox 384 5176 1977 5251">
     <span class='ocr_line' id='line_1_95' title="bbox 384 5176 1977 5251; baseline 0.001 -17"><span class='ocrx_word' id='word_1_778' title='bbox 736 5176 1011 5251; x_wconf 57' lang='grc' dir='ltr'><strong>ιιᾷι-ωωε,</strong></span> <span class='ocrx_word' id='word_1_779' title='bbox 1030 5176 1322 5249; x_wconf 78' lang='lat' dir='ltr'><strong>Apostolus</strong></span> <span class='ocrx_word' id='word_1_780' title='bbox 1347 5179 1606 5251; x_wconf 74' lang='lat' dir='ltr'><strong>coniuges</strong></span> <span class='ocrx_word' id='word_1_781' title='bbox 1631 5222 1645 5247; x_wconf 92' lang='lat'><strong>,</strong></span> <span class='ocrx_word' id='word_1_782' title='bbox 1674 5190 1731 5236; x_wconf 90' lang='lat' dir='ltr'><strong>ut</strong></span> <span class='ocrx_word' id='word_1_783' title='bbox 1758 5197 1819 5237; x_wconf 91' lang='lat' dir='ltr'><strong>se</strong></span> <span class='ocrx_word' id='word_1_784' title='bbox 1844 5182 1977 5237; x_wconf 78' lang='lat' dir='ltr'><strong>invi-</strong></span> 
     </span>
    </p>
   </div>
   <div class='ocr_carea' id='block_1_94' title="bbox 385 5192 1985 5325">
    <p class='ocr_par' dir='ltr' id='par_1_94' title="bbox 385 5192 1985 5325">
     <span class='ocr_line' id='line_1_96' title="bbox 385 5192 1977 5305; baseline 0.001 -71"><span class='ocrx_word' id='word_1_785' title='bbox 740 5192 1000 5260; x_wconf 67' lang='lat' dir='ltr'><strong>ttortawr</strong></span> <span class='ocrx_word' id='word_1_786' title='bbox 1030 5192 1322 5249; x_wconf 81' lang='lat' dir='ltr'><strong>Apostolus</strong></span> <span class='ocrx_word' id='word_1_787' title='bbox 1347 5194 1606 5265; x_wconf 77' lang='lat' dir='ltr'><strong>conjuges</strong></span> <span class='ocrx_word' id='word_1_788' title='bbox 1631 5222 1645 5247; x_wconf 91' lang='lat'><strong>,</strong></span> <span class='ocrx_word' id='word_1_789' title='bbox 1674 5192 1731 5236; x_wconf 90' lang='lat' dir='ltr'><strong>ut</strong></span> <span class='ocrx_word' id='word_1_790' title='bbox 1758 5197 1819 5237; x_wconf 91' lang='lat' dir='ltr'><strong>se</strong></span> <span class='ocrx_word' id='word_1_791' title='bbox 1844 5192 1977 5237; x_wconf 76' lang='lat' dir='ltr'><strong>invn-</strong></span> 
     </span>
     <span class='ocr_line' id='line_1_97' title="bbox 385 5242 1985 5325; baseline 0.001 -19"><span class='ocrx_word' id='word_1_792' title='bbox 385 5260 507 5325; x_wconf 68' lang='lat' dir='ltr'><strong>cem</strong></span> <span class='ocrx_word' id='word_1_793' title='bbox 611 5256 783 5323; x_wconf 72' lang='lat' dir='ltr'><strong>tgant,</strong></span> <span class='ocrx_word' id='word_1_794' title='bbox 810 5264 880 5325; x_wconf 80' lang='lat' dir='ltr'><strong>eo</strong></span> <span class='ocrx_word' id='word_1_795' title='bbox 905 5242 1113 5306; x_wconf 70' lang='lat' dir='ltr'><strong>scrﬁcet</strong></span> <span class='ocrx_word' id='word_1_796' title='bbox 1137 5265 1344 5325; x_wconf 81' lang='lat' dir='ltr'><strong>amore,</strong></span> <span class='ocrx_word' id='word_1_797' title='bbox 1368 5267 1476 5321; x_wconf 87' lang='lat' dir='ltr'><strong>quo</strong></span> <span class='ocrx_word' id='word_1_798' title='bbox 1497 5253 1587 5307; x_wconf 83' lang='lat' dir='ltr'><strong>hat</strong></span> <span class='ocrx_word' id='word_1_799' title='bbox 1608 5267 1771 5325; x_wconf 82' lang='lat' dir='ltr'><strong>unum</strong></span> <span class='ocrx_word' id='word_1_800' title='bbox 1800 5252 1985 5325; x_wconf 87' lang='lat' dir='ltr'><strong>eduo-</strong></span> 
     </span>
    </p>
   </div>
   <div class='ocr_carea' id='block_1_95' title="bbox 386 5316 1984 5387">
    <p class='ocr_par' dir='ltr' id='par_1_95' title="bbox 386 5316 1984 5387">
     <span class='ocr_line' id='line_1_98' title="bbox 386 5316 1984 5387; baseline 0.001 -10"><span class='ocrx_word' id='word_1_801' title='bbox 386 5316 721 5387; x_wconf 49' lang='grc' dir='ltr'><strong>Νηληΐῳ,</strong></span> <span class='ocrx_word' id='word_1_802' title='bbox 760 5316 1055 5383; x_wconf 63' lang='lat' dir='ltr'><strong>ambobus</strong></span> <span class='ocrx_word' id='word_1_803' title='bbox 1104 5323 1214 5377; x_wconf 90' lang='lat' dir='ltr'><strong>sint</strong></span> <span class='ocrx_word' id='word_1_804' title='bbox 1241 5316 1405 5387; x_wconf 68' lang='lat' dir='ltr'><strong>Caro,</strong></span> <span class='ocrx_word' id='word_1_805' title='bbox 1438 5337 1543 5378; x_wconf 81' lang='lat' dir='ltr'><strong>una</strong></span> <span class='ocrx_word' id='word_1_806' title='bbox 1589 5323 1788 5378; x_wconf 90' lang='lat' dir='ltr'><strong>anima.</strong></span> <span class='ocrx_word' id='word_1_807' title='bbox 1836 5324 1984 5378; x_wconf 90' lang='lat' dir='ltr'><strong>llanc</strong></span> 
     </span>
    </p>
   </div>
   <div class='ocr_carea' id='block_1_96' title="bbox 386 5382 1976 5465">
    <p class='ocr_par' dir='ltr' id='par_1_96' title="bbox 386 5382 1976 5465">
     <span class='ocr_line' id='line_1_99' title="bbox 386 5382 1976 5465; baseline 0.001 -20"><span class='ocrx_word' id='word_1_808' title='bbox 386 5405 519 5465; x_wconf 76' lang='lat' dir='ltr'><strong>vero</strong></span> <span class='ocrx_word' id='word_1_809' title='bbox 540 5382 917 5465; x_wconf 59' lang='lat' dir='ltr'><strong>Mortem,</strong></span> <span class='ocrx_word' id='word_1_810' title='bbox 950 5391 1173 5465; x_wconf 81' lang='lat' dir='ltr'><strong>ﬁguram</strong></span> <span class='ocrx_word' id='word_1_811' title='bbox 1205 5407 1327 5448; x_wconf 89' lang='lat' dir='ltr'><strong>esse</strong></span> <span class='ocrx_word' id='word_1_812' title='bbox 1370 5382 1446 5465; x_wconf 79' lang='lat' dir='ltr'><strong>ait</strong></span> <span class='ocrx_word' id='word_1_813' title='bbox 1472 5402 1528 5449; x_wconf 90' lang='lat' dir='ltr'><strong>et</strong></span> <span class='ocrx_word' id='word_1_814' title='bbox 1561 5404 1976 5461; x_wconf 87' lang='lat' dir='ltr'><strong>sacramentum,</strong></span> 
     </span>
    </p>
   </div>
   <div class='ocr_carea' id='block_1_97' title="bbox 386 5462 1981 5537">
    <p class='ocr_par' dir='ltr' id='par_1_97' title="bbox 386 5462 1981 5537">
     <span class='ocr_line' id='line_1_100' title="bbox 386 5462 1981 5537; baseline -0.001 -16"><span class='ocrx_word' id='word_1_815' title='bbox 386 5464 503 5537; x_wconf 68' lang='lat' dir='ltr'><strong>sive</strong></span> <span class='ocrx_word' id='word_1_816' title='bbox 526 5462 719 5537; x_wconf 57' lang='lat' dir='ltr'><strong>tnui}:</strong></span> <span class='ocrx_word' id='word_1_817' title='bbox 734 5474 792 5537; x_wconf 84' lang='lat' dir='ltr'><strong>et</strong></span> <span class='ocrx_word' id='word_1_818' title='bbox 828 5462 1117 5537; x_wconf 69' lang='lat' dir='ltr'><strong>iisagiiiem</strong></span> <span class='ocrx_word' id='word_1_819' title='bbox 1144 5472 1203 5537; x_wconf 83' lang='lat' dir='ltr'><strong>et</strong></span> <span class='ocrx_word' id='word_1_820' title='bbox 1222 5462 1510 5537; x_wconf 76' lang='lat' dir='ltr'><strong>speculum</strong></span> <span class='ocrx_word' id='word_1_821' title='bbox 1554 5468 1757 5521; x_wconf 86' lang='lat' dir='ltr'><strong>amoris</strong></span> <span class='ocrx_word' id='word_1_822' title='bbox 1780 5465 1981 5522; x_wconf 85' lang='lat' dir='ltr'><strong>Christi</strong></span> 
     </span>
    </p>
   </div>
   <div class='ocr_carea' id='block_1_98' title="bbox 387 5532 1978 5613">
    <p class='ocr_par' dir='ltr' id='par_1_98' title="bbox 387 5532 1978 5613">
     <span class='ocr_line' id='line_1_101' title="bbox 387 5532 1978 5613; baseline -0.004 -15"><span class='ocrx_word' id='word_1_823' title='bbox 387 5532 900 5613; x_wconf 84' lang='grc'><em>,</em></span> <span class='ocrx_word' id='word_1_824' title='bbox 947 5532 1070 5607; x_wconf 58' lang='lat' dir='ltr'><strong>ipse</strong></span> <span class='ocrx_word' id='word_1_825' title='bbox 1112 5535 1195 5592; x_wconf 88' lang='lat' dir='ltr'><strong>sic</strong></span> <span class='ocrx_word' id='word_1_826' title='bbox 1237 5532 1522 5613; x_wconf 48' lang='lat' dir='ltr'><strong>agitarent</strong></span> <span class='ocrx_word' id='word_1_827' title='bbox 1562 5548 1617 5613; x_wconf 73' lang='lat' dir='ltr'><strong>et</strong></span> <span class='ocrx_word' id='word_1_828' title='bbox 1664 5538 1978 5613; x_wconf 73' lang='lat' dir='ltr'><strong>:Igglttlinari</strong></span> 
     </span>
    </p>
   </div>
   <div class='ocr_carea' id='block_1_99' title="bbox 344 5596 1985 5693">
    <p class='ocr_par' dir='ltr' id='par_1_99' title="bbox 344 5596 1985 5693">
     <span class='ocr_line' id='line_1_102' title="bbox 344 5596 1985 5693; baseline -0.016 -3"><span class='ocrx_word' id='word_1_829' title='bbox 344 5632 363 5649; x_wconf 84' lang='lat'><strong><em>&#39;</em></strong></span> <span class='ocrx_word' id='word_1_830' title='bbox 610 5622 717 5693; x_wconf 57' lang='lat'><strong>{‘99</strong></span> <span class='ocrx_word' id='word_1_831' title='bbox 744 5596 1046 5693; x_wconf 54' lang='grc' dir='ltr'><strong>άεδξῖξειύι</strong></span> <span class='ocrx_word' id='word_1_832' title='bbox 1073 5622 1237 5693; x_wconf 62' lang='lat' dir='ltr'><strong>unum</strong></span> <span class='ocrx_word' id='word_1_833' title='bbox 1265 5604 1359 5661; x_wconf 84' lang='lat' dir='ltr'><strong>ﬁat</strong></span> <span class='ocrx_word' id='word_1_834' title='bbox 1397 5622 1463 5693; x_wconf 53' lang='lat' dir='ltr'><strong>es</strong></span> <span class='ocrx_word' id='word_1_835' title='bbox 1488 5596 1802 5691; x_wconf 45' lang='lat' dir='ltr'><strong>duobusrct</strong></span> <span class='ocrx_word' id='word_1_836' title='bbox 1825 5609 1985 5664; x_wconf 87' lang='lat' dir='ltr'><strong>ambo</strong></span> 
     </span>
    </p>
   </div>
   <div class='ocr_carea' id='block_1_100' title="bbox 384 5672 1982 5760">
    <p class='ocr_par' dir='ltr' id='par_1_100' title="bbox 384 5672 1982 5760">
     <span class='ocr_line' id='line_1_103' title="bbox 384 5672 1982 5760; baseline -0.003 -22"><span class='ocrx_word' id='word_1_837' title='bbox 384 5672 749 5760; x_wconf 59' lang='lat' dir='ltr'><strong>sint;</strong></span> <span class='ocrx_word' id='word_1_838' title='bbox 810 5672 1073 5760; x_wconf 66' lang='lat' dir='ltr'><strong>adeoque</strong></span> <span class='ocrx_word' id='word_1_839' title='bbox 1101 5677 1190 5760; x_wconf 84' lang='lat' dir='ltr'><strong>illa</strong></span> <span class='ocrx_word' id='word_1_840' title='bbox 1238 5680 1503 5760; x_wconf 7' lang='lat' dir='ltr'><strong>nongalio</strong></span> <span class='ocrx_word' id='word_1_841' title='bbox 1559 5672 1783 5760; x_wconf 67' lang='lat' dir='ltr'><strong>spiritu,</strong></span> <span class='ocrx_word' id='word_1_842' title='bbox 1825 5695 1982 5760; x_wconf 82' lang='lat' dir='ltr'><strong>quam</strong></span> 
     </span>
    </p>
   </div>
   <div class='ocr_carea' id='block_1_101' title="bbox 381 5740 1986 5899">
    <p class='ocr_par' dir='ltr' id='par_1_101' title="bbox 381 5740 1986 5899">
     <span class='ocr_line' id='line_1_104' title="bbox 381 5740 1986 5899; baseline 0 -92"><span class='ocrx_word' id='word_1_843' title='bbox 381 5740 895 5899; x_wconf 50' lang='lat' dir='ltr'><strong>WW1!</strong></span> <span class='ocrx_word' id='word_1_844' title='bbox 920 5740 1081 5830; x_wconf 53' lang='grc' dir='ltr'><strong>ιεπὶιαιιι</strong></span> <span class='ocrx_word' id='word_1_845' title='bbox 1120 5758 1180 5830; x_wconf 82' lang='lat' dir='ltr'><strong>_et</strong></span> <span class='ocrx_word' id='word_1_846' title='bbox 1226 5758 1554 5880; x_wconf 43' lang='grc' dir='ltr'><strong>τεᾶαιιινηυι</strong></span> <span class='ocrx_word' id='word_1_847' title='bbox 1591 5740 1655 5807; x_wconf 83' lang='lat' dir='ltr'><strong>&#39;in</strong></span> <span class='ocrx_word' id='word_1_848' title='bbox 1700 5740 1814 5824; x_wconf 70' lang='lat' dir='ltr'><strong>ipa.</strong></span> <span class='ocrx_word' id='word_1_849' title='bbox 1842 5740 1986 5807; x_wconf 72' lang='lat' dir='ltr'><strong>vivat</strong></span> 
     </span>
     <span class='ocr_line' id='line_1_105' title="bbox 381 5817 1979 5899; baseline -0.004 -14"><span class='ocrx_word' id='word_1_850' title='bbox 381 5818 539 5885; x_wconf 72' lang='lat' dir='ltr'><strong>Cirris</strong></span> <span class='ocrx_word' id='word_1_851' title='bbox 666 5832 740 5885; x_wconf 66' lang='grc' dir='ltr'><strong>α</strong></span> <span class='ocrx_word' id='word_1_852' title='bbox 764 5823 891 5899; x_wconf 79' lang='lat' dir='ltr'><strong>ipsa</strong></span> <span class='ocrx_word' id='word_1_853' title='bbox 915 5834 973 5881; x_wconf 83' lang='lat' dir='ltr'><strong>tu</strong></span> <span class='ocrx_word' id='word_1_854' title='bbox 1004 5817 1247 5882; x_wconf 74' lang='lat' dir='ltr'><strong>Christo.</strong></span> <span class='ocrx_word' id='word_1_855' title='bbox 1324 5836 1387 5879; x_wconf 87' lang='lat' dir='ltr'><strong>es</strong></span> <span class='ocrx_word' id='word_1_856' title='bbox 1420 5822 1581 5898; x_wconf 81' lang='lat' dir='ltr'><strong>igitur</strong></span> <span class='ocrx_word' id='word_1_857' title='bbox 1607 5825 1718 5898; x_wconf 86' lang='lat' dir='ltr'><strong>agit</strong></span> <span class='ocrx_word' id='word_1_858' title='bbox 1745 5824 1979 5898; x_wconf 85' lang='lat' dir='ltr'><strong>Aposto—</strong></span> 
     </span>
    </p>
   </div>
   <div class='ocr_carea' id='block_1_102' title="bbox 375 5817 1979 5899">
    <p class='ocr_par' dir='ltr' id='par_1_102' title="bbox 375 5817 1979 5899">
     <span class='ocr_line' id='line_1_106' title="bbox 375 5817 1979 5899; baseline -0.004 -14"><span class='ocrx_word' id='word_1_859' title='bbox 375 5817 740 5899; x_wconf 49' lang='grc' dir='ltr'><strong>ϐωσΕά</strong></span> <span class='ocrx_word' id='word_1_860' title='bbox 764 5817 891 5899; x_wconf 73' lang='lat' dir='ltr'><strong>ipsa</strong></span> <span class='ocrx_word' id='word_1_861' title='bbox 915 5818 973 5881; x_wconf 82' lang='lat' dir='ltr'><strong>in</strong></span> <span class='ocrx_word' id='word_1_862' title='bbox 1004 5817 1247 5882; x_wconf 74' lang='lat' dir='ltr'><strong>Christo.</strong></span> <span class='ocrx_word' id='word_1_863' title='bbox 1274 5817 1387 5880; x_wconf 78' lang='lat' dir='ltr'><strong>Res</strong></span> <span class='ocrx_word' id='word_1_864' title='bbox 1420 5817 1581 5898; x_wconf 80' lang='lat' dir='ltr'><strong>igitur</strong></span> <span class='ocrx_word' id='word_1_865' title='bbox 1607 5817 1979 5898; x_wconf 59' lang='lat' dir='ltr'><strong>agit&#39;Aposto—</strong></span> 
     </span>
    </p>
   </div>
   <div class='ocr_carea' id='block_1_103' title="bbox 2097 4753 3677 4824">
    <p class='ocr_par' dir='ltr' id='par_1_103' title="bbox 2097 4753 3677 4824">
     <span class='ocr_line' id='line_1_107' title="bbox 2097 4753 3677 4824; baseline 0.001 -14"><span class='ocrx_word' id='word_1_866' title='bbox 2097 4754 2212 4810; x_wconf 80' lang='lat' dir='ltr'><strong>ﬁeri</strong></span> <span class='ocrx_word' id='word_1_867' title='bbox 2243 4754 2381 4808; x_wconf 87' lang='lat' dir='ltr'><strong>inter</strong></span> <span class='ocrx_word' id='word_1_868' title='bbox 2409 4753 2661 4822; x_wconf 81' lang='lat' dir='ltr'><strong>conjuges</strong></span> <span class='ocrx_word' id='word_1_869' title='bbox 2686 4754 3009 4817; x_wconf 85' lang='lat' dir='ltr'><strong>divortium;</strong></span> <span class='ocrx_word' id='word_1_870' title='bbox 3037 4768 3160 4808; x_wconf 89' lang='lat' dir='ltr'><strong>nam</strong></span> <span class='ocrx_word' id='word_1_871' title='bbox 3185 4755 3230 4808; x_wconf 91' lang='lat' dir='ltr'><strong>si</strong></span> <span class='ocrx_word' id='word_1_872' title='bbox 3256 4753 3454 4824; x_wconf 80' lang='lat' dir='ltr'><strong>conjux</strong></span> <span class='ocrx_word' id='word_1_873' title='bbox 3480 4770 3512 4807; x_wconf 87' lang='lat' dir='ltr'><strong>a</strong></span> <span class='ocrx_word' id='word_1_874' title='bbox 3542 4770 3677 4811; x_wconf 82' lang='lat' dir='ltr'><strong>con-</strong></span> 
     </span>
    </p>
   </div>
   <div class='ocr_carea' id='block_1_104' title="bbox 2098 4824 3677 4895">
    <p class='ocr_par' dir='ltr' id='par_1_104' title="bbox 2098 4824 3677 4895">
     <span class='ocr_line' id='line_1_108' title="bbox 2098 4824 3677 4895; baseline 0 -14"><span class='ocrx_word' id='word_1_875' title='bbox 2098 4828 2218 4895; x_wconf 83' lang='lat' dir='ltr'><strong>iuge</strong></span> <span class='ocrx_word' id='word_1_876' title='bbox 2265 4824 2497 4879; x_wconf 88' lang='lat' dir='ltr'><strong>divortat</strong></span> <span class='ocrx_word' id='word_1_877' title='bbox 2520 4865 2535 4891; x_wconf 87' lang='lat'><strong>,</strong></span> <span class='ocrx_word' id='word_1_878' title='bbox 2564 4825 2676 4892; x_wconf 90' lang='lat' dir='ltr'><strong>jam</strong></span> <span class='ocrx_word' id='word_1_879' title='bbox 2706 4825 3023 4878; x_wconf 90' lang='lat' dir='ltr'><strong>alterutrum</strong></span> <span class='ocrx_word' id='word_1_880' title='bbox 3070 4839 3325 4895; x_wconf 85' lang='lat' dir='ltr'><strong>separare</strong></span> <span class='ocrx_word' id='word_1_881' title='bbox 3346 4841 3465 4895; x_wconf 74' lang='lat' dir='ltr'><strong>qua:</strong></span> <span class='ocrx_word' id='word_1_882' title='bbox 3484 4836 3609 4881; x_wconf 91' lang='lat' dir='ltr'><strong>sunt</strong></span> <span class='ocrx_word' id='word_1_883' title='bbox 3645 4841 3677 4881; x_wconf 91' lang='lat' dir='ltr'><strong>a</strong></span> 
     </span>
    </p>
   </div>
   <div class='ocr_carea' id='block_1_105' title="bbox 2142 4894 3679 4966">
    <p class='ocr_par' dir='ltr' id='par_1_105' title="bbox 2142 4894 3679 4966">
     <span class='ocr_line' id='line_1_109' title="bbox 2142 4894 3679 4966; baseline 0.001 -15"><span class='ocrx_word' id='word_1_884' title='bbox 2142 4894 2207 4952; x_wconf 85' lang='lat' dir='ltr'><strong>eo</strong></span> <span class='ocrx_word' id='word_1_885' title='bbox 2235 4896 2544 4964; x_wconf 87' lang='lat' dir='ltr'><strong>conjuncta.</strong></span> <span class='ocrx_word' id='word_1_886' title='bbox 2568 4896 2679 4950; x_wconf 93' lang='lat' dir='ltr'><strong>lloc</strong></span> <span class='ocrx_word' id='word_1_887' title='bbox 2708 4896 2933 4965; x_wconf 89' lang='lat' dir='ltr'><strong>primum</strong></span> <span class='ocrx_word' id='word_1_888' title='bbox 2962 4894 3300 4966; x_wconf 88' lang='lat' dir='ltr'><strong>agitPaulus.</strong></span> <span class='ocrx_word' id='word_1_889' title='bbox 3328 4894 3532 4952; x_wconf 87' lang='lat' dir='ltr'><strong>Deinde</strong></span> <span class='ocrx_word' id='word_1_890' title='bbox 3551 4912 3679 4953; x_wconf 88' lang='lat' dir='ltr'><strong>vero</strong></span> 
     </span>
    </p>
   </div>
   <div class='ocr_carea' id='block_1_106' title="bbox 2091 4967 3680 5040">
    <p class='ocr_par' dir='ltr' id='par_1_106' title="bbox 2091 4967 3680 5040">
     <span class='ocr_line' id='line_1_110' title="bbox 2091 4967 3680 5040; baseline -0.001 -14"><span class='ocrx_word' id='word_1_891' title='bbox 2091 4967 2292 5040; x_wconf 85' lang='lat' dir='ltr'><strong>adjicit,</strong></span> <span class='ocrx_word' id='word_1_892' title='bbox 2313 4977 2562 5040; x_wconf 72' lang='lat' dir='ltr'><strong>sanctam</strong></span> <span class='ocrx_word' id='word_1_893' title='bbox 2586 4975 2645 5022; x_wconf 88' lang='lat' dir='ltr'><strong>et</strong></span> <span class='ocrx_word' id='word_1_894' title='bbox 2677 4976 2881 5040; x_wconf 81' lang='lat' dir='ltr'><strong>castam</strong></span> <span class='ocrx_word' id='word_1_895' title='bbox 2905 4982 3025 5021; x_wconf 78' lang='lat' dir='ltr'><strong>esse</strong></span> <span class='ocrx_word' id='word_1_896' title='bbox 3045 4967 3242 5023; x_wconf 87' lang='lat' dir='ltr'><strong>debere</strong></span> <span class='ocrx_word' id='word_1_897' title='bbox 3265 4968 3404 5024; x_wconf 87' lang='lat' dir='ltr'><strong>inter</strong></span> <span class='ocrx_word' id='word_1_898' title='bbox 3423 4968 3680 5040; x_wconf 82' lang='lat' dir='ltr'><strong>conjnges</strong></span> 
     </span>
    </p>
   </div>
   <div class='ocr_carea' id='block_1_107' title="bbox 2093 5037 3679 5106">
    <p class='ocr_par' dir='ltr' id='par_1_107' title="bbox 2093 5037 3679 5106">
     <span class='ocr_line' id='line_1_111' title="bbox 2093 5037 3679 5106; baseline 0.004 -17"><span class='ocrx_word' id='word_1_899' title='bbox 2093 5037 2470 5103; x_wconf 70' lang='lat' dir='ltr'><strong>whctirdiatll;</strong></span> <span class='ocrx_word' id='word_1_900' title='bbox 2521 5037 2951 5106; x_wconf 84' lang='lat' dir='ltr'><strong>quandoquidem</strong></span> <span class='ocrx_word' id='word_1_901' title='bbox 2994 5052 3059 5092; x_wconf 80' lang='lat' dir='ltr'><strong>ex</strong></span> <span class='ocrx_word' id='word_1_902' title='bbox 3103 5053 3166 5094; x_wconf 87' lang='lat' dir='ltr'><strong>ea</strong></span> <span class='ocrx_word' id='word_1_903' title='bbox 3211 5049 3387 5094; x_wconf 87' lang='lat' dir='ltr'><strong>sumat</strong></span> <span class='ocrx_word' id='word_1_904' title='bbox 3435 5037 3679 5096; x_wconf 78' lang='lat' dir='ltr'><strong>Christus</strong></span> 
     </span>
    </p>
   </div>
   <div class='ocr_carea' id='block_1_108' title="bbox 2093 5109 3678 5180">
    <p class='ocr_par' dir='ltr' id='par_1_108' title="bbox 2093 5109 3678 5180">
     <span class='ocr_line' id='line_1_112' title="bbox 2093 5109 3678 5180; baseline -0.001 -11"><span class='ocrx_word' id='word_1_905' title='bbox 2093 5109 2422 5180; x_wconf 76' lang='lat' dir='ltr'><strong>exemplum,</strong></span> <span class='ocrx_word' id='word_1_906' title='bbox 2443 5120 2504 5180; x_wconf 82' lang='lat' dir='ltr'><strong>et</strong></span> <span class='ocrx_word' id='word_1_907' title='bbox 2533 5118 2927 5180; x_wconf 83' lang='lat' dir='ltr'><strong>sacramentum</strong></span> <span class='ocrx_word' id='word_1_908' title='bbox 2969 5116 3024 5163; x_wconf 90' lang='lat' dir='ltr'><strong>et</strong></span> <span class='ocrx_word' id='word_1_909' title='bbox 3047 5178 3057 5180; x_wconf 14' lang='grc' dir='ltr'>μ</span> <span class='ocrx_word' id='word_1_910' title='bbox 3070 5110 3475 5180; x_wconf 83' lang='lat' dir='ltr'><strong>similitudinem</strong></span> <span class='ocrx_word' id='word_1_911' title='bbox 3506 5112 3678 5168; x_wconf 83' lang='lat' dir='ltr'><strong>dilec-</strong></span> 
     </span>
    </p>
   </div>
   <div class='ocr_carea' id='block_1_109' title="bbox 2092 5178 3679 5254">
    <p class='ocr_par' dir='ltr' id='par_1_109' title="bbox 2092 5178 3679 5254">
     <span class='ocr_line' id='line_1_113' title="bbox 2092 5178 3679 5254; baseline -0.001 -15"><span class='ocrx_word' id='word_1_912' title='bbox 2092 5178 2271 5239; x_wconf 77' lang='lat' dir='ltr'><strong>tionis</strong></span> <span class='ocrx_word' id='word_1_913' title='bbox 2285 5195 2409 5250; x_wconf 83' lang='lat' dir='ltr'><strong>erga</strong></span> <span class='ocrx_word' id='word_1_914' title='bbox 2440 5179 2902 5254; x_wconf 65' lang='lat' dir='ltr'><strong>Ecclesiamstne,</strong></span> <span class='ocrx_word' id='word_1_915' title='bbox 2936 5178 3111 5251; x_wconf 88' lang='lat' dir='ltr'><strong>qualis</strong></span> <span class='ocrx_word' id='word_1_916' title='bbox 3149 5197 3271 5237; x_wconf 86' lang='lat' dir='ltr'><strong>esse</strong></span> <span class='ocrx_word' id='word_1_917' title='bbox 3300 5182 3463 5254; x_wconf 82' lang='lat' dir='ltr'><strong>debet</strong></span> <span class='ocrx_word' id='word_1_918' title='bbox 3490 5181 3679 5254; x_wconf 78' lang='lat' dir='ltr'><strong>sponsi</strong></span> 
     </span>
    </p>
   </div>
   <div class='ocr_carea' id='block_1_110' title="bbox 2089 5247 3677 5326">
    <p class='ocr_par' dir='ltr' id='par_1_110' title="bbox 2089 5247 3677 5326">
     <span class='ocr_line' id='line_1_114' title="bbox 2089 5247 3677 5326; baseline 0.003 -21"><span class='ocrx_word' id='word_1_919' title='bbox 2089 5270 2215 5326; x_wconf 81' lang='lat' dir='ltr'><strong>erga</strong></span> <span class='ocrx_word' id='word_1_920' title='bbox 2245 5247 2496 5326; x_wconf 75' lang='lat' dir='ltr'><strong>sponsam</strong></span> <span class='ocrx_word' id='word_1_921' title='bbox 2530 5266 2544 5326; x_wconf 90' lang='lat'><strong>_:</strong></span> <span class='ocrx_word' id='word_1_922' title='bbox 2578 5265 2697 5326; x_wconf 79' lang='lat' dir='ltr'><strong>quae</strong></span> <span class='ocrx_word' id='word_1_923' title='bbox 2726 5247 2939 5326; x_wconf 72' lang='lat' dir='ltr'><strong>dilectio</strong></span> <span class='ocrx_word' id='word_1_924' title='bbox 2954 5247 3241 5318; x_wconf 54' lang='lat' dir='ltr'><strong>&#39;repensari</strong></span> <span class='ocrx_word' id='word_1_925' title='bbox 3273 5247 3677 5309; x_wconf 80' lang='lat' dir='ltr'><strong>debeateodem</strong></span> 
     </span>
    </p>
   </div>
   <div class='ocr_carea' id='block_1_111' title="bbox 2089 5320 3675 5395">
    <p class='ocr_par' dir='ltr' id='par_1_111' title="bbox 2089 5320 3675 5395">
     <span class='ocr_line' id='line_1_115' title="bbox 2089 5320 3675 5395; baseline -0.001 -14"><span class='ocrx_word' id='word_1_926' title='bbox 2089 5320 2339 5392; x_wconf 64' lang='lat' dir='ltr'><strong>excinp&#39;lo</strong></span> <span class='ocrx_word' id='word_1_927' title='bbox 2363 5321 2685 5384; x_wconf 88' lang='lat' dir='ltr'><strong>dilectionis,</strong></span> <span class='ocrx_word' id='word_1_928' title='bbox 2701 5320 2893 5395; x_wconf 84' lang='lat' dir='ltr'><strong>qualis</strong></span> <span class='ocrx_word' id='word_1_929' title='bbox 2911 5329 2994 5395; x_wconf 69' lang='lat' dir='ltr'><strong>est</strong></span> <span class='ocrx_word' id='word_1_930' title='bbox 3013 5334 3226 5395; x_wconf 83' lang='lat' dir='ltr'><strong>sponsae</strong></span> <span class='ocrx_word' id='word_1_931' title='bbox 3242 5337 3367 5393; x_wconf 81' lang='lat' dir='ltr'><strong>erga</strong></span> <span class='ocrx_word' id='word_1_932' title='bbox 3393 5340 3675 5395; x_wconf 87' lang='lat' dir='ltr'><strong>sponsum.</strong></span> 
     </span>
    </p>
   </div>
   <div class='ocr_carea' id='block_1_112' title="bbox 2090 5391 3679 5464">
    <p class='ocr_par' dir='ltr' id='par_1_112' title="bbox 2090 5391 3679 5464">
     <span class='ocr_line' id='line_1_116' title="bbox 2090 5391 3679 5464; baseline -0.001 -13"><span class='ocrx_word' id='word_1_933' title='bbox 2090 5396 2238 5451; x_wconf 89' lang='lat' dir='ltr'><strong>llanc</strong></span> <span class='ocrx_word' id='word_1_934' title='bbox 2268 5409 2395 5448; x_wconf 86' lang='lat' dir='ltr'><strong>vero</strong></span> <span class='ocrx_word' id='word_1_935' title='bbox 2422 5392 2874 5464; x_wconf 66' lang='lat' dir='ltr'><strong>murmurationem</strong></span> <span class='ocrx_word' id='word_1_936' title='bbox 2918 5391 3113 5447; x_wconf 85' lang='lat' dir='ltr'><strong>Paulus</strong></span> <span class='ocrx_word' id='word_1_937' title='bbox 3142 5395 3217 5447; x_wconf 86' lang='lat' dir='ltr'><strong>ait</strong></span> <span class='ocrx_word' id='word_1_938' title='bbox 3257 5391 3505 5464; x_wconf 78' lang='lat' dir='ltr'><strong>ntaguum</strong></span> <span class='ocrx_word' id='word_1_939' title='bbox 3555 5408 3679 5450; x_wconf 84' lang='lat' dir='ltr'><strong>esse</strong></span> 
     </span>
    </p>
   </div>
   <div class='ocr_carea' id='block_1_113' title="bbox 2091 5462 3677 5538">
    <p class='ocr_par' dir='ltr' id='par_1_113' title="bbox 2091 5462 3677 5538">
     <span class='ocr_line' id='line_1_117' title="bbox 2091 5462 3677 5538; baseline 0 -16"><span class='ocrx_word' id='word_1_940' title='bbox 2091 5464 2426 5538; x_wconf 83' lang='lat' dir='ltr'><strong>mysterium.</strong></span> <span class='ocrx_word' id='word_1_941' title='bbox 2459 5463 2612 5530; x_wconf 81' lang='lat' dir='ltr'><strong>Quod</strong></span> <span class='ocrx_word' id='word_1_942' title='bbox 2652 5478 2781 5518; x_wconf 91' lang='lat' dir='ltr'><strong>sane</strong></span> <span class='ocrx_word' id='word_1_943' title='bbox 2805 5462 3001 5518; x_wconf 83' lang='lat' dir='ltr'><strong>doceat</strong></span> <span class='ocrx_word' id='word_1_944' title='bbox 3045 5462 3393 5538; x_wconf 59' lang='lat' dir='ltr'><strong>[nastoresch</strong></span> <span class='ocrx_word' id='word_1_945' title='bbox 3420 5471 3677 5529; x_wconf 69' lang='grc' dir='ltr'><strong>κιλλίστης</strong></span> 
     </span>
    </p>
   </div>
   <div class='ocr_carea' id='block_1_114' title="bbox 2088 5534 3677 5607">
    <p class='ocr_par' dir='ltr' id='par_1_114' title="bbox 2088 5534 3677 5607">
     <span class='ocr_line' id='line_1_118' title="bbox 2088 5534 3677 5607; baseline 0 -16"><span class='ocrx_word' id='word_1_946' title='bbox 2088 5534 2218 5604; x_wconf 62' lang='lat' dir='ltr'><strong>gs...</strong></span> <span class='ocrx_word' id='word_1_947' title='bbox 2242 5540 2415 5607; x_wconf 54' lang='grc' dir='ltr'><strong>ἀνεληέ</strong></span> <span class='ocrx_word' id='word_1_948' title='bbox 2454 5541 2723 5605; x_wconf 74' lang='grc' dir='ltr'><strong>ἀνθρώπων,</strong></span> <span class='ocrx_word' id='word_1_949' title='bbox 2756 5548 2924 5603; x_wconf 88' lang='lat' dir='ltr'><strong>usque</strong></span> <span class='ocrx_word' id='word_1_950' title='bbox 2952 5542 3006 5589; x_wconf 89' lang='lat' dir='ltr'><strong>et</strong></span> <span class='ocrx_word' id='word_1_951' title='bbox 3035 5549 3204 5604; x_wconf 85' lang='lat' dir='ltr'><strong>usque</strong></span> <span class='ocrx_word' id='word_1_952' title='bbox 3241 5534 3478 5590; x_wconf 85' lang='lat' dir='ltr'><strong>ﬁdelium</strong></span> <span class='ocrx_word' id='word_1_953' title='bbox 3524 5552 3677 5591; x_wconf 83' lang='lat' dir='ltr'><strong>incu-</strong></span> 
     </span>
    </p>
   </div>
   <div class='ocr_carea' id='block_1_115' title="bbox 2092 5608 3405 5666">
    <p class='ocr_par' dir='ltr' id='par_1_115' title="bbox 2092 5608 3405 5666">
     <span class='ocr_line' id='line_1_119' title="bbox 2092 5608 3405 5666; baseline -0.013 0"><span class='ocrx_word' id='word_1_954' title='bbox 2092 5613 2234 5666; x_wconf 84' lang='lat' dir='ltr'><strong>tibus</strong></span> <span class='ocrx_word' id='word_1_955' title='bbox 2260 5611 2543 5663; x_wconf 81' lang='lat' dir='ltr'><strong>inculcare.</strong></span> <span class='ocrx_word' id='word_1_956' title='bbox 2582 5608 2697 5662; x_wconf 78' lang='lat' dir='ltr'><strong>lito.</strong></span> <span class='ocrx_word' id='word_1_957' title='bbox 3395 5615 3405 5624; x_wconf 92' lang='grc'>·</span> 
     </span>
    </p>
   </div>
   <div class='ocr_carea' id='block_1_116' title="bbox 2163 5673 3674 5752">
    <p class='ocr_par' dir='ltr' id='par_1_116' title="bbox 2163 5673 3674 5752">
     <span class='ocr_line' id='line_1_120' title="bbox 2163 5673 3674 5752; baseline -0.003 -17"><span class='ocrx_word' id='word_1_958' title='bbox 2163 5679 2243 5752; x_wconf 84' lang='lat' dir='ltr'><strong>(h)</strong></span> <span class='ocrx_word' id='word_1_959' title='bbox 2281 5678 2535 5752; x_wconf 78' lang='lat' dir='ltr'><strong>Adversus</strong></span> <span class='ocrx_word' id='word_1_960' title='bbox 2571 5676 2995 5752; x_wconf 66' lang='lat' dir='ltr'><strong>munditeneuttu.</strong></span> <span class='ocrx_word' id='word_1_961' title='bbox 3032 5675 3253 5745; x_wconf 79' lang='lat' dir='ltr'><strong>Vulgata</strong></span> <span class='ocrx_word' id='word_1_962' title='bbox 3284 5673 3445 5730; x_wconf 85' lang='lat' dir='ltr'><strong>habet</strong></span> <span class='ocrx_word' id='word_1_963' title='bbox 3471 5674 3674 5752; x_wconf 87' lang='lat' dir='ltr'><strong>_mundi</strong></span> 
     </span>
    </p>
   </div>
   <div class='ocr_carea' id='block_1_117' title="bbox 2090 5747 3676 5820">
    <p class='ocr_par' dir='ltr' id='par_1_117' title="bbox 2090 5747 3676 5820">
     <span class='ocr_line' id='line_1_121' title="bbox 2090 5747 3676 5820; baseline -0.008 -10"><span class='ocrx_word' id='word_1_964' title='bbox 2090 5747 2360 5814; x_wconf 76' lang='lat' dir='ltr'><strong>rectores;</strong></span> <span class='ocrx_word' id='word_1_965' title='bbox 2409 5750 2502 5805; x_wconf 90' lang='lat' dir='ltr'><strong>sed</strong></span> <span class='ocrx_word' id='word_1_966' title='bbox 2547 5748 2795 5820; x_wconf 81' lang='lat' dir='ltr'><strong>quoniam</strong></span> <span class='ocrx_word' id='word_1_967' title='bbox 2826 5756 3061 5820; x_wconf 86' lang='lat' dir='ltr'><strong>etymum</strong></span> <span class='ocrx_word' id='word_1_968' title='bbox 3093 5755 3270 5820; x_wconf 83' lang='lat' dir='ltr'><strong>servat</strong></span> <span class='ocrx_word' id='word_1_969' title='bbox 3310 5762 3415 5801; x_wconf 90' lang='lat' dir='ltr'><strong>non</strong></span> <span class='ocrx_word' id='word_1_970' title='bbox 3440 5747 3557 5801; x_wconf 90' lang='lat' dir='ltr'><strong>sine</strong></span> <span class='ocrx_word' id='word_1_971' title='bbox 3579 5761 3676 5799; x_wconf 84' lang='lat' dir='ltr'><strong>su-</strong></span> 
     </span>
    </p>
   </div>
   <div class='ocr_carea' id='block_1_118' title="bbox 2091 5817 3677 5900">
    <p class='ocr_par' dir='ltr' id='par_1_118' title="bbox 2091 5817 3677 5900">
     <span class='ocr_line' id='line_1_122' title="bbox 2091 5817 3677 5900; baseline -0.006 -18"><span class='ocrx_word' id='word_1_972' title='bbox 2091 5823 2405 5900; x_wconf 86' lang='lat' dir='ltr'><strong>perstitione</strong></span> <span class='ocrx_word' id='word_1_973' title='bbox 2451 5817 2626 5897; x_wconf 83' lang='lat' dir='ltr'><strong>aliqua</strong></span> <span class='ocrx_word' id='word_1_974' title='bbox 2647 5863 2662 5890; x_wconf 92' lang='lat'><strong>,</strong></span> <span class='ocrx_word' id='word_1_975' title='bbox 2691 5820 2764 5877; x_wconf 81' lang='lat' dir='ltr'><strong>ita</strong></span> <span class='ocrx_word' id='word_1_976' title='bbox 2790 5818 2948 5877; x_wconf 81' lang='lat' dir='ltr'><strong>vertit</strong></span> <span class='ocrx_word' id='word_1_977' title='bbox 2972 5817 3116 5893; x_wconf 85' lang='lat' dir='ltr'><strong>quod</strong></span> <span class='ocrx_word' id='word_1_978' title='bbox 3153 5830 3328 5890; x_wconf 57' lang='lat' dir='ltr'><strong>graeca</strong></span> <span class='ocrx_word' id='word_1_979' title='bbox 3364 5825 3450 5876; x_wconf 90' lang='lat' dir='ltr'><strong>est</strong></span> <span class='ocrx_word' id='word_1_980' title='bbox 3499 5838 3677 5889; x_wconf 72' lang='grc' dir='ltr'><strong>κοσμο-</strong></span> 
     </span>
    </p>
   </div>
  </div>
