4020 6286
293 265 448 327 ν511)

1749 266 2221 329 TERTULIJANI

3539 273 3649 332 5‘20

343 380 452 437 Sed
480 381 752 451 quomodo
777 388 990 436 creator
1015 386 1071 436 et
1098 377 1340 434 diabolus
1363 388 1416 435 et
1443 377 1586 435 Deus
1618 379 1942 438 idcm?cuiu
1969 385 2016 444 Λ
2048 381 2288 448 XXXIII,
2317 380 2410 452 20)
2447 401 2460 438 :
2509 377 2674 438 Deam
2711 381 2788 456 (5)
2832 399 2977 440 nemo
3031 385 3247 450 videbit,
3294 396 3340 441 et
3390 387 3535 443 vivet.
3591 389 3651 445 Si

341 475 596 532 diabolus
644 491 752 531 non
800 474 938 530 idem
985 481 1042 530 et
1090 473 1234 528 Deus
1258 482 1313 528 et
1358 473 1626 528 diabolus.
1655 475 1761 528 Aut
1799 474 1941 530 enim

342 567 500 623 ambo
540 576 596 624 et
650 568 778 633 Dei,
821 568 868 623 si
917 567 1075 622 ambo
1131 566 1210 639 (I)
1260 566 1371 637 jam
1419 567 1654 632 diaboli;
1726 579 1815 622 aut
1853 569 1946 638 qui

344 658 486 714 Deus
521 657 608 713 hic
648 667 702 714 et
749 674 856 714 non
897 658 1164 725 diabolus,
1197 659 1337 713 sicut
1367 673 1467 714 nec
1501 657 1747 714 diabolus
1779 660 1940 716 Deus.

343 748 520 819 Ipsum
563 749 885 806 vocabulum
936 749 1170 816 diaboli,
1201 764 1386 820 quacro
1433 765 1504 805 ex
1553 766 1656 820 qua
1704 750 1942 807 delatura

342 849 616 912 competat
633 841 916 898 Creatori?
948 840 1198 918 Fortasse
1227 841 1418 898 detulit
1453 841 1687 912 aliquam
1735 844 1827 899 Dei
1855 859 1946 898 su-

344 935 573 1004 perioris
601 934 975 998 intentionem,
1005 933 1148 1002 quod
1177 934 1292 1002 ipse
1320 933 1389 989 ab
1411 932 1732 1005 archangelo
1755 950 1946 1006 passus

344 1037 446 1092 est,
479 1037 533 1084 et
561 1027 774 1098 quidem
807 1026 1052 1081 tuentito.
1081 1024 1198 1080 Non
1251 1025 1371 1081 ideo
1416 1026 1560 1080 enim
1596 1025 1947 1082 interdixerat

347 1122 492 1177 illius
528 1120 824 1176 arbuscula:
856 1129 1106 1189 gustum,
1142 1134 1209 1173 ne
1250 1118 1340 1173 Dei
1389 1117 1614 1184 ﬁerent,
1645 1118 1740 1173 sed
1782 1134 1849 1174 ne
1878 1119 1946 1175 de

345 1214 767 1285 transgressione
783 1220 1138 1267 morerentur.
1157 1211 1266 1266 Nec
1286 1211 1541 1279 spiritalia
1567 1219 1744 1265 autem
1766 1211 1944 1281 nequi«

345 1309 428 1362 tia:
463 1306 586 1361 ideo
625 1305 934 1361 Creatorem
986 1303 1359 1373 significabant
1401 1300 1480 1374 (2)
1505 1343 1519 1369 ,
1572 1303 1692 1372 quia
1720 1303 1938 1372 adjecit,

343 1400 396 1452 in
432 1399 589 1453 caelis.
623 1397 838 1452 Sciebat
864 1396 1006 1450 enim
1035 1405 1089 1450 et
1117 1395 1409 1463 Apostolus
1451 1395 1502 1448 in
1532 1395 1687 1449 cmlis
1723 1403 1941 1464 operata

344 1507 464 1549 esse
507 1491 766 1561 Spiritalia
800 1489 1051 1560 nequitiac
1095 1489 1409 1559 angelorum
1457 1488 1942 1543 scamlalizatornm

352 1585 403 1638 in
457 1585 590 1638 tilias
635 1583 908 1638 hominum
943 1581 1097 1652 (Gen.
1128 1579 1241 1650 Vl).
1279 1580 1346 1634 Et
1395 1581 1551 1650 quale
1590 1581 1690 1636 erit
1744 1581 1849 1651 (5),
1887 1589 1946 1634 ιιι

344 1676 797 1747 ambiguitatibus,
829 1685 881 1732 et
909 1691 1002 1745 per
1020 1675 1300 1744 aenigmata
1333 1673 1516 1728 nescio
1551 1690 1690 1742 quze,
1715 1675 1942 1728 Creato-

2052 489 2158 528 non
2187 483 2270 530 est
2297 473 2543 530 Christus
2587 476 2954 548 primogenitus
3001 478 3307 533 conditionis
3331 521 3346 545 ,
3379 490 3431 533 ut
3468 479 3650 536 Sermo

2051 565 2322 622 Creatoris
2353 583 2444 634 per
2472 583 2618 636 quem
2645 569 2816 622 omnia
2847 571 2983 640 facta
3013 579 3153 636 sunt,
3184 580 3228 624 et
3257 571 3367 625 sine
3395 589 3494 642 quo
3520 572 3652 626 nihil

2051 657 2247 726 factum
2276 669 2384 723 est;
2413 659 2456 714 si
2489 673 2594 714 non
2624 661 2677 713 in
2701 660 2790 714 illo
2807 661 3012 714 condita
3034 671 3152 716 sunt
3179 661 3412 718 universa
3439 663 3491 716 in
3511 663 3652 718 caelis

2049 759 2098 802 et
2120 748 2174 803 in
2199 751 2364 814 terris,
2396 749 2614 804 visibilia
2627 757 2677 804 vt
2710 749 3006 814 invisibilia,
3027 752 3129 805 sive
3146 751 3333 816 throni,
3353 751 3458 806 sive
3484 752 3653 806 domi-

2051 843 2304 910 nationes,
2333 843 2437 898 sive
2474 843 2812 914 principatus,
2833 845 2936 898 sive
2952 853 3246 914 potestates;
3261 846 3305 900 si
3338 861 3442 900 non
3472 856 3656 900 cuncta

2051 949 2141 1004 per
2167 933 2313 988 illum
2327 944 2371 988 et
2387 935 2440 988 in
2462 933 2554 989 illo
2581 945 2700 988 sunt
2718 935 2924 989 condita
2945 935 3082 1006 (lucc
3098 937 3241 991 enim
3267 936 3519 992 Marcioni
3545 937 3658 992 dis-

2051 1025 2252 1094 plicere
2267 1024 2707 1098 oportebat),non
2725 1027 2907 1097 utique
2924 1034 3030 1080 tam
3047 1025 3187 1082 nude
3215 1027 3480 1096 posuisset
3511 1028 3658 1098 Apo-

2051 1117 2260 1172 stolus:
2292 1118 2356 1173 Et
2387 1120 2501 1189 ipse
2529 1127 2611 1174 est
2641 1127 2768 1173 ante
2803 1133 3011 1174 onmes.
3050 1119 3332 1187 Quomodo
3361 1120 3505 1175 enim
3534 1129 3660 1175 ante

2049 1224 2262 1274 omnes,
2291 1210 2334 1263 si
2378 1225 2484 1264 non
2506 1219 2632 1265 ante
2667 1211 2843 1263 omnia
2869 1210 2892 1264 ?
2920 1211 3199 1277 Quomodo
3226 1220 3351 1266 ante
3385 1211 3584 1276 omnia,
3612 1214 3660 1266 si

2050 1317 2154 1356 non
2189 1301 2264 1371 (a)
2307 1302 2674 1373 primogenitus
2699 1302 3050 1356 conditionis?
3079 1303 3122 1356 si
3151 1319 3258 1358 non
3287 1303 3468 1366 Sermo
3489 1303 3658 1359 Crca-
3717 1331 3720 1334 ν

2051 1392 2224 1447 toris?
2257 1391 2407 1448 Unde
2437 1402 2561 1448 ante
2595 1409 2784 1448 (unnes
2815 1393 3126 1463 probabitur
3163 1393 3367 1462 fuisse,
3397 1395 3486 1465 qui
3538 1405 3662 1466 post

2048 1484 2226 1538 omnia
2259 1486 2544 1554 apparuit?
2569 1486 2700 1552 Quis
2737 1489 2840 1542 scit
2869 1487 3101 1556 priorem
3130 1487 3316 1553 fuisse,
3347 1504 3509 1560 quem
3539 1504 3663 1545 esse

2049 1578 2594 1647 nesciit?Quomodo
2623 1580 2747 1634 item
2797 1579 2874 1651 (6)
2923 1581 3042 1635 boni
3078 1581 3226 1636 duxit
3253 1598 3454 1636 onmem
3498 1583 3666 1654 pleni-

2049 1671 2275 1725 tudinem
2303 1671 2354 1725 in
2389 1673 2658 1742 semetipso
2688 1672 2962 1738 habitare?
3001 1674 3180 1728 Primo
3210 1675 3372 1740 enim,
3415 1691 3534 1746 qua:
3578 1687 3666 1733 est

345 1786 460 1826 rem
502 1779 707 1824 taxaret
738 1787 750 1823 :
780 1769 868 1839 qui
899 1769 952 1822 in
983 1767 1172 1822 catenis
1217 1767 1324 1836 iam
1351 1767 1673 1832 constitutus,
1701 1767 1761 1819 ob
1789 1766 1938 1820 liber-
1975 1779 2023 1838 Β
2053 1767 2151 1822 ista
2201 1767 2497 1837 plenitudo,
2557 1768 2658 1822 nisi
2699 1783 2763 1822 ex
2811 1769 2915 1823 illis
2959 1785 3079 1839 quae
3120 1768 3354 1824 Marcion
3406 1770 3661 1834 detraxit.

345 1872 498 1916 tatem
529 1860 938 1934 praedicationis,
971 1861 1308 1914 constantiam
1355 1843 1716 1929 manifestandi
1767 1876 1945 1913 sacra—
2052 1859 2282 1915 conditis
2319 1859 2371 1914 in
2411 1859 2647 1925 Christo,
2680 1860 2730 1914 in
2781 1861 2932 1916 cwlis
2972 1870 3027 1916 et
3075 1861 3127 1914 in
3159 1860 3338 1927 terris,
3369 1862 3667 1932 angelis'ct

345 1954 501 2009 menti
530 1955 584 2008 in
630 1953 892 2026 apertione
921 1953 1044 2017 oris,
1075 1966 1234 2020 quam
1288 1949 1359 2004 ibi
1409 1949 1751 2020 expostulare
1777 1968 1805 2005 τι
1840 1952 1948 2007 Deo
2055 1952 2380 2015 hominibus,
2423 1951 2525 2006 nisi
2564 1967 2632 2006 ex
2678 1951 2780 2007 illis
2823 1952 3178 2009 invisibilibus
3223 1963 3279 2009 et
3325 1955 3667 2011 visibilibus?

345 2046 671 2113 mandabat,
717 2045 971 2102 Ecclesia:
1001 2046 1183 2114 utique
1216 2042 1540 2113 praestabat?
2051 2043 2152 2097 nisi
2190 2058 2254 2096 ex
2295 2041 2522 2109 thronis,
2564 2051 2619 2098 et
2659 2043 3112 2100 dominationibus
3147 2055 3203 2099 et
3252 2045 3663 2117 principatibus,
3695 2070 3752 2099 σο

928 2178 1154 2237 CAPUT
1221 2177 1365 2234 XIX.
2053 2147 2108 2237 et
2130 2136 2525 2237 potestatibus?
2553 2137 2659 2190 Aut
2700 2137 2744 2192 si
2780 2136 2908 2237 ihzne
2955 2137 3349 2237 pseudapostoli
3391 2141 3561 2237 nostri
3607 2153 3666 2237 et

1351 2219 1365 2234 ⁸
2047 2227 2245 2298 judaici
2275 2227 2735 2297 evangelizatores
2761 2229 2829 2284 de
2856 2244 2955 2284 suo
2982 2230 3277 2298 intulerint,
3310 2240 3359 2287 et
3387 2231 3454 2286 ad
3482 2232 3697 2302 pleni-1

425 2317 476 2390 (I
484 2337 535 2373 ιι.
567 2314 666 2388 Ep.
691 2315 778 2371 ad.
799 2312 1022 2387 Coloss.)
1045 2313 1204 2370 Soleo
1235 2313 1289 2369 in
1319 2312 1950 2384 prwscriptioneadversus

349 2430 540 2479 omnes,
566 2414 629 2466 de
664 2412 877 2465 ha'reses
909 2407 1214 2463 testimonio
1239 2416 1546 2476 temporum
1568 2395 1946 2476 compendium

354 2503 519 2574 ﬁgere
539 2545 553 2568 ,
586 2502 820 2574 priorem
847 2499 1124 2554 vindicans
1142 2499 1382 2569 regulam
1411 2507 1649 2553 nostram
1669 2497 1815 2552 clnni
1837 2499 1948 2552 lia:-

347 2596 511 2651 retica
551 2594 1004 2665 posteritate.lloc
1035 2607 1179 2645 nunc
1209 2590 1528 2660 probabitet
1559 2588 1951 2660 Apostolnsdi-

348 2702 497 2743 cens:
527 2686 605 2741 De
618 2703 707 2755 spe
728 2686 950 2756 reposita
983 2686 1035 2737 in
1063 2682 1223 2748 cretis,
1239 2699 1392 2753 quam
1413 2683 1630 2737 audistis
1650 2684 1702 2736 in
1723 2698 1953 2737 sermone

347 2780 571 2834 veritatis
590 2779 877 2848 Evangelii,
901 2777 1036 2848 quod
1053 2775 1276 2847 pervenit
1299 2775 1367 2829 ad
1387 2791 1472 2830 vos
1489 2776 1614 2828 sicut
1639 2786 1684 2829 et
1712 2775 1765 2828 in
1793 2785 1952 2828 totum

349 2874 615 2928 mundum.
637 2871 770 2927 Nam
797 2873 840 2927 si
861 2873 970 2942 jam
1008 2881 1116 2925 tum
1147 2869 1364 2924 traditio
1407 2869 1727 2940 Evangelica
1754 2869 1952 2939 ubique

348 2975 684 3031 manaverat,
717 2973 916 3036 quanto
946 2963 1116 3032 magis
1143 2976 1286 3018 nunc
1312 2963 1324 3016 l
1363 2961 1555 3030 Porro,
1582 2962 1624 3016 si
1657 2973 1839 3017 nostra
1869 2971 1954 3016 est

347 3076 468 3130 qua:
519 3059 717 3132 ubique
762 3059 1035 3125 manavit,
1069 3058 1238 3128 magis
1264 3073 1424 3129 quam
1455 3057 1633 3112 omnis
1664 3057 1911 3112 lncretica
1933 3099 1949 3123 ,

351 3152 546 3207 nedum
619 3151 967 3206 Antoniniani
1049 3149 1130 3221 (4)
1209 3149 1542 3218 Marcionis,
1613 3160 1796 3204 nostra
1850 3149 1952 3204 erit

349 3244 667 3314 apostolica.
701 3242 989 3298 Marcionis
1017 3253 1196 3297 autem
1223 3283 1240 3309 ,
1269 3259 1392 3298 cum
1427 3251 1597 3298 totum
1649 3242 1950 3312 impleverit

351 3336 643 3401 mundum,
695 3351 763 3391 ne
813 3346 940 3390 tunc
971 3335 1186 3404 quidem
1219 3350 1278 3390 se
1320 3333 1613 3390 defendere
1659 3335 1855 3405 poterit
1882 3335 1952 3390 de

351 3429 688 3500 Apostolica.
741 3429 869 3482 Eam
923 3426 1066 3483 enim
1115 3435 1169 3482 et
1200 3427 1278 3481 sic
1328 3427 1592 3482 constabit
1623 3442 1788 3492 “esse,
1831 3443 1952 3497 qua:

351 3525 499 3595 prior
529 3522 786 3579 mundum
816 3523 1067 3593 replevit,
1103 3523 1242 3577 illius
1270 3523 1476 3578 scilicet
1504 3521 1597 3576 Dei
1639 3522 1950 3591 Evangelio,

353 3618 447 3688 qui
494 3625 548 3671 et
597 3617 716 3672 haec
760 3616 958 3670 cecinit
1008 3615 1077 3670 de
1129 3614 1601 3684 pra-dicationibus
1655 3614 1772 3683 ejus
1829 3613 1949 3683 (Ps.

352 3709 555 3774 XVIII,
589 3710 646 3778 4)
680 3726 692 3761 :
728 3706 792 3760 In
823 3724 1022 3760 onmem
1063 3717 1249 3760 terram
1292 3707 1413 3761 exiit
1452 3723 1606 3761 sonus
1666 3723 1872 3772 eorum,
1905 3716 1953 3761 et

355 3802 407 3856 in
435 3800 674 3856 terminos
700 3799 835 3854 orbis
862 3797 1010 3852 verba
1034 3813 1232 3851 eorum.
1260 3797 1541 3852 Invisibilis
1557 3795 1657 3852 Dei
1681 3798 1954 3869 imaginem

351 3894 425 3948 ait
471 3893 749 3948 Christum.
778 3889 883 3946 Sed
932 3905 1032 3945 nos
1059 3890 1204 3945 enim
1248 3888 1568 3945 invisibilcm
1599 3888 1826 3945 dicimus
1853 3890 1954 3946 Pa-

354 3996 490 4042 trem
519 3984 736 4050 Christi,
765 3983 997 4039 scientes
1026 3981 1217 4037 Fi'ium
1259 3997 1473 4053 semper
1499 3991 1645 4037 retro
1679 3983 1874 4047 visum,
1906 3981 1952 4036 si

300 4127 306 4135 .
353 4080 548 4150 quibus
570 4078 717 4133 visus
741 4085 826 4131 est
856 4076 908 4130 in
946 4075 1040 4129 Dei
1069 4075 1308 4139 nomine,
1339 4084 1395 4128 ut
1427 4075 1710 4144 imaginem
1743 4073 1908 4143 ipsius
1936 4090 1948 4128 :

356 4189 424 4230 ne
453 4189 611 4244 quam
642 4183 696 4228 et
723 4172 847 4226 hinc
868 4170 1229 4226 differentiam
1271 4169 1480 4226 scindat
1522 4171 1613 4225 Dei
1647 4170 1870 4226 visibilis
1898 4181 1954 4226 et

356 4263 638 4321 invisibilis
663 4303 680 4332 ,
711 4277 832 4318 cum
877 4261 1004 4318 olim
1036 4261 1128 4317 Dei
1179 4262 1347 4318 nostri
1375 4263 1446 4318 sit
1484 4261 1726 4319 delinitio
1754 4260 1949 4334 (Exod.

2055 2321 2290 2374 tudinem
2319 2319 2412 2375 Dei
2437 2320 2518 2374 sui
2545 2319 2777 2376 Marcion
2799 2322 2888 2390 qui
2917 2322 3047 2376 nihil
3069 2322 3309 2378 condidit
3333 2341 3346 2378 :
3378 2334 3660 2390 caeterum,

2053 2412 2212 2482 quale
2249 2420 2332 2468 est
2374 2423 2431 2466 ut
2474 2413 2861 2482 plenitudinem
2895 2413 3168 2470 Creatoris
3189 2458 3202 2481 ,
3231 2417 3459 2473 armulus
3489 2428 3542 2473 et
3564 2418 3664 2474 dc-

2054 2489 2290 2559 struetor
2317 2503 2454 2572 ejus,
2499 2505 2550 2558 in
2585 2519 2684 2558 suo
2711 2503 2927 2560 Christo
2969 2504 3209 2562 habitare
3251 2507 3528 2563 voluerit?
3563 2508 3665 2565 Cui

2054 2596 2286 2667 denique
2311 2597 2603 2651 reconciliet
2628 2599 2799 2652 omnia
2821 2599 2872 2651 in
2898 2601 3242 2670 semetipsum,
3271 2618 3447 2672 pacem
3472 2604 3669 2674 faciens

2056 2705 2145 2760 per
2183 2691 2351 2744 crucis
2396 2705 2499 2744 sua:
2526 2691 2848 2758 sanguinem,
2881 2691 2981 2744 nisi
3008 2708 3166 2762 quem
3197 2693 3528 2750 offenderant
3557 2711 3667 2752 una

2057 2784 2169 2854 ipsa
2196 2782 2297 2854 (7),
2345 2783 2604 2839 adversus
2629 2801 2787 2854 quem
2822 2785 3213 2842 rebellaverant
3240 2804 3334 2858 per
3367 2800 3669 2862 transgres-

2055 2878 2286 2942 sionem,
2315 2877 2468 2948 cujus
2495 2877 2781 2932 novissime
2813 2877 3066 2934 fuerant?
3091 2879 3376 2935 Conciliari
3401 2882 3541 2937 cnim
3565 2897 3663 2938 ex-

2059 2978 2242 3024 traneo
2272 2977 2525 3038 possent;
2559 2969 2891 3025 reetinciliari
2923 2985 3069 3036 vero,
3102 2986 3208 3026 non
3235 2973 3325 3026 alii
3351 2987 3510 3042 quam
3539 2989 3664 3030 suo.

2056 3063 2130 3118 Ita
2161 3073 2216 3119 et
2249 3079 2348 3118 nos
2372 3063 2633 3130 quondam
2659 3065 2906 3118 alienatos
2927 3074 2975 3118 et
3001 3065 3230 3120 inimicos
3262 3081 3413 3120 sensu
3438 3067 3491 3121 in
3517 3069 3670 3124 ntali:

1977 3173 2022 3236 ρ
2056 3157 2310 3228 aperibus,
2342 3156 2583 3212 Creatori
2612 3155 2802 3228 redigit
2831 3156 2882 3210 in
2913 3157 3159 3227 gratiam,
3187 3159 3340 3226 cujus
3368 3159 3669 3216 admisera-

2057 3267 2175 3306 mus
2205 3249 2485 3315 oﬂetisam,
2539 3249 2775 3304 colentes
2815 3249 3179 3305 conditionem
3210 3249 3468 3305 adversus
3496 3249 3667 3306 Creo-

2058 3354 2249 3399 torem.
2301 3342 2480 3398 Sicubi
2528 3351 2708 3397 autem
2763 3350 2815 3396 et
2873 3341 3170 3396 Ecclesiam
3220 3357 3417 3412 corpus
3461 3341 3668 3397 Christi

2055 3435 2188 3492 dicit
2215 3451 2356 3499 esse,
2389 3444 2442 3489 ut
2489 3434 2572 3488 hic
2597 3434 2693 3500 ait,
2735 3434 3028 3501 Adimplere
3054 3449 3108 3488 se
3150 3433 3344 3503 reliqua
3395 3449 3671 3504 pressura-

2057 3546 2170 3584 rum
2201 3528 2388 3582 Christi
2417 3529 2469 3582 in
2495 3543 2667 3593 carne,
2697 3543 2790 3598 pro
2813 3542 3027 3596 corpore
3056 3527 3166 3598 ejus
3195 3527 3332 3596 quod
3357 3537 3429 3581 est
3482 3526 3672 3582 Eccle-

2055 3623 2170 3686 sia;
2201 3636 2305 3674 non
2337 3629 2619 3690 prepterea
2647 3627 2703 3674 et
2732 3619 2784 3673 in
2831 3629 2998 3674 totum
3045 3622 3375 3675 mentiontm
3415 3620 3662 3691 corporis

2058 3712 2325 3769 tranfercs
2353 3728 2382 3764 a
2409 3712 2708 3766 substantia
2735 3711 2934 3766 carnis.
2967 3710 3099 3766 Nam
3134 3722 3188 3766 et
3225 3727 3384 3780 supra
3439 3711 3669 3764 reconci-

2057 3805 2174 3860 liari
2215 3822 2307 3859 nos
2350 3804 2424 3858 ait
2460 3804 2513 3857 in
2555 3820 2764 3876 corpore
2791 3803 2902 3874 ejus
2935 3819 3023 3871 per
3061 3812 3316 3867 mortem;
3376 3802 3559 3872 utique
3609 3803 3670 3858 in

2057 3914 2123 3954 eo
2146 3912 2395 3968 corpore,
2430 3897 2480 3950 in
2503 3911 2609 3966 quo
2638 3895 2772 3952 mori
2811 3894 2981 3965 potuit
3012 3909 3107 3964 per
3132 3909 3348 3949 carnem
3375 3909 3390 3960 ;
3420 3901 3672 3949 mortuus

2057 4000 2160 4056 est,
2213 4003 2319 4043 non
2369 4003 2464 4057 per
2514 3986 2830 4054 Ecclesium,
2863 3987 3018 4056 plane
3060 3997 3280 4056 propter
3327 3984 3668 4051 Ecclesiam;

2056 4096 2253 4153 corpus
2282 4078 2660 4140 commutando
2704 4095 2799 4148 pro
2825 4094 3051 4148 corpore
3075 4119 3090 4143 ,
3123 4077 3340 4133 carnale
3371 4092 3466 4146 pro
3495 4076 3670 4146 spiri-

2058 4173 2168 4228 tali.
2195 4173 2263 4225 At
2290 4185 2410 4226 cum
2443 4179 2624 4226 monet
2667 4169 2745 4240 (b)
2787 4169 3069 4224 cavendum
3097 4186 3129 4222 a
3159 4168 3598 4240 subtililoquentia
3618 4179 3672 4223 et

2057 4265 2383 4338 philosOphia
2410 4273 2457 4318 et
2485 4263 2564 4335 (8)
2591 4263 2732 4318 inani
2752 4263 3060 4330 seductione,
3093 4277 3208 4334 qua:
3237 4262 3300 4316 sit
3354 4259 3436 4333 (9)
3477 4276 3669 4316 secun-

1583 4373 1714 4432 LEC
1724 4376 1882 4436 TION
1890 4381 1972 4438 ES
2004 4377 2417 4438 VARIANTES.

446 4497 490 4562 l)
516 4497 675 4562 Ambo»
691 4494 838 4547 omitt.
866 4494 1012 4562 Οὐεν-ἶ

440 4555 490 4626 2)
511 4560 860 4626 Sigttilicahuut
882 4555 1033 4610 Sami.

439 4620 490 4691 δ)
517 4620 627 4691 Elin
650 4620 793 4691 οὺθιῖ-
842 4681 853 4691 .

441 4686 492 4751 ιι)
517 4686 774 4751 Antoniani
791 4686 903 4751 [tit].

438 4746 491 4812 ὅ)
511 4750 758 4798 Dominum
780 4746 936 4799 Rhea.

1977 4517 2030 4577 D
2117 4492 2193 4577 et
2217 4489 2619 4577 ἐξὲξὲᾟὲίὶοξὲμ.
3617 4440 3647 4467 ’

2140 4555 2192 4626 ἶ)
2217 4556 2454 4626 Quivit-rw
2475 4554 2638 4608 Obert.

2141 4494 2193 4554 1))
2218 4494 2397 4543 Autem
2416 4494 2453 4543 S

2140 4557 2166 4606 7
2217 4556 2454 4605 Universa

2144 4621 2175 4668 8
2225 4619 2287 4668 Ut
2312 4619 2454 4667 Pam.

2143 4683 2175 4731 9
2220 4681 2299 4732 Fit
2323 4683 2445 4732 Par.

1745 4849 2308 4911 COMMENTARIUS.

354 4969 946 5046 κρὶτορας.1)ωηιοηβιιι
989 4975 1174 5046 autem
1230 4965 1545 5046 significat,
1596 4967 1715 5024 illos
1767 4981 1944 5024 autem

355 5039 758 5099 munditenentes
797 5040 1056 5112 spiritalia
1089 5053 1213 5094 mox
1245 5039 1501 5110 nequitia:
1530 5055 1628 5110 pro
1652 5045 1948 5109 πνιὺμαιτικα,

355 5134 440 5181 τῆς
471 5125 714 5187 πονηρίας.
748 5112 825 5167 LE
857 5112 954 5167 Ριι.
987 5171 996 5176 _

424 5211 578 5266 CAP.
623 5207 852 5264 XIX.—
873 5204 950 5279 (a)
991 5191 1366 5279 Primggénitns
1387 5205 1706 5279 conditionis.
1732 5205 1845 5261 IIoc
1871 5217 1958 5262 est

354 5281 746 5407 primoggnitus
774 5276 1014 5336 omnium
1057 5291 1088 5332 a
1139 5276 1246 5333 Deo
1287 5276 1623 5333 conditorum
1669 5287 1722 5333 et
1747 5289 1954 5334 creato-

356 5368 498 5409 rum.
598 5367 671 5408 te.

427 5468 507 5542 (b)
547 5466 838 5542 Cavendum
867 5483 898 5520 a
919 5465 1348 5542 subtilitoquentia
1384 5473 1432 5518 et
1462 5463 1804 5542 philosophia.
1837 5463 1953 5542 Non

355 5535 462 5596 uno
489 5535 542 5592 in
577 5540 717 5604 loco,
747 5538 872 5593 licet
901 5538 1077 5602 aliter,
1105 5539 1244 5590 hunc
1275 5535 1708 5606 lacutnApostoli
1733 5535 1954 5606 citavit;

356 5627 478 5664 nam
511 5611 606 5665 lib.
635 5611 697 5662 de
722 5609 1180 5680 Prtescript.,cap.
1211 5608 1266 5674 7,
1298 5607 1368 5680 de
1396 5605 1495 5660 hac
1514 5605 1753 5680 vanitate
1778 5605 1957 5680 philo-

362 5683 581 5751 sophica
613 5681 819 5735 locutus
857 5690 960 5741 est,
991 5689 1044 5735 et
1067 5676 1174 5734 alio
1201 5680 1318 5732 loco
1349 5676 1957 5751 Itwreticorumpatriar-

353 5744 476 5806 chas
508 5760 661 5804 vocat
692 5751 1054 5819 pliil050plios.
1079 5751 1336 5818 Quaenam
1367 5757 1544 5819 autem
1573 5745 1643 5819 si_t
1668 5745 1754 5798 illa
1788 5744 1959 5819 philo-

354 5823 567 5893 sophia,
597 5815 815 5878 dubium
845 5815 1008 5890 esset,
1041 5815 1142 5878 nisi
1169 5816 1570 5891 peripateticam
1608 5815 1793 5871 Patres
1820 5815 1958 5872 indi-

2051 4975 2255 5030 carent,
2281 4981 2400 5035 qua:
2427 4963 2552 5021 licet
2577 4980 2738 5036 prava
2768 4965 3156 5022 consuetudine
3183 4957 3332 5035 apud
3349 4963 3670 5026 Catholicos

2054 5039 2360 5100 invaluerit,
2412 5037 2844 5108 Carpocrationis
2877 5049 3054 5093 tamen
3107 5047 3163 5094 et
3207 5037 3478 5094 Gnoslicis
3507 5053 3667 5096 arma
3760 5099 3764 5102 ,

2054 5109 2122 5164 ad
2153 5109 2466 5163 turbandam
2494 5110 2775 5164 veritatem
2803 5108 3150 5164 ministravit.
3178 5109 3403 5164 Sanctus
3427 5109 3670 5166 Ambro-

2055 5181 2168 5236 sius
2197 5181 2249 5234 in
2280 5180 2424 5236 offic.
2449 5191 2504 5252 et
2531 5179 2788 5252 Origenes
2815 5190 3001 5235 contra
3035 5179 3249 5236 Celsum
3281 5179 3492 5249 Epicuri
3521 5181 3712 5252 dog-_

2060 5251 2219 5307 matis
2277 5251 2716 5323 perniciosiorem
2771 5262 2973 5306 sectam
3033 5253 3420 5307 demonstrant.
3481 5252 3668 5323 Atque

2059 5321 2504 5404 etiamregnante
2530 5321 2778 5404 Philippo
2803 5323 3062 5404 Augusto,
3113 5332 3300 5404 coacto
3327 5330 3513 5404 contra
3545 5321 3666 5404 Al-

2062 5394 2246 5450 marici
2279 5392 2523 5448 haeresim
2567 5392 2796 5450 concilio
2819 5435 2834 5459 ,
2862 5392 3094 5448 cremata
3142 5393 3307 5448 fuisse
3353 5392 3666 5450 Aristotelis

2061 5463 2426 5536 metaphysica
2486 5479 2662 5536 nuper
2709 5465 2760 5519 in
2820 5463 3126 5536 Calliame
3165 5463 3376 5536 (Graecia
3432 5463 3664 5522 advecta

2062 5533 2592 5604 testatur'liigordus’,
2611 5534 2704 5590 lib.
2733 5536 2797 5589 de
2821 5533 2983 5589 Gestis
3007 5533 3112 5588 Ph.
3139 5534 3269 5604 Aug.
3291 5535 3482 5601 Atque,
3512 5538 3664 5604 quod

2063 5607 2116 5661 in
2137 5608 2358 5677 gratiam
2390 5605 3294 5677 Peripateticorum(observandum
3323 5612 3427 5677 est,
3455 5608 3664 5677 memi-

2061 5674 2230 5738 niine
2262 5679 2441 5748 legere
2469 5674 2607 5748 apud
2654 5676 3013 5732 Alexandrum
3047 5674 3525 5748 NecanLAegelum
3561 5676 3662 5733 lib.

2061 5749 2123 5802 de
2144 5745 2535 5814 rertnn'natnra,
2570 5748 2621 5802 in
2649 5764 2710 5803 ea
2741 5748 2903 5803 fuisse
2931 5756 3056 5802 tunc
3080 5745 3340 5800 sententia
3363 5745 3507 5798 viros
3529 5763 3630 5801 eru
3646 5778 3665 5792 -

2061 5817 2225 5890 dites,
2272 5829 2330 5876 ut
2375 5820 2602 5876 libenter
2631 5818 3038 5892 pronuntiarent
3064 5817 3238 5874 solum
3261 5814 3666 5878 Antichristum
