4020 6286
1468 262 1598 321 LIB.
1643 263 1684 321 τ
1725 263 2088 324 ADVERSUS
2123 263 2546 324 MARCIONEM.

3553 271 3660 327 52'!

340 377 465 432 dum
498 377 755 432 elementa
790 375 968 429 mundi
987 389 1005 439 ;
1041 387 1147 430 non
1178 373 1472 430 secundum
1493 375 1690 433 coelum
1717 384 1808 432 aut
1843 385 1954 434 ter-
1979 380 2030 441 Λ
2055 379 2190 435 dans
2241 381 2402 438 etiam
2451 379 2664 452 (Jerem.
2690 421 2705 447 ,
2737 379 2826 448 IV,
2849 382 2947 453 5):
2993 380 3193 438 Novate
3234 384 3370 438 vobis
3421 401 3662 443 novarum

341 485 458 524 ram
485 469 698 533 dicens,
729 467 826 524 sed
853 467 1141 523 seetutdum
1183 467 1364 525 literas
1409 469 1735 536 Stcculares;
1782 481 1831 525 et
1875 487 1955 526 se-

342 563 569 617 cundum
595 562 942 628 traditionem,
969 561 1173 616 scilicet
1191 561 1464 617 hominum
1488 563 1952 634 subtililoquorum

341 664 398 710 et
452 653 937 725 philosophorum:
988 652 1204 724 longum
1244 663 1327 710 est
1365 653 1582 724 quidem
1633 664 1688 710 et
1731 655 1956 712 alterius
1990 668 1994 672 ‘

343 747 528 816 operis
553 745 863 810 ostendere,
899 746 996 800 hac
1025 748 1288 801 sententia
1319 761 1508 803 omnes
1539 747 1776 804 hrereses
1803 749 1957 803 dam-

345 839 484 904 nari,
518 837 660 909 quod
697 852 887 892 omnes
913 852 977 893 ex
1006 837 1482 908 subtililoquentite
1511 839 1714 896 viribus
1737 849 1793 895 et
1831 839 1954 910 phi-

345 931 608 1002 losophia:
639 932 836 1001 regulis
865 939 1132 987 constent.
1177 930 1282 988 Sed
1318 931 1554 988 Marcion
1601 932 1953 1004 principalem

344 1038 458 1079 sua:
487 1025 607 1080 fidei
652 1025 936 1078 terminum
963 1023 1032 1080 de
1060 1025 1278 1095 Epicuri
1324 1026 1510 1082 schola
1540 1037 1816 1098 agnoscat,
1846 1027 1954 1082 Do-

345 1119 552 1173 minum
585 1117 821 1174 inferens
852 1117 1119 1186 hebetem,
1151 1135 1219 1175 ne
1250 1119 1424 1175 timeri
1449 1135 1571 1175 eum
1602 1119 1766 1187 dicat,
1795 1121 1956 1176 collo-

345 1226 478 1266 cans
507 1223 701 1266 etcum
738 1212 846 1266 Deo
873 1210 1130 1267 Creatore
1162 1213 1462 1276 materiam,
1493 1213 1560 1269 de
1584 1213 1790 1283 porticu
1817 1213 1956 1270 Stoi-

348 1319 536 1358 corum
562 1322 574 1357 :
601 1319 801 1374 negans
825 1304 1002 1359 carnis
1029 1306 1502 1367 resurrectionem.
1523 1306 1594 1362 de
1613 1321 1716 1376 qua
1735 1306 1958 1376 proinde

350 1397 498 1452 nulla
533 1397 864 1466 philosophia
897 1398 1183 1451 consentit.
1205 1396 1372 1466 Cujus
1403 1399 1628 1466 ingeniis
1659 1407 1764 1452 tam
1801 1399 1958 1468 longe

347 1491 507 1545 abest
535 1493 726 1546 veritas
749 1501 952 1554 nostra,
984 1501 1039 1544 ut
1069 1501 1125 1546 et
1146 1492 1276 1546 iram
1306 1491 1398 1547 Dei
1421 1494 1658 1548 excitare
1684 1494 1955 1558 formidet,

348 1595 405 1639 et
428 1585 605 1638 omnia
631 1585 780 1638 illum
811 1600 875 1638 ex
916 1584 1082 1638 nihilo
1109 1587 1398 1656 protulisse
1444 1587 1696 1646 confidat,
1735 1597 1790 1640 et
1836 1601 1957 1642 car-

347 1690 477 1731 nem
504 1676 747 1728 eamdem
786 1676 1153 1730 restituturum
1184 1677 1536 1744 repromittat,
1581 1685 1636 1731 et
1679 1677 1957 1732 Christum

2059 473 2416 545 novum;jam
2457 483 2583 530 tunc
2610 473 2839 531 docebat
2883 474 3156 545 deponere
3201 487 3436 532 veterem
3486 477 3662 534 homi-

2059 580 2206 633 nem,
2238 575 2295 623 et
2321 580 2516 623 novum
2548 566 2772 622 induere
2810 566 2830 638 (
2849 565 2914 622 In
2943 565 3044 638 Ep.
3073 568 3140 622 ad
3166 566 3446 640 Philipp.).

2665 657 2893 714 CAPUT
2936 657 3052 713 XX.

2129 748 2265 807 Cum
2323 750 2720 822 praulieationis
2779 762 3061 808 enumerat
3112 753 3466 819 varietatem,
3523 755 3663 824 quod

2059 842 2150 896 alii
2193 858 2256 897 ea:
2281 843 2472 912 fiducia
2513 844 2829 898 vinculorum
2882 847 3012 916 ejus,
3061 845 3332 899 audentius
3383 863 3665 901 sermonem

2060 935 2382 988 enuntiarent
2405 955 2424 996 .-
2448 936 2540 989 alii
2568 937 2658 1007 per
2687 936 2931 990 invidiam
2956 947 3003 990 ct
3023 939 3430 1004 contentionem;
3458 940 3678 1006 quidam‘

2060 1043 2176 1083 vero
2197 1037 2244 1081 et
2269 1043 2359 1100 per
2387 1029 2633 1083 sermonis
2671 1029 3091 1085 existimationem
3117 1029 3216 1100 (5).
3249 1031 3478 1102 plerique
3497 1047 3561 1087 ea:
3584 1033 3636 1085 di
3654 1062 3666 1073 -

2062 1121 2275 1175 lectione
2299 1163 2314 1184 ,
2360 1121 2596 1176 nonnulli
2651 1137 2712 1175 ea;
2763 1122 3104 1189 wmulatione,
3147 1124 3261 1193 jam
3316 1124 3476 1192 aliqui
3515 1134 3562 1178 et
3607 1140 3668 1179 ea:

2057 1213 2318 1268 simultate
2345 1211 2604 1267 Christum
2639 1212 2972 1281 prwdicarent
2995 1229 3016 1279 ;
3059 1221 3174 1269 erat
3225 1215 3408 1285 utique
3452 1215 3533 1268 vel
3581 1214 3667 1270 hic

2060 1306 2214 1362 locus
2263 1305 2508 1362 taxanda?
2559 1305 2727 1376 ipsius
2781 1305 3178 1374 praedicationis
3231 1306 3298 1362 de
3355 1307 3668 1362 diversitate

2062 1399 2380 1462 sementim,
2433 1414 2553 1467 qu-e
2609 1407 2808 1451 tantam
2855 1399 3098 1452 efficeret
3150 1399 3310 1452 etiam
3365 1400 3666 1455 animorum

2062 1492 2393 1547 varietatem.
2419 1489 2526 1545 Sed
2557 1504 2776 1545 caussas
2803 1489 2946 1544 solas
2969 1491 3288 1556 animorum,
3323 1505 3427 1544 non
3456 1492 3670 1561 regulas

2063 1591 2528 1638 sacramentorum
2561 1582 2611 1636 in
2657 1581 2971 1636 diversitate
3011 1596 3351 1650 proponens,
3382 1598 3544 1637 unum
3589 1593 3673 1636 ta-

2066 1693 2188 1732 men
2216 1676 2514 1740 Christum,
2545 1685 2599 1730 et
2623 1691 2784 1729 ttnttm
2812 1670 2928 1746 ejus
2959 1655 3507 1746 DBIlfll,\f|lIti0llmf]tlc
3543 1693 3672 1731 coo-

347 1781 419 1822 ex
469 1768 624 1821 vulva
673 1767 891 1837 virginis
935 1777 1116 1822 natum
1163 1783 1270 1822 non
1300 1768 1604 1834 erubescat,
1662 1769 1962 1825 ridentibus
1992 1775 2040 1835 B
2068 1771 2188 1825 silio
2245 1769 2591 1840 pra‘dieatutn
2636 1770 2955 1833 confirmat,
3004 1779 3058 1822 et
3112 1769 3272 1823 ideo:
3333 1767 3483 1823 Nihil
3540 1788 3670 1832 utea,

349 1859 688 1931 philosophis
719 1868 772 1914 et.
801 1859 1064 1914 luereticis
1083 1868 1136 1914 et
1181 1860 1412 1916 ethnicis
1439 1861 1589 1930 ipsis.
1625 1860 1801 1917 Stulta
1829 1863 1965 1916 enim

352 1952 400 2024 (ι
439 1951 588 2018 Cor.,
618 1951 660 2021 1)
702 1952 878 2006 mundi
903 1950 1055 2023 elegit
1086 1951 1246 2020 Dens,
1276 1961 1330 2007 ttt
1355 1953 1639 2024 confundat
1668 1955 1957 2027 sapientes:

350 2041 449 2099 ille
477 2043 595 2098 sine
623 2042 809 2110 dubio,
843 2045 931 2114 qui
978 2059 1042 2098 ex
1085 2054 1332 2114 respectu
1384 2044 1540 2116 hujus
1580 2060 1692 2101 sua:
1739 2047 1970 2118 disposi-

353 2134 525 2189 tionis
553 2134 888 2205 perditurum
914 2151 973 2191 se
997 2137 1318 2207 sapientiam
1340 2139 1662 2208 sapientium
1687 2141 1962 2210 praemina-

351 2228 538 2284 batur.
575 2229 686 2285 liae
729 2230 1072 2300 simplicitate
1116 2231 1356 2286 veritatis
1394 2234 1662 2289 contraria
1706 2233 1970 2289 subtililo-

351 2323 595 2393 quentia:
641 2333 695 2378 et
759 2323 1152 2393 philosophiae,
1201 2323 1332 2379 nihil
1388 2326 1623 2396 perversi
1689 2341 1971 2397 possumus

351 2428 572 2483 sapere.
618 2413 857 2485 Denique
905 2414 949 2470 si
995 2431 1086 2470 nos
1135 2413 1272 2469 Deus
1319 2431 1434 2470 cum
1483 2415 1688 2472 Christo
1726 2418 1968 2488 vivi/ictu,

355 2506 566 2562 donans
609 2507 792 2561 delicta
845 2506 1010 2574 nobis,
1064 2523 1170 2562 non
1217 2524 1499 2579 possumus
1537 2510 1761 2567 credere
1785 2511 1854 2567 ab
1904 2527 1972 2568 eo

353 2601 556 2655 delicta
583 2600 796 2663 donari,
827 2601 880 2656 in
911 2617 1069 2672 qttem
1101 2601 1338 2659 admissa
1366 2619 1471 2660 non
1495 2603 1710 2672 fuerint,
1743 2616 1800 2661 ut
1823 2615 1972 2663 retro

354 2691 625 2764 ignotum.
669 2696 781 2763 Age
810 2693 941 2762 jam,
968 2707 1088 2748 cum
1130 2693 1262 2750 dicit
1295 2714 1307 2750 :
1345 2693 1513 2750 Nemo
1561 2710 1648 2751 vos
1687 2697 1880 2767 iudicet
1918 2701 1970 2754 in

353 2787 473 2840 cibo
501 2798 547 2841 et
573 2796 716 2855 potu.
742 2797 786 2840 et
812 2787 861 2840 in
884 2797 1027 2858 parte
1053 2787 1155 2841 diei
1178 2788 1294 2858 festi
1319 2799 1364 2844 et
1391 2793 1667 2846 neomenia:
1687 2803 1731 2847 et
1755 2793 1968 2860 sabbati,

354 2893 476 2947 quat
503 2889 573 2932 est
601 2879 780 2933 umbra
811 2879 1124 2948 futurorum.
1155 2896 1341 2950 corpus
1380 2892 1546 2938 autem
1577 2883 1766 2939 Christi
1788 2901 1808 2949 ,'
1844 2887 1969 2956 quid

354 2970 459 3023 tibi
495 2969 726 3037 videtur,
753 2970 1035 3025 Marcion?
1070 2971 1145 3026 De
1177 2972 1292 3042 lege
1322 2973 1433 3043 jam
1466 2988 1571 3030 non
1596 2985 1968 3044 retractatutts,

355 3061 466 3116 nisi
497 3063 636 3132 quod
675 3075 728 3117 et
760 3062 846 3117 hic
883 3063 1337 3133 quemadmodum
1383 3065 1603 3121 exclusa
1647 3068 1716 3122 sit
1756 3068 1968 3136 edocet,

2070 1862 2262 1933 iuqttit,
2293 1863 2396 1915 sive
2425 1861 2765 1926 caussatione,
2790 1861 2894 1915 sive
2915 1861 3121 1914 veritate
3148 1861 3375 1914 Christus
3405 1863 3675 1915 animati:-

2069 1964 2190 2019 tur;
2238 1952 2362 2023 quia
2412 1967 2550 2008 unus
2591 1952 3024 2016 annuntiabatur,
3065 1953 3178 2007 sive
3207 1969 3271 2008 ex
3310 1953 3670 2019 eaussatione,

2070 2048 2184 2103 sive
2212 2062 2277 2102 es
2305 2045 2531 2100 veritate
2565 2045 2710 2100 fidei.
2758 2043 2836 2099 Ad
2889 2043 3050 2100 fidem
3094 2045 3236 2100 enim
3280 2045 3674 2114 praulicatiottis

2071 2139 2254 2195 retulit
2305 2138 2634 2194 mentionem
2683 2137 2955 2200 veritatis,
3004 2151 3108 2191 non
3138 2137 3204 2192 ad
3237 2140 3432 2209 regula:
3465 2139 3672 2208 ipsius:

2072 2231 2193 2301 quia
2226 2245 2329 2285 una
2356 2229 2571 2301 quidem
2601 2237 2716 2284 erat
2743 2228 2946 2298 regula,
2975 2228 3071 2283 sed
3099 2228 3232 2284 ﬁdes
3264 2230 3666 2298 pnedicantiutu

2073 2319 2424 2394 quorumdam
2454 2336 2602 2388 vera,
2635 2319 2686 2375 id
2717 2329 2801 2375 est
2828 2320 3084 2390 simplex,
3111 2322 3464 2390 quarumdam
3514 2322 3673 2377 nimis

2073 2415 2250 2472 docta.
2274 2415 2428 2484 Quod
2457 2430 2579 2471 cum
2613 2414 2682 2469 ita
2711 2413 2813 2480 sit,
2843 2425 3063 2484 apparet
3087 2431 3208 2468 eum
3237 2415 3508 2470 Christum
3539 2430 3677 2486 prce-

2074 2507 2330 2574 dicatum,
2383 2506 2472 2577 qui
2519 2521 2734 2576 semper
2775 2505 3211 2560 adnuntiabatur.
3261 2505 3391 2560 Nam
3441 2510 3486 2561 si
3535 2507 3673 2561 alius

2074 2598 2231 2670 longe
2261 2599 2328 2653 ab
2359 2599 2620 2670 Apostolo
2650 2597 3013 2663 induceretur,
3050 2596 3265 2654 fecisset
3307 2599 3670 2656 diversitatem

2076 2692 2285 2746 novitas
2307 2691 2402 2746 rei.
2435 2691 2541 2746 Nec
2570 2692 2712 2747 enim
2739 2689 3060 2756 defuissent,
3109 2693 3196 2763 qui
3239 2692 3672 2761 prtediealionem

2076 2782 2436 2854 evangelicam
2469 2781 2820 2838 nihilominus
2852 2783 2902 2836 iu
2932 2782 3200 2838 Christum
3225 2784 3493 2839 Creatoris
3521 2786 3678 2839 inter-

2076 2883 2413 2945 pretamntur
2441 2890 2456 2939 ;
2489 2882 2696 2930 cumet
2736 2873 2896 2929 hodie
2935 2876 3109 2944 major
3153 2891 3272 2944 pars
3315 2879 3382 2930 sit
3428 2877 3676 2933 omnibus

2075 2965 2128 3021 itt
2158 2965 2288 3020 locis
2316 2964 2597 3020 sententia:
2639 2973 2856 3028 ttostrr,
2887 2980 3044 3035 quam
3077 2965 3382 3020 haeretica:
3428 2981 3533 3038 quo
3578 2985 3677 3023 nec

2075 3057 2163 3114 hic
2196 3055 2276 3130 (ι)
2331 3057 2616 3127 Apostolus
2641 3056 2710 3112 de
2737 3055 3063 3112 diversitatis
3101 3057 3445 3114 dettOlalinttc
3493 3069 3546 3114 et
3591 3061 3674 3115 in-

355 3154 488 3208 dum
518 3154 720 3210 scilicm
752 3154 819 3210 de
849 3155 1034 3210 umbra
1065 3157 1387 3212 transfertur
1408 3158 1460 3211 in
1493 3173 1709 3229 corpus,
1764 3160 1815 3215 id
1861 3171 1964 3224 est,
1995 3163 2040 3225 (ζ
2073 3153 2385 3222 crepatioue
2416 3151 2687 3206 tacuisset.
2734 3149 2810 3204 ita
2859 3164 2980 3204 eum
3025 3149 3306 3204 diversitas
3347 3167 3413 3205 ue
3469 3162 3676 3207 taxatur

355 3247 429 3303 de
463 3248 642 3316 figuris
670 3247 734 3302 ad
768 3251 1070 3322 veritatem,
1120 3249 1260 3319 quod
1306 3259 1391 3305 est
1431 3249 1694 3309 Christus.
1725 3253 1866 3323 Ergo
1913 3263 1968 3311 et

354 3339 550 3394 umbra
578 3338 716 3408 ejus,
743 3341 894 3406 cujus
925 3350 979 3394 et
1006 3355 1235 3408 corpus:
1270 3339 1320 3394 id
1349 3350 1433 3397 est
1474 3351 1529 3397 et
1568 3342 1651 3398 lex
1701 3345 1782 3416 (Ι)
1826 3343 1962 3414 ejus,

357 3440 417 3486 et
469 3431 732 3486 Christus.
777 3430 1009 3501 Segrega
1051 3432 1140 3486 alii
1198 3431 1280 3505 (Ξ.)
1338 3432 1556 3505 Legem,
1609 3443 1665 3490 et
1715 3437 1803 3492 alii
1853 3437 1965 3494 Deo

352 3520 653 3586 Christum,
684 3524 725 3577 si
756 3532 906 3593 potes
934 3523 1165 3591 aliquam
1197 3525 1438 3579 umbram
1489 3527 1557 3580 ab
1603 3541 1672 3582 eo
1715 3543 1963 3597 corpore,

354 3617 517 3688 cujus
551 3616 732 3669 umbra
765 3625 868 3680 est,
906 3630 1182 3687 separare.
1217 3617 1490 3673 Manifesta
1515 3618 1671 3689 Legis
1701 3630 1784 3675 est
1813 3620 1966 3676 fibri-

354 3721 498 3773 stus,
523 3711 584 3763 .si
616 3725 808 3780 corpus
833 3720 916 3766 est
944 3711 1169 3765 umbra'.
1197 3711 1250 3766 Si
1279 3721 1456 3768 autem
1485 3721 1540 3768 et
1563 3715 1771 3785 aliquos
1799 3723 1961 3782 taxat,

353 3803 448 3872 qui
481 3818 545 3856 ea:
568 3803 840 3856 visionibus
875 3805 1118 3873 angelicis
1164 3805 1392 3860 dicebant
1429 3806 1552 3862 cibis
1582 3808 1963 3874 abstinendum,

354 3911 423 3948 ne
451 3896 704 3964 attigeris,
735 3911 796 3949 ne
830 3897 1126 3966 gustaveris,
1152 3897 1370 3952 volentes
1397 3897 1450 3950 in
1477 3898 1764 3953 humilitate
1790 3916 1966 3956 sensus

354 3987 610 4050 incedere,
636 4003 736 4040 non
761 3996 980 4041 tenentes
1006 3997 1158 4055 caput
1182 4005 1197 4052 ;
1232 4003 1335 4042 non
1363 3987 1483 4046 ideo
1515 3989 1708 4060 Legem
1735 4001 1790 4047 et
1819 3991 1967 4064 Moy-

354 4093 457 4134 sen
489 4079 683 4149 pulsat,
716 4079 866 4148 quasi
888 4081 962 4134 “de
985 4079 1226 4149 angelica
1258 4081 1640 4150 superstitione
1667 4084 1965 4140 constitue-

356 4173 430 4226 rit
459 4170 888 4226 interdictionem
917 4172 1270 4240 qoortundatu
1293 4172 1550 4227 edulium.
1578 4174 1794 4246 Moysen
1818 4176 1961 4231 enim

354 4279 386 4317 a
414 4263 526 4317 Deo
553 4263 826 4332 accepisse
855 4263 1053 4332 Legem
1085 4273 1311 4319 constat.
1344 4265 1602 4336 Denique,
1632 4266 1768 4322 hanc
1805 4268 1968 4324 disci-

357 4357 595 4426 plinam,
645 4354 918 4408 secundum
988 4366 1284 4424 prwcepta,
1328 4355 1532 4425 iuqttit,
1582 4368 1628 4412 et
1679 4357 1964 4414 doctrinam

359 4449 623 4501 ltdnnnnm
650 4446 922 4515 deputavit
961 4448 1012 4500 itt
1045 4462 1158 4510 eos,
1203 4447 1288 4518 qui
1332 4457 1491 4519 caput
1539 4466 1644 4504 nott
1692 4461 1960 4519 tenerent,

2069 3243 2308 3314 quidem,
2343 3241 2553 3298 novitas
2597 3257 2702 3296 non
2749 3241 3026 3312 probatur.
3065 3241 3228 3296 Plane
3272 3242 3339 3298 de
3381 3243 3674 3298 substantia

2069 3336 2265 3392 Christi
2295 3345 2482 3407 ptttant
2509 3344 2561 3389 et
2589 3334 2673 3390 hic
2695 3333 3020 3389 Marcionita:
3046 3334 3326 3404 suffragari
3357 3337 3670 3404 Apostoluut

2068 3430 2192 3494 sibi,
2221 3429 2362 3500 quod
2412 3428 2728 3500 phantasma
2773 3429 2951 3484 carnis
2983 3429 3142 3483 fuerit
3181 3429 3232 3482 in
3280 3428 3514 3494 Chriszo,
3548 3445 3668 3484 cum

2069 3522 2216 3586 dicit,
2243 3523 2384 3594 qttod
2412 3523 2464 3576 itt
2489 3522 2648 3593 efﬁgie
2680 3520 2771 3574 Dei
2798 3523 3122 3585 constitutus,
3177 3520 3252 3592 (a)
3301 3539 3399 3575 non
3433 3523 3668 3592 rapinam

2069 3613 2373 3668 existimavit
2421 3613 2613 3683 pariari
2642 3611 2784 3677 Deo;
2813 3611 2900 3665 sed
2943 3612 3176 3666 exlmttsit
3205 3614 3546 3683 semetipsum,
3585 3631 3674 3668 ac-

2069 3716 2216 3775 cepta
2265 3705 2425 3776 c/ﬁgie
2474 3704 2635 3770 servi,
2684 3720 2787 3759 non
2839 3704 3098 3768 veritate;
3142 3708 3294 3759 etin
3340 3706 3672 3761 similitudine

2069 3797 2310 3859 hominis,
2353 3809 2458 3852 non
2511 3797 2563 3850 itt
2615 3796 2867 3862 homine;
2919 3805 2966 3849 et
3014 3796 3183 3868 figura
3225 3797 3456 3852 inventus
3498 3799 3668 3865 homo,

2070 3905 2176 3946 non
2201 3889 2518 3955 substantia,
2550 3888 2600 3944 id
2623 3897 2705 3943 est
2731 3903 2834 3942 non
2855 3902 3016 3942 carne
3041 3908 3054 3943 :
3085 3889 3237 3958 quasi
3267 3907 3370 3944 non
3400 3901 3451 3944 et
3481 3892 3668 3961 figura,

2069 3993 2123 4040 et
2151 3984 2464 4050 similitudo,
2496 3994 2548 4039 et
2579 3982 2786 4054 effigies
2811 3983 3125 4039 substantia:
3152 4001 3364 4056 quoque
3392 3988 3667 4043 accedant.

2069 4075 2214 4131 Bene
2244 4085 2424 4131 autem
2465 4075 2607 4145 qttod
2648 4086 2703 4130 et
2741 4075 2866 4130 alibi
2911 4075 3181 4132 Christum
3232 4078 3514 4149 imaginem
3578 4082 3668 4136 llei

2070 4169 2350 4226 invisibilis
2377 4169 2628 4240 appellat.
2661 4167 2926 4238 Numquid
2958 4185 3086 4239 ergo
3122 4180 3176 4224 ct
3221 4171 3306 4226 hic
3344 4188 3446 4243 qua
3497 4175 3573 4244 (Si)
3618 4179 3666 4228 in

2067 4261 2246 4332 effigie
2276 4277 2398 4316 eum
2430 4262 2520 4316 Dei
2546 4261 2816 4316 eolloeat?
2863 4261 3037 4333 {Eque
3069 4280 3172 4318 uon
3201 4265 3304 4320 erit
3336 4265 3475 4321 Dens
3513 4269 3662 4322 (ibri-

2068 4367 2185 4412 stus
2221 4370 2381 4420 vere,
2415 4356 2458 4409 si
2501 4371 2598 4409 nec
2647 4355 2680 4408 h
2706 4370 2808 4408 uno
2835 4371 2957 4409 vere
2988 4356 3084 4410 fuit
3127 4356 3178 4411 iu
3223 4357 3396 4428 effigie
3438 4359 3669 4415 hominis

2067 4449 2408 4504 Constitutus.
2443 4446 2738 4516 Utrobique
2777 4445 2920 4500 enim
2953 4448 3146 4502 veritas
3187 4465 3408 4506 necesse
3456 4451 3672 4506 habebit

359 4541 412 4595 id
437 4551 542 4606 οδε,
577 4539 748 4608 ipsum
775 4555 790 4604 ;
823 4539 876 4594 iu
904 4555 1009 4608 quo
1029 4541 1206 4594 omnia
1226 4552 1596 4608 recensentur,
1621 4545 1670 4598 in
1689 4543 1959 4600 Christum
1987 4553 2040 4614 Β
2067 4541 2230 4604 cludi,
2262 4541 2305 4595 si
2338 4538 2546 4610 effigies
2565 4547 2619 4593 et
2637 4537 2929 4593 similitudo
2945 4539 3182 4609 etligura
3214 4540 3292 4612 (6)
3314 4542 3666 4611 phantastn-tt’t

359 4633 426 4688 ad
463 4632 668 4707 initium
697 4641 962 4696 revocata,
989 4633 1149 4687 etiam
1179 4631 1532 4689 indifferentia
1559 4651 1825 4691 escarum.
1847 4637 1966 4694 Cae-

360 4733 477 4780 tera
510 4734 918 4794 przeccptorum,
967 4733 1022 4779 ttt
1063 4724 1271 4788 eadem,
1303 4727 1432 4781 satis
1461 4727 1530 4782 sit
1548 4727 1660 4798 jam
1701 4730 1826 4785 alibi
1867 4730 1966 4786 do-

358 4818 542 4873 cuisse
572 4833 730 4888 quam
793 4833 820 4870 a
867 4818 1122 4874 Creatore
1165 4821 1465 4886 manarint;
1495 4823 1585 4893 qui
1616 4839 1738 4880 cum
1783 4835 1962 4882 vetera

359 4910 681 4983 prmdiearct
725 4911 1032 4981 transitura,
1065 4927 1199 4968 nova
1240 4911 1478 4971 facturus
1505 4916 1776 4986 universa,
1805 4935 1962 4974 man-

2070 4633 2447 4690 vindicabitur.
2477 4630 2628 4699 Quod
2655 4631 2698 4685 si
2728 4632 2779 4686 in
2807 4630 2984 4700 effigie
3009 4639 3063 4685 et
3093 4631 3342 4702 imagine,
3372 4651 3474 4704 qua
3500 4635 3665 4690 Filius

2067 4727 2238 4783 Patris
2269 4741 2395 4781 vere
2420 4725 2509 4780 Dei
2542 4724 2861 4794 predicatus
2890 4732 2974 4778 est
2997 4723 3095 4794 (Ἰ),
3138 4725 3297 4780 etiam
3327 4728 3380 4782 in
3407 4729 3580 4798 effigie
3609 4740 3664 4786 et

2065 4819 2296 4890 imagine
2341 4816 2597 4884 hominis,
2641 4832 2744 4888 qua
2787 4817 2924 4870 filius
2953 4816 3206 4884 hominis,
3239 4834 3365 4876 vere
3395 4821 3664 4880 hominem

2065 4917 2378 4980 inventum,
2425 4928 2548 4968 nam
2601 4921 2657 4967 et
2699 4911 2957 4966 inventum
3003 4910 3211 4968 ratione
3254 4916 3452 4983 posuit,
3486 4918 3536 4972 id
3583 4934 3664 4981 est

1574 5029 1956 5092 LECTIONES
1996 5025 2408 5090 VARIANTES.

448 5243 503 5297 ὅ)
522 5243 648 5292 Boni
667 5245 1040 5294 :est'nuationem
1066 5247 1168 5297 Lat.

419 5119 499 5175 (1)
525 5117 634 5168 Lux
658 5120 800 5169 Pam.

451 5120 466 5169 l
525 5119 634 5168 Lux
658 5120 800 5169 Pam.

450 5183 479 5231 ἑ
528 5181 639 5230 Deo
659 5181 779 5231 add.
807 5179 958 5232 Seml.

448 5249 478 5293 5
522 5243 1040 5294 Bonitest'nuationem
1066 5247 1168 5297 Lat.

447 5308 478 5357 ι
527 5306 638 5366 Quo
661 5320 726 5356 ne
747 5308 889 5357 Pam.
914 5308 1029 5370 quis
1052 5322 1147 5360 nec
1169 5309 1272 5360 Lat.
1292 5309 1410 5375 quin
1435 5319 1528 5362 nee
1548 5307 1618 5360 al.

450 5183 479 5231 ἑ
528 5181 639 5230 Deo
659 5181 779 5231 add.
807 5179 958 5232 Seml.

448 5249 478 5293 5
522 5243 648 5292 Boni
667 5245 956 5294 (estimation

419 5179 503 5373 ξιξ
527 5306 638 5366 Quo
661 5320 726 5356 ne
747 5308 889 5357 Pam.
914 5321 958 5370 qt

2153 5118 2206 5186 ὅ)
2232 5120 2356 5186 Quill
2395 5111 2471 5186 91-

2153 5118 2206 5186 5)
2232 5120 2356 5180 Quia
2403 5118 2471 5167 al.

2130 5118 2210 5314 lt;

1719 5393 2290 5470 conuearantus.

350 5499 524 5562 posse
576 5498 772 5562 capere
822 5485 988 5562 libros
1030 5489 1337 5546 Aristotelis
1384 5491 1577 5562 quibus
1621 5501 1862 5547 uteretur
1900 5491 1966 5546 ad

348 5556 724 5616 confutandos
758 5571 853 5612 eos
897 5561 985 5630 qui
1036 5570 1220 5616 contra
1263 5578 1322 5618 se
1365 5556 1703 5690 ltiispltttaturi
1765 5572 1965 5619 essent.

1386 5650 1440 5689 ιε
1533 5653 1586 5689 n.

424 5699 612 5776 CAP_._
779 5701 938 5776 ——(a)
981 5701 1100 5757 Non
1138 5650 1720 5775 rapinatnhixilst'iinavit
1775 5703 1969 5776 pariari

347 5776 493 5835 Deo.
557 5769 616 5828 Si
669 5772 1057 5838 pltantaslicuut
1104 5769 1293 5834 fttissct
1341 5777 1541 5834 Christi
1579 5769 1798 5851 corpus}
1854 5775 1972 5833 haec

613 5865 1051 5930 Temenum
1110 5869 1190 5931 ll.

2073 5489 2251 5544 omnia
2284 5485 2358 5540 illi
2385 5499 2491 5540 non
2516 5483 2887 5556 contigissent,
2933 5497 3107 5556 neque
3133 5492 3358 5541 mortem
3390 5491 3670 5548 subiissct.

2074 5560 2225 5629 Quod
2276 5559 2360 5612 hic
2411 5557 2567 5631 locus
2599 5557 2704 5631 late
2745 5555 2953 5624 probat,
2982 5555 3036 5611 et
3075 5557 3342 5625 paulisper
3390 5576 3420 5614 a
3449 5561 3668 5631 Vulgata

2075 5627 2293 5692 r'cccdit,
2313 5643 2433 5681 nam
2457 5627 2649 5695 pariari
2673 5635 2755 5680 est
2776 5641 2958 5694 parem
2986 5642 3124 5688 esse,
3140 5631 3260 5680 εἷνη
3283 5634 3383 5694 ἴσοι,
3407 5641 3461 5684 et
3483 5627 3675 5688 esitan-

2070 5705 2133 5757 st't
2162 5700 2503 5772 semetipsum,
2535 5697 2636 5772 hoc
2663 5705 2748 5753 est
2773 5697 2978 5766 abiecit,
3011 5705 3172 5754 ἑκυτὸν
3200 5705 3416 5766 ἱεενωτε,
3445 5704 3670 5772 seipsum

2071 5771 2364 5830 exinanlvit.
2422 5769 2500 5826 La
2541 5768 2636 5828 Pa.
3522 5768 3530 5772 '
3622 5805 3623 5808 η

2890 5865 3271 5946 (Dix-sept.)
