4020 6286
375 276 482 332 593
1243 325 1247 330 .
1422 271 1627 328 LIBER
1665 266 2025 328 ADVERSUS
2063 266 2630 328 VALENTINIANOS.
2969 259 2972 262 ’
3563 278 3670 335 520

448 388 836 460 Epiphaniam,
886 388 1065 444 haeres.
1095 386 1292 443 XXXI.
1337 386 1673 460 Euangelium
1713 385 1974 460 scripsisse
2001 384 2052 446 Δ

451 484 717 554 propriam
754 499 896 537 nemo
934 482 1032 536 nisi
1069 489 1245 536 auctor
1284 496 1463 535 novem
1505 482 1846 551 posteriorum
1885 494 1974 532 ca.

455 577 614 643 pilum
669 575 786 629 libri
834 574 900 629 dc
953 573 1358 644 Pun-scriptione
1402 573 1576 642 refert.
1626 571 1699 626 Ab
1743 570 1975 626 Ecclesia

450 669 700 723 catholica
721 667 922 738 defecit,
952 669 1193 737 quoniam
1216 666 1582 736 episc0patum,
1600 667 1746 738 cujus
1767 664 1974 718 ardebat

411 770 433 808 τ
453 759 722 825 desiderio,
761 759 995 830 consequi
1023 777 1122 814 non
1153 760 1344 824 valuit,
1373 761 1448 814 uti
1477 760 1716 814 adversus
1744 758 1974 813 eumdem

463 849 820 917 Valentinum,
873 867 990 921 cap.
1028 851 1124 916 IV,
1173 851 1326 905 tradit
1370 851 1732 905 Tertullianus.
1780 849 1974 904 Relicta

452 943 768 998 Alexandria
797 941 1095 1008 Valentinus
1114 942 1328 1002 Romam
1353 943 1503 1008 venit,
1521 944 1722 998 sedente
1743 941 1971 1013 Hygino,

454 1036 615 1105 ibique
656 1045 989 1088 commoratus
1015 1045 1086 1089 est
1124 1051 1281 1104 usque
1327 1036 1394 1088 ad
1445 1037 1726 1090 Anicetum.
1780 1034 1976 1088 Prteter

453 1125 519 1180 D.
554 1124 833 1194 lrcnteum,
860 1124 1252 1191 Tertullianum,
1276 1126 1624 1197 Epiphaniam
1653 1142 1712 1180 ac
1734 1124 1974 1180 Theodo-

452 1227 651 1286 return,
694 1219 844 1288 plura
890 1217 954 1272 de
1004 1217 1366 1278 Valentinianis
1403 1219 1629 1272 scribunt
1682 1217 1976 1280 Massuetus

451 1310 704 1379 (Disserl.
747 1311 884 1374 ead.,
932 1309 1108 1382 ibid),
1151 1311 1352 1364 Natalis
1380 1310 1679 1364 Alexander
1714 1310 1801 1384 (in
1833 1311 1972 1364 Hist.

451 1403 650 1458 Eccles.
697 1404 892 1458 Stecul.
924 1403 964 1457 ll
989 1446 1003 1469 ,
1047 1420 1162 1473 cap.
1195 1403 1261 1466 2,
1301 1414 1381 1457 art
1439 1401 1528 1475 6),
1561 1403 1852 1458 Bcausobre
1886 1404 1975 1476 (in

416 1492 588 1549 ‘Hist.
639 1493 1066 1559 Manichteorum,
1115 1505 1247 1564 part.
1309 1493 1374 1561 ll,
1428 1496 1516 1550 lib.
1567 1493 1662 1567 V),
1713 1495 1975 1551 Semlerus

451 1585 532 1660 (L.
571 1587 719 1641 Band
749 1588 838 1640 der
879 1586 1110 1641 Polemih
1149 1588 1241 1642 der
1269 1584 1698 1658 Baumgartens),
1746 1603 1835 1640 nec
1874 1601 1974 1641 non

462 1679 706 1735 Valchens
726 1678 1223 1753 (Kezergeschichte,
1259 1678 1298 1744 1,
1328 1678 1532 1750 Band),
1560 1689 1604 1732 et
1627 1676 1774 1750 lttig.
1807 1676 1972 1750 (Diss.

452 1775 511 1829 de
549 1774 922 1838 hwresiarchis,
954 1783 1078 1828 sect.
1109 1773 1172 1838 ll,
1203 1789 1320 1841 cap.
1353 1773 1408 1836 5,
1433 1783 1477 1826 et
1501 1772 1726 1838 eiusdem
1759 1770 1970 1825 Disserl.
2007 1779 2054 1840 Β

450 1867 730 1937 appendice
758 1865 828 1919 ad
853 1875 978 1920 secl.
1015 1865 1074 1931 ll,
1106 1882 1220 1930 cap.
1255 1863 1346 1936 5).
1391 1864 1463 1918 Ac
1494 1864 1698 1920 denutm
1725 1865 1973 1918 recentius

451 1958 635 2013 Matter
701 1957 875 2030 (Hist.
919 1959 986 2011 du
1041 1955 1396 2022 Gnasticisme,
1469 1966 1508 2010 t.
1554 1953 1643 2028 ll).
1690 1952 1802 2010 Etsi
1859 1972 1975 2010 vero

455 2053 686 2126 fabulosa
721 2051 976 2106 Valentini
1006 2051 1212 2105 [Heresis
1239 2050 1350 2104 sola
1395 2049 1733 2118 descriptione
1760 2049 1838 2103 sui
1876 2067 1965 2118 ap-

452 2157 622 2216 pareat
644 2146 1037 2212 absurdissima,
1067 2146 1207 2215 [uere
1230 2155 1396 2200 tamen
1420 2143 1656 2198 nonnulli
1692 2143 1779 2213 qui
1806 2143 1975 2216 ipsum

465 2238 789 2312 Valentinum
851 2239 1193 2294 orthodoxam
1246 2230 1655 2302 existimarunt,
1702 2248 1756 2290 ut
1820 2235 1975 2289 abbas

453 2331 662 2403 Faydit,
693 2332 779 2403 qui
807 2332 966 2386 edidit
998 2329 1426 2385 Dilucidationem
1464 2330 1709 2384 doctrina:
1747 2330 1976 2400 priorum

451 2427 790 2490 swculorum;
841 2425 1098 2491 multaque
1137 2425 1204 2478 ad
1257 2422 1508 2478 Valentini
1569 2432 1790 2493 systema
1831 2439 1971 2476 emo-

455 2519 676 2572 liendum
707 2518 760 2571 Μ
769 2519 1114 2573 artic/tatarum
1145 2518 1370 2571 historia:
1401 2517 1608 2571 inseruit
1637 2517 1784 2570 etiam
1811 2513 1977 2568 Βραυ-

451 2612 594 2668 sobre
650 2610 917 2684 (Lumper,
980 2609 1175 2664 Histor.
1223 2611 1444 2681 theolog.
1487 2610 1662 2662 critica
1712 2608 1775 2662 de
1839 2607 1971 2670 Vita,

455 2711 670 2781 Scriptis
693 2720 799 2780 atq.
828 2708 1003 2763 Doctr.
1044 2707 1149 2765 SS.
1184 2707 1415 2774 Patrum,
1449 2717 1583 2777 part.
1607 2705 1697 2773 Ill,
1735 2715 1855 2762 sccl.
1880 2703 1971 2771 IV,

452 2819 565 2872 cap.
598 2803 649 2868 5,
683 2802 897 2858 Disserl.
929 2818 1085 2874 prter.
1115 2811 1214 2856 art.
1240 2799 1328 2872 1).

522 2895 690 2951 Porro
731 2908 868 2952 certo
910 2897 1097 2952 certius
1123 2908 1194 2950 est
1239 2895 1639 2963 Tertullianum,
1677 2894 1798 2948 dum
1829 2909 1975 2947 suum

455 2990 700 3043 adversus
738 2988 1126 3043 Valentinianus
1156 2987 1339 3042 librum
1371 2989 1705 3053 elucubravit,
1735 3003 1844 3041 eam
1870 3001 1977 3056 pra:

453 3085 614 3141 oculis
663 3085 897 3140 habuisse
942 3091 1106 3139 sancti
1152 3083 1370 3151 Irencei,
1427 3084 1650 3154 cpisc0pi
1699 3081 1970 3151 Lugdun.,

454 3177 694 3232 librorum
726 3176 968 3232 adversus
999 3180 1212 3232 hwreses
1236 3175 1699 3246 interpretationem
1742 3175 1973 3238 latinam,
2008 3171 2053 3233 C

453 3271 1028 3340 veleremetvulgatam,
1072 3270 1332 3340 quam,ad
1354 3285 1510 3338 usque
1529 3277 1757 3337 tempora
1801 3277 1978 3320 nostra

453 3375 721 3431 servatam,
745 3363 945 3418 Irena'o
963 3365 1073 3430 ipso
1095 3365 1170 3418 vel
1196 3364 1362 3416 adhuc
1381 3364 1429 3416 in
1449 3362 1568 3416 vivis
1597 3360 1879 3431 superstite,
1904 3359 1980 3413 vel

389 3531 392 3534 q
453 3477 612 3531 nuper
633 3471 824 3530 erepto,
841 3459 1029 3514 editam
1049 3458 1203 3524 fuisse
1219 3466 1430 3512 constat.
1461 3455 1701 3522 Quisquis
1720 3452 1979 3512 lrenteum

454 3553 666 3606 latinum
697 3569 810 3606 cum
837 3551 1158 3605 Tertulliano
1203 3549 1489 3614 contulerit,
1542 3549 1593 3600 in
1625 3556 1861 3616 promptu
1886 3545 1977 3598 de-

411 3644 734 3727 ;prehendel
781 3643 916 3696 hunc
958 3642 1084 3695 adeo
1141 3640 1349 3711 vestigia
1389 3640 1526 3693 illius
1579 3653 1824 3706 premere,
1853 3638 1978 3692 adeo

456 3735 616 3790 verbis
641 3735 789 3800 ipsis,
817 3735 1177 3804 verborumque
1205 3731 1384 3802 ﬁguris
1411 3740 1457 3784 et
1496 3730 1664 3784 ordini
1696 3728 1977 3795 adluerere,

457 3838 508 3882 ut
531 3829 584 3882 id
613 3845 770 3882 unum
811 3827 905 3882 sibi
947 3825 1270 3896 proposuisse
1308 3823 1539 3878 videatur
1563 3821 1739 3876 eadem
1769 3821 1981 3890 paucio-

456 3920 593 3975 ribus
619 3921 957 3984 contrahere;
980 3919 1158 3972 iisdcm
1180 3933 1314 3989 saepe
1325 3917 1532 3970 servatis
1547 3915 1724 3981 verbis,
1741 3915 1981 3970 immixtis

457 4025 618 4071 tamen
641 4034 732 4086 pro
756 4030 893 4068 more
917 4013 1138 4068 dicteriis
1182 4012 1404 4083 quadam
1433 4011 1533 4080 afri
1562 4009 1753 4082 ingenii
1802 4025 1982 4080 proca.

455 4109 603 4162 citate
621 4106 901 4178 propalatis
928 4103 1100 4178 (Conf.
1127 4103 1294 4170 lren.,
1321 4104 1408 4157 lib.
1434 4101 1472 4164 Ι,
1499 4119 1615 4170 cap.
1642 4104 1732 4165 ll,
1756 4119 1895 4156 mnu.
1922 4104 1978 4168 5,

464 4217 575 4254 cum
591 4199 836 4264 Tertull.,
866 4197 1153 4270 cap.25,el
1178 4196 1344 4260 lren.,
1378 4196 1715 4258 num.5,cum
1738 4193 1980 4262 Tertull.,

457 4310 569 4363 cap.
595 4293 686 4358 25,
718 4302 812 4346 etc.
856 4290 982 4346 Vide
1020 4290 1266 4345 Massneti
1293 4288 1636 4342 dissertation.
1666 4287 1732 4354 ll,
1761 4288 1813 4341 in
1839 4287 1980 4341 lren.

458 4387 566 4452 lib.,
603 4402 744 4440 num.
777 4385 864 4450 55,
900 4403 952 4457 ν.
980 4383 1070 4450 89,
1099 4381 1214 4454 90).

530 4479 656 4536 ch
684 4479 909 4548 plurima
937 4478 1054 4532 hinc
1082 4488 1126 4532 et
1161 4477 1280 4531 inde
1313 4476 1425 4531 loca
1455 4474 1642 4530 similia
1669 4473 1847 4529 sedulo
1877 4473 1983 4527 colo

459 4576 658 4647 ligeuda
680 4618 694 4643 ,
728 4593 788 4628 ac
815 4584 871 4628 ut
910 4573 1113 4645 [acilius
1153 4587 1211 4626 ea
1246 4572 1404 4626 lector
1439 4573 1671 4641 conferre
1705 4575 1885 4637 queat,
1927 4567 1980 4621 in
2005 4565 2059 4628 D

459 4671 587 4726 notis
609 4669 915 4741 adponenda
932 4667 1235 4722 curavimus.
1254 4665 1365 4720 Nec
1378 4666 1513 4736 jam,
1530 4664 1581 4716 ni
1603 4663 1778 4733 fallor,
1796 4659 1982 4715 nemini

461 4762 754 4834 ambiguum
801 4763 896 4815 erit
936 4761 1191 4830 prazivisse
1233 4757 1550 4812 Tertulliauo
1580 4755 1872 4820 Irenanan,
1922 4769 1984 4806 ac

461 4855 675 4921 proinde
725 4869 990 4924 perperam
1021 4869 1079 4906 ea
1109 4852 1162 4905 in
1190 4851 1397 4906 dubiant
1427 4865 1720 4914 revocasse,
1765 4859 1810 4903 et
1850 4847 1982 4901 inter

2133 3681 2135 3684 -
2158 3657 2331 3703 sanun
2358 3641 2695 3695 delineatione
2719 3641 3077 3709 apertioribus.

2149 386 2324 455 spuria
2379 385 2674 455 repudiasse
2728 385 2959 442 Johann.
3021 385 3290 442 Salomon.
3343 387 3666 454 Scmlerum,

2150 482 2337 547 rivum,
2367 481 2411 534 si
2432 481 2544 552 quis
2562 497 2805 552 unquam,
2830 481 2898 536 ad
2923 482 3094 536 omnia
3125 481 3230 550 fere
3250 482 3550 537 venerandte
3572 501 3670 538 an-

2151 574 2397 644 tiquitatis
2435 583 2760 628 monumenta
2804 589 2866 628 ex
2904 573 3205 629 auctoritate
3246 589 3342 630 sua
3383 574 3683 645 dejicienda‘

2150 666 2375 736 profecto
2412 675 2623 732 natum;
2673 667 2756 720 hic
2796 666 2928 720 enim
2965 667 3018 721 in
3059 665 3318 722 Ilistorica
3348 666 3569 739 lsagugc
3603 668 3672 724 ad

2152 759 2545 831 anngartcnii
2570 758 2896 816 l’olemicam
2928 756 3075 830 (Vol.
3109 759 3168 821 ll,
3197 776 3252 830 p.
3273 759 3423 830 151),
3451 761 3503 816 in
3535 760 3672 820 Pro-

2153 851 2358 906 lusione.
2398 851 2466 905 dc
2510 852 2746 907 cavenda
2803 851 3028 906 molesta
3072 852 3357 908 sedulitate
3404 869 3554 907 sacra
3603 854 3670 908 ad

2151 944 2498 1014 Corrigendus
2524 944 2780 1016 quiasdam
2812 943 3005 999 [retiari
3034 953 3088 999 et
3117 944 3431 1001 Tertulliani
3457 941 3676 1001 semen}

2155 1037 2256 1092 tias
2302 1035 2469 1106 (Edit.
2513 1034 2714 1103 Halat,
2759 1035 2954 1106 1779),
3006 1047 3050 1091 et
3090 1037 3142 1091 in
3181 1038 3564 1094 Dissertationc
3606 1040 3675 1096 de

2153 1129 2299 1184 varia
2331 1139 2388 1185 et
2417 1129 2621 1186 incerta
2648 1129 2827 1185 indole
2856 1129 3047 1186 horum
3071 1130 3332 1188 librorum
3358 1130 3676 1194 Tertulliano

2158 1219 2372 1278 llalensi
2393 1219 2626 1295 adjecta(
2645 1221 2755 1276 Vol.
2783 1221 2842 1284 V,
2868 1241 2921 1291 p.
2945 1222 3211 1288 945-290,
3234 1225 3315 1278 ed.
3349 1224 3500 1279 Hala:
3529 1226 3678 1298 Mag-

2152 1315 2391 1386 debnrg.,
2417 1313 2578 1388 l828)
2597 1358 2610 1382 ,
2644 1317 2798 1385 ﬁdem
2821 1313 3006 1371 lremei
3035 1318 3258 1372 minuere
3282 1319 3492 1390 ejusque
3522 1319 3678 1376 libros

2153 1409 2206 1462 in
2247 1409 2584 1480 suspicionem
2609 1415 2791 1474 νθθεῖκς
2821 1410 3073 1465 adducere
3117 1412 3363 1466 tentavit:
3405 1423 3457 1467 at
3501 1413 3677 1486 defert-

2153 1502 2344 1555 sionem
2372 1502 2579 1556 illorum
2618 1504 2839 1573 suscepit
2876 1503 3118 1558 celeberr.
3161 1501 3425 1570 Valchius,
3479 1506 3679 1561 theolao

2149 1610 2244 1663 gas
2290 1595 2620 1666 gotlingensis
2646 1579 2678 1660 ,h
2707 1595 2760 1648 in
2803 1595 2946 1650 novis
2981 1585 3358 1652 commentariis
3403 1597 3676 1654 Societalis

2153 1685 2333 1757 Regia:
2386 1687 2732 1742 Scientiarum
2771 1685 3120 1760 Goltingensis
3153 1685 3253 1762 (T.
3281 1689 3343 1757 ν,
3377 1701 3512 1761 part.
3551 1693 3676 1760 l00,

2153 1797 2276 1834 ann.
2303 1779 2660 1848 inii—1775;
2689 1779 2958 1851 Lumper.,
2986 1781 3074 1836 lib.
3103 1785 3217 1848 cit.,
3248 1800 3366 1853 cap,
3392 1783 3457 1853 ll,
3488 1794 3587 1840 art.
3620 1786 3674 1851 1,

2151 1891 2206 1946 p.
2235 1872 2388 1948 2l8.)
3152 1878 3284 1940 Eon.

2222 1965 2472 2020 Cteterum
2493 1965 2802 2022 Tertulliani
2826 1983 2933 2022 esse
2952 1968 3140 2024 librum
3158 1969 3294 2023 hunc
3314 1969 3555 2025 adversus
3585 1969 3684 2025 Va-

2155 2057 2459 2114 lentinianos
2506 2057 2582 2112 vel
2620 2058 2739 2112 inde
2767 2067 2997 2125 constat,
3038 2059 3175 2127 quod
3201 2075 3316 2129 cap.
3351 2059 3492 2126 XVI,
3518 2063 3684 2118 nenti-

2155 2151 2313 2203 natim
2347 2151 2466 2205 libri
2493 2151 2737 2206 adversus
2771 2149 3143 2223 Hernmgeuem
3182 2155 3502 2218 meminerit,
3531 2171 3681 2225 quem

2155 2242 2264 2312 ejus
2292 2259 2399 2298 esse
2425 2252 2641 2298 constat.
2684 2241 2753 2296 Et
2782 2259 2898 2298 vero
2940 2244 3204 2311 scripsisse
3248 2244 3398 2299 illum
3437 2245 3681 2300 adversus

2165 2333 2553 2390 Valentiaianos
2591 2335 2834 2390 luculenti
2873 2346 2987 2392 stmt
3015 2345 3164 2393 testes
3189 2336 3250 2393 Β.
3287 2337 3505 2409 Optatus
3531 2339 3682 2395 Mile-

2155 2429 2374 2495 vitanus,
2407 2429 2494 2484 lib.
2524 2429 2566 2494 1,
2601 2431 2843 2485 adversus
2872 2429 3204 2485 Parmenian.
3249 2430 3572 2486 Douatistam
3594 2475 3608 2500 ,
3636 2442 3684 2488 et

2171 2521 2459 2578 Vincentius
2488 2521 2801 2590 Lirinensis,
2832 2524 2922 2578 lib.
2965 2525 3028 2578 de
3058 2524 3328 2596 Prop/tan.
3375 2526 3553 2582 lueres.
3584 2545 3680 2582 no.

2156 2618 2325 2670 vitate.
2369 2615 2520 2672 Visus
2551 2618 2651 2689 fuit
2678 2619 2830 2672 etiam
2851 2619 2960 2688 jam
2991 2619 3112 2672 olim
3147 2618 3272 2674 MS.
3323 2637 3354 2673 a
3401 2619 3680 2676 Trithemio

2156 2720 2203 2764 et
2232 2707 2493 2763 Politiano
2518 2751 2531 2775 ,
2566 2719 2612 2764 cl
2642 2711 2776 2764 inter
2804 2711 2996 2782 primos
3027 2729 3056 2764 a
3089 2711 3338 2767 Rhenano
3377 2713 3543 2766 editus
3575 2714 3683 2783 pri-
3711 2703 3731 2751 ⁷

2156 2819 2292 2856 main
2333 2803 2564 2866 scholiis,
2598 2803 2783 2860 deinde
2828 2814 2876 2857 et
2915 2807 3332 2861 annotationibus
3358 2807 3431 2860 ita
3458 2808 3681 2862 illustra-

2157 2906 2268 2963 tus,-
2311 2877 2364 2950 u‘t
2392 2912 2643 2964 nusquam
2673 2897 2969 2968 diligentior
2997 2899 3172 2966 fuerit.
3205 2896 3327 2952 Non
3355 2909 3680 2954 contemnen-

2159 2989 2282 3059 dam
2319 2999 2487 3050 tamen
2519 3003 2627 3044 esse
2665 3002 2891 3043 nostram
2940 2999 3248 3060 postremam
3288 2993 3418 3046 hanc
3450 2995 3684 3063 recogni-

2159 3082 2366 3145 tionem,
2399 3081 2550 3151 idque
2578 3096 2640 3136 ex
2669 3081 2732 3135 Β.
2768 3081 2979 3146 lreruvi,
3009 3083 3097 3138 lib.
3127 3083 3167 3150 1,
3199 3100 3315 3155 cap.
3348 3085 3395 3149 l,
3425 3097 3468 3141 et
3489 3088 3683 3156 aliquot

2158 3173 2478 3243 sequentibus
2505 3213 2518 3236 ,
2558 3188 2715 3243 eoque
2753 3182 2855 3227 tam
2899 3189 3064 3244 graeco
3109 3176 3248 3246 apud
3294 3174 3682 3246 It‘piphanium,

2157 3283 2310 3336 quam
2347 3267 2508 3322 latino
2547 3269 2698 3339 juxta
2729 3268 2979 3322 versiones
3017 3269 3216 3333 varias,
3245 3280 3289 3324 et
3317 3272 3474 3325 tribus
3517 3271 3681 3329 Vatic.

2161 3359 2283 3416 MS.
2308 3360 2706 3430 exemplaribus,
2736 3361 2940 3433 colliget
2971 3363 3124 3432 facile
3147 3365 3304 3420 lector
3327 3407 3340 3427 ,
3375 3383 3437 3422 es;
3464 3369 3526 3421 iis
3557 3386 3683 3438 quas

2159 3454 2370 3524 majoris
2397 3453 2566 3508 adhuc
2591 3453 2719 3508 lucis
2747 3455 2914 3525 gratia
2941 3456 3224 3525 adjecimus
3248 3460 3681 3523 annotationibus,

2159 3546 2470 3619 Argumenta
2493 3589 2507 3615 ,
2548 3555 2650 3602 tmo
2687 3557 2734 3603 et
2775 3549 3018 3620 Calalogo
3051 3549 3284 3606 /Eonum
3325 3571 3386 3608 ac
3425 3553 3552 3608 situs
3599 3555 3684 3624 ip-

3315 3644 3606 3702 Prmwvs.

2235 3728 2586 3802 Opportnaior
2611 3748 2733 3786 sane
2752 3749 2807 3787 se
2825 3732 2965 3788 dabit
2994 3734 3192 3788 occasio
3218 3734 3282 3790 de
3304 3735 3550 3791 immensa
3577 3741 3683 3807 far.

2161 3824 2340 3892 ragine
2366 3830 2651 3876 ΓΝΩΣΕΩΣ
2673 3824 2725 3877 in
2756 3840 2940 3894 genere
2964 3842 3024 3879 ac
3050 3825 3113 3880 de
3141 3827 3304 3882 arduo
3333 3828 3549 3883 themate
3581 3828 3686 3882 Va-

2162 3916 2440 3970 lentiniano
2471 3918 2523 3969 in
2565 3918 2733 3984 specie
2759 3918 2964 3972 uberius
2995 3920 3305 3984 disserendi,
3341 3921 3425 3974 ubi
3455 3923 3518 3976 de
3546 3938 3684 3993 pra:-

2161 4007 2488 4062 stantissimis
2515 4005 2704 4062 Irencvi
2731 4009 2973 4064 adversus
3001 4010 3215 4066 hazreses
3243 4012 3387 4067 libris
3415 4015 3688 4069 dicendum
3723 4007 3740 4058 7

2160 4101 2277 4156 erit.
2317 4098 2480 4154 Nobis
2507 4102 2682 4170 igitur,
2714 4117 2808 4172 pro
2833 4117 2991 4169 more,
3017 4103 3324 4175 moduloque
3355 4115 3546 4171 nostra,
3571 4108 3687 4177 suf-

2165 4194 2305 4263 ﬁciat
2335 4194 2442 4249 lucc
2468 4209 2650 4263 pauca,
2689 4195 2916 4264 proa’mii
2941 4195 3126 4263 instar,
3152 4197 3465 4267 pra'libasse,
3502 4214 3692 4266 paucu-

2165 4289 2314 4359 laque
2344 4288 2532 4344 addere
2563 4289 2680 4342 hinc
2719 4289 2837 4343 inde
2875 4278 3162 4360 desumpta,
3192 4291 3296 4346 sive
3322 4307 3384 4345 ea:
3411 4289 3646 4346 Panaetio
3671 4332 3689 4360 ,

2165 4383 2268 4436 sive
2297 4398 2360 4435 ex
2387 4380 2676 4448 Massuelo,
2723 4381 2932 4448 addere,
2969 4381 3170 4452 quibus,
3201 4392 3471 4452 antequam
3501 4381 3687 4436 librum

2167 4477 2320 4541 hunc,
2350 4476 2617 4530 obscurum
2644 4491 2765 4530 sane
2787 4486 2834 4529 et
2863 4475 3122 4530 intellectu
3152 4475 3472 4544 impervium,
3505 4493 3690 4546 aggre-

2163 4570 2385 4633 diamur,
2417 4568 2591 4623 lectori
2620 4568 2896 4640 prtvluceat
2926 4577 3032 4621 tina
3055 4568 3402 4638 interpretatio
3428 4569 3690 4623 nominum

2163 4662 2398 4718 Aionum
2439 4661 2694 4717 Valentini
2715 4704 2728 4727 ,
2759 4672 2862 4715 tum
2893 4673 3163 4734 syntagma
3197 4680 3411 4736 gnoseos
3450 4680 3513 4718 ea:
3550 4664 3690 4735 ejus-

2161 4760 2273 4812 dem
2304 4755 2572 4829 hypothesi
2599 4756 2980 4810 concinnatum.
3012 4754 3146 4811 Evn.

1097 4985 1137 4999 ,,
1183 4985 1202 4998 ,
1246 4977 3673 5002 ,____—-———————-———-—-——-—-——-—-———-————-———-———-—-.

813 5099 1282 5185 NOMINA
1346 5097 1808 5188 lEONUM
1863 5096 2014 5178 ET
2049 5089 2576 5177 DEORUM
2629 5089 3292 5195 VALENTINI,
3522 5175 3525 5177 _

439 5244 584 5308 lMO
611 5240 1016 5306 CRlMiNUM
1058 5237 1340 5302 POTIUS
1381 5236 1611 5313 QUAM
1653 5233 2053 5308 NUMINUM,
2101 5227 2626 5302 ALIORUMQUE
2668 5223 2949 5288 EODEM
2994 5228 3617 5297 PERTINENTIUM.
3687 5236 3698 5315 ξ

1710 5360 1818 5439 (ex
1863 5374 2036 5418 EDIT.
2084 5354 2398 5430 PAMELII.)

475 5491 548 5548 De
574 5493 654 5548 his
683 5489 987 5548 nominilnts
1020 5487 1175 5555 infra,
1203 5503 1253 5545 c.
1290 5486 1342 5554 6,
1391 5483 1468 5542 sic
1505 5482 1866 5540 Tcrtullianus
1896 5500 1908 5536 :
1944 5475 2296 5546 Quorumdam
2335 5470 2578 5543 (ineptit)
2609 5470 2672 5524 de
2702 5485 2868 5541 grtcco
2917 5474 3262 5543 interpretatio
3305 5493 3401 5532 non
3444 5482 3698 5549 occurrit,

404 5591 731 5656 quorumdam
758 5601 850 5639 nec
880 5583 943 5637 de
971 5597 1092 5636 sexu
1121 5597 1306 5653 genera
1334 5577 1658 5643 conveniunt,
1689 5573 2022 5645 quorumdam
2048 5567 2282 5624 usitatior
2305 5566 2355 5619 in
2384 5578 2547 5636 grteco
2579 5561 2759 5616 notitia
2784 5573 2876 5618 est.
2910 5562 3092 5634 Itaque
3118 5566 3394 5630 plarinnnn
3413 5587 3576 5640 gra'co
3607 5592 3701 5644 po-

403 5693 598 5744 nemus,
625 5676 980 5754 siguiﬁcantite
1005 5691 1093 5752 per
1114 5673 1414 5749 paginarum
1445 5671 1627 5730 limites
1659 5670 1906 5736 aderunt;
1933 5682 2021 5724 nec
2054 5662 2224 5722 latinis
2249 5660 2450 5734 quidem
2479 5656 2688 5713 deerunt
2714 5672 2902 5731 grwca,
2939 5658 3026 5714 sed
3062 5659 3112 5714 in
3137 5661 3279 5718 lineis
3302 5666 3513 5742 desuper
3548 5680 3698 5736 ποια..

405 5771 605 5834 buntur.

3227 5938 3294 5950 -νυ-
