4020 6286
343 285 454 346 535

1764 302 2225 370 TERTUI.I.IANI

3542 335 3649 403 556

349 446 3638 513 MM

1530 574 2338 709 ‘atrgumcutum.

336 774 589 831 Adversus
622 775 1007 835 Valentiuianos
1033 780 1293 837 luereticos
1331 784 1611 855 scripturus
1657 783 1934 845 Tertullia-
1963 791 2019 858 Δ
2056 760 2063 763 ﬁ
2115 797 2251 853 mine
2294 797 2577 858 Achamath
2600 846 2617 872 ,
2648 806 2702 861 in
2739 807 2892 865 inane
2933 811 3067 867 illud
3109 813 3327 886 Epicuri
3367 822 3653 892 explosum.

408 890 523 937 nus,
560 873 801 941 differens
841 877 1265 947 congressionem.
1293 879 1456 934 selum
1499 882 1769 952 proﬁtetur
1796 901 1939 940 erra-

406 982 552 1032 rum,
608 983 696 1022 seu
768 969 937 1038 potius
1004 968 1329 1040 fabularum,
1385 987 1501 1028 cum
1576 974 1683 1030 risu
1754 991 1939 1043 narra-

409 1051 612 1114 tionem.
1581 1116 1591 1125 ,

336 1153 602 1224 Imprimis
640 1163 807 1210 autem
837 1167 1032 1220 narrat,
1065 1158 1205 1230 quod
1238 1157 1609 1229 Valentiniani,
1640 1164 1940 1235 frequentis-

405 1247 584 1298 simum
629 1262 751 1299 sime
785 1248 917 1301 inter
971 1247 1232 1305 Iuereticas
1278 1251 1563 1323 collegium,
1594 1254 1724 1309 nihil
1777 1256 1938 1329 magis

406 1347 598 1402 cia-ent,
623 1355 773 1409 quam
797 1341 1052 1396 occultare
1069 1343 1207 1412 quod
1225 1346 1527 1414 praedicant.
1556 1345 1687 1419 Cap.
1722 1348 1762 1404 Ι.

333 1427 529 1482 Deinde
549 1445 660 1483 cum
690 1430 812 1503 illis
836 1430 1042 1498 mplices
1066 1445 1418 1505 nuncuparent
1445 1435 1758 1509 Catholicos,
1786 1438 1935 1495 Scri-

402 1520 572 1590 ptui-is
600 1521 978 1593 simplicitatem
1005 1524 1213 1591 probari
1239 1525 1405 1581 docet.
1433 1526 1561 1597 Cap.
1595 1527 1661 1583 Il.

339 1612 679 1679 Quantumvis
719 1615 918 1671 interim
958 1633 1012 1672 se
1054 1618 1363 1673 abscondant
1388 1618 1524 1694 (cum
1553 1622 1737 1677 veritas
1765 1639 1793 1679 e
1814 1640 1936 1681 con-

401 1708 559 1762 trario
597 1725 696 1762 non
723 1709 1005 1783 erubescat)
1030 1714 1159 1766 scire
1195 1722 1363 1767 tamen
1407 1714 1662 1785 simplices
1685 1715 1935 1773 Christiao

400 1814 494 1852 nos
520 1814 692 1854 omnes
716 1816 890 1854 eorum
916 1801 1118 1871 fabulas
1145 1812 1191 1857 et
1210 1803 1555 1876 genealogias,
1573 1821 1702 1877 quas
1725 1808 1934 1866 damnat

400 1892 695 1960 Apestolus,
726 1893 1159 1961 indetermiuatas,
1191 1912 1320 1967 quas
1350 1894 1565 1968 proinde
1612 1899 1934 1960 solummodo

400 1984 767 2055 demonstrare,
801 1986 1058 2043 destruere
1078 1990 1162 2044 sit.
1196 1989 1327 2060 Cap.
1362 1990 1451 2048 III.

330 2074 526 2130 Notam
551 2077 699 2132 etiam
717 2094 824 2134 esse
859 2077 1331 2136 I'alentinianorum
1360 2085 1606 2156 originem
1630 2104 1663 2141 a
1703 2085 1932 2145 Valenti-

398 2186 502 2234 no;
530 2170 645 2225 licet
673 2170 735 2226 ab
762 2187 819 2227 eo
863 2172 1194 2230 abscesserint
1253 2173 1582 2244 Ptalanueas,

400 2261 689 2327 Secundus,
727 2262 910 2335 Nugas
943 2264 1173 2330 Marcus,
1204 2282 1266 2320 ac
1289 2265 1602 2337 Theatinus,
1629 2271 1702 2325 ita
1726 2281 1784 2326 ut
1800 2290 1927 2328 nus-

400 2372 551 2423 quant
577 2357 691 2427 jam
739 2355 1053 2425 Valentinus,
1083 2370 1131 2414 et
1159 2368 1323 2415 tamen
1361 2357 1703 2417 Valentiniani
1724 2364 1929 2433 abillo;

396 2464 511 2501 cum
539 2447 674 2503 solas
710 2449 930 2522 integras
973 2451 1082 2521 ejus
1110 2451 1313 2521 regulas
1351 2452 1625 2509 custodiret
1649 2455 1931 2514 Antiochiae

398 2538 681 2595 Axianicus
703 2539 931 2610 quidam.
963 2538 1094 2611 Cap.
1127 2541 1217 2598 IV.

327 2629 445 2685 Sibi
472 2631 672 2686 interim
701 2649 813 2687 cum
843 2632 1145 2706 Archetypis
1177 2651 1281 2692 esse
1309 2636 1745 2708 disceptationem,
1778 2640 1928 2712 idque

397 2739 496 2778 non
524 2724 756 2795 conﬁctis
801 2726 1044 2793 materiis,
1096 2738 1270 2799 utpote
1295 2747 1422 2802 quas
1448 2732 1606 2800 ipsius
1652 2732 1925 2788 hmesiarc

394 2817 507 2871 elue
531 2818 931 2888 contemporales
981 2820 1382 2878 instructissimis
1417 2822 1761 2881 voluminibus
1799 2842 1924 2897 pra-

396 2908 619 2965 diderint
649 2920 695 2964 et
723 2912 1004 2979 retulerint,
1023 2911 1257 2969 Justinus
1284 2927 1496 2988 martyr,
1516 2916 1793 2987 Miltiades,
1813 2918 1925 2974 Ire.

399 3018 557 3069 meus,
586 3013 633 3058 et
658 3004 864 3071 quidam
886 3003 1160 3061 Proculus.
1194 3005 1324 3078 Cap.
1354 3006 1421 3063 V.

318 3091 524 3149 Deinde
548 3094 707 3151 verbis
737 3096 923 3167 partim
970 3097 1115 3152 initio
1143 3098 1298 3168 hujus
1338 3100 1638 3171 Argumenti
1664 3103 1919 3170 adductis,

394 3187 582 3257 partim
626 3187 705 3242 illi
750 3189 887 3258 infra
940 3187 1198 3261 subjectis,
1228 3190 1707 3250 demonstrationem
1760 3198 1922 3256 solam

395 3280 572 3333 arcani
590 3280 817 3349 ipsarum
844 3282 1159 3351 promittens,
1188 3284 1478 3341 methodum
1504 3286 1696 3343 indicat
1719 3305 1820 3359 qua
1846 3292 1922 3346 uti

392 3377 584 3428 statuit.
612 3372 742 3445 Cap.
775 3373 863 3429 VI.

322 3462 492 3519 Porro
518 3482 548 3519 a
578 3446 742 3536 prima
779 3466 1011 3538 agdoade
1039 3464 1275 3524 Eanum
1311 3468 1778 3530 Valentiuianorum
1815 3475 1921 3531 sive

391 3559 586 3612 tetrade
628 3558 847 3630 duplici,
876 3563 1196 3631 auspicatur,
1226 3564 1279 3617 in
1305 3580 1407 3635 qua
1433 3582 1499 3620 es:
1516 3564 1685 3638 Bgtha
1713 3585 1774 3623 ac
1796 3569 1920 3641 Sige
1945 3574 1992 3644 (ς

393 3648 493 3702 orti
515 3648 631 3702 Nus
652 3659 699 3703 et
734 3648 954 3719 Veritas,
988 3650 1287 3708 Sermonem
1314 3663 1359 3710 et
1392 3653 1560 3710 Vitam
1579 3661 1919 3729 pracrearint,

394 3757 422 3795 e
447 3741 626 3813 quibus
652 3742 802 3797 homo
842 3752 888 3798 et
919 3741 1171 3801 Ecclesia.
1201 3744 1338 3816 Cap.
1371 3746 1480 3803 VII.

321 3831 458 3888 Inde
481 3850 547 3891 es:
565 3834 785 3889 secunda
801 3833 891 3889 illa
921 3835 1133 3904 tetrade,
1159 3835 1455 3893 Sermonem
1493 3848 1541 3896 et
1578 3837 1743 3896 Vitam
1770 3842 1923 3899 decu-

396 3928 525 3981 riam
563 3925 795 3982 /Eanum
830 3928 984 3984 simul
1025 3929 1241 4003 fudisse,
1274 3931 1528 3989 hannnem
1564 3942 1611 3988 et
1640 3934 1923 3992 Ecclesiam

396 4018 765 4073 dnodenarium
786 4036 1069 4085 numerum,
1098 4037 1198 4093 quo
1222 4022 1295 4077 sic
1324 4023 1621 4095 impleretur
1639 4026 1923 4083 tricenariae

396 4113 675 4168 divinitatis
704 4114 944 4193 Plerama
963 4134 1051 4172 seu
1082 4118 1360 4189 plenitudo.
1392 4117 1523 4189 Cap.
1553 4118 1693 4176 VIII.

322 4201 444 4257 lam
470 4219 584 4258 vero
610 4204 936 4275 [iucunditate
965 4215 1068 4259 tota
1092 4208 1372 4276 deﬁciente,
1400 4226 1433 4262 a
1458 4208 1728 4266 novissimo
1746 4210 1924 4268 Eone

395 4296 595 4366 Sophia
625 4297 927 4364 conﬁrmata
962 4297 1026 4352 ab
1073 4297 1215 4356 lloro
1253 4315 1316 4356 ne
1357 4301 1735 4372 dissolveretur,
1785 4322 1850 4360 ex
1873 4308 1923 4362 vi

393 4388 667 4459 passionis,
691 4386 835 4442 nulla
855 4405 1010 4462 opera
1033 4390 1278 4461 conjugii,
1301 4392 1579 4449 abortivum
1604 4398 1778 4468 [cetum
1801 4395 1886 4455 Eu
1900 4431 1918 4443 ο

392 4480 641 4552 thgmesin
670 4481 950 4551 expositam
976 4499 1104 4541 esse.
1131 4480 1262 4553 Cap.
1289 4483 1382 4541 IX.

323 4574 451 4630 Tata
471 4576 670 4630 interim
698 4578 1076 4648 propinquitate
1097 4580 1417 4649 supplicante
1458 4580 1710 4653 Sophiam
1736 4588 1918 4658 conju-

386 4667 442 4737 gi
461 4683 551 4721 suo
577 4666 751 4726 Telela
782 4668 1084 4735 restitutam,
1109 4669 1443 4744 Enthymesitt
1472 4690 1588 4733 vero
1617 4687 1761 4734 extra
1789 4677 1923 4755 ΡΙεο,

386 4776 531 4814 roma
559 4760 852 4832 relegatum.
884 4761 1010 4832 Cap.
1042 4761 1112 4820 Χ.

320 4848 403 4905 Ne
440 4868 540 4922 qua
580 4852 737 4924 igitur
763 4853 1009 4926 ejusmodi
1051 4872 1228 4912 rursus
1278 4861 1539 4916 concussio
1567 4864 1876 4935 contingeret
1894 4906 1912 4934 ,

2115 905 2419 964 quamquam
2445 913 2477 950 a
2500 895 2704 955 Christo
2734 918 2835 956 nou
2865 904 2973 959 sine
2993 906 3197 976 Spiritu
3228 910 3425 968 Sancta
3451 933 3478 969 e
3500 935 3650 989 supe-

2114 983 2331 1038 rioribus
2361 988 2513 1043 misso
2542 990 2661 1061 jam
2699 996 3011 1064 formatam;
3039 999 3161 1070 quia
3192 1011 3357 1058 tamen
3384 1007 3453 1059 ad
3482 983 3655 1066 lumen

2112 1075 2246 1132 illud
2264 1077 2575 1140 Pleramatis
2602 1101 2704 1140 non
2728 1088 2893 1158 potuit
2914 1091 3184 1163 attingere,
3214 1096 3278 1149 ab
3310 1095 3452 1153 Ilora
3483 1112 3655 1157 custo-

2113 1168 2282 1224 diente
2302 1182 2576 1229 extremam
2601 1179 2711 1249 ejus
2737 1179 2922 1234 lineam
2957 1184 3167 1251 exclusa
3188 1229 3204 1253 ,
3249 1190 3497 1259 afﬂictam
3527 1210 3653 1248 une-

2113 1276 2248 1323 rore,
2282 1273 2436 1331 metu,
2466 1272 2895 1337 consternatione,
2928 1274 3243 1345 ignorantia.
3273 1280 3406 1350 Cap.
3440 1282 3577 1338 XIV.

2041 1353 2203 1427 Atque
2227 1373 2291 1412 cx
2314 1359 2393 1413 his
2431 1361 2678 1432 originem
2701 1366 2916 1420 traxisse
2962 1370 3249 1434 materiam,
3274 1356 3427 1441 quam
3458 1373 3655 1449 Pytha-

2113 1447 2295 1519 gorici.
2320 1449 2484 1505 Stoici
2498 1462 2541 1506 et
2568 1451 2850 1527 I’latojpse
2873 1457 3103 1513 innatam
3123 1462 3316 1530 volunt,
3335 1475 3382 1518 et
3411 1447 3655 1523 elementa

2116 1542 2249 1610 ipsa.
2276 1542 2409 1614 Cap.
2438 1543 2482 1599 X
2496 1544 2557 1601 V.

2038 1630 2345 1690 Cauversam
2371 1635 2491 1691 inde
2516 1636 2585 1692 ad
2619 1654 2815 1708 preces,
2842 1656 2958 1695 cum
2985 1642 3054 1695 ad
3082 1659 3136 1697 se
3175 1645 3362 1700 missus
3384 1655 3510 1702 esset
3541 1645 3652 1705 Pa-

2109 1725 2329 1781 racletas
2397 1725 2549 1783 Sater
2601 1727 2753 1784 Iesus
2775 1772 2791 1793 ,
2847 1748 2959 1787 eam
3023 1733 3189 1790 denuo
3242 1739 3602 1805 con/innatam
3629 1784 3648 1810 ,

2111 1827 2161 1873 et
2228 1817 2292 1873 ab
2364 1820 2597 1877 omnibus
2647 1821 2850 1893 injuriis
2913 1827 3165 1895 passionis
3229 1832 3604 1900 expumicatum
3626 1877 3647 1903 ,

2108 1924 2171 1963 α
2214 1910 2537 1966 courersione
2581 1912 2676 1968 illa
2725 1915 2973 1973 animales
3037 1918 3383 1990 corpulentias
3445 1925 3644 1996 produ-

2106 2003 2262 2059 xisse.
2300 2001 2434 2077 Cap.
2467 2004 2606 2062 XVI.

2036 2114 2161 2173 Prae
2184 2119 2374 2189 gaudia
2414 2119 2601 2175 abhinc
2637 2137 2702 2177 es
2739 2125 3164 2194 contemplatione
3207 2127 3302 2183 illa
3346 2128 3541 2187 Soteris
3592 2144 3646 2191 et

1617 2177 1669 2232 Η
1674 2180 1926 2251 eraclean,

2107 2209 2453 2282 angelicorum
2496 2214 2587 2283 qui
2639 2231 2742 2269 una
2804 2227 3044 2271 venerant
3092 2217 3377 2285 luminum,
3431 2225 3645 2295 spirita-

2106 2300 2180 2355 les
2246 2302 2578 2373 produxisse,
2648 2318 2697 2360 et
2773 2307 2849 2361 sic
2901 2307 3091 2378 factum
3153 2309 3427 2367 trinitatem
3491 2331 3647 2386 gene-

2106 2411 2240 2450 rum.
2270 2394 2399 2467 Cap.
2430 2394 2595 2453 XVII.

2031 2483 2119 2544 Ea:
2140 2486 2355 2541 animali
2368 2497 2534 2543 autem
2556 2490 2840 2547 substantia
2861 2494 3166 2562 productum
3191 2495 3376 2553 deinde
3399 2496 3641 2556 Demiur-

2102 2595 2245 2650 guns,
2298 2578 2462 2636 Deum
2505 2581 2640 2638 hune
2693 2594 2962 2656 nostrum,
3019 2603 3190 2659 regem
3259 2590 3635 2653 universarum.

2101 2671 2234 2743 Cap.
2266 2671 2454 2732 xvm.

2034 2762 2355 2837 Quamquam
2409 2766 2507 2821 hae
2582 2767 2646 2824 de
2730 2784 2788 2824 re
2861 2768 2993 2825 inter
3052 2786 3138 2826 eos
3182 2788 3285 2829 non
3350 2775 3635 2833 conveniat.

2099 2858 2231 2931 Cap.
2259 2859 2403 2917 XIX.

2034 2949 2201 3010 Porro
2229 2969 2261 3008 a
2289 2952 2585 3027 Demiarga,
2616 2963 2761 3011 extra
2792 2954 3096 3013 Pleromatis
3125 2958 3309 3014 limites
3338 2963 3633 3034 constituta,

2102 3044 2236 3101 hunc
2288 3045 2534 3101 mundum
2578 3049 2836 3103 conditum
2858 3065 2924 3104 ea:
2950 3050 3258 3106 animalibus
3281 3060 3328 3106 et
3357 3055 3639 3111 materiali-

2097 3137 2189 3194 bus
2231 3138 2527 3196 substantiis
2548 3181 2564 3206 ,
2583 3156 2662 3196 ea:
2681 3140 3086 3212 iucorporalibus
3110 3157 3225 3198 vero
3251 3145 3635 3217 septempliceus

2098 3233 2338 3289 sculorum
2358 3251 2585 3290 scenam.
2615 3234 2746 3304 Cap.
2782 3234 2903 3290 XX.

2029 3324 2225 3393 Quibus
2246 3327 2500 3384 interdum
2523 3328 2776 3383 interserit
2802 3328 2942 3382 varia
2972 3327 3256 3383 Achamath
3286 3328 3392 3384 sive
3418 3329 3639 3407 Sophia;

2095 3420 2331 3476 secunda:
2361 3422 2588 3476 nomina.
2616 3421 2749 3493 Cap.
2782 3421 2905 3478 XXI

2026 3509 2202 3579 Quid?
2224 3513 2361 3581 quod
2380 3523 2426 3568 et
2446 3512 2702 3572 diabolum
2731 3531 2859 3585 opus
2895 3513 3157 3588 Demiargi
3179 3515 3404 3586 faciant,
3431 3515 3638 3574 Mundi-

2100 3613 2368 3661 tcacntem
2395 3605 2731 3677 appellantes.
2761 3607 2891 3681 Cap.
2918 3608 3081 3664 XXII.

2026 3713 2159 3775 lude
2206 3717 2527 3787 singularunt
2575 3728 2881 3789 potestatum
2933 3720 3085 3777 sitam
3120 3722 3437 3787 interserens.
3477 3725 3634 3781 etiam

2096 3808 2264 3880 ignem
2289 3810 2370 3864 his
2396 3810 2629 3866 omnibus
2656 3813 2951 3881 corporibus
2975 3823 3019 3868 et
3049 3814 3308 3870 elementis
3334 3814 3633 3887 inﬂabella-

2099 3912 2204 3956 tum
2228 3902 2392 3959 addit.
2426 3903 2560 3975 Cap.
2592 3903 2787 3960 XXIII.

2027 3990 2361 4067 Dentiurgum
2389 4004 2502 4066 post
2528 3995 2637 4051 haec
2663 3995 2731 4051 ad
2760 3997 3015 4052 hominem
3052 4015 3234 4055 manus
3257 3999 3555 4067 contulisse,
3582 4006 3633 4057 et

2096 4101 2301 4141 carnem
2324 4086 2372 4139 ei
2399 4101 2618 4152 creasse,
2644 4104 2746 4142 non
2774 4088 2898 4143 lima
2944 4099 3114 4159 terrae,
3160 4092 3247 4147 sed
3286 4092 3497 4146 materia
3535 4092 3632 4149 illa

2098 4176 2470 4247 philosophica.
2500 4178 2629 4249 Cap.
2653 4177 2847 4236 XXIV.

2024 4266 2116 4325 Cui
2142 4285 2256 4324 cum
2278 4270 2505 4326 animans
2524 4269 2829 4343 Demiurgus
2849 4289 2969 4329 mox
2996 4273 3060 4330 de
3086 4277 3274 4348 afﬂatu
3296 4296 3386 4336 sua
3406 4298 3629 4342 commu-

2094 4361 2307 4431 nicaret,
2329 4363 2482 4418 etiam
2509 4364 2574 4418 ab
2599 4364 2887 4420 Achamoth
2921 4368 3113 4438 pariter
3150 4372 3217 4424 iu-
3247 4372 3395 4428 illum
3420 4377 3625 4435 deriva-

2094 4460 2200 4507 tum
2227 4469 2394 4509 semen
2422 4454 2656 4526 spiritale
2675 4496 2689 4524 ,
2741 4457 2876 4530 quod
2911 4461 3277 4532 nuncupabant
3306 4464 3619 4530 Ecclesium.

2089 4545 2220 4618 Cap.
2255 4544 2421 4604 xxv.

2021 4657 2159 4717 Hinc
2188 4660 2287 4716 tria
2314 4660 2793 4736 hominumgenera
2819 4666 3074 4735 describit,
3101 4672 3203 4727 sive
3230 4675 3507 4734 trinitatem
3531 4681 3628 4736 ha-

2089 4754 2263 4825 minis,
2294 4766 2341 4811 et
2369 4773 2518 4827 quem
2542 4758 2728 4813 exituris
2758 4761 3059 4819 sortiantur.
3089 4765 3258 4836 Caput
3287 4768 3477 4825 XXVI.

2016 4842 2263 4902 Emisisse
2284 4847 2438 4903 etiam
2456 4847 2790 4923 Demiurgum
2804 4852 3123 4912 Christum!"
3125 4859 3268 4915 ilium
3284 4878 3435 4918 suum
3464 4876 3627 4922 natu-

392 4943 447 4998 Ν
451 4962 518 5000 un
544 4945 689 5001 illum
716 4964 898 5002 novant
937 4949 1155 5006 edidisse
1173 4953 1564 5035 capulationem,
1587 4956 1843 5016 Christum
1864 4971 1911 5018 et

2086 4938 2246 4993 ralem
2283 4955 2374 5010 per
2389 4941 2651 5013 virginem,
2675 4960 2777 4997 non
2802 4961 2865 5000 ccc
2890 4946 3081 5017 virgine
3105 4949 3334 5018 editum;
3376 4965 3425 5009 et
3466 4974 3626 5028 super

389 5037 645 5106 Spiritum
672 5038 943 5098 Sanctum.
966 5042 1095 5114 Cap.
1112 5042 1205 5099 XI.

327 5125 519 5184 Deinde
544 5147 606 5186 ex
626 5133 857 5188 onmibus
878 5134 1034 5190 simul
1055 5133 1313 5194 {Renibus
1339 5150 1656 5211 compactum
1671 5159 1778 5200 esse
1802 5163 1915 5216 per-

388 5224 573 5293 fectum
608 5220 916 5280 Pleromatis
943 5226 1169 5297 fructum
1191 5227 1391 5296 Iesum,
1418 5247 1569 5300 quens
1594 5243 1640 5288 et
1659 5234 1910 5303 Soterem,

387 5324 437 5367 et
474 5314 726 5370 Christun:
746 5357 762 5383 ,
793 5324 839 5371 et
868 5316 1168 5376 Sermonem
1208 5334 1538 5395 nuncupant;
1577 5336 1625 5382 et
1668 5327 1912 5385 satellites

385 5411 493 5481 ejus
521 5411 750 5483 angelos.
782 5411 911 5484 Cap.
941 5411 1055 5468 XII.

315 5503 479 5573 Atque
506 5504 749 5561 hactenus
787 5506 973 5577 (inquit
1011 5508 1190 5564 ludens
1218 5512 1417 5586 auctor)
1461 5514 1625 5585 prima
1651 5516 1912 5590 tragadita

386 5611 584 5659 scena;
654 5596 760 5652 alia
834 5600 976 5669 jam.
1031 5611 1175 5657 extra
1248 5602 1490 5663 Pleroma
1566 5610 1905 5668 eothurnatia.

381 5687 512 5759 Cap.
552 5688 689 5745 xm.

315 5773 451 5833 Nam
490 5779 860 5852 Eat/tymetia,
912 5800 1016 5841 sive
1037 5788 1148 5855 iam
1178 5804 1304 5847 navo
1331 5801 1379 5847 et
1405 5795 1770 5863 interpretabih'
1806 5813 1904 5854 no-

2088 5033 2226 5088 huuc
2277 5033 2535 5092 devolasse
2582 5035 2815 5095 Soterem
2845 5039 2896 5095 in
2922 5042 3088 5110 specie
3118 5045 3382 5112 columbw,
3410 5065 3625 5121 eumque

2090 5126 2338 5184 mansisse
2363 5128 2416 5185 iu
2451 5129 2653 5187 Christo
2681 5133 3067 5202 impassibilem,
3111 5154 3316 5207 passum
3356 5155 3470 5197 vero
3497 5147 3621 5202 ani-

2087 5225 2271 5280 malem
2297 5222 2575 5281 Christum.
2602 5224 2736 5299 Cap.
2771 5226 2984 5284 XXVII.

2016 5316 2227 5374 Animas
2250 5335 2445 5391 quoque
2470 5320 2702 5376 meliores
2728 5322 2881 5395 allegi
2904 5322 2957 5378 iu
2987 5325 3263 5395 prophetas
3282 5369 3295 5393 ,
3330 5330 3618 5391 sacerdotes

2084 5424 2317 5480 acreges.
2365 5410 2495 5481 Cap.
2525 5409 2763 5468 XXVIII.

2018 5518 2295 5578 Hominum
2349 5540 2475 5604 vero.
2514 5524 2621 5580 tria
2654 5542 2839 5596 genera
2857 5528 2922 5581 ab
2939 5529 3012 5583 eis
3042 5530 3278 5585 constitui
3308 5548 3323 5586 :
3357 5533 3614 5604 choicum,

2083 5615 2322 5675 animale.
2351 5617 2602 5684 spiritale.
2657 5616 2786 5690 Cap.
2844 5619 3035 5674 XXIX.

2015 5705 2521 5780 Spiritalibusautem
2537 5709 2683 5782 (quos
2702 5726 2757 5767 se
2774 5728 2881 5767 esse
2891 5713 3159 5785 jactitant)
3175 5716 3494 5786 Operatiaues
3510 5735 3617 5780 non

2081 5807 2410 5873 necessarias,
2436 5806 2528 5862 sed
2566 5806 2709 5863 nobis
2742 5817 2913 5881 utpote
2955 5808 3207 5881 psychieis
3226 5849 3259 5893 ,Ι
3283 5809 3339 5864 id
3378 5820 3454 5867 est
3497 5816 3616 5869 ani-
