4020 6286
395 318 467 374 57
1428 311 1626 370 LIBER
1668 309 2030 370 ADVERSUS
2068 308 2366 374 VALENTI
2375 313 2640 375 NIANOS.

3276 365 3302 385 ,
3568 313 3670 372 εδδ

439 425 656 482 incilibus
705 425 1032 494 hominibus,
1078 425 1310 498 martyrii
1355 443 1550 500 quoque
1625 427 1968 482 necessitatem
1997 430 2044 488 Λ
2076 429 2336 495 ριιοετιιυιι
2373 433 2458 501 qui
2498 448 2562 484 ea:
2600 440 2745 500 patre
2789 428 2971 501 Bgtho,
3008 439 3052 486 et
3087 429 3284 487 Eurum
3319 440 3500 498 nuttre,
3549 435 3678 487 inte-

437 519 512 572 sic
539 518 818 573 eludentes.
866 517 997 588 Cap.
1060 517 1234 576 XXX.

375 612 446 666 Et
483 628 596 666 vero
626 613 677 667 in
708 614 1136 667 consummatione
1163 613 1238 667 ita
1264 613 1551 684 dispensari
1585 612 1891 676 mercedem,
1919 620 1978 666 ut

443 703 734 758 Achantoth
772 704 838 758 de
877 704 1042 758 medio
1071 704 1299 758 tabulato
1326 705 1381 758 in
1420 703 1661 759 l’leroma
1690 706 1975 774 transfera-

438 807 541 860 tur,
575 807 784 866 excepta
809 815 840 850 a
873 797 1049 850 Sotere
1073 797 1395 868 compactitio
1428 797 1519 852 illo
1555 814 1764 868 sponso.
1790 807 1837 851 et
1871 795 1976 852 De-

439 890 696 958 minrgmn
728 887 790 941 de
811 887 1122 942 hebdomade
1147 904 1242 943 sua
1269 887 1457 943 cmlesti
1479 888 1533 942 in
1564 903 1775 942 uacuum
1799 887 1976 942 matris

439 979 629 1031 locum.
658 977 790 1048 Cap.
817 977 1006 1034 XXXI.

364 1069 417 1123 ll
427 1088 667 1124 numnam
691 1087 804 1126 vero
821 1083 1018 1143 gentem
1031 1074 1083 1128 in
1106 1074 1267 1130 exitus
1289 1074 1414 1130 tales
1434 1075 1620 1129 ituram
1637 1074 1857 1133 :choicte
1870 1074 1977 1146 qui:

439 1166 554 1218 dem
580 1175 623 1218 et
650 1166 928 1220 materialis
952 1177 1088 1222 nota:
1108 1169 1309 1223 animas
1350 1169 1680 1232 interiturus;
1706 1169 1974 1240 psychicu-

437 1277 552 1314 rum
567 1276 679 1315 vero
688 1261 948 1331 justorum
965 1262 1164 1316 animas
1185 1262 1260 1334 (id
1281 1272 1354 1318 est
1375 1262 1598 1334 nostras)
1623 1263 1675 1318 in
1692 1264 1974 1319 medietatis

439 1354 582 1408 illius
644 1356 965 1424 receptacula
1023 1357 1337 1422 transmitti;
1381 1356 1696 1426 spiritalium
1732 1356 1971 1426 denique,

435 1445 666 1513 ipsorum
697 1463 895 1514 nempe,
937 1449 1006 1502 ad
1046 1446 1357 1504 Pleromatis
1397 1448 1644 1519 palatium
1671 1448 1968 1516 traductas,

437 1535 490 1586 in
517 1551 728 1605 sponsas
749 1537 1049 1607 angelorum
1077 1539 1290 1592 assumi.
1323 1537 1456 1609 Cap.
1505 1536 1720 1592 XXXII.

357 1627 439 1680 Ab
477 1626 744 1684 l'alentiuo
773 1647 888 1686 vero
913 1635 964 1684 in
996 1631 1090 1686 hoc
1120 1632 1390 1687 dissentire
1414 1632 1764 1687 emendatores
1787 1630 1970 1688 Ptolo-

434 1721 573 1784 mtvi,
603 1723 737 1791 quod
759 1721 927 1793 Bgtho
951 1724 1080 1778 duas
1106 1723 1358 1795 alfiugant
1387 1727 1648 1806 conjuges,
1694 1705 1972 1796 Cogitatio-

431 1829 549 1868 nem
580 1824 626 1868 et
664 1814 1170 1888 Voluntatem,atqne
1191 1835 1254 1873 ea:
1281 1817 1598 1890 Cogitatioue
1614 1829 1779 1873 ortam
1821 1818 1964 1874 Veri-
1999 1840 2044 1901 Β

436 1917 613 1969 tatem,
637 1924 700 1962 ea:
738 1907 1010 1966 Voluntate
1035 1910 1390 1984 Monogenem.
1422 1911 1552 1984 Cap.
1578 1911 1821 1968 XXXIII.

359 1999 510 2053 Alios
540 2002 691 2054 etiam
713 2003 802 2072 qui
826 2012 914 2056 aut
941 2005 1138 2058 nullum
1185 2023 1359 2060 sexum
1387 2005 1558 2077 Bgtho
1589 2007 1855 2077 deputant,
1878 2017 1969 2062 aut

436 2093 912 2162 hermaphroditnut
962 2098 1174 2166 faciunt.
1214 2097 1343 2170 Cap.
1394 2098 1643 2158 XXXIV.

355 2181 494 2236 Esse
523 2185 638 2238 item
665 2187 755 2257 qui
780 2185 946 2257 Bgtho
978 2204 1078 2242 non
1111 2189 1476 2260 principatum,
1509 2191 1600 2246 sed
1625 2202 1969 2263 postumatum

431 2277 697 2348 defendat,
723 2291 836 2350 post
880 2283 1161 2351 ogtloadem
1189 2286 1408 2354 primaut
1441 2302 1506 2339 ea:
1539 2286 1733 2342 tetrade
1764 2285 1966 2356 quidem

434 2378 482 2421 ct
505 2369 689 2439 ipsam,
718 2371 807 2425 sed
829 2372 944 2429 aliis
965 2374 1250 2431 nominibus
1271 2375 1572 2432 derivatum.
1592 2377 1724 2448 Cap.
1748 2375 1969 2432 XXXV.

2152 540 2296 594 grant
2373 525 2656 595 ogtloatlem

2174 615 2303 687 Cap.
2365 615 2610 674 XXXVI.
3000 683 3001 694 γ

2079 703 2382 762 ltemalium
2431 709 2700 780 quemdam
2739 707 2826 779 qui
2880 707 3142 764 illonoteta
3198 719 3244 763 et
3287 707 3543 764 Heuoteta
3590 725 3678 781 pa-

2150 811 2314 856 rentes
2335 802 2528 873 primos
2558 803 2734 873 faciat,
2759 818 2823 858 ea:
2845 802 3029 873 quibus
3059 801 3243 856 Nonas
3268 812 3314 856 et
3347 801 3503 869 Unio,
3533 813 3578 859 et
3614 820 3678 860 e1:

2149 893 2254 947 illis
2280 893 2502 962 reliquos
2532 892 2759 948 .Eouas.
2785 892 2918 963 Cap.
2949 892 3217 950 XXXVII.

2081 984 2450 1041 Iluntauiorem
2481 986 2694 1058 denique
2719 986 3018 1052 secttudum,
3051 987 3139 1057 qui
3182 987 3405 1042 tetradas
3434 989 3564 1043 duas
3595 989 3672 1044 di.

2149 1081 2322 1136 videns
2359 1081 2410 1134 in
2447 1079 2678 1135 dextram
2721 1087 2769 1133 et
2797 1080 3078 1147 sinistram,
3119 1079 3287 1135 lumen
3329 1093 3375 1138 et
3425 1085 3673 1152 tenebras,

2150 1182 2345 1227 tantum
2377 1171 2694 1244 defectrieein
2713 1173 2856 1228 illam
2883 1173 3138 1240 uirtutem,
3165 1175 3447 1230 Achamoth
3474 1193 3673 1248 nempe,

2149 1267 2254 1320 rult
2283 1281 2386 1320 non
2414 1265 2476 1318 ab
2511 1266 2686 1335 aliquo
2722 1264 2955 1320 Αῖοιιιιιιι
2979 1266 3179 1323 deduci.
3213 1268 3345 1338 Cap.
3379 1269 3671 1327 XXXVIII.

2081 1355 2346 1412 Postremo
2368 1359 2613 1427 majorem
2633 1374 2740 1414 esse
2765 1357 2828 1412 de
2856 1359 2968 1429 ipso
2997 1357 3123 1413 Jesu
3155 1360 3514 1430 diversitatem,
3557 1380 3676 1418 cum

2161 1449 2455 1506 Valentinus
2503 1466 2568 1506 ea:
2610 1451 2836 1505 omnium
2871 1449 3104 1506 Αἰοιιιιιιι
3175 1454 3422 1523 ﬂosculis,
3475 1455 3565 1508 alii
3612 1471 3677 1510 ea:

2147 1545 2271 1599 solis
2296 1544 2488 1603 decem.
2512 1552 2599 1596 attt
2619 1543 2740 1599 solis
2767 1543 3054 1608 duodecim,
3079 1543 3170 1598 alii
3189 1560 3220 1596 a
3248 1545 3450 1600 Christo
3476 1556 3522 1599 et
3546 1546 3676 1618 ερὲιι

2149 1637 2252 1690 ritu
2282 1635 2474 1690 Sancto
2496 1645 2718 1701 tantum,
2743 1635 2834 1688 alii
2863 1635 3072 1689 aliunde
3097 1652 3212 1689 eum
3243 1637 3516 1704 conﬁctam
3543 1654 3674 1693 con.

2149 1729 2376 1783 tendant.
2407 1728 2570 1796 Atque
2588 1727 2659 1781 ita
2683 1727 2943 1782 doctrinas
2982 1727 3453 1784 Valentiniauortun
3490 1731 3543 1786 in
3567 1733 3674 1805 syl-

2142 1838 2230 1877 uas
2251 1823 2354 1890 iam
2384 1821 2656 1877 exolevisse
2686 1819 3061 1878 Cuosticorum.
3092 1821 3225 1894 Cap.
3257 1821 3504 1880 XXXIX.

2757 526 2899 580 illam
2983 541 3086 579 uno
3169 535 3320 595 partu
3394 525 3675 580 exclusam.

2595 2006 2825 2066 CAPUT
2865 2006 3148 2064 PRIMUM.

2073 2192 2110 2263 ζ
2145 2191 2221 2264 (ιι)
2255 2187 2626 2254 Valentiniani,
2662 2188 2742 2258 (1)
2794 2186 3286 2258 frequentissimum
3314 2187 3470 2258 plane
3502 2188 3674 2245 colle-
3709 2210 3735 2263 τ

2073 2286 2218 2357 gium
2246 2286 2385 2340 inter
2412 2283 2717 2348 lneretieos,
2747 2281 2870 2352 quia
2903 2280 2978 2351 (ιδ.)
3011 2280 3294 2351 plurimum
3317 2295 3381 2335 ex
3414 2283 3676 2351 apostatis

2075 2376 2336 2441 veritatis.
2367 2383 2422 2431 et
2464 2373 2530 2430 ad
2578 2373 2785 2431 fabulas
2822 2373 2976 2431 tacite
3004 2383 3106 2439 est,
3162 2381 3217 2429 et
3262 2373 3536 2445 disciplina
3567 2388 3678 2430 non

1613 2493 1994 2552 LECTIONES
2032 2490 2450 2550 VARIANTES.

427 2598 505 2661 (ι)
532 2599 776 2655 Valentini
800 2603 1062 2670 collegium
1083 2607 1256 2671 ('rojus
1275 2607 1327 2660 in
1351 2607 1499 2662 Grab.
1523 2609 1676 2661 Frau.

2139 2609 2211 2676 (ἢ)
2235 2607 2326 2669 Qui
2353 2604 2548 2669 Oberth.
2569 2603 2717 2666 solus,
2742 2603 2907 2672 forsan
2924 2602 3210 2670 typograph.
3237 2603 3398 2670 lapsu.

1724 2716 2288 2775 COMMENTARIUS.

369 2898 382 2910 .
439 2827 609 2910 CAP.
627 2827 822 2910 I.:——(a)
851 2831 1092 2910 A_prima
1116 2831 1272 2910 bnjns
1292 2834 1480 2910 capiﬁs
1501 2835 1673 2910 fronte
1687 2845 1978 2910 occurrunt

371 2901 820 2973 intricatissima',
874 2901 1078 2973 siqua:
1119 2901 1372 2971 fuerunt,
1413 2905 1728 2961 Tertulliani
1771 2907 1968 2972 verba,

371 2970 544 3050 nndta
577 2972 880 3050 adhucdmn
924 2970 1169 3050 respersa
1206 2970 1451 3046 Caligittc,
1479 2979 1686 3050 crebris
1718 2978 1839 3034 licet
1865 2970 1968 3033 do;

369 3043 740 3114 t-tissitnorum
772 3043 1648 3104 virorunfillusirata‘commentis
1673 3094 1686 3114 ,
1715 3050 1965 3106 innume-

374 3113 560 3180 risque
593 3113 878 3170 lectionum
919 3117 1183 3172 variarum
1232 3119 1613 3175 teutaminibus
1657 3113 1961 3177 eritendata.

372 3184 606 3238 Textum
630 3187 883 3260 equidem
914 3189 1174 3260 resarcire
1195 3205 1255 3243 ac.
1272 3205 1465 3246 sanare
1487 3205 1690 3258 smnus,
1721 3202 1779 3246 nt
1803 3195 1964 3260 potui-

376 3272 522 3331 tnus,
554 3259 716 3331 enixi,
741 3275 807 3331 ex
843 3261 1051 3331 collatis
1077 3259 1315 3315 llltenani
1339 3302 1353 3326 ,
1385 3261 1682 3331 Scaligerii,
1717 3259 1966 3331 Pamelii,

376 3327 708 3400 tiasattbiitii,
735 3330 959 3394 Petavii,
980 3330 1226 3386 Salmasii
1253 3373 1268 3396 ,
1305 3327 1551 3400 Iligaltii,
1569 3332 1778 3391 Priorii.
1803 3327 1965 3400 Junii,

379 3397 596 3471 Iiatiuii,
641 3399 1031 3470 Franequaua‘,
1073 3402 1348 3469 I-‘at'isina',
1376 3397 1630 3465 Venetae.
1683 3397 1967 3471 llallensis,

380 3469 819 3539 \Viceburgensis
840 3469 1141 3528 editionum
1176 3474 1514 3538 recensione,
1546 3489 1754 3529 necnon
1784 3485 1840 3529 et
1889 3469 1968 3531 usi

375 3556 568 3615 silanus
616 3542 815 3615 duplici
865 3544 1199 3600 correctione
1238 3561 1374 3615 quas
1409 3545 1516 3600 CL.
1549 3545 1645 3600 viri
1679 3545 1892 3602 Labeck
1919 3557 1974 3612 et

376 3613 608 3681 Segnier
628 3614 694 3669 de
720 3615 1111 3687 Saint-Brissou
1144 3613 1522 3682 inseruerunt,
1552 3617 1642 3687 ille
1671 3617 1884 3687 quidem
1919 3619 1970 3674 itt

377 3699 485 3766 suo
519 3687 770 3751 ιιι·;ο‹·1ειι·ο
793 3686 1253 3766 Aglaopbanto,_t.
1294 3689 1342 3747 l.
1498 3689 1550 3752 I,
1580 3686 1607 3757 ς
1639 3686 1701 3752 V,
1737 3687 1824 3766 llic
1847 3705 1973 3743 veto

383 3758 438 3806 in
471 3770 633 3824 opere
663 3758 897 3821 recenti,
930 3767 1012 3811 sat
1057 3759 1238 3825 paucis
1280 3759 1504 3814 eruditis
1550 3769 1706 3819 noto,
1736 3760 1820 3814 cui
1852 3762 1976 3815 titti-

381 3826 467 3902 lus
503 3826 692 3902 :Essai
715 3845 809 3902 sur
849 3828 895 3881 le
919 3829 1300 3902 rpolythéisme,
1342 3839 1380 3884 ι.
1415 3829 1480 3894 Il,
1515 3845 1568 3900 p.
1602 3830 1704 3886 105
1734 3839 1788 3885 et
1819 3845 1971 3902 Seqq.

381 3899 700 3972 Atomissa,
731 3900 812 3954 vel
847 3901 1040 3972 saltem
1081 3899 1303 3956 inferius
1343 3899 1588 3972 remissa,
1622 3911 1800 3956 textus
1815 3899 1973 3972 qun-iu

380 3968 1138 4042 exbilmimusiindagatione,
1197 3980 1251 4024 et
1301 3971 1504 4026 seclusa
1555 3973 1714 4028 nimia
1766 3968 1975 4029 inolesti

381 4041 756 4110 cmmnenlarii
790 4041 950 4106 mole,
983 4041 1137 4096 nobis
1168 4043 1338 4098 visum
1367 4053 1447 4096 est
1491 4059 1646 4110 quam
1680 4044 1838 4098 citius
1869 4044 1976 4100 fes-

381 4109 662 4185 tinandum
694 4112 761 4166 ad
785 4109 1763 4185 planiorem,sanioremqueSeptimii
1797 4116 1848 4170 in
1877 4116 1979 4171 hoc

385 4183 660 4257 promtum
691 4199 906 4257 sensum
939 4185 1173 4240 breviter
1198 4183 1607 4254 exponendum,
1637 4201 1796 4256 quem
1819 4204 1980 4257 porro

379 4253 463 4308 sic
491 4268 547 4308 se
581 4253 775 4309 habere
803 4256 1158 4310 arbitramur:

465 4342 485 4376 ι
533 4323 874 4398 Valentiniani
915 4329 1164 4398 (quorum
1207 4325 1665 4398 frequentissimum
1693 4327 1845 4394 plane
1885 4326 1978 4383 de-

387 4397 477 4449 bet
499 4411 620 4450 esse
641 4397 906 4468 collegium
927 4397 1058 4451 inter
1075 4397 1359 4463 htereticos,
1387 4408 1496 4451 tum
1514 4398 1634 4461 quia
1653 4399 1874 4466 plurima
1899 4415 1985 4454 rc-

389 4468 549 4540 tinuit
577 4469 798 4540 ejuratze
824 4468 942 4524 ﬁdei
973 4469 1242 4539 dogmata,
1269 4478 1380 4523 tum
1403 4469 1526 4539 quia
1539 4468 1608 4520 ad
1628 4468 1873 4538 vulgares
1899 4472 1976 4540 fa—

2079 2834 2204 2889 ditis
2249 2835 2416 2890 sacris
2452 2836 2766 2905 majestatem
2812 2835 3045 2888 exhibere
3087 2834 3353 2887 videantur
3395 2848 3458 2888 ac
3509 2845 3678 2903 σομνὸ-

2077 2930 2221 2971 rma,
2251 2914 2490 2973 quantam
2518 2915 2916 2975 priestrnxerunt
2937 2905 3288 2976 cupiditatem,
3329 2906 3676 2974 animumque

2073 2977 2138 3031 ad
2165 2993 2350 3046 magna
2383 2973 2666 3032 ominanda
2714 2973 3022 3030 eri-xerunt.
3053 2975 3134 3031 Ad
3165 2973 3278 3028 luec
3304 2976 3529 3044 sequitur
3567 2977 3674 3039 iant

2071 3045 2266 3103 silentii
2304 3048 2385 3102 lex
2441 3057 2496 3101 et
2554 3048 2818 3118 officium;
2867 3047 3073 3100 mltente
3100 3047 3300 3118 quippe
3367 3045 3668 3118 custoditur,

1992 3141 2037 3204 ρ
2069 3119 2392 3204 τιξςοςιοιανάςε
2426 3116 2697 3204 inuenitur.
2741 3116 2990 3204 Ctetcrum
3043 3127 3145 3204 tota
3183 3116 3360 3204 abdita
3389 3117 3457 3204 Διιι
3505 3119 3675 3204 adytis

2075 3191 2332 3252 divinitas,
2367 3199 2436 3245 tot
2471 3191 2663 3252 sipario
2695 3200 2956 3258 portarum
2982 3190 3138 3242 valvis
3167 3188 3317 3258 a/ﬁxa
3337 3226 3352 3250 ,
3382 3197 3541 3241 totum
3573 3189 3675 3245 hoc

2075 3261 2268 3314 secreti
2301 3261 2618 3332 signaculum
2647 3260 2839 3329 lingula
2883 3260 3201 3332 impresslnn
3229 3302 3243 3332 ,
3278 3258 3327 3332 in
3359 3261 3528 3330 turpia
3564 3260 3670 3332 de-

2074 3333 2230 3396 sinit,
2264 3345 2316 3386 et
2349 3329 2722 3386 consummata
2760 3341 2864 3385 tam
2892 3329 3102 3386 morosa
3126 3330 3440 3392 initiatione,
3473 3329 3671 3385 t'mdnm

2076 3402 2358 3464 duntaxat,
2391 3403 2521 3472 prob
2555 3402 2758 3472 pudor!
2789 3403 3119 3457 simulacrum
3167 3402 3374 3455 membri
3405 3402 3566 3472 virilis
3591 3417 3673 3455 re-

2075 3475 2289 3528 velatur.
2320 3471 2425 3529 Sed
2449 3471 2646 3528 natura:
2664 3473 3000 3529 venerandum
3031 3489 3209 3526 nomen
3243 3487 3350 3539 pra:
3379 3487 3436 3526 sc
3469 3471 3669 3538 ferens,

2079 3545 2361 3614 inaniaque
2385 3554 2687 3600 commenta
2714 3545 2987 3616 allegorica
3011 3545 3242 3616 turpium
3259 3542 3672 3616 I'alullarumdis-

2079 3618 2261 3684 positio
2283 3616 2618 3685 prcetendens,
2645 3614 2855 3671 favente
2873 3615 3155 3686 patrocinio
3174 3623 3363 3686 coartet:
3377 3623 3426 3669 et
3453 3614 3672 3686 insulsae

2079 3689 2288 3757 ﬁgurae,
2321 3688 2644 3757 sacrilegium
2693 3685 2924 3742 obscurat
2949 3727 2962 3750 ,
2995 3685 3577 3757 imminuit.repudiat,
3621 3695 3670 3740 et

2077 3754 2356 3830 convicium
2397 3754 2520 3830 falsi
2563 3758 2795 3827 laedique
2827 3756 3062 3826 ﬁgmenti
3111 3754 3449 3811 manufestum
3489 3768 3675 3814 cuicu-

2081 3829 2190 3884 titis
2221 3829 2517 3884 istiusmodi
2547 3830 2832 3884 simulacris
2852 3838 3077 3884 excusat.

2150 3899 2353 3968 Quibus
2380 3913 2777 3971 παραρραπικῶς
2795 3899 3072 3968 expositis,
3092 3899 3229 3954 baud
3253 3898 3503 3971 exiguum
3537 3913 3673 3965 opus

2081 3967 2236 4025 nobis
2285 3967 2590 4026 iucuniluérc
2670 3967 2956 4033 videretur,
3002 3985 3192 4038 nempe
3238 3979 3290 4022 ut
3335 3969 3418 4024 illa
3461 3967 3672 4024 Tertul-

2083 4043 2205 4096 liani
2229 4043 2387 4097 verba
2434 4042 2699 4107 sigillatim
2719 4051 3226 4104 comtnentaremur,
3247 4040 3360 4093 sive
3378 4039 3668 4110 genuinam

2085 4113 2284 4167 tuendo
2311 4113 2683 4166 anetoritatem
2721 4124 2918 4180 textus,
2947 4128 3102 4182 quem
3145 4124 3257 4182 p08!
3294 4119 3374 4164 tot
3417 4112 3674 4182 emcnda-

2085 4185 2261 4239 tioncs
2303 4185 2465 4238 cdere
2513 4184 2624 4238 ausi
2667 4199 2886 4243 smnus.
2921 4181 3033 4238 sive
3071 4181 3170 4235 line
3203 4181 3520 4252 primarium
3547 4197 3670 4238 cum

2083 4257 2294 4310 caeteris
2339 4255 2577 4324 ejusdem
2629 4256 2924 4326 argumenti
2959 4251 3277 4310 tesﬁmouiis
3319 4251 3668 4326 conferendo,

2086 4328 2358 4394 multaque
2411 4326 2534 4381 inde
2583 4326 2649 4381 ad
2703 4325 2912 4384 veteres
2981 4326 3267 4394 religiones
3328 4325 3672 4394 explicandas

2087 4395 2324 4452 eruenda
2345 4395 2683 4452 documenta.
2704 4397 2836 4455 llinc
2853 4397 3001 4452 facile
3029 4399 3214 4464 ingens
3237 4403 3548 4462 exsurgeret
3563 4395 3674 4449 dis-

2089 4467 2310 4523 sertatio
2345 4468 2414 4522 de
2434 4470 2774 4538 ssupesa'pius
2826 4471 2970 4531 trita.
3004 4467 3186 4521 densis
3211 4467 3334 4521 licet
3365 4465 3672 4538 etiamnunc

387 4539 533 4592 bulas
564 4538 715 4606 facile
743 4536 1073 4610 pronumque
1102 4549 1195 4604 est,
1226 4550 1336 4594 tum
1362 4536 1484 4610 quia
1530 4536 1788 4608 aSperiori
1817 4536 1974 4594 disci-
2001 4536 2056 4596 D
2082 4539 2318 4594 tenebris
2343 4536 2535 4605 obsita,
2561 4536 2934 4610 mysteriorum
2956 4538 3348 4610 Eleusiniorum
3366 4536 3668 4610 disciplina,

389 4611 530 4683 plina
557 4627 655 4664 non
685 4611 1006 4683 deterretur),
1025 4612 1153 4666 nihil
1175 4611 1335 4682 ntagis
1354 4619 1535 4683 curant
1551 4627 1703 4679 quam
1724 4611 1980 4667 occultare

386 4681 523 4746 quod
551 4681 848 4750 praedicant.
893 4683 936 4736 si
957 4681 1120 4737 tamen
1165 4683 1201 4736 ii
1245 4681 1525 4751 praedicant
1559 4691 1650 4736 ant
1687 4682 1980 4751 praedicare

389 4753 494 4805 dici
523 4762 768 4820 queunt,
805 4754 891 4822 qui
935 4753 1208 4808 occultant.
1245 4751 1308 4807 In
1341 4753 1405 4807 iis
1449 4751 1592 4808 enim
1617 4793 1635 4818 ,
1689 4754 1976 4809 sollicitum

389 4838 602 4878 arcanae
629 4826 877 4878 custodia:
909 4825 1161 4894 ofﬁcium,
1198 4826 1390 4880 merito
1419 4823 1722 4894 habendum
1752 4833 1825 4877 est
1857 4841 1978 4878 con-

387 4895 611 4948 scientia:
635 4895 774 4949 uiale
812 4893 955 4950 sanae
979 4895 1208 4966 ofﬁcium
1233 4909 1326 4950 seu
1362 4895 1638 4966 indicium.
1673 4893 1739 4949 Et
1768 4911 1976 4951 IIIOI'IIIII

391 4967 626 5034 turpium
650 4966 884 5038 confusio
904 4965 1231 5036 prtrdicatur.
1261 4967 1381 5038 dum
1403 4966 1470 5022 ab
1491 4965 1553 5021 iis
1569 4966 1748 5038 religio
1765 4966 1975 5020 adseve-

389 5049 535 5107 ratnr
582 5035 662 5090 vel
689 5040 1004 5107 adseruatur.
1033 5038 1146 5093 sive
1174 5036 1504 5107 proferatur,
1555 5035 1681 5092 sive'
1713 5047 1972 5093 taceatur.

393 5105 534 5181 Nam
571 5118 621 5160 et
662 5109 820 5181 inter
843 5106 934 5161 illa
970 5105 1212 5162 eleusinia
1246 5123 1397 5181 sacra
1433 5108 1573 5181 (quae
1613 5109 1819 5181 [tmesis
1853 5117 1978 5163 sunt

392 5189 439 5232 et
482 5179 593 5247 ipsa
620 5194 683 5233 ex
727 5179 898 5234 attica:
926 5179 1299 5252 superstitionis
1345 5177 1490 5235 fonte
1523 5177 1812 5252 derivata),
1841 5181 1980 5245 quod

394 5260 560 5303 tacent
588 5261 800 5320 epoptze
854 5267 948 5304 seu
978 5252 1145 5306 sacris
1171 5250 1384 5313 initiati,
1427 5251 1592 5319 pudor
1637 5260 1728 5306 est.
1772 5250 1977 5306 Idcirco

391 5321 612 5386 aditum,
655 5322 704 5375 id
732 5331 814 5375 est
848 5321 1104 5377 adeuntes
1139 5322 1252 5376 sive
1290 5321 1578 5388 discentes,
1605 5336 1700 5391 per
1727 5324 1830 5376 aml
1852 5337 1980 5392 ages

395 5401 451 5447 et
473 5393 840 5463 experimenta
871 5394 1096 5448 cruciant
1117 5402 1170 5448 et
1196 5408 1331 5462 pene
1358 5401 1617 5463 enecant;
1649 5392 1767 5446 hinc
1786 5394 1977 5447 diutius

394 5462 595 5518 initiant
624 5479 778 5536 quam
808 5464 1139 5536 consignant,
1181 5464 1296 5536 plus
1326 5462 1593 5536 temporis
1609 5474 1894 5536 conterunt
1924 5463 1978 5518 in

396 5533 745 5606 pravparanda
794 5533 964 5606 quani
1005 5536 1057 5591 iu
1114 5533 1449 5605 perﬁcienda
1483 5533 1811 5599 initiatione;
1863 5550 1980 5588 cum

393 5605 441 5663 et
490 5616 612 5661 ante
639 5615 815 5676 portas
859 5607 924 5659 ad
973 5606 1301 5676 probandum
1343 5621 1439 5660 eos
1473 5607 1564 5728 qui
1614 5616 1825 5676 epoptze
1866 5605 1983 5660 lieri

393 5680 614 5728 cuniimt
641 5719 655 5728 .
696 5678 1093 5728 auinauennium
1119 5678 1421 5728 instituunt:
1452 5676 1482 5728 it
1505 5692 1572 5728 eo
1605 5687 1658 5728 ut
1710 5679 1979 5728 iuuentem

392 5680 614 5747 cupiunt
641 5719 655 5742 ,
696 5678 1093 5748 quinquennium
1119 5678 1421 5742 instituunt;
1452 5676 1572 5748 ideo
1605 5687 1658 5729 ut
1710 5679 1979 5748 ingentem

393 5750 709 5819 Opinionem,
740 5749 951 5803 lavente
979 5750 1232 5804 diuturno
1255 5747 1530 5819 suspendio
1555 5761 1770 5802 arcana:
1791 5747 1979 5819 cogni-

392 5817 568 5892 tionis,
600 5818 883 5879 adstruant
901 5831 952 5876 ct
967 5821 1253 5894 (ediﬁcent;
1278 5817 1431 5891 mgna
1456 5819 1531 5875 ita
1559 5827 1753 5876 tantam
1786 5818 1840 5874 in
1862 5817 1981 5876 ιιι)-

2083 4626 2266 4680 quam,
2299 4619 2483 4680 utpote
2510 4611 2578 4666 ab
2608 4608 2728 4666 aliis
2757 4612 2893 4666 bene
2942 4611 3122 4666 multis
3159 4621 3213 4664 et
3243 4608 3400 4678 longe
3427 4609 3672 4680 doctrina

2085 4679 2562 4754 pra-stantiOribus
2615 4683 3001 4754 propemodmn
3026 4753 3030 4754 ί
3053 4681 3367 4754 exhaustam
3420 4679 3672 4754 omittere

2081 4750 2249 4808 Satius
2288 4763 2389 4808 est.
2439 4750 2652 4809 Duobus
2697 4750 2901 4809 tantum
2951 4753 3187 4808 tribusve
3227 4750 3394 4823 hujus
3421 4752 3669 4823 praemii

2083 4825 2294 4894 punctis
2332 4825 2538 4895 aliquid
2591 4826 2722 4880 lucis
2744 4824 3052 4886 all‘ercnms.
3109 4821 3394 4895 nonnullas
3443 4821 3671 4878 subinde

2083 4893 2351 4951 variorum
2383 4893 2526 4952 lictis
2570 4897 2944 4952 adnotatioues
2969 4893 3368 4950 sulmectendas
3394 4901 3666 4949 curantes.

2082 4968 2212 5034 Qua:
2239 4967 2283 5022 si
2317 4967 2537 5038 uberius
2563 4978 2619 5022 et
2662 4978 2912 5038 tanqua_m
2937 4983 3001 5022 ex
3032 4964 3666 5038 professo‘tractaricu;

2081 5033 2216 5108 pias,
2247 5038 2445 5094 videsis
2474 5033 2818 5102 Warburton,
2839 5036 2917 5090 De
2943 5033 3044 5091 div.
3069 5039 3220 5107 legat.
3247 5033 3669 5108 Mogsis,_lib._I!,

2080 5103 2210 5164 sect.
2232 5109 2320 5171 IV;
2351 5109 2572 5166 Michael
2596 5109 2777 5166 Maier.
2800 5108 3033 5178 Symbol.
3053 5103 3220 5178 aureis
3241 5103 3447 5178 mensas,
3466 5105 3554 5160 lib.
3579 5103 3670 5178 I_|_l,

2081 5189 2136 5252 et
2161 5181 2222 5252 in
2241 5179 2578 5252 llieroglyph.
2609 5181 2698 5235 lib.
2721 5179 2808 5241 IV;
2831 5175 3098 5252 “ussing,
3135 5177 3500 5252 Memnouiuut,
3523 5185 3564 5230 t.
3593 5175 3670 5252 Il;

2081 5246 2794 5332 IIartbalanti,'duachars...
2835 5246 3186 5332 ιλγλιιῃυε
3215 5247 3407 5332 Iinigt,
3455 5246 3672 5332 Ltt‘tlt't'lI-‘y

2082 5323 2189 5375 into
2242 5323 2332 5392 the
2368 5316 2530 5392 sgmb.
2567 5322 2713 5390 lang.
2753 5323 2806 5375 in
2848 5319 3028 5392 Diurio
3063 5316 3346 5392 Classica;
3374 5316 3547 5392 t._XX
3563 5316 3674 5392 Vl;

2083 5391 2362 5460 Ouvaroll‘,
2394 5386 2548 5448 Εσεηὶ
2584 5386 2675 5446 sur
2711 5390 3053 5462 lesmgsteres
3092 5386 3672 5462 d‘Eleusis;__Lobeck,

2083 5458 2465 5534 Agl00phantus
2511 5465 2614 5534 sive
2653 5458 3068 5534 deﬂTheologiar
3099 5460 3342 5534 mysticcc
3378 5458 3674 5534 Griecorunt

2083 5530 2269 5596 criusis',
2301 5535 2390 5588 lib.
2421 5534 2472 5598 I;
2504 5533 2912 5600 Sainte-Croix,
2947 5530 3259 5588 lleclterches
3290 5530 3468 5584 histor.
3499 5539 3544 5584 et
3577 5531 3679 5585 cri-

2085 5606 2174 5675 tiqi.
2205 5621 2295 5657 sur
2325 5610 2395 5659 les
2435 5615 2586 5675 mysi.
2617 5605 2685 5658 du
2723 5621 2950 5675 pagum,
2978 5601 3488 5675 άειιπίριιιε-έιιὶιιιιιί
3516 5601 3679 5675 Sacg,

2085 5686 2124 5730 t.
2147 5674 2189 5736 Ι,
2217 5676 2272 5740 3,
2305 5676 2408 5740 4,5
2429 5670 2575 5741 sect;
2607 5670 2996 5740 Villbisim,.De
3025 5672 3212 5742 triplici
3237 5670 3683 5742 Tlteol.;Seguiet'

2086 5748 2155 5822 (Ic
2184 5740 2579 5822 Saint-Brisson
2597 5786 2613 5811 ,
2647 5745 2794 5822 Essai
2814 5762 2903 5822 sur
2932 5747 2978 5799 le
3004 5740 3422 5822 Paittltéisiite,_t.
3445 5740 3595 5822 ||,_.p.
3622 5742 3678 5799 3.

2085 5818 2318 5878 Textqu
2363 5833 2491 5879 vero
2537 5817 2848 5875 Tertulliani
2889 5814 3247 5875 emendat-ero
3288 5812 3384 5868 alii
3428 5811 3679 5870 codicum
