4020 6286
44 448 153 513 ,τινι
162 460 270 511 ,σαι

340 325 446 383 6ιὸ

1382 319 1588 376 LIBER
1626 318 1989 378 ADVERSUS
2033 319 2603 380 VALENTINIANOS.

3552 328 3660 386 5l6

344 442 561 513 poterit,
588 448 643 497 et
666 439 979 506 ostendere;
1014 437 1286 510 prudentia
1328 437 1441 493 sola
1468 446 1751 493 concutere
1779 437 1951 508 potius
1977 439 2025 499 Α
2056 441 2246 492 merito
2294 439 2663 494 tantummodo
2698 439 3009 509 prudentes,
3052 441 3142 509 qui
3184 442 3306 497 talia
3352 456 3527 513 neque
3580 441 3662 497 fa-

343 544 398 592 et
428 535 678 607 prodere.

464 686 471 689 _
967 625 1190 683 CAPUT
1221 625 1311 681 111.

415 719 727 777 Abscondat
757 720 938 790 itaque
962 735 1022 775 se
1064 734 1285 789 serpens
1326 727 1578 788 quantum
1637 726 1830 788 potest,
1866 726 1951 773 to-

343 822 563 883 tamque
620 812 957 884 prudentiam
1001 812 1051 865 in
1110 810 1432 867 latebrarum
1482 810 1792 881 ambagibus
1843 819 1952 865 tor-

342 913 522 977 queat,
551 905 660 960 alte
679 904 881 961 habitet
900 947 913 967 ,
942 906 992 958 iu
1015 919 1154 959 caeca
1192 903 1528 967 detrudatur,
1561 919 1654 973 per
1682 904 1951 958 anfractus

341 998 540 1054 seriem
592 1012 744 1053 suam
795 999 1024 1062 evolvat,
1059 1006 1297 1053 tortuose
1329 997 1600 1067 procedat,
1636 1012 1737 1053 nec
1783 997 1950 1053 semel

343 1098 509 1156 totus,
538 1089 767 1171 lucifuga
799 1089 987 1145 bestia.
1021 1088 1225 1144 Nostrm
1260 1088 1520 1144 columba:
1550 1087 1629 1161 (l)
1659 1091 1818 1145 etiam
1847 1088 1947 1145 do-

342 1196 464 1237 mus
494 1182 743 1251 simplex,
770 1180 820 1235 in
849 1179 1007 1235 editis
1027 1195 1242 1247 semper
1270 1188 1324 1234 et
1347 1182 1546 1248 apertis
1573 1189 1629 1234 et
1648 1179 1714 1236 ad
1751 1182 1949 1236 lucem.

340 1276 500 1329 Amat
551 1274 718 1344 ﬁgura
749 1271 828 1346 (2)
874 1272 1106 1341 Spiritus
1144 1272 1327 1327 Sancti
1374 1272 1649 1327 Orientem
1702 1270 1780 1345 (υ)
1828 1270 1948 1345 (5),

340 1363 540 1420 Christi
574 1365 821 1435 figuram.
876 1363 1013 1417 Nihil
1060 1363 1258 1418 veritas
1298 1364 1583 1426 erubescit,
1619 1365 1717 1417 nisi
1746 1365 1950 1419 solum-

340 1458 505 1513 modo
532 1448 787 1511 abscondi
816 1475 829 1510 :
856 1458 979 1525 quia
1012 1471 1110 1511 nec
1128 1454 1346 1526 pudebit
1391 1455 1536 1510 illum
1565 1471 1722 1511 aures
1759 1458 1805 1511 ei
1851 1458 1949 1512 de-

340 1551 492 1613 dere,
517 1565 640 1604 cum
674 1549 840 1603 Deum
872 1563 1281 1615 recognoscere,
1322 1564 1481 1617 quem
1526 1549 1634 1616 jam
1665 1550 1735 1602 illi
1764 1558 1948 1603 natura

339 1644 631 1706 commisit,
676 1659 834 1711 quem
869 1640 1103 1711 quotidie
1131 1643 1183 1696 in
1214 1642 1470 1712 operibus
1494 1643 1745 1697 onmilms
1767 1639 1947 1709 sentit,

340 1736 446 1792 hoc
468 1739 585 1793 solo
608 1736 787 1792 minus
816 1746 1018 1796 notum,
1042 1736 1183 1807 quod
1200 1736 1414 1791 unicum
1439 1752 1542 1791 non
1567 1739 1789 1807 putavit,
1809 1739 1948 1809 quod

2053 528 2158 584 cile
2212 529 2534 599 producunt,
2590 545 2763 602 neque
2816 543 3005 590 exerte
3051 533 3369 598 defendunt,
3416 536 3511 590 sed
3562 549 3664 591 nec

2052 609 2243 677 omnes
2263 637 2397 691 quos
2425 622 2672 690 edocent,
2706 625 3027 695 perdocent;
3054 628 3237 698 utique
3257 637 3453 691 astute,
3477 635 3537 683 ut
3568 644 3666 700 pu-

2054 713 2532 772 dendazcaiterum
2565 717 2874 787 inhumane,
2904 720 2947 774 si
2983 721 3204 776 honesta
3244 721 3307 777 Et
3330 731 3507 779 tamen
3535 726 3665 778 sim-

2056 807 2221 877 plices
2266 824 2366 865 nos
2406 807 2508 883 (7),
2566 813 2739 866 omnia
2790 813 3010 869 scimus.
3070 814 3308 885 Denique
3365 815 3507 871 hunc
3551 817 3664 887 pri-

2056 915 2200 954 mum
2249 915 2482 957 cuneum
2510 904 2907 972 congressionis
2939 906 3290 973 armavimus,
3335 906 3664 963 delectarent

2056 1003 2109 1047 et
2136 992 2531 1063 designatorem
2560 996 2722 1049 tutius
2751 997 3093 1052 ceuscientim
3123 998 3358 1066 illorum,
3404 1001 3667 1069 primam-

2054 1100 2159 1156 que
2182 1084 2325 1141 hanc
2356 1085 2631 1142 victoriam
2661 1084 2740 1160 (8)
2772 1089 3111 1159 auspieamur
3137 1108 3150 1144 :
3177 1090 3301 1160 quia
3322 1088 3467 1163 quod
3518 1099 3666 1147 tanto

2056 1177 2326 1248 impendio
2337 1178 2706 1246 absconditur,
2722 1189 2770 1235 et
2781 1180 2884 1236 iam
2898 1181 3241 1238 solummodo
3253 1182 3631 1241 demonstrare
3646 1223 3664 1253 ,

2056 1268 2333 1326 destruere
2362 1279 2463 1326 est.

2684 1365 2915 1421 CAPUT
2955 1364 3041 1420 IV.

2129 1460 2404 1518 Novimus.
2439 1462 2678 1531 inquam,
2725 1464 2927 1529 optime
2980 1462 3246 1529 originem
3277 1478 3489 1535 quoque
3518 1465 3665 1532 ipso-

2058 1568 2195 1615 l'lllll,
2226 1563 2281 1606 et
2329 1554 2530 1606 scimus
2580 1551 2678 1625 (it),
2723 1568 2821 1606 cur
2863 1553 3264 1609 \‘alcutinianos
3310 1557 3664 1626 appellemus,

2056 1642 2177 1698 licet
2229 1659 2333 1697 non
2388 1644 2830 1699 essc'videantur.
2865 1644 3256 1698 Abseessernut
3294 1647 3436 1701 enim
3466 1662 3494 1699 a
3536 1662 3714 1728 ρυη.ν

2056 1736 2253 1801 ditore,
2292 1735 2386 1789 sed
2434 1736 2656 1790 minime
2687 1736 2837 1805 origo
2861 1736 3098 1798 deletur;
3122 1746 3178 1792 et
3207 1736 3252 1791 si
3284 1736 3422 1794 forte
3451 1748 3664 1794 mutau-

340 1832 394 1886 in
448 1844 674 1885 numero
719 1829 1016 1884 nominavit
1070 1828 1171 1901 (4),
1223 1827 1366 1899 quod
1435 1828 1487 1882 in
1530 1830 1650 1884 aliis
1689 1832 1952 1888 adoravit.
1985 1836 2032 1898 Β
2063 1837 2166 1894 tur,
2198 1828 2411 1882 testatio
2440 1838 2524 1882 est
2573 1828 2685 1897 ipsa
2727 1828 2972 1882 mutatio.
3022 1827 3338 1898 Speraverat
3388 1833 3667 1902 episcopa-

341 1923 589 1995 Alioqnin
609 1939 637 1977 a
664 1923 816 1978 turba
839 1937 1027 2000 eorum
1058 1932 1110 1978 et
1135 1921 1293 1976 aliam
1320 1921 1673 1991 frequentiam
1701 1924 1947 1993 suadere,

339 2030 371 2070 a
393 2014 694 2070 domestico
724 2015 1027 2086 principatu
1056 2016 1122 2066 ad
1152 2014 1479 2084 incognitum
1509 2023 1892 2084 lransmovere,
1919 2034 1947 2071 a

340 2103 627 2161 manifesto
681 2106 748 2159 ad
807 2105 1072 2161 occultum
1128 2114 1481 2176 retorquere,
1536 2106 1606 2162 de
1653 2107 1837 2163 limine
1883 2109 1949 2163 ti-

340 2196 462 2252 dem
492 2195 902 2270 (5)0fl'endere
935 2206 1036 2251 est.
1067 2196 1184 2252 Jam
1219 2195 1272 2251 'si
1305 2205 1360 2252 et
1400 2196 1453 2252 in
1500 2207 1663 2253 totam
1716 2199 1947 2255 fabulam

340 2286 604 2354 initietnr,
635 2303 815 2343 nonne
844 2289 947 2344 tale
972 2288 1165 2360 aliquid
1194 2288 1408 2344 dabitur
1436 2297 1485 2344 te
1514 2289 1564 2343 in
1615 2288 1834 2346 infantia
1869 2293 1947 2345 in-

343 2391 426 2437 ter
446 2382 620 2436 somni
650 2381 992 2438 difﬁcultates
1018 2398 1047 2436 a
1071 2382 1337 2437 nutricula
1363 2381 1601 2448 audisse,
1625 2383 1822 2438 Lamiae
1842 2393 1951 2440 tur-

344 2488 434 2529 res
459 2471 552 2547 (b),
585 2484 637 2529 et
669 2475 905 2545 pectines
932 2476 1100 2530 solis?
1130 2474 1234 2531 Sed
1258 2476 1346 2547 qui
1380 2491 1445 2530 ex
1488 2476 1591 2531 alia
1622 2479 1949 2535 conscientia

342 2570 549 2625 venerit
579 2568 723 2632 fidei,
755 2569 802 2624 si
828 2570 1006 2624 Statim
1049 2570 1287 2626 inveniat
1311 2577 1388 2624 tot
1410 2570 1624 2625 nomina
1672 2569 1906 2626 Atlotmm
1932 2615 1948 2639 ,

347 2660 712 2736 totconjugia,
735 2670 812 2715 tot
837 2661 1105 2732 genimiua
1147 2660 1249 2733 (6),
1287 2662 1583 2733 totexitus,
1616 2671 1949 2732 toteveutns,

344 2755 652 2821 felicitates,
682 2754 1043 2819 iufelicitates,
1091 2756 1348 2825 dispersa:
1376 2766 1538 2826 atque
1558 2758 1789 2813 concisa:
1819 2757 1955 2814 divi-

344 2849 559 2913 uitatis,
607 2848 943 2905 diihitabitne
986 2848 1182 2905 ibidem
1217 2850 1567 2918 pronuntiare
1598 2848 1669 2924 (ρ)
1702 2852 1798 2906 has
1835 2868 1955 2909 esse

343 2940 552 2996 fabulas
579 2949 635 2996 et
657 2941 998 3012 genealogias
1025 2940 1485 3005 iudeterminatas,
1529 2959 1662 3014 quas
1712 2946 1954 3016 Apostoli

344 3032 587 3103 spiritus,
622 3032 702 3087 bis
718 3032 832 3103 jam
861 3042 988 3087 tunc
1018 3033 1404 3102 pullulantibus
1442 3035 1740 3091 seminibus
1784 3037 1956 3093 inere-

344 3122 487 3192 ticis,
505 3123 761 3181 damnare
784 3124 1076 3195 praevenit?
1102 3124 1289 3181 Merito
1310 3126 1487 3198 itaque
1518 3142 1624 3182 non
1655 3129 1953 3199 simplices,

2056 1931 2166 1975 tum
2201 1921 2539 1987 Valentinus,
2588 1920 2711 1990 quia
2743 1931 2797 1977 et
2841 1921 3055 1991 ingenio
3081 1930 3293 1992 poterat
3332 1931 3386 1977 et
3428 1924 3710 1994 eloquio.’

2054 2012 2158 2069 Sed
2205 2012 2365 2066 alium
2415 2028 2480 2067 ex
2511 2013 2750 2085 martyrii
2786 1996 3273 2083 praerogativadoei
3314 2015 3537 2085 potitum
3581 2017 3665 2070 itt-

2052 2107 2318 2177 diguatus,
2347 2106 2415 2162 de
2440 2106 2679 2161 Ecclesia
2718 2106 3042 2162 authentica:
3068 2107 3265 2177 regulae
3296 2106 3512 2175 abrupit
3537 2109 3617 2182 (it)
3646 2148 3662 2175 ,
3688 2114 3744 2144 α’

2055 2207 2111 2254 ut
2168 2200 2342 2254 solent
2381 2198 2541 2252 animi
2607 2213 2702 2267 pro
2753 2198 2988 2269 prioratu
3041 2200 3200 2254 exciti
3254 2205 3667 2271 praesumptione

2054 2289 2275 2345 ultionis
2322 2288 2564 2354 accendi,
2594 2289 2658 2343 ad
2686 2288 3097 2358 expugnandam
3138 2290 3434 2346 conversus
3464 2292 3665 2347 verita-

2056 2389 2196 2436 tem:
2234 2390 2287 2435 et
2316 2380 2599 2451 cujusdam
2628 2380 2826 2435 veteris
2848 2380 3119 2450 opinionis
3148 2395 3333 2437 semen
3364 2391 3550 2439 nactus
3571 2381 3665 2456 (ε),

2057 2470 2350 2528 Colarbaso
2388 2468 2504 2544 (l0)
2530 2471 2669 2526 viain
2698 2470 2995 2526 deliuiavit.
3023 2472 3151 2527 Eam
3175 2473 3513 2543 postmodum
3548 2475 3711 2548 l’to-,

2059 2562 2282 2618 lomaius
2308 2563 2574 2629 instravit,
2604 2562 2910 2617 nominibus
2939 2573 2991 2617 et
3016 2564 3256 2619 numeris
3295 2562 3529 2620 IEonum
3558 2565 3669 2620 dis-

2063 2657 2242 2713 tinctis
2270 2657 2322 2712 in
2350 2657 2660 2727 personales
2690 2656 3043 2721 substantias,
3071 2656 3167 2712 sed
3196 2666 3354 2713 extra
3380 2659 3542 2714 Deum
3575 2659 3671 2716 de-

2062 2755 2393 2819 terminatas,
2426 2768 2558 2825 quas
2589 2753 2902 2809 Valentinus
2932 2754 2985 2808 iu
3014 2753 3127 2823 ipsa
3159 2770 3369 2811 summa
3417 2746 3706 2826 (ιῖνίιιίιειοτ

2060 2852 2126 2906 tis
2149 2892 2164 2917 ,
2196 2860 2254 2905 ut
2278 2865 2490 2915 sensus,
2521 2857 2576 2904 et
2603 2848 2845 2905 adfectus
2866 2859 2919 2903 et
2941 2860 3119 2905 motus
3144 2851 3450 2908 incluserat.
3480 2853 3672 2908 Dedu-

2060 2943 2139 2998 xit
2164 2954 2219 2998 et
2242 2941 2536 2997 lleraelenn
2554 2941 2676 2995 inde
2691 2940 2934 2995 tramites
2956 2940 3247 3011 quosdam,
3277 2951 3333 2998 et
3356 2944 3668 3013 Secundus,

2060 3045 2115 3091 et
2145 3051 2331 3108 magns
2357 3035 2565 3090 Marcus
2588 3032 2660 3107 (ί)
2690 3033 2738 3106 (l
2757 3034 2824 3106 l).
2858 3033 3077 3089 Multum
3106 3035 3248 3090 circa
3274 3036 3533 3108 imagines
3572 3038 3673 3095 Le-

2030 3140 2031 3145 ‘
2061 3130 2145 3200 gis
2166 3128 2483 3184 Theotimus
2508 3126 2766 3199 cperatus
2804 3135 2906 3183 est.
2932 3126 3007 3181 lta
3036 3141 3299 3199 nu5quam
3331 3128 3445 3201 jam
3472 3128 3676 3205 Valeuq

1595 3263 1981 3322 LECTIONES
2022 3264 2439 3322 VARIANTES.

408 3370 484 3501 (ι)
511 3371 667 3426 Etiam
688 3371 843 3425 omitt.
867 3372 1019 3425 Seml.
1047 3372 1240 3426 obcrtli.

408 3438 459 3496 (2
508 3436 739 3501 Figuram
764 3435 911 3501 Ithen.
934 3435 1084 3488 Seml.
1115 3438 1237 3489 Ober

407 3435 482 3500 (2)
508 3436 739 3500 Figuram
764 3435 911 3500 Ithen.
934 3435 1084 3488 Seml.
1115 3436 1310 3489 Oberth.

510 3499 766 3574 prientem
793 3499 976 3573 Christi
999 3501 1203 3574 ligarant
1228 3500 1369 3552 sentt.
1399 3500 1593 3554 Oberth.

432 3561 484 3625 4⁷)
510 3561 565 3611 ln
592 3574 825 3610 numeros
848 3561 1115 3612 nominarit
1137 3564 1260 3612 Jun.

432 3627 485 3677 ὃ)
510 3624 681 3673 Fidem
705 3620 855 3674 omitt.
877 3621 1029 3675 Rhen.
1051 3622 1192 3675 sentt.
1217 3625 1412 3677 Oberth.

510 3629 681 3673 Fidem
705 3629 855 3674 omitt.
877 3629 1029 3675 Rhen.
1051 3629 1192 3675 semt.
1217 3629 1412 3677 Oberth.

429 3629 485 3752 6i
507 3686 713 3755 Gemina
738 3683 892 3737 Rhea.
915 3684 1077 3751 prima
1092 3686 1173 3739 ed.
1200 3685 1353 3739 Seml.
1381 3687 1573 3740 oberth.

2148 3379 2200 3444 7)
2224 3381 2325 3431 Nos
2346 3392 2520 3430 omnes
2536 3393 2705 3431 sumus
2732 3380 2878 3434 (then.
2914 3382 3074 3446 prima
3093 3382 3172 3435 ed.
3199 3382 3351 3438 Seml.
3379 3386 3577 3440 Oberth.

2150 3446 2199 3493 8t
2220 3443 2344 3493 Hine
2368 3440 2561 3493 coniicit
2585 3441 2737 3493 Seml.

2150 3441 2199 3507 8)
2220 3443 2344 3493 Hine
2368 3441 2561 3507 conjicit
2585 3441 2737 3495 Stant.

2149 3507 2200 3568 9)
2226 3506 2442 3568 litomit.
2482 3508 2649 3557 Venet.

2064 3628 2077 3678 1
2119 3566 2227 3680 ὶ(ω)
2258 3567 2439 3681 Νῗςὲιιε
2460 3568 2717 3619 eolubroso
2742 3571 2866 3619 viam
2893 3566 3037 3621 nheu.
3059 3572 3207 3624 Semi.
3233 3574 3434 3639 semini,
3455 3584 3565 3630 actu
3589 3589 3673 3627 co-

2085 3645 2114 3680 ll
2157 3643 2266 3679 roso
2330 3644 2359 3679 (Ι
2384 3668 2393 3678 .

2131 3693 2231 3757 (tt)
2262 3693 2468 3757 Magnus
2489 3688 2576 3744 alii
2597 3692 2753 3757 male,
2778 3692 2881 3760 Rig.
2906 3694 3072 3746 Prior.
3105 3704 3264 3751 Venet.

1702 3796 2272 3855 COMMENTARIUS.

345 3935 551 4008 pientite
587 3934 837 4008 ordinem.
866 3932 1019 3989 Hunc
1046 3932 1220 4008 locum
1252 3934 1303 3988 in
1345 3933 1593 4008 omnibus
1622 3933 1950 4008 e_tlitinuibus

345 4004 817 4076 corruptissimum
874 4004 1277 4060 emendavimus
1331 4021 1397 4061 ex
1454 4005 1575 4059 cod.
1643 4005 1947 4060 Pitbmanu.

346 4075 774 4148 Repucrascere,
804 4075 995 4148 inquit,
1028 4090 1125 4148 nos
1160 4085 1215 4129 et
1243 4076 1531 4148 Apostolus
1570 4077 1722 4144 jubet
1751 4092 1949 4132 secun-

345 4144 475 4204 dunt
511 4149 678 4203 Deum
708 4158 764 4202 ut
792 4144 992 4201 malitia
1017 4144 1464 4208 infautes,simnl
1496 4150 1616 4201 dedi
1651 4149 1701 4200 iu
1739 4149 1951 4217 sapien-

348 4221 436 4275 ti:e
458 4219 703 4275 ordiuetn
732 4217 801 4273 de
824 4217 1166 4287 simplicitate
1198 4221 1482 4273 manantis.
1510 4218 1565 4272 lu
1591 4218 1713 4274 cod.
1748 4219 1843 4273 Ms.
1878 4219 1953 4273 le-

345 4290 804 4363 gitur,inm_nnndi,
829 4288 1103 4363 mendose.
1132 4288 1253 4363 ﬂia.

422 4361 575 4415 CAP.
609 4359 697 4414 ΙΙΙ.
741 4388 811 4399 -—
840 4360 914 4430 (a)
949 4358 1205 4413 Orientem
1232 4358 1419 4412 Christi
1458 4359 1693 4428 ﬁguram.
1734 4359 1955 4414 Orientis

349 4431 617 4488 vocabulo
647 4431 892 4486 Christus
928 4446 1072 4501 saepe
1104 4430 1415 4501 inti-lligitm-
1449 4430 1501 4484 in
1542 4432 1710 4484 sacris
1762 4431 1954 4493 iilt'l'iS,

351 4514 413 4558 ut
438 4503 576 4572 apml
602 4502 911 4558 Zachariam
944 4519 954 4554 :
1003 4500 1136 4555 Ecce
1164 4517 1255 4572 ego
1282 4502 1541 4572 adducant
1562 4517 1757 4553 servum
1792 4517 1956 4572 meum

353 4559 619 4634 orientem,
644 4584 697 4629 et
729 4572 886 4636 paulo
909 4581 1029 4642 post
1052 4559 1491 4640 apttdveumdcm:
1522 4571 1654 4625 It‘cce
1675 4572 1749 4625 vir
1774 4571 1956 4626 Oriens
1985 4559 2035 4618 Ῑ)

355 4661 535 4716 nomen
561 4646 692 4716 ejus.
723 4643 916 4716 Oriens
945 4652 1134 4716 autem
1162 4644 1629 4716 appellattirtquia
1672 4645 1720 4696 in
1770 4645 1959 4698 diebus

354 4715 472 4786 ejus
496 4712 612 4769 orta
639 4726 719 4770 cst
743 4714 972 4786 justitia,
1002 4721 1055 4769 et
1086 4712 1207 4768 hinc
1231 4714 1785 4786 habes.Cln-istianos
1818 4726 1960 4768 \‘Cte-

354 4785 443 4857 ηε
471 4786 537 4841 ad
587 4785 849 4842 orientem
890 4800 1078 4841 versos
1107 4787 1311 4855 precari
1361 4785 1572 4854 solitos,
1599 4786 1740 4857 quod
1770 4786 1959 4841 etiam-

354 4856 480 4913 itum
503 4858 869 4913 observamus.
889 4857 1064 4912 Busa.

433 4929 514 4999 (b)
535 4927 731 4984 Lamia:
754 4940 917 4983 turres
932 4937 980 4983 et
1009 4927 1227 4998 pectines
1254 4926 1440 4983 Solis?
1470 4927 1703 4999 Fabella:
1727 4927 1960 4996 pueriles

358 4998 496 5072 apud
550 5000 925 5072 Carthaginem
978 5010 1232 5072 tempore
1270 4999 1601 5053 Tertulliani.
1645 4998 1763 5054 Mox
1820 5000 1955 5072 scri-

362 5070 584 5141 pSimtts,
612 5081 684 5125 tot
712 5070 967 5140 géuimina
993 5086 1011 5135 ,'
1042 5081 1093 5125 et
1117 5070 1271 5138 paulo
1294 5081 1441 5142 post,
1456 5081 1501 5123 et
1528 5082 1696 5142 tamen
1708 5071 1962 5142 simplices

361 5140 453 5196 nos
480 5142 654 5196 omnia
702 5144 910 5203 scimus.
942 5157 1009 5197 ex
1037 5141 1312 5198 Gorziensi
1343 5140 1648 5196 collatione.
1684 5140 1815 5207 Nos,
1860 5141 1962 5197 hoc

362 5220 464 5279 est,
485 5211 793 5267 orthodoxi.
825 5213 946 5268 th.

432 5280 508 5355 (ε)
539 5279 653 5337 Has
679 5301 786 5339 esse
833 5282 1033 5355 fabulas
1086 5292 1133 5338 et
1173 5284 1495 5355 genealogias
1524 5281 1958 5355 indeterminntas.

364 5350 596 5410 Irenieus
627 5350 890 5425 principio
932 5355 1047 5409 libri
1077 5350 1336 5409 advérsus
1358 5350 1790 5409 Valentinianus:
1816 5353 1959 5421 Qua-

368 5434 511 5479 tenus
547 5428 805 5481 veritatem
833 5429 1110 5497 refutantes
1138 5427 1347 5497 quidam
1374 5426 1617 5480 inducunt
1644 5427 1793 5497 verba
1828 5426 1962 5496 falsa

365 5504 412 5551 et
433 5498 755 5569 genealogias
781 5496 1010 5565 inﬁnitas
1031 5539 1046 5562 ,
1076 5504 1183 5551 etc.
1212 5496 1394 5569 Gra'ea
1417 5498 1552 5565 aptid
1588 5496 1963 5566 Epiphanium,

365 5567 661 5637 roseis-liv}
688 5580 923 5637 μιτειίης.
962 5569 1249 5637 Apostolus
1273 5567 1496 5633 dixerat,
1530 5575 1825 5635 ἰννάρλογίςις
1847 5572 1967 5621 οἱπε-

365 5638 577 5711 (sint...
609 5637 903 5711 ΙΤιιιιυιΙι.Δ
923 5637 973 5711 Ι.)
992 5638 1109 5711 litt}.

437 5711 590 5781 CAP.
621 5711 709 5766 IV.
739 5741 809 5751 —
832 5709 914 5781 (tl)
947 5709 1021 5764 De
1042 5708 1269 5763 Ecclesia
1294 5711 1593 5765 authentico:
1614 5707 1802 5781 regula:
1821 5707 1974 5781 abru-

366 5778 774 5850 pit.Notaverat
802 5778 1059 5839 Pithmus,
1104 5783 1253 5849 quasi
1293 5782 1584 5851 tualuisscl,
1628 5778 1706 5833 De
1739 5778 1977 5835 Ecclesia:

310 5920 324 5931 ο
368 5851 659 5911 authentico
690 5856 868 5926 regula
897 5855 1077 5924 irrupit.
1112 5853 1229 5907 lito.

2131 3931 2206 4007 (ιε)
2233 3933 2516 4007 Cujusdnm
2564 3936 2743 3990 veteris
2774 3937 3011 4007 opinonis
3050 3956 3219 3994 semen
3278 3953 3458 3997 nactus
3487 3944 3674 4002 Coinr-

2054 4006 2174 4058 buso
2205 4007 2336 4060 viam
2364 4006 2643 4080 detiniiwit.
2672 4008 2762 4080 Sic
2778 4006 3174 4080 emendandum
3196 4013 3407 4067 censuit
3429 4015 3671 4076 Latinius

2054 4093 2176 4150 cunt
2206 4089 2361 4130 antea
2394 4076 2690 4150 legeretur,
2719 4076 3000 4150 Cujusilum
3031 4076 3286 4150 opinionis
3330 4088 3513 4139 semini
3556 4100 3673 4144 item

2058 4149 2325 4202 colttbroso
2358 4148 2487 4201 vium
2519 4148 2800 4203 definierit.
2852 4151 2966 4218 Qua
3007 4148 3078 4207 de
3119 4152 3349 4210 lectione
3376 4156 3671 4215 ahdieamla

2059 4234 2164 4288 quo
2211 4220 2378 4297 magis
2433 4219 2781 4297 addnbiletn,_
2819 4220 2943 4276 facit
2994 4233 3234 4297 veterum
3278 4230 3670 4297 exemplarium

2060 4290 2352 4370 ineuntem
2460 4288 2650 4370 faciunt
2712 4291 2873 4370 etiam
2931 4308 3050 4370 qua:
3105 4295 3172 4350 de
3216 4288 3471 4370 serpente
3510 4317 3670 4370 supra

2062 4361 2355 4440 Septimius
2381 4360 2515 4439 (linit
2541 4379 2551 4412 :
2583 4361 2698 4415 Alte
2725 4360 3019 4440 habitel,'in
3047 4381 3182 4419 cwca
3208 4360 3530 4433 tletrttdatur,
3580 4360 3673 4440 per

2062 4434 2325 4503 anfractus
2355 4435 2530 4484 rei-icui
2556 4449 2699 4505 suam
2728 4435 2944 4498 evolent,
2962 4434 3591 4505 tortuoseprocedal,rte:
3605 4444 3672 4500 lis

2063 4502 2205 4584 enim
2252 4502 2697 4584 aiilcrt't‘.stt_t)lltit3l
2728 4515 2894 4584 actus
2924 4506 3022 4561 iste
3056 4502 3396 4584 colubrnsus.
3431 4502 3672 4584 lieuique

2063 4571 2293 4627 ireuri-us
2314 4572 2864 4651 eti'jpipbaninsLiuio
2884 4576 2994 4645 ipse
3019 4588 3207 4632 attctor
3226 4579 3463 4651 Catalugi
3501 4571 3674 4641 huic-

2068 4655 2313 4725 tzczl-rmn,
2346 4643 2699 4725 Colarbasmn
2725 4643 3023 4703 Ptolomteo
3053 4658 3216 4719 atque
3261 4643 3509 4708 Secutido
3542 4671 3666 4725 pus-

2069 4716 2322 4771 lcriort-ut
2347 4729 2630 4770 censuere.
2664 4716 2783 4772 lito.
3127 4716 3160 4769 ’.

2139 4786 2201 4859 (Γ)
2245 4785 2430 4859 Mugus
2471 4785 2701 4842 Murcus.
2739 4789 2811 4844 De
2843 4790 2942 4845 isto
2974 4789 3094 4845 \‘ide
3138 4790 3189 4846 in
3235 4790 3561 4850 doctissimis
3607 4797 3669 4853 Ι).

2067 4857 2834 4935 bitt<SUeti_dissertatiiniilins
2895 4862 3108 4935 prmviis
3147 4862 3224 4935 ad
3299 4880 3426 4935 Opp.
3484 4866 3671 4925 lreuazi

2067 4929 2289 5007 l_)_isscrt.
2327 4926 2365 4993 l,
2396 4938 2499 5007 art.
2534 4930 2618 4994 ll,
2664 4928 2811 5007 διε,
2841 4926 3015 5007 ιιξξὶο.
3051 4933 3249 5007 Eadem
3279 4926 3390 4991 fere
3417 4953 3672 5007 compen-

2067 5000 2219 5053 diose
2278 5001 2504 5069 ettpouit
2546 5000 2683 5069 qme
2717 5000 2803 5056 hic
2856 5003 3015 5057 habet
3067 5004 3359 5061 Rhenanus
3393 5024 3405 5059 :
3436 5000 3671 5064 Marcum

2067 5072 2330 5147 Valetitiui
2375 5071 2613 5139 magistri
2648 5072 2740 5147 sui
2760 5073 3168 5147 emendatorem
3212 5077 3370 5132 tradit
3409 5076 3669 5147 lrettzrtis,

2066 5143 2285 5211 magica:
2310 5144 2616 5217 imposturai
2634 5143 3011 5217 peritissimum
3044 5145 3229 5211 fuisse,
3246 5163 3342 5217 per
3365 5164 3525 5217 quam
3549 5143 3670 5205 cuni

2065 5210 2209 5268 virus
2236 5215 2453 5277 multos,
2490 5225 2595 5287 tum
2628 5210 2878 5287 fmininas
2906 5232 3011 5287 nou
3044 5210 3574 5287 paucas'scditxerit,
3605 5222 3674 5277 ad

2064 5301 2125 5360 se
2150 5298 2438 5340 conversos
2462 5281 2607 5360 velut
2650 5281 3069 5360 scientissimum
3091 5296 3161 5360 Aet»
3201 5281 3673 5360 perfectissimum,

2067 5358 2423 5427 virtutemque
2463 5353 2757 5427 maximam
2780 5355 2847 5408 ab
2892 5353 3248 5427 invisibilibiis
3276 5358 3435 5427 Logis
3467 5353 3674 5417 haben;

2069 5437 2198 5482 tem.
2231 5423 2346 5479 Ille
2368 5437 2495 5478 vero
2546 5431 2712 5495 totum
2746 5423 2847 5479 hoc
2875 5426 3116 5479 Auaxilai
3156 5423 3438 5495 praestigiis
3474 5443 3527 5483 et
3560 5450 3679 5486 ma-

2069 5499 2183 5568 gica
2217 5495 2447 5568 vanitate
2499 5492 2834 5568 conficiebat,
2885 5510 3042 5568 verus
3085 5492 3397 5568 Antichristi
3440 5514 3677 5566 prtecur-

2074 5565 2182 5623 sor.
2244 5565 2350 5619 Nos
2406 5579 2565 5617 mmm
2624 5575 2679 5617 et
2731 5565 2957 5618 alterum
3026 5565 3259 5620 hominis
3325 5565 3676 5632 perditissimi

2078 5636 2466 5711 praestigiarum
2490 5650 2551 5689 ex
2572 5634 2761 5711 eodem
2779 5643 3008 5711 auctore
3036 5638 3322 5711 prudetnus
3344 5640 3675 5706 exemplum.

2081 5705 2245 5763 Mixto
2272 5709 2394 5762 vino
2423 5722 2516 5777 pro
2541 5706 2709 5777 calice
2748 5705 3005 5759 simulans
3034 5720 3094 5759 se
3122 5705 3530 5777 gratiasagere,
3564 5714 3683 5769 sive

2084 5772 2437 5849 εὖχιριστςῖν,’
2483 5774 2622 5845 quod
2678 5775 2836 5831 hodie
2889 5772 3182 5829 consecrare
3234 5772 3521 5849 dicimus,
3559 5789 3681 5845 post

2087 5843 2299 5923 longam
2332 5843 2739 5918 invocationem,
2775 5860 3101 5920 purpureum
3145 5854 3201 5903 et
3241 5843 3468 5902 rubeam
3506 5843 3680 5921 ηομ.
