4062 6288
306 281 411 338 595
862 362 877 365 Α
1734 276 1892 335 rem

2025 276 2215 335 LlANl.
3508 272 3610 332 596

1684 392 2242 450 COMMENTARIUS.

313 519 618 580 exaratum,
663 510 839 582 lingua
893 508 1183 579 Captet-um
1238 507 1543 582 mgyptiaca‘
1593 507 1661 561 ah
1714 508 1993 582 iult‘groA

313 577 696 653 conseriplum,
728 577 928 653 nullum
958 577 1009 637 iit
1041 582 1218 653 fronte
1251 577 1458 634 tiiuluttt
1484 577 1645 653 ._lt:t'c
1668 594 1794 633 tero
1850 578 1913 632 ad

309 654 507 707 t':tl(‘.t'lll
531 651 798 708 secunda:
827 654 993 724 partis
1019 652 1360 724 exhibentem
1393 651 1572 724 _verha_
1602 661 1805 724 :_t_onms
1831 666 1912 724 se:

306 725 501 778 candus
530 725 695 793 [ittelis
727 720 956 790 Son/tite,
994 723 1132 778 hunc
1163 738 1281 777 esse
1314 721 1575 777 Valentini
1612 721 1800 793 liltrnnt
1827 720 1910 793 cui

309 791 576 849 interdum
609 794 796 849 alludit
818 795 1180 851 Tertullianus
1209 794 1309 849 sihi
1355 807 1664 857 persuasum
1700 791 1905 855 hahnit,

306 881 427 919 eum
467 866 517 929 in
567 881 630 920 eo
661 866 846 921 cttdire
892 867 1151 920 contineri
1198 865 1321 918 vidit
1356 863 1473 919 Xlll
1516 862 1756 918 Psalutos
1790 877 1907 928 pm-

310 938 615 991 ttitatttiales
645 937 881 1005 Sophim,
910 936 1028 991 Xlll
1058 937 1307 993 Cattlicos
1360 935 1425 989 ad
1462 936 1669 988 laudant
1703 932 1899 1005 Νη·Μὶ

309 1008 562 1078 Sophiam
585 1008 916 1072 rediutcutis,
937 1008 1190 1076 quasdam
1215 1006 1677 1078 conlahulationes
1696 1004 1894 1078 Christi

304 1075 424 1134 eum
454 1080 727 1145 discipulis
755 1088 807 1134 ct
836 1080 1149 1132 lllllllt'l‘illlls
1179 1078 1521 1146 evangelicis.
1554 1077 1720 1131 Porro
1747 1076 1793 1127 ll:
1815 1075 1895 1129 Itis

308 1152 436 1219 ipsis
477 1150 926 1214 adnotationilms,
956 1149 1147 1204 Wuidt:
1196 1164 1378 1203 ausam
1428 1148 1575 1202 dedit
1617 1146 1892 1202 dubitandi

307 1222 513 1276 falsone
561 1238 626 1274 an
662 1221 852 1275 merita
883 1221 997 1275 ltarc
1024 1221 1308 1276 Valentino
1337 1220 1729 1281 tribuerentur;
1772 1233 1891 1272 nam

311 1291 605 1346 verisimile
648 1292 867 1346 minime
891 1302 972 1347 est
997 1291 1340 1346 Valentinum
1370 1305 1505 1361 opus
1540 1305 1695 1345 suum
1721 1291 1891 1342 maxi-

305 1379 449 1416 tunttt
495 1364 546 1417 in
595 1364 775 1435 lingua
807 1362 1536 1435 :egzyptiacaconscripsisse
1572 1404 1585 1424 ,
1637 1376 1889 1435 ueepau-

306 1450 367 1488 ea
418 1450 537 1503 qua:
594 1433 786 1490 Woide
838 1431 979 1492 er'uit
1033 1434 1497 1502 aeiuterprctalus
1533 1442 1614 1486 est
1648 1431 1891 1485 redolent

302 1504 462 1573 hujus
490 1507 668 1574 aperis
700 1507 1021 1559 versionem.
1050 1503 1190 1558 Nihil
1220 1509 1361 1558 enim
1389 1504 1501 1558 sive
1519 1504 1886 1565 Valentinum,

299 1579 417 1630 sive
446 1577 562 1645 ejus
592 1578 865 1646 seqttelatn
900 1585 1085 1645 aperte
1117 1575 1378 1640 designat,
1406 1575 1510 1628 into
1534 1574 1733 1630 Wotdii
1770 1589 1893 1628 sett-

301 1650 484 1701 tentia:
515 1647 710 1701 obsunt
740 1647 982 1716 quaedam
1011 1646 1295 1701 Valentino
1322 1661 1536 1716 prorsus
1581 1646 1775 1709 aliena,
1808 1646 1888 1698 ri-

299 1718 491 1773 dclicel
524 1714 767 1786 Barbelo,
788 1714 1196 1772 Jaldabbaothar
1211 1714 1478 1771 duodecim
1506 1718 1809 1781 salvatores,
1840 1725 1895 1772 et

2024 508 2125 574 aLia
2170 508 2232 561 de
2280 504 2637 574 Apostolorum
2665 503 2929 574 dignitate,
2961 503 3024 558 de
3066 502 3351 558 animatum
3397 503 3610 574 origine.

2025 555 2289 633 lli-wares
2328 555 2474 630 ’llltl‘tt
2527 578 2589 629 de
2653 555 2850 647 Scip/lia
2916 555 3193 647 perperam
3247 555 3611 631 ιΓίΙηιριΙῘίιιυι⁸

2025 650 2209 717 psalmi
2258 649 2339 704 vel
2371 648 2596 707 cantici;
2630 645 2825 711 quanto
2854 648 3022 715 magis
3049 645 3246 700 Christi
3281 646 3610 701 senum-ina-

2022 722 2194 776 tiones
2222 762 2236 777 .
2265 721 2460 790 quibus
2504 717 3090 790 apertius:declaratur
3134 719 3248 772 haec.
3278 718 3499 790 desatni
3546 720 3611 790 ah

2021 788 2672 862 Evangelii).seettatlttnr
2704 788 3364 862 [Egyptiosdapocryplto.
3408 788 3536 862 Nee
3563 788 3609 842 itl

2015 860 2318 916 inlirniatnr
2346 877 2408 915 ex
2452 860 2606 914 titulo
2638 861 2849 928 Sophia:
2881 860 3044 918 lidelis
3069 900 3080 913 .
3111 870 3249 915 unde
3283 869 3484 912 tantum
3527 860 3607 913 itt-

2014 931 2154 987 ferre
2184 935 2306 988 licet
2337 949 2401 986 eo
2426 933 2473 985 in
2505 932 2640 985 liln'o
2663 933 2741 999 agi
2761 930 3609 985 «Ιυι·‹·(ἶιιο;ςιὶιιη.-(ἷιιίιὐἰιἰιΐιε·

2003 1006 2200 1059 rendus
2226 1003 2570 1059 estsituiliter
2606 1003 2739 1056 alter
2770 1003 2837 1055 ab
2867 1002 3056 1056 eodem
3087 1000 3279 1055 Wnide
3311 1001 3610 1069 descriptus

2000 1078 2192 1137 Codex.
2246 1077 2295 1128 itt
2328 1073 2514 1128 eadem
2558 1074 2846 1143 :rgypliaca
2881 1074 3079 1140 lingua,
3112 1075 3160 1127 in
3190 1074 3422 1127 tlialcclo
3458 1074 3610 1126 Salti—

2000 1146 2118 1203 dico
2147 1148 2413 1208 exaratu‘s,
2476 1145 2543 1199 76
2598 1146 2732 1197 loliis
2784 1147 2832 1197 in
2886 1144 3053 1197 lornta
3119 1145 3254 1198 in-io
3300 1154 3610 1210 catupactus

2001 1218 2051 1271 itt
2082 1221 2212 1271 duas
2258 1218 2460 1271 divisus
2515 1224 2695 1287 partes
2724 1257 2743 1287 ,ν
2786 1231 3007 1285 quarunt
3057 1217 3199 1283 prior
3240 1214 3605 1287 inscribitur:

1998 1297 2207 1352 Γνώςεως
2258 1289 2412 1343 liher.
2442 1316 2509 1326 -α
2542 1286 2815 1342 Posterior
2846 1301 2973 1340 vero
3005 1303 3016 1338 :
3048 1287 3183 1341 liher
3236 1286 3406 1355 Magni
3458 1296 3609 1353 Λογςῦ

1999 1369 2123 1417 κατὰ
2152 1369 2445 1430 Mos-ripis».
2477 1360 2607 1430 hum
2642 1358 2709 1409 alt
2757 1358 2978 1412 Oriente
3029 1358 3080 1411 itt
3131 1359 3376 1430 Angliam
3434 1361 3610 1430 attulit

1998 1433 2257 1486 eclehcrr.
2294 1429 2464 1485 \iatnr
2492 1429 2724 1487 Brueius.
2775 1446 2871 1482 nee
2899 1444 3084 1498 parum
3135 1429 3415 1483 dot-totum
3464 1429 3607 1483 desi-

1998 1502 2164 1557 deriis
2191 1502 2522 1556 satisPaCrret
2549 1502 2869 1571 quicumque
2894 1500 3169 1571 vetustatis
3192 1500 3498 1571 explorator
3518 1501 3607 1569 qui

1998 1571 2135 1628 hanc
2165 1572 2279 1628 sihi'
2315 1574 2470 1626 daret
2527 1570 2854 1641 provinciam
2899 1571 2949 1624 in
3000 1570 3179 1641 lucem
3230 1570 3372 1625 hunc
3414 1572 3606 1625 lihruut

1996 1645 2296 1700 etttittrudi.
2328 1643 2406 1698 Ci.
2437 1640 2669 1709 Mallem,
2691 1641 2830 1697 Hist.
2865 1643 2934 1695 du
2966 1640 3218 1708 Cnostic.,
3249 1653 3286 1696 t.
3344 1642 3412 1707 ll,
3465 1643 3565 1696 106
3590 1684 3605 1709 ,

2000 1717 2122 1771 107.
2168 1717 2301 1771 Eoo.

2046 1834 2213 1842 “ﬂ

2546 1832 3155 1869 ...Μαι-,ΙΨ-

733 1974 1111 2064 QUINTI
1172 1976 1670 2050 SEPTIMII
1728 1976 2357 2051 FLORENTIS
2417 1978 3170 2049 TERTULLIANI

629 2149 1222 2293 LIBER
1306 2127 2372 2299 ADVERSUS
2442 2108 3348 2301 JUD/EOS.
3486 2308 3524 2349 _

1692 2358 2168 2431 assuage»

291 2484 688 2541 ARGUMENTUM.
717 2513 787 2526 --
806 2477 1178 2557 Disputatione
1206 2483 1378 2538 habita
1403 2484 1532 2539 inter
1556 2481 1888 2543 christianum
1919 2481 1966 2540 B

364 2587 408 2630 et
463 2578 774 2651 proselytum
818 2579 1054 2648 judteum
1104 2577 1191 2647 (de
1218 2593 1304 2645 se,
1350 2587 1595 2650 quantum
1635 2584 1889 2648 apparet,

459 2668 606 2723 tertia
648 2684 864 2742 persona
892 2685 1173 2725 sermonem
1227 2668 1453 2741 faciens)
1509 2667 1884 2732 Tertullianus,

361 2760 495 2831 quod
514 2778 604 2834 per
619 2771 916 2816 concentum
945 2762 1334 2829 obstrepentium
1355 2771 1694 2834 spectatorum
1725 2760 1891 2815 atinas

362 2853 507 2925 plene
569 2854 731 2924 potuit
787 2853 1095 2920 dilucidari,
1141 2855 1268 2926 stle
1326 2864 1599 2921 retractat,
1659 2869 1888 2925 pugnans

356 2947 595 3002 adversus
619 2945 830 3002 .luda’os
846 2948 1167 3003 solidissimis
1194 2948 1472 3003 rationibus
1504 2966 1522 3002 :
1550 2957 1595 3002 et
1634 2964 1700 3002 ex
1728 2962 1890 3001 sacra)

359 3040 643 3113 Scriptura:
659 3041 1003 3111 fundamentis
1027 3059 1046 3096 :
1072 3043 1225 3113 idque
1272 3059 1397 3113 pace
1440 3039 1680 3097 li'cclcsia'
1721 3042 1889 3096 adhuc

359 3133 576 3186 durante
612 3142 730 3188 ante
771 3133 953 3189 bellant
999 3132 1379 3200 Britannicum,
1424 3149 1482 3188 eo
1527 3142 1752 3204 tempore
1790 3150 1887 3204 quo

361 3223 535 3278 Mauri
560 3240 590 3277 a
614 3223 860 3278 Romanis
912 3222 1286 3280 obsidebamtur.

287 3314 527 3370 Primum
556 3325 723 3371 autem
752 3316 902 3369 etiam
946 3318 1174 3388 gentibus
1221 3317 1438 3387 gratiam
1488 3314 1579 3370 Dri
1620 3317 1838 3371 vindicat
1869 3359 1883 3383 ,

359 3424 506 3477 posse
532 3423 616 3461 eas
637 3407 703 3460 ad
737 3406 827 3461 Dei
855 3409 1012 3479 legem
1044 3409 1244 3462 admitti
1279 3408 1629 3479 comprobans.
1665 3409 1791 3480 Cap.
1834 3407 1883 3463 1.

2063 2482 2253 2548 sionis,
2287 2494 2334 2538 et
2360 2484 2645 2539 exterminii
2687 2485 2973 2542 Jerusalem
3001 2504 3032 2541 a
3062 2485 3279 2544 Daniele
3320 2491 3594 2560 praedictis.

2068 2575 2197 2647 Cap.
2250 2576 2386 2632 VIII.

2000 2666 2135 2734 Quin
2166 2670 2313 2722 etiam
2345 2670 2758 2740 prazdictionibus
2813 2672 2966 2728 variis
2994 2715 3007 2734 .
3057 2661 3236 2742 quibus
3283 2691 3314 2726 a
3341 2676 3598 2745 pmphetis

2102 2764 2335 2816 nuntiata
2376 2774 2450 2818 est
2473 2763 2660 2818 Christi
2693 2766 2949 2819 nativitas.
2983 2764 3111 2835 Cap.
3145 2766 3234 2820 ΚΧ.

1996 2850 2125 2906 Item
2152 2871 2214 2909 ea:
2241 2856 2304 2909 iis
2331 2872 2442 2925 qua?
2470 2857 2533 2909 de
2560 2858 2793 2925 passione
2833 2857 3019 2911 Christi
3061 2858 3111 2911 in
3159 2875 3308 2913 cruce
3353 2861 3595 2931 pra'dicta

1976 2990 1983 2997 .
2064 2956 2201 3012 situt,
2235 2958 2281 3001 et
2309 2949 2487 3017 ﬁguris
2512 2949 2758 3016 ejusdem.
2790 2949 2917 3018 Cap.
2950 2950 3018 3003 Χ.

1995 3038 2219 3093 Rursum
2243 3040 2490 3094 excludis
2536 3040 2824 3097 Jerusalem
2878 3043 3235 3112 prwdictiane,
3297 3061 3396 3097 non
3443 3046 3592 3100 inodo

2064 3148 2152 3201 per
2190 3130 2491 3196 Danielem,
2543 3134 2633 3188 sed
2683 3144 2729 3187 et
2772 3152 2861 3206 per
2914 3133 3227 3189 Ezechielem
3270 3136 3589 3207 prophetam.

2064 3222 2191 3293 Cap.
2228 3224 2318 3280 Χῐ.

1992 3316 2210 3387 Insuper
2237 3326 2282 3373 et
2312 3319 2605 3388 repetitione
2646 3320 2980 3390 quorumdam
3010 3320 3296 3389 Scriptura:
3324 3338 3484 3377 sacrm
3510 3323 3590 3377 lo-

2062 3428 2232 3466 corum
2316 3413 2378 3466 de
2460 3415 2683 3485 gentium
2752 3415 2821 3468 ad
2896 3413 3154 3469 Christum
3245 3418 3585 3472 conversione.

288 3499 491 3571 Quippe
519 3515 633 3553 cum
665 3499 747 3554 lex
777 3500 1124 3569 primordialis
1150 3500 1337 3553 matria:
1356 3500 1579 3553 onmiam
1610 3496 1888 3571 prtereplo-
1913 3535 1957 3597 ρ
2064 3502 2189 3574 Cap.
2235 3502 2348 3558 ΧΗ.

356 3608 467 3644 rum
509 3588 636 3645 Atla:
661 3600 707 3644 et
741 3590 864 3645 Era:
904 3592 956 3646 in
1006 3592 1246 3661 paradiso
1296 3591 1417 3646 data
1467 3592 1569 3656 sit;
1617 3608 1678 3645 ac
1727 3592 1885 3663 legem

360 3681 530 3754 Moysi
559 3684 836 3754 scriptam,
870 3684 996 3753 legis
1026 3684 1274 3738 naturalis
1313 3684 1520 3755 justitia
1573 3685 1624 3737 in
1684 3685 1800 3738 Noe
1838 3695 1886 3738 et

356 3765 614 3830 Abraham
636 3818 646 3833 .
670 3776 791 3846 quin
812 3784 858 3829 et
880 3775 1213 3850 sacerdotium
1234 3777 1285 3830 in
1319 3774 1688 3831 Melchisedech
1716 3818 1729 3843 ,
1755 3793 1887 3848 pra:-

355 3869 578 3926 cesserit.
608 3867 734 3939 Cap.
767 3868 830 3926 ll.
1016 3862 1019 3865 ’

286 3959 352 4015 Et
374 3963 546 4016 datam
577 3964 776 4035 quidem
809 3963 1026 4019 Abrahae
1051 3964 1479 4020 circumcisionem
1511 3964 1769 4019 carnalem
1816 3966 1885 4020 ad

355 4066 586 4123 tempus,
637 4055 726 4110 sed
772 4056 1085 4127 insignum,
1132 4057 1266 4112 unde
1309 4057 1477 4127 lsrael
1516 4058 1568 4111 in
1613 4060 1882 4114 novissimo

358 4158 579 4220 tempore
608 4150 954 4205 dinosceretur
974 4192 988 4217 ,
1018 4151 1220 4219 quando
1250 4150 1529 4206 secundum
1573 4167 1668 4204 sua
1708 4153 1883 4206 merita

352 4242 405 4294 in
431 4252 658 4296 sanctam
685 4244 933 4298 civitatein
961 4244 1159 4313 ingredi
1186 4243 1534 4312 prohiberetur
1564 4260 1583 4297 :
1610 4261 1741 4300 nunc
1770 4261 1883 4300 vero

352 4332 632 4403 spiritalem
656 4334 1083 4388 circumcisionem
1110 4335 1161 4388 in
1186 4334 1398 4389 salutem
1429 4351 1536 4389 esse
1560 4338 1750 4405 populo
1766 4338 1881 4392 obe-

354 4426 532 4482 dienti.
565 4425 698 4496 Cap.
733 4427 815 4482 lll.
946 4407 957 4415 ’

284 4516 496 4573 Sabbati
551 4536 748 4591 quoque
815 4520 1206 4577 observationem
1277 4522 1605 4593 temporalem
1699 4523 1877 4593 fuisse,

354 4613 563 4668 Sabbati
589 4617 763 4670 (sterni
794 4618 1010 4689 ﬁguram
1035 4634 1051 4671 .·
1084 4626 1255 4691 utpote
1287 4618 1422 4687 quod
1473 4635 1630 4688 neque
1669 4635 1701 4673 α
1741 4636 1876 4691 pra:-

349 4703 498 4759 dictis
529 4709 832 4777 putriarchis
857 4719 972 4764 ante
1002 4709 1157 4782 legem
1186 4709 1356 4781 Moysi
1377 4753 1390 4775 ,
1415 4728 1572 4782 neque
1602 4722 1714 4783 post
1741 4730 1878 4768 eam~

271 4862 277 4869 ρ
347 4801 461 4854 dem
489 4801 550 4855 ab
578 4802 810 4856 omnibus
842 4814 1083 4875 perpetuo
1114 4804 1461 4869 observatam,
1485 4806 1733 4875 exemplis
1760 4823 1881 4861 cou-
1907 4794 1958 4853 Ῑ)

266 4919 270 4924 -
348 4904 442 4946 stet
466 4893 590 4949 Jesu
622 4893 766 4951 Nave
794 4908 837 4950 et
870 4896 1301 4953 Machabtmrum.
1333 4898 1458 4971 Cap.
1490 4898 1580 4953 IV.

282 4982 447 5049 Quid?
472 4987 607 5056 quod
633 4989 785 5043 etiam
808 4989 919 5059 ipsa
946 4991 1199 5059 sacrificia
1228 5001 1538 5045 terrenarum
1568 4992 1876 5047 oblationum

348 5076 473 5131 Abel
492 5088 538 5132 et
569 5078 729 5147 Cain,
760 5082 815 5136 in
845 5081 1065 5138 Levitico
1092 5084 1377 5152 conscripta
1398 5126 1411 5148 ,
1440 5085 1743 5153 spiritalium
1786 5103 1870 5140 sa-

346 5169 656 5238 criﬁciorum
680 5176 925 5243 praedicta
967 5176 1122 5246 fuisse
1145 5192 1207 5231 ea:
1256 5174 1516 5231 Malae/tia
1556 5187 1603 5231 et
1653 5177 1873 5232 Psalmis

314 5286 318 5289 ν
347 5263 668 5329 manifestum
707 5267 791 5321 sit.
825 5265 953 5339 Cap.
983 5267 1048 5323 V.

276 5351 436 5424 Atque
462 5355 589 5410 adeo
609 5374 672 5412 ex
697 5361 950 5429 pradicas
977 5360 1241 5428 concludi,
1274 5361 1433 5433 legem
1460 5378 1640 5417 novam
1690 5379 1869 5435 super-

345 5454 645 5514 venturam;
668 5450 723 5504 id
748 5452 918 5523 itaque
945 5452 1294 5524 quan-endam,
1332 5470 1399 5509 an
1426 5464 1739 5525 exspectetur
1782 5471 1873 5510 no-

345 5552 420 5591 va:
446 5540 569 5611 legis
598 5540 731 5596 lator
750 5584 764 5606 ,
790 5558 857 5598 an
887 5560 1001 5598 vero
1025 5546 1132 5614 iam
1161 5546 1366 5600 venerit.
1393 5544 1520 5616 Cap.
1557 5545 1643 5601 Vl.

286 5627 492 5686 Venisse
520 5642 688 5687 autent
711 5675 725 5695 .
757 5638 977 5707 primunt
1003 5653 1066 5693 ex
1092 5637 1371 5710 prop/retiis
1393 5640 1780 5693 commonstrari
1810 5639 1872 5692 de

353 5737 510 5794 regno
530 5726 640 5795 ejus
667 5742 819 5798 super
844 5738 1014 5800 gentes
1037 5769 1053 5795 ,
1085 5747 1238 5801 eoque
1261 5740 1470 5789 (eterna.
1503 5730 1631 5800 Cap.
1666 5732 1779 5787 VII.

276 5817 467 5874 Deinde
491 5832 556 5874 em
573 5819 879 5888 temporibus
898 5820 1176 5875 nativitatis
1213 5821 1356 5875 ducis
1406 5821 1632 5888 Christi,
1683 5833 1730 5877 et
1751 5840 1869 5893 pas-

1994 3591 2221 3664 Denique
2250 3597 2634 3666 praescriptione
2657 3597 2879 3653 aliarum
2903 3598 3313 3666 Scripturarum,
3342 3616 3369 3654 e
3411 3601 3592 3671 quibus

2053 3688 2166 3759 jam
2194 3690 2383 3743 venisse
2412 3672 2738 3744 canviiicitur.
2774 3691 2901 3761 Cap.
2935 3691 3071 3747 Xlll.

1993 3777 2257 3832 Postremo
2295 3798 2356 3834 ea;
2384 3780 2699 3835 abundantia
2748 3784 2933 3837 erroris
2981 3783 3283 3838 Jada‘orum
3329 3787 3587 3854 convinci,

2060 3888 2124 3926 ea:
2147 3872 2367 3927 secunth
2389 3873 2574 3928 Citriin
2599 3878 2816 3930 adtentu
2862 3878 2914 3931 in
2958 3877 3269 3934 sublimitate
3296 3893 3405 3949 post
3446 3883 3587 3952 prio-

2063 3981 2167 4019 rem
2191 3966 2337 4020 illam
2365 3969 2417 4021 in
2453 3968 2761 4034 humilitate;
2785 3970 2920 4023 circa
2948 3987 3094 4041 quem
3123 3972 3201 4025 illi
3226 3973 3422 4045 decepti
3447 3986 3584 4041 sunt,

2055 4062 2175 4132 quia
2196 4064 2349 4116 nonin
2371 4061 2674 4117 sublimitate
2702 4066 2905 4131 venerit,
2946 4066 3064 4117 dum
3086 4067 3321 4136 ignorant
3346 4069 3399 4123 in
3425 4069 3589 4124 humi-

2062 4155 2203 4211 litate
2228 4158 2386 4229 fuisse
2411 4148 2700 4211 venturum.
2733 4158 2861 4228 Cap.
2899 4156 3035 4213 XIV.

1984 4246 2253 4314 Ca’terum,
2288 4258 2624 4319 praeterquam
2648 4251 2783 4315 quod
2810 4250 2939 4304 libro
2982 4251 3129 4306 tertio
3149 4252 3392 4308 adversus
3439 4252 3582 4308 Mar-

2058 4344 2249 4397 cionent
2291 4344 2466 4398 iisdem
2511 4360 2638 4414 pene
2674 4344 2832 4398 verbis
2865 4344 3043 4414 repetit
3091 4343 3440 4401 Tertullianus
3483 4363 3583 4402 non

2056 4436 2185 4490 nihil
2201 4436 2383 4509 fusius,
2399 4453 2512 4504 qua:
2538 4436 2617 4491 hic
2637 4437 2948 4491 contractius
2973 4446 3170 4503 tractet,
3202 4437 3336 4492 unde
3360 4440 3587 4510 ejusdem

2058 4540 2324 4601 utrumque
2352 4529 2571 4584 auctoris
2597 4545 2741 4584 nemo
2768 4528 2997 4583 dubitare
3041 4529 3236 4598 possit;
3267 4540 3313 4585 et
3351 4534 3488 4602 quod
3515 4531 3579 4586 Β.

2055 4624 2340 4694 Cyprianus
2384 4623 2526 4677 libris
2555 4618 2752 4677 duobus
2792 4622 3043 4692 prioribus
3065 4621 3487 4678 Testimoniorum
3517 4626 3584 4678 ad

2061 4721 2333 4786 Quirinum
2359 4718 2600 4773 adversus
2629 4716 2870 4784 Jadwos,
2902 4718 3034 4772 hunc
3075 4720 3143 4772 ita
3164 4720 3227 4772 sit
3256 4719 3482 4773 imitatus
3516 4721 3553 4774 li
3563 4748 3583 4760 -

2055 4813 2201 4866 brum
2226 4853 2240 4878 ,
2274 4822 2325 4864 ut
2356 4812 2514 4867 multa
2543 4810 2881 4879 decerpserit;
2923 4809 3155 4865 similiter
3200 4808 3442 4866 Julianus
3474 4809 3580 4866 Po-

2053 4905 2237 4958 merias
2268 4902 2354 4957 lib.
2387 4902 2543 4956 tribus
2574 4912 2749 4956 contra
2780 4900 2995 4955 .ludwos
3028 4919 3046 4955 :
3076 4918 3148 4955 cet
3163 4912 3209 4957 te
3251 4902 3500 4957 Eusebius
3528 4905 3581 4956 in

2052 4996 2300 5051 Chronico
2322 4994 2620 5048 sententiam
2665 4992 2971 5048 Tertulliani
3000 4995 3064 5048 de
3096 4996 3359 5048 nativitate
3386 4995 3576 5051 Christi

2050 5104 2114 5142 ea:
2140 5087 2234 5141 hoc
2260 5087 2387 5140 libro
2418 5086 2717 5139 nominatim
2746 5096 2961 5140 recenset
2983 5127 2997 5151 ,
3039 5097 3084 5139 et
3120 5085 3384 5140 Pomerius
3429 5088 3481 5141 in
3512 5088 3578 5142 li-

2052 5183 2195 5236 brum
2224 5197 2371 5234 suum
2400 5180 2652 5249 primum,
2704 5195 2764 5232 ac
2812 5177 2873 5230 Β.
2910 5176 3253 5249 Hieronymus
3279 5178 3462 5233 bonam
3508 5178 3579 5234 IX

2049 5275 2232 5344 capitis
2282 5283 2476 5345 partem
2519 5289 2610 5327 suo
2636 5271 2686 5326 in
2740 5272 3000 5327 Dauielem
3040 5274 3400 5328 commentario
3440 5283 3581 5329 tran-

2052 5368 2376 5437 scripserunt.
2412 5364 2625 5419 Disertis
2650 5365 2768 5418 item
2794 5364 2955 5418 verbis
2980 5364 3158 5434 scripti
3202 5365 3354 5426 huius
3398 5367 3574 5420 memi-

2049 5467 2228 5512 nerunt
2280 5443 2566 5511 Vincentius
2595 5454 2892 5521 Lirinensis,
2949 5455 3103 5510 abbas
3147 5454 3458 5510 Thritemius
3482 5500 3496 5521 ,
3532 5466 3577 5512 et

2051 5548 2369 5613 Politianus,
2401 5558 2670 5619 antequam
2699 5547 2855 5618 prwlo
2882 5548 3270 5601 committeretur
3310 5564 3339 5599 a
3369 5548 3576 5603 Rhena-

2046 5660 2129 5698 uo.
2168 5641 2269 5710 Qui
2295 5651 2339 5696 et
2359 5641 2630 5697 secundum
2652 5641 3022 5712 castigatiorent
3049 5638 3203 5693 edidit
3224 5655 3286 5693 ea:
3308 5637 3574 5694 Corzienzi

2045 5736 2217 5790 codice
2236 5776 2249 5800 ,
2282 5734 2469 5789 additis
2500 5734 2692 5802 aliquot
2722 5732 2930 5788 scholiis
2953 5750 2973 5798 ;
3004 5747 3170 5786 verum
3197 5732 3330 5801 quod
3362 5748 3477 5786 cum
3520 5734 3572 5788 in

2042 5825 2322 5881 britaunico
2349 5825 2518 5880 codice
2558 5823 2769 5878 Lelandi
2804 5840 2904 5878 non
2932 5822 3196 5877 haberetur
3228 5863 3241 5887 ,
3280 5837 3311 5875 a
3359 5821 3566 5877 Crlenio
