4062 6288
412 321 511 377 597

1539 322 1742 379 LIBER
1796 323 2165 382 ADVERSUS

2226 325 2528 384 JUD/EOS.
3146 381 3159 391 .
3602 332 3708 391 598

482 455 578 491 nun
634 438 697 492 sit
741 439 1046 510 recognitus,
1103 437 1331 493 nondum
1386 438 1649 509 pristinam
1700 438 1882 505 faciem
1926 454 2007 493 re-
2034 444 2081 503 Α
2114 442 2345 497 nominis
2369 442 2750 513 appellatione,
2780 443 2873 501 sed
2914 444 2967 502 in
2998 454 3181 516 partus
3220 446 3485 514 editione;
3516 461 3571 505 ut
3616 454 3708 523 qui

478 540 697 601 ceperat.
743 530 915 599 Quare
941 540 989 587 et
1015 533 1157 587 nobis
1194 533 1248 586 in
1276 548 1334 587 eo
1364 533 1643 587 recurando
1672 533 2005 588 laborandum

482 625 596 695 fuit,
622 626 690 678 ad
715 626 851 696 quod
875 627 1100 681 subsidio
1125 627 1329 696 [uerunt
1354 626 1475 681 MS.
1518 626 1816 680 Vaticanum
1849 644 2006 681 unum

482 720 590 771 libri
618 718 764 772 istius
790 760 803 783 ,
833 727 879 772 et
926 718 1026 772 duo
1071 719 1184 772 libri
1232 721 1365 772 tertii
1403 721 1643 773 adversus
1696 718 2005 774 Marcionem

479 811 825 875 exemplaria,
858 812 971 864 item
998 810 1160 865 dictus
1182 809 1246 866 Β.
1281 810 1585 882 Hieronymi
1614 812 2006 865 commentarius

476 912 520 955 et
547 904 644 955 loci
672 903 863 972 aliquot
892 920 922 956 (ι
955 902 1152 957 Latinio
1202 904 1461 973 utrobique
1498 903 1745 957 observati
1776 919 1793 956 :
1825 903 1898 956 uti
1944 920 2008 957 ea:

480 997 662 1049 nostris
690 995 1102 1050 adnotationibus
1132 997 1297 1049 videre
1322 1006 1413 1049 est.
1450 996 1738 1052 I’AttELtus.

932 1133 1160 1191 CAPUT
1191 1134 1474 1193 PRIMUM.

477 1269 727 1326 Proxime
771 1270 847 1342 (a)
888 1271 1108 1333 accidit;
1155 1272 1448 1344 disputatio
1504 1272 1681 1327 habita
1730 1283 1813 1328 est
1862 1273 2007 1329 chri-

407 1365 579 1421 stiano
605 1364 678 1437 (b)
708 1374 763 1421 et
793 1366 1059 1437 proselyto
1108 1366 1308 1437 judato.
1359 1368 1593 1422 Alternis
1637 1368 1841 1422 vicibus
1880 1383 2006 1423 eon-

407 1462 635 1515 tcntioso
663 1459 788 1515 forte
815 1460 883 1533 (ο)
905 1472 1125 1533 uterque
1147 1461 1288 1517 diem
1323 1463 1374 1517 in
1403 1477 1678 1531 vesperam
1707 1472 2002 1517 traxerunt:

404 1554 838 1624 obstrepentilnts
864 1556 1025 1610 etiam
1055 1555 1375 1630 quibusdam
1404 1572 1467 1610 ex
1503 1556 1753 1625 partibus,
1782 1554 1862 1628 (I)
1891 1556 2003 1610 siu-

402 1647 647 1716 gulorum
694 1647 797 1718 (ἓ),
843 1647 1023 1702 nubilo
1063 1647 1290 1724 quodam
1328 1647 1520 1702 veritas
1563 1647 1999 1702 olmmln'abatur.

403 1739 605 1793 Placuit.
644 1755 772 1809 ergo
817 1740 896 1813 (tl)
929 1739 1070 1810 quod
1114 1757 1206 1809 per
1253 1751 1572 1795 concentum
1624 1740 2002 1809 disputationis

2112 536 2257 604 prior
2271 545 2413 591 esset
2440 537 2506 591 de
2527 546 2679 592 utero
2701 552 3066 609 processurus.
3091 541 3284 597 minori
3312 542 3668 611 subjicerctor
3689 586 3704 607 ,

2112 626 2161 681 id
2185 637 2263 681 est
2286 628 2587 698 posteriori.
2615 628 2702 685 Sic
2722 646 2949 710 namque
2970 632 3035 687 ad
3064 632 3363 689 Rebeccam
3397 634 3533 690 Deus
3559 636 3706 690 lucu—

2112 729 2193 774 tus
2214 730 2314 785 est,
2344 720 2557 777 dicens:
2580 722 2708 778 Date
2733 734 2900 794 gentes
2916 725 2968 779 in
2990 735 3129 780 utero
3150 736 3236 781 tuo
3257 738 3393 795 satu,
3419 739 3464 783 et
3490 730 3591 784 duo
3614 748 3707 801 po-

2112 813 2216 882 puli
2230 812 2293 867 de
2321 826 2485 869 ventre
2514 825 2598 869 tuo
2626 816 2929 880 dividentur,
2963 829 3008 871 et
3038 819 3256 888 populus
3283 821 3527 889 populum
3553 839 3706 890 supc-

2110 904 2257 969 rabit,
2286 915 2331 960 et
2360 906 2524 976 major
2544 909 2722 962 serviet
2751 909 2936 962 minori
2965 908 3116 979 (lb.).
3136 910 3317 981 itaque
3338 928 3457 967 cum
3483 915 3706 983 populus

2110 1011 2204 1051 seu
2233 1014 2363 1068 gens
2389 999 2439 1052 in
2465 998 2774 1054 Iuda-orum
2803 1002 3039 1057 anterior
3066 1004 3135 1057 sit
3166 1011 3427 1072 tempore,
3456 1014 3509 1058 ct
3537 1005 3707 1073 major

2112 1102 2207 1158 per
2242 1089 2467 1158 gratiam
2502 1094 2686 1159 prima:
2710 1091 3033 1162 dignationis
3083 1094 3136 1149 in
3174 1094 3310 1163 lege,
3359 1105 3542 1151 uoster
3575 1112 3706 1152 vero

2111 1183 2288 1236 minor
2316 1192 2474 1238 actate
2502 1192 2804 1256 temporum
2832 1183 2909 1257 (7)
2948 1185 3299 1256 intelligatur,
3330 1197 3513 1257 utpote
3545 1190 3596 1244 in
3626 1190 3707 1244 ul-

2090 1275 2240 1329 ~timo
2268 1276 2449 1330 smculi
2482 1276 2655 1346 spatio
2684 1276 2908 1347 adeptus
2937 1276 3014 1350 (8)
3046 1278 3286 1333 notitiam
3327 1279 3520 1336 divina:
3543 1283 3705 1337 mise-

2111 1368 2352 1433 ratioois,
2386 1370 2572 1439 procul
2608 1369 2773 1424 dubio
2800 1370 3094 1425 secundum
3133 1373 3368 1428 edictum
3402 1373 3481 1446 (9)
3509 1374 3707 1430 divina:

2109 1459 2416 1527 locutionis,
2438 1462 2583 1530 prior
2599 1472 2646 1516 et
2665 1462 2682 1534 (
2698 1460 2778 1533 t0)
2800 1462 2964 1532 maior
2984 1463 3228 1533 populus,
3254 1465 3303 1519 id
3327 1474 3409 1520 est
3430 1466 3703 1531 .ludaicus,

2110 1555 2305 1608 serviat
2347 1570 2564 1609 necesse
2604 1565 2687 1610 est
2726 1556 2948 1621 minori;
2978 1567 3031 1611 et
3061 1558 3236 1612 minor
3268 1559 3514 1629 pupulas,
3546 1561 3593 1614 id
3628 1571 3710 1619 est

2108 1643 2462 1710 Christianus,
2520 1656 2738 1716 superet
2786 1647 3065 1715 majorem.
3119 1647 3250 1703 Nam
3308 1659 3362 1704 et
3411 1650 3706 1706 secundum

2109 1736 2506 1807 Scripturarum
2538 1740 2838 1794 divinarum
2872 1739 2920 1813 (I
2942 1740 2987 1811 1)
3022 1743 3307 1796 tncumrias
3351 1744 3580 1814 pepulus
3608 1744 3705 1800 Ju—

401 1832 574 1886 tninus
620 1832 776 1902 plene
824 1835 998 1903 potuit
1030 1833 1331 1897 dilucidari,
1379 1834 1566 1903 inspici
1615 1835 1899 1900 curiosius,
1948 1844 2003 1889 et
2032 1846 2079 1905 Β
2108 1830 2348 1887 datorum
2382 1832 2552 1901 major
2579 1832 2715 1905 (l2),
2748 1833 2795 1887 id
2828 1844 2911 1887 est
2944 1835 3235 1903 antiquior,
3268 1834 3529 1890 derelicto
3573 1837 3705 1901 Deo,

400 1924 642 1979 lertionis
682 1923 760 1996 (ὅ)
790 1926 929 1997 style
956 1927 1281 1996 qttzestioues
1330 1936 1643 1982 retractatas
1690 1928 1998 1982 terminare.

399 2018 529 2074 Nam
569 2022 785 2075 occasio
827 2021 1041 2090 quidem
1080 2020 1400 2075 defendendi
1431 2022 1588 2074 etiam
1622 2021 1869 2091 gentibus
1899 2021 2001 2076 sibi

326 2111 477 2185 “(4)
535 2112 769 2166 divinam
824 2113 1080 2182 gratiam,
1135 2113 1317 2167 habuit
1371 2113 1491 2167 hinc
1558 2114 1998 2182 prmrogatiram,

398 2205 537 2275 quod
574 2204 643 2279 (ρ)
671 2206 770 2259 sibi
805 2205 1078 2260 vindicare
1108 2206 1203 2260 υιιί
1238 2208 1406 2275 legem
1438 2205 1725 2261 instituerit
1754 2205 1912 2259 homo
1936 2220 2000 2259 ex

398 2300 667 2367 gentibus,
714 2313 811 2351 nec
855 2296 922 2351 de
970 2299 1215 2368 prosapia
1262 2297 1559 2352 Israelitum
1600 2296 1831 2367 juda'us.
1891 2296 2004 2352 Iloc

400 2393 539 2446 enim
568 2402 643 2445 sat
676 2405 796 2445 esse
823 2390 922 2463 (fi).
956 2406 1114 2462 posse
1142 2400 1329 2462 gentes
1360 2390 1563 2444 admitti
1594 2389 1659 2445 ad
1696 2389 1784 2445 Ilei
1806 2388 1999 2460 legem,

404 2499 466 2538 uc
500 2483 657 2538 Israel
700 2483 875 2537 adlme
920 2483 1373 2554 superbiat,quod
1401 2493 1569 2553 gentes
1606 2482 1744 2537 velut
1782 2483 2004 2537 stillici—

399 2579 534 2631 dium
575 2578 760 2641 sitaltc,
805 2587 892 2629 aut
926 2577 1091 2645 pulvis
1132 2594 1194 2631 ea;
1249 2593 1368 2630 area
1416 2577 1720 2647 tleputentur
1750 2574 1852 2649 (Is.
1877 2576 1992 2640 XL.

402 2671 517 2742 15).
543 2673 875 2749 Quamquam
902 2669 1192 2725 habeamus
1215 2670 1385 2738 ipsum
1421 2670 1583 2724 Deum
1614 2668 1861 2724 idoneum
1892 2669 2007 2739 pol-

403 2762 723 2817 licitatorem
756 2774 809 2817 et
841 2762 1051 2817 tidclem
1075 2777 1410 2832 sponsorem,
1436 2763 1524 2830 qui
1551 2761 1781 2815 Ahrabro
1804 2761 2003 2831 promi-

403 2869 546 2914 serat
570 2857 710 2927 quod
741 2860 793 2911 in
815 2858 1004 2912 semine
1023 2860 1133 2928 ejus
1157 2856 1562 2910 benedicerentur
1583 2871 1753 2909 omnes
1783 2856 2008 2909 nationes

405 2961 549 3004 terra:
574 2950 753 3023 (Gem,
785 2948 954 3015 XXII,
991 2947 1104 3021 18),
1138 2948 1356 3017 etquod
1387 2964 1449 3001 ex
1474 2956 1613 3001 utero
1645 2947 1881 3002 Rebecca:
1907 2947 2008 3001 duo

407 3045 582 3114 populi
622 3052 668 3096 tt
715 3045 829 3097 dua:
869 3050 1041 3112 gentes
1070 3051 1229 3095 essent
1268 3053 1572 3109 processura:
1621 3036 1807 3111 (Gelu,
1837 3037 2005 3103 XXV,

409 3136 536 3207 23);
570 3137 753 3205 utique
783 3134 1115 3198 ,Ιιιιιεπυυνιιιιι³
1150 3133 1200 3187 id
1231 3144 1310 3186 est
1343 3131 1534 3195 Israel;
1567 3142 1619 3187 et
1648 3131 1919 3198 Gentium,
1957 3132 2006 3187 id

408 3240 488 3283 ρει
522 3238 722 3283 uoster.
770 3227 1008 3298 Uterque
1038 3241 1168 3293 ergo
1199 3236 1250 3281 ct
1296 3223 1374 3297 (6)
1413 3225 1638 3294 papulas
1667 3234 1720 3279 et
1756 3238 1891 3295 gens
1926 3234 2008 3279 est

406 3322 725 3392 appellatus,
762 3335 827 3374 ne
889 3319 955 3374 de
1003 3318 1235 3373 nominis
1269 3317 1629 3387 appellatione
1667 3316 2001 3389 privilegium

406 3416 587 3486 gratim
617 3415 718 3468 sibi
759 3413 879 3484 quis
909 3413 1105 3467 audeat
1145 3410 1458 3467 defendere.
1492 3411 1637 3466 Duos
1684 3411 1881 3466 etenim
1913 3426 2005 3481 po-

411 3509 560 3578 pulos
601 3517 654 3563 et
698 3506 831 3563 duas
874 3516 1063 3575 gentes
1091 3520 1437 3575 processuras
1474 3519 1538 3559 ex
1568 3504 1725 3559 unius
1770 3504 2005 3560 laminae

410 3609 557 3655 utero
604 3602 741 3655 licus
784 3598 1094 3665 destinavit,
1138 3596 1205 3669 (f)
1254 3614 1354 3653 ncc
1399 3596 1655 3652 discrevit
1683 3597 1909 3669 gratiam
1954 3598 2005 3653 in

2032 3275 2076 3338 C

2108 1922 2263 1977 idolis
2294 1924 2531 1985 servivit,
2564 1934 2618 1978 et
2646 1924 2926 1981 divinitate
2964 1926 3239 1989 ahrelicta,
3272 1928 3574 1987 simulacris
3610 1928 3711 1983 fuit

2105 2014 2338 2081 deditus,
2372 2016 2585 2071 dicente
2610 2017 2807 2086 populo
2832 2017 2897 2070 ad
2920 2020 3094 2070 Aaron
3123 2037 3135 2072 :
3164 2017 3269 2071 lt'ac
3296 2019 3436 2072 nobis
3475 2020 3593 2073 deos
3623 2022 3711 2089 qui

2107 2125 2198 2163 nos
2221 2109 2515 2163 antecedant
2549 2108 2770 2174 (E.r0tl.,
2796 2109 3011 2174 XXXII,
3040 2110 3154 2182 2'5).
3180 2112 3330 2177 Quod
3361 2126 3480 2165 cum
3503 2128 3567 2167 ex
3598 2130 3713 2166 tuo.

2108 2200 2303 2256 uilibus
2327 2202 2663 2257 laminarum
2695 2200 2770 2274 (ῃ)
2795 2213 2848 2258 et
2870 2204 3080 2258 annulis
3113 2203 3342 2258 virorum
3376 2220 3563 2258 aurum
3591 2203 3712 2276 (I5)

2107 2294 2295 2350 fuisset
2335 2294 2455 2363 igne
2489 2294 2798 2361 conﬂatum,
2846 2304 2900 2350 et
2948 2298 3297 2364 processisset
3328 2297 3406 2351 eis
3452 2297 3710 2352 bubulum

2108 2380 2287 2458 caput,
2332 2387 2453 2441 huic
2497 2385 2748 2461 ﬁgmento
2805 2387 3086 2442 universus
3115 2388 3306 2454 Israel,
3356 2390 3543 2442 relicto
3601 2390 3708 2441 lteo

2110 2481 2367 2563 honor‘cm
2399 2480 2684 2547 dederunt,
2711 2479 2987 2536 diecntcs:
3022 2479 3093 2533 lli
3123 2488 3238 2535 sunt
3266 2481 3344 2535 dei
3369 2480 3486 2551 (l4)
3509 2482 3592 2551 qui
3620 2496 3711 2534 nos

2109 2574 2360 2644 ejeccrunt
2394 2572 2457 2626 de
2485 2581 2618 2626 terra
2646 2570 2885 2643 Aa‘gypti.
2921 2571 3012 2627 Sic
3044 2588 3273 2642 namque
3321 2574 3709 2643 posterioribus

2111 2667 2458 2737 temporibus,
2488 2667 2682 2736 quibus
2718 2681 2875 2736 rcch
2902 2668 2980 2722 eis
3013 2669 3364 2739 imperabant.
3396 2667 3476 2741 (ll)
3505 2676 3556 2721 et
3584 2683 3707 2721 cum

2112 2760 2430 2817 Ilieroboam
2453 2776 2644 2817 vaccas
2664 2776 2855 2817 aureas
2880 2771 2933 2816 ct
2978 2762 3127 2816 lucos
3148 2761 3414 2826 colebant,
3438 2771 3491 2816 et
3524 2758 3708 2814 Baltati

2110 2870 2169 2911 se
2198 2854 2603 2924 mancipabant:
2634 2853 2773 2908 unde
2806 2852 3058 2923 probatur
3090 2853 3207 2925 (ίὸ)
3238 2868 3331 2907 eos
3360 2866 3574 2922 semper
3599 2852 3709 2907 ido-

2113 2947 2338 3002 lolatria:
2367 2946 2593 3002 crimine
2617 2959 2739 3001 reos
2764 2945 3073 3016 designatos
3101 2961 3169 2999 ex
3201 2947 3556 3000 instrmnento
3578 2945 3712 2999 divi-

2114 3055 2299 3095 narum
2330 3040 2746 3109 Scripturarum.
2782 3037 2975 3093 Noster
3002 3052 3130 3092 vero
3170 3036 3399 3108 populus
3429 3038 3623 3103 minor,
3661 3038 3713 3092 id

2112 3143 2196 3188 est
2225 3134 2508 3202 posterior,
2543 3132 2742 3188 relictis
2776 3131 2934 3186 idolis
2964 3132 3159 3202 quibus
3198 3143 3323 3185 ante
3349 3130 3710 3195 (ICSt‘t‘t’ichat,

2114 3227 2178 3281 ad
2201 3225 2445 3282 eumdem
2472 3226 2636 3282 Deum
2657 3239 2949 3279 conversus
2978 3234 3063 3280 est
3086 3240 3115 3277 a
3138 3239 3242 3294 quo
3269 3222 3449 3287 Israel,
3474 3233 3526 3278 ut
3552 3238 3712 3292 supra

2111 3319 2548 3385 memoravimus,
2595 3319 2952 3374 abscesserat.
3029 3318 3120 3373 Sic
3184 3331 3414 3388 namque
3487 3316 3716 3385 populus

2109 3414 2307 3480 minor,
2337 3413 2387 3468 id
2414 3424 2498 3469 est
2519 3412 2801 3484 posterior,
2838 3410 3093 3481 populum
3127 3412 3384 3480 majorem
3412 3410 3709 3479 superavit,

2108 3506 2235 3562 dum
2275 3506 2501 3577 gratiam
2549 3505 2742 3561 divina)
2771 3504 3099 3576 dignationis
3134 3503 3503 3574 consequitur,
3542 3521 3570 3558 a
3608 3520 3711 3573 qua

2113 3599 2273 3655 Israel
2295 3608 2378 3655 est
2406 3599 2729 3669 repudiatus.

1687 3689 1976 3746 LECTION
1986 3690 2067 3748 ES
2109 3692 2193 3748 VA
2204 3692 2313 3748 RIA
2323 3691 2520 3748 NTES.

501 3785 630 3850 t)Ex
658 3786 875 3850 panibus
897 3784 1030 3836 abest
1051 3787 1241 3836 aPam.
1264 3781 1460 3850 Qberth.
1489 3784 1642 3837 Seml.

498 3845 542 3912 ὲ)
582 3845 878 3912 Quibusdam
910 3850 1247 3912 spectantibus
1283 3845 1790 3912 (prospectatoribus
1833 3847 2009 3912 Rhea.)

410 3910 659 3963 sibilortnn
684 3910 849 3960 nubilo
873 3911 1079 3974 quodam
1097 3911 1372 3974 iurgiorum
1394 3910 1494 3959 Lat.

494 3976 544 4024 51
567 3975 880 4024 Lectionibus
893 3971 1270 4024 'UberthJSeinl.

504 4037 543 4087 ll
571 4037 673 4087 Sibi
696 4040 825 4086 abest
842 4050 870 4085 a
891 4037 1011 4085 Jun.

495 4095 546 4150 5)
575 4100 656 4149 Est
681 4097 877 4149 Obertli.
906 4095 1056 4148 Seml.

494 4162 544 4213 til
563 4163 625 4212 Et
646 4164 779 4212 abest
798 4174 828 4209 a
850 4164 995 4210 Pam.
1014 4166 1057 4210 et
1084 4162 1206 4210 Par.

498 4222 549 4289 Τ)
576 4225 714 4284 Τυιιιι
734 4237 871 4272 orum
901 4223 983 4286 (de
1009 4223 1230 4289 I‘lcbecz'a
1253 4262 1265 4280 ,
1290 4223 1354 4289 de
1378 4222 1572 4289 duobus
1595 4222 1807 4285 populis)
1834 4223 2013 4289 intelli-

414 4283 561 4349 gitur.
604 4283 796 4349 l_Itmcce
841 4283 1165 4349 parenthesint
1197 4284 1402 4349 quasia
1438 4283 1719 4349 glossemate
1752 4283 2014 4349 profectam

413 4346 643 4415 exptmgit
665 4351 778 4415 Lat.
796 4348 902 4413 Ilig.
926 4350 1051 4415 Jun.
1074 4346 1231 4397 autem
1254 4346 1517 4415 arbitratur
1546 4360 1573 4396 e
1601 4346 1904 4415 sequentibus
1921 4347 2015 4399 hac

416 4406 517 4463 esse
538 4406 1068 4473 transpodtamneml.
1095 4423 1262 4520 lletlgw
1283 4416 1387 4521 post
1414 4410 1546 4471 prior
1573 4416 1624 4458 et
1647 4406 1817 4471 ritajor.
1847 4413 2009 4463 Obert.

416 4474 707 4521 'l'emuormn
729 4474 792 4521 de
816 4473 1038 4521 llebecca
1057 4507 1072 4521 .
1096 4473 1160 4521 de
1216 4484 1280 4521 uo
1316 4485 1373 4521 us
1397 4471 1590 4521 Donulis
1610 4510 1622 4521 .
1650 4472 1943 4521 intelligitur
1965 4476 2009 4521 id

415 4474 707 4539 'l'empormn
729 4474 792 4523 de
816 4473 1038 4522 Ilebecca
1057 4507 1072 4533 ,
1096 4473 1160 4522 de
1182 4473 1280 4522 duo

1316 4485 1373 4521 us
1397 4459 1590 4535 papulis
1610 4510 1622 4531 ,
1650 4459 2015 4536 intelligiturin
2042 4459 2093 4517 D

2114 3800 2275 3858 posse.
2293 3791 2695 3858 ﬂyperbatonest
2718 3784 2848 3840 locus
2870 3786 2960 3840 iste
2983 3793 3068 3839 aut
3087 3791 3344 3851 corruptus
3364 3822 3377 3847 ,
3402 3791 3481 3838 cut
3506 3799 3569 3839 ex
3604 3791 3715 3838 MS.

2114 3851 2302 3901 mederi
2318 3851 2410 3904 nim
2434 3851 2590 3903 licuit.
2617 3853 2743 3902 Pan.

2200 3912 2251 3976 8)
2278 3916 2493 3977 Adeptos
2517 3913 2668 3966 Rhea.
2698 3912 2859 3965 Obert.

2202 3978 2251 4038 9)
2268 3977 2471 4038 Dictum
2495 3977 2647 4028 then.

2212 4037 2281 4095 l0)
2308 4039 2369 4088 lit
2391 4040 2521 4090 abest
2544 4055 2574 4089 a
2598 4042 2741 4089 P..m.
2772 4037 2937 4090 Obert.
3630 4092 3633 4095 .

2210 4098 2281 4163 ll)
2310 4102 2591 4151 Divinarum
2615 4104 2977 4163 Scripturarum
2998 4100 3129 4152 abest
3151 4114 3182 4151 a
3220 4102 3360 4150 Pam.
3390 4098 3539 4153 Rhea.
3558 4099 3721 4155 Obcrt.

2116 4162 2380 4229 mattiarios
2402 4172 2602 4229 usurpat
2622 4176 2711 4229 pro
2727 4162 3004 4229 ’Scripturis
3025 4163 3179 4215 sacris
3206 4166 3344 4214 Pam.

2212 4227 2284 4291 I2)
2311 4227 2459 4291 Major
2484 4226 2611 4291 abest
2623 4226 2663 4277 ἀ
2689 4230 2833 4291 Pan.
2850 4226 2905 4278 et
2922 4226 3075 4279 Rhea.

2212 4291 2264 4338 15
2312 4288 2494 4338 Aurum
2520 4288 2661 4341 delet.
2688 4290 2810 4339 Jun.

2212 4352 2266 4399 14
2313 4352 2389 4400 Dii
2414 4351 2576 4404 (lberi.
2599 4350 2751 4403 Seml.

2215 4290 2286 4478 liii
2317 4413 2584 4464 Putabatur
2606 4413 2709 4465 alii.
2732 4408 2741 4417 ’

2179 3915 2197 4165 l

2212 4350 2286 4417 14)
2313 4352 2389 4417 l_)ii
2414 4351 2576 4417 (lberi.
2599 4350 2751 4417 Seml..

2185 4413 2286 4478 (lii)
2317 4413 2584 4464 Putabatur
2606 4413 2709 4465 alii.

1692 4624 1700 4628 _
1771 4557 2335 4620 COMMENTARIUS.

488 4650 640 4706 CAP.
698 4649 737 4704 I.
764 4679 834 4690 —-
860 4648 935 4723 (a)
982 4648 1085 4705 Sed
1131 4649 1225 4705 ubi
1247 4659 1301 4705 et
1326 4649 1579 4721 quando?
1609 4649 1728 4721 quis
1756 4650 1847 4707 ille
1877 4652 2018 4707 chri-

421 4723 657 4778 stianos?
688 4724 853 4778 Senc.

490 4793 567 4864 (b)
601 4793 664 4847 Et
710 4792 963 4865 proselyto
994 4794 1184 4862 iudwo.
1237 4793 1361 4849 Hmc
1386 4810 1485 4847 vox
1532 4794 1581 4847 in
1608 4793 1880 4864 Scriptura
1925 4810 2019 4850 oc-

421 4877 585 4920 currit
614 4864 1072 4935 smpe;signiticat
1114 4877 1291 4920 autem
1320 4864 1458 4933 apud
1489 4865 1699 4919 Judaeos
1749 4866 2018 4921 hominem

422 4938 680 4991 advenam
722 4953 813 4991 seu
851 4936 1225 5002 adventitiutn,
1269 4939 1355 5005 qui
1400 4952 1521 4989 cum
1548 4951 1651 4989 non
1685 4937 1751 4989 sit
1776 4937 2017 5004 Joda'us,

424 5009 488 5063 ad
520 5025 702 5062 eorum
737 5019 912 5062 tamen
944 5007 1111 5077 legem
1141 5025 1203 5061 ex
1235 5007 1524 5076 gentilibus
1546 5009 1795 5062 accessit.
1824 5008 1901 5063 Ls
1923 5009 2017 5064 l'n.

496 5080 572 5151 (e)
607 5078 932 5133 Contentioso
973 5083 1114 5151 fune.
1151 5078 1559 5151 Proverbialiter
1603 5078 1754 5151 dixit,
1803 5080 2023 5134 alternis

430 5148 632 5204 vicibus
661 5148 998 5204 contentiosa
1038 5149 1181 5212 l'une,
1216 5158 1439 5220 uterque
1470 5148 1608 5201 diem
1642 5148 1693 5202 iu
1739 5165 2021 5220 vesperam

431 5231 721 5287 traxerunt,
751 5221 828 5275 sic
856 5222 905 5275 in
941 5221 1075 5274 libro
1105 5221 1167 5272 de
1214 5218 1599 5274 Resurrectione
1621 5220 1789 5275 carnis
1812 5218 2023 5277 {Modo

430 5309 580 5351 nunc.
616 5293 808 5360 inquit,
848 5291 1181 5364 contentiosa,
1206 5293 1326 5364 fune
1361 5290 1631 5359 deducere,
1664 5291 1760 5344 hac
1803 5309 1869 5346 an
1903 5293 2024 5348 illac

431 5364 679 5418 hominem
708 5363 922 5433 perditio
947 5360 1250 5433 depostule't.
1284 5360 1456 5416 linea.

524 5433 579 5506 tt)
606 5432 822 5489 Scilicet
847 5433 998 5487 inibi.
1026 5432 1197 5506 seut.

523 5504 579 5576 e)
625 5506 738 5560 Sibi
772 5506 1049 5559 vindicare.
1081 5504 1248 5576 Vatic.
1283 5504 1765 5576 codexcendicare,
1801 5505 2025 5575 perinde

434 5574 543 5641 est;
564 5574 695 5631 nam
726 5586 776 5631 et
813 5576 1083 5630 vindicare
1112 5574 1251 5645 quod
1286 5591 1316 5630 a
1349 5574 1590 5630 vindiciis
1619 5576 1913 5642 derivatur,
1945 5587 2027 5632 est

437 5663 544 5702 rem
573 5659 974 5703 controversam
1005 5646 1104 5700 sibi
1137 5647 1408 5701 adserere.
1441 5648 1574 5702 Pan.
1806 5686 1807 5691 η

504 5717 567 5791 (I')
601 5717 709 5773 Nec
735 5718 967 5791 discrevit
988 5720 1223 5788 gratiam.
1255 5717 1435 5791 Codex
1469 5718 1774 5786 Fuldensis,
1793 5718 1905 5774 Nec
1921 5720 2028 5774 dis-

434 5788 578 5861 creuit
605 5791 786 5861 gratia.
816 5788 968 5861 Quod
996 5791 1190 5844 rectius
1217 5800 1319 5845 est.
1348 5790 1469 5861 lito.

508 5858 696 5933 (g)'Et
752 5860 957 5914 annulis
1003 5861 1246 5916 virorum.
1301 5860 1561 5917 Similiter
1610 5860 1672 5916 Β.
1721 5862 2033 5918 Ambrosius

2126 4680 2281 4750 epist.
2334 4679 2427 4743 56,
2461 4679 2524 4734 ad
2569 4680 2891 4736 Romulum:
2939 4681 3156 4736 Coactus
3197 4680 3353 4748 igitur
3390 4681 3561 4736 Aaron
3609 4682 3732 4749 petit

2126 4753 2342 4806 annnlos
2367 4768 2540 4806 eorum
2592 4764 2638 4806 et
2667 4754 2872 4807 inaures
2899 4755 3187 4807 mulierum.
3221 4751 3352 4807 Cum
3381 4764 3557 4807 autem
3586 4753 3729 4807 istud

2129 4840 2304 4881 neque
2334 4839 2509 4893 gra-ce
2538 4823 2702 4879 hodie
2742 4824 2970 4893 legatur,
3002 4839 3174 4893 neque
3206 4823 3369 4878 latine
3413 4824 3466 4878 in
3494 4825 3731 4879 editione

2128 4894 2187 4948 Β.
2224 4895 2529 4966 Ilieronymi
2558 4896 2878 4965 reperiatur,
2908 4894 3404 4966 oportetdivcrsam
3431 4896 3591 4949 luisse
3614 4910 3730 4963 sep-

2129 4969 2361 5036 tnagiuta
2404 4964 2639 5021 virorum
2668 4966 2956 5020 editionem
2991 4964 3303 5035 quibusdam
3342 4966 3390 5017 in
3424 4966 3552 5019 locis
3573 4966 3640 5019 ab
3664 4982 3731 5021 ea

2127 5053 2245 5106 qum
2269 5052 2407 5091 nunc
2433 5048 2626 5103 exsmt,
2646 5038 2784 5104 quod
2809 5039 3157 5090 continuatur
3178 5051 3241 5089 ex
3268 5036 3438 5089 verbis
3469 5053 3585 5107 qua:
3605 5051 3733 5091 mox

2129 5111 2196 5163 ab
2225 5108 2459 5164 Auctore
2488 5109 2732 5162 citantur.
2771 5108 2907 5162 Pan.

2203 5219 2284 5293 (b)
2316 5220 2521 5293 Etcum
2556 5219 2866 5275 Hieroboam
2893 5236 3070 5275 vaccas
3090 5235 3291 5287 aureas,
3315 5227 3420 5276 etc.
3453 5221 3731 5278 Iudaicam

2132 5292 2567 5363 Superstitionem
2597 5304 2651 5346 et
2680 5292 3035 5363 idololatrian:
3070 5293 3383 5363 insectatur,
3413 5295 3497 5345 cui
3533 5295 3731 5361 procli-

2134 5364 2249 5417 vior
2289 5364 2385 5417 fuit
2412 5377 2546 5433 gens
2577 5363 2684 5416 illa.
2733 5362 2960 5417 Notatur
2991 5363 3075 5416 hic
3107 5362 3375 5430 prxeipue’
3418 5380 3505 5417 rex
3542 5364 3732 5417 Πίου-υ-

2135 5434 2290 5488 boam
2316 5433 2539 5504 primus,
2565 5434 2677 5504 qui,
2699 5448 2818 5487 cum
2838 5433 2888 5504 in
2913 5449 3093 5502 regem
3111 5443 3321 5486 creatus
3341 5445 3504 5496 esset,
3531 5436 3734 5489 veritus

2132 5520 2218 5570 ne,
2268 5502 2596 5558 siilsraclitai
2638 5502 3061 5574 Hierosolymam
3094 5514 3410 5574 remearent
3450 5505 3514 5558 ad
3555 5520 3733 5570 sacra,

2131 5576 2251 5630 illos
2287 5575 2508 5628 tmderet
2532 5573 2745 5629 divortii
2776 5572 2916 5645 quod
2946 5585 3055 5627 tum
3084 5572 3344 5635 iecerant,
3379 5584 3435 5627 ut
3474 5575 3734 5629 baberent

2132 5646 2274 5714 apud
2303 5661 2363 5700 se
2393 5644 2538 5715 quod
2573 5644 2827 5713 colerent,
2865 5645 3063 5699 vitulos
3088 5658 3281 5697 aureos
3310 5646 3500 5715 erexit,
3524 5645 3575 5699 in
3620 5646 3733 5701 llau

2136 5713 2320 5779 ummt,
2347 5713 2656 5772 et‘alterum
2684 5718 2735 5770 in
2767 5716 2972 5781 Betltel,
3002 5715 3195 5784 quibus
3225 5713 3552 5784 saeritirulos
3576 5716 3731 5769 addi-

2135 5789 2232 5851 dit,
2287 5787 2559 5858 vetuitque
2599 5803 2667 5843 nc
2717 5783 3436 5858 IsraelitieiHierosolymam
3463 5785 3738 5858 _d8ill(1t‘|l8

2137 5852 2521 5917 commearent.
2553 5859 2786 5915 llabetur
2813 5857 3033 5912 historia
3062 5855 3124 5911 Ill
3156 5852 3284 5925 Reg.
3310 5852 3425 5909 XII.
3463 5855 3537 5910 Le
3566 5857 3661 5911 Pa.
