4062 6288
312 296 417 353 599

962 411 1189 470 CAPUT
1230 411 1291 468 ll.

381 511 543 579 igitur
567 508 786 579 gradum
817 506 1178 568 conferamus.
1212 517 1267 561 et
1296 520 1564 560 summam
1595 505 1903 576 qurestiou’s

308 602 472 670 ipsius
529 602 691 656 certis
730 602 881 655 lineis
927 599 1345 655 detetminemus
1388 598 1487 672 (Ι).
1538 602 1647 653 Cur
1704 600 1900 653 ctenim

308 695 470 760 Deus,
496 694 859 748 universitatis
881 693 1147 757 conditur,
1171 690 1355 746 mundi
1373 695 1535 745 totius
1553 691 1897 762 gubernator,

307 786 539 840 hominis
560 786 870 855 plasmator,
895 784 1261 839 universarum
1278 784 1515 854 gentium
1538 792 1704 849 sator,
1731 782 1901 852 legem

301 893 397 949 per
420 876 641 949 Moysen
674 876 764 930 nni
793 876 987 947 popqu
1008 874 1221 929 dedisse
1252 873 1522 941 credatur,
1550 884 1605 930 et
1644 889 1750 929 non
1779 887 1898 926 om-

302 970 460 1025 nibus
487 969 738 1040 gentibus
758 969 1067 1024 attribuisse
1092 967 1324 1023 dicatur?
1344 967 1454 1022 Nisi
1478 966 1623 1024 enim
1649 966 1900 1022 omnibus

301 1078 420 1116 eam
448 1062 706 1127 dedisset,
734 1062 883 1117 nullo
901 1070 1058 1133 pacto
1085 1060 1153 1115 ad
1179 1075 1296 1114 eam
1325 1059 1483 1115 etiam
1507 1059 1805 1131 proselytos
1825 1073 1898 1113 ex

299 1155 547 1223 gentibus
574 1166 848 1210 accessum
872 1153 1070 1208 habere
1109 1152 1470 1223 permitteret:
1501 1150 1618 1216 sed,
1665 1160 1720 1205 ut
1764 1165 1897 1205 con-

298 1247 443 1315 gruit
480 1245 702 1299 bonitati
737 1244 830 1300 Dei
871 1253 924 1298 ct
963 1244 1199 1315 :equitati
1229 1241 1417 1313 ipsius,
1452 1251 1634 1311 utpote
1668 1240 1897 1312 plasma-

298 1338 429 1391 toris
480 1337 696 1406 generis
752 1336 992 1402 humani,
1041 1335 1292 1390 omnibus
1341 1334 1589 1405 gentibus
1651 1333 1895 1389 eamdem

299 1430 467 1497 legem
499 1427 677 1483 dedit:
725 1443 883 1499 quam
914 1427 1078 1482 eertis
1116 1435 1172 1482 et
1201 1426 1415 1482 statutis
1447 1426 1779 1498 temporibus
1803 1426 1899 1481 ob-

294 1521 495 1575 servari
531 1521 805 1591 pr.rcepit,
833 1520 1048 1589 quando
1086 1519 1274 1585 voluit,
1306 1528 1362 1574 et
1401 1535 1496 1590 per
1531 1535 1668 1591 quos
1706 1520 1892 1588 voluit,

294 1625 345 1668 et
373 1616 511 1667 sicut
542 1614 727 1668 voluit.
763 1613 1002 1683 Namque
1029 1613 1079 1667 in
1111 1613 1373 1683 principio
1406 1613 1612 1678 mundi,
1640 1614 1738 1683 ipsi
1766 1612 1894 1668 Αιιλο

1685 274 2149 348 τιξιιτιιιιλΑΝι

1934 415 1981 470 Α
2013 420 2132 463 sent
2159 409 2319 465 l'uturi
2350 408 2511 481 (Ibid.
2539 406 2593 480 θ’)
2615 424 2626 459 :
2650 413 2809 475 atque
2838 405 2905 460 ita
2935 419 3035 459 uec
3058 404 3221 459 Deum
3241 402 3606 470 ollendissent,

3509 288 3612 345 600

2010 509 2066 555 ut
2092 512 2319 570 patretn,
2352 501 2440 569 qtti
2470 515 2567 554 eos
2597 499 2663 552 de
2692 498 2820 552 limo
2851 508 3008 552 terra:
3035 497 3181 566 quasi
3212 512 3275 552 ex
3318 506 3467 550 utero
3497 512 3610 548 nta-

2007 595 2103 648 tris
2141 594 2490 659 ligurarerat:
2541 591 2585 646 si
2615 590 2846 646 alienum
2893 605 2997 644 nou
3035 590 3409 658 concupissent
3479 586 3559 660 (5)
3588 628 3604 652 ,

2006 688 2073 741 de
2104 686 2278 741 l'ructu
2307 686 2490 740 illicito
2531 699 2639 740 nou
2662 694 2993 755 gustassent.
3037 683 3200 754 Igitur
3227 683 3279 737 in
3317 681 3415 737 hac
3446 682 3611 752 gene-

2005 780 2102 834 rali
2144 791 2197 834 et
2245 777 2576 851 primordiali
2608 779 2700 833 Dei
2730 778 2867 849 lege,
2901 793 3059 846 quam
3098 778 3150 831 in
3196 777 3402 831 arboris
3439 776 3608 831 fructu

2004 872 2280 929 observari
2305 873 2445 928 Dens
2467 880 2738 934 sanxerat.
2773 871 2953 926 omnia
2982 880 3245 941 praseepta
3274 869 3407 940 legis
3435 878 3613 940 postc-

2006 965 2166 1020 l‘ittris
2195 963 2505 1033 specialiter
2527 963 2694 1019 indita
2723 963 2886 1018 fuisse
2917 964 3311 1033 cognoscimus,
3340 976 3461 1031 qua:
3500 962 3610 1014 suis

2004 1056 2332 1127 temporibus
2344 1056 2483 1111 edita
2497 1058 2929 1127 germinaveruut
2956 1054 3208 1126 Ejusdem
3222 1054 3456 1110 estenint
3474 1062 3613 1123 post-

2001 1162 2063 1203 ea
2091 1146 2390 1203 subdocere
2412 1147 2606 1218 legem,
2630 1150 2719 1218 qui
2746 1156 2871 1203 ante
2900 1148 3227 1218 pra-miserat
3261 1154 3606 1216 pra-ceptum,

2000 1242 2251 1312 quoniam
2270 1249 2325 1296 et
2349 1241 2515 1311 ipsius
2533 1250 2614 1296 est
2634 1239 2848 1296 erudire
2866 1249 3047 1310 postea
3067 1240 3156 1310 qui
3175 1239 3481 1309 antejustos
3502 1237 3611 1295 lor-

2001 1353 2150 1392 mare
2172 1336 2492 1392 instituerat.
2511 1335 2649 1404 Quid
2672 1336 2815 1390 enim
2837 1335 3053 1401 mirum,
3072 1335 3117 1389 si
3139 1335 3182 1388 is
3194 1344 3353 1404 auget
3372 1332 3610 1402 discipli-

1999 1444 2120 1483 nam
2145 1426 2218 1501 (b)
2242 1428 2328 1497 qui
2362 1427 2625 1482 instituit?
2650 1427 2694 1481 si
2727 1428 2771 1482 is
2802 1425 3025 1497 perfecit
3048 1423 3127 1499 (4)
3154 1426 3243 1497 qui
3262 1426 3458 1495 ctepit?
3507 1426 3609 1480 De-

1999 1521 2159 1593 nique
2184 1530 2308 1576 ante
2336 1520 2507 1592 legem
2530 1519 2696 1590 Moysi
2719 1520 2971 1590 scriptam
2988 1518 3061 1592 (c)
3090 1519 3140 1573 in
3172 1517 3366 1572 tabulis
3388 1517 3611 1586 lapideis

2003 1612 2174 1698 legem
2209 1610 2371 1667 fuisse
2396 1610 2665 1666 contendo
2705 1625 2809 1664 non
2841 1611 3118 1679 scriptam,
3143 1624 3263 1680 quae
3296 1609 3611 1663 naturaliter
3658 1677 3707 1680 Η

250 1742 263 1747 -
290 1717 344 1759 et
378 1705 505 1759 Eva:
536 1706 704 1772 legem
733 1703 902 1770 dedit,
935 1720 1003 1760 ne
1031 1704 1099 1759 de.
1128 1703 1301 1759 fructu
1328 1703 1538 1759 arboris
1569 1704 1818 1773 plantam
1840 1705 1891 1760 in
1922 1706 1925 1711 ’
1966 1692 2413 1789 intelligebatur,
2437 1714 2490 1759 et
2534 1719 2563 1758 a
2596 1704 2832 1773 patribus
2857 1702 3280 1757 cnstmliehatur.
3310 1701 3441 1756 Nam
3467 1701 3609 1756 unde

294 1796 472 1852 metlio
526 1795 755 1866 paradisi
800 1796 1050 1860 eth-rent;
1091 1796 1232 1867 quod
1286 1797 1330 1851 si
1382 1806 1565 1852 contra
1607 1795 1880 1865 fecissent,
1913 1804 1961 1864 Β
1996 1797 2279 1870 Noejustus
2304 1782 3288 1866 inventuﬁGeanﬂW,
3316 1792 3608 1866 l7),siuon

293 1899 465 1946 morte
493 1898 831 1945 morerentur
860 1889 1012 1962 (Gen.
1038 1889 1100 1951 ll,
1122 1888 1214 1961 7):
1245 1906 1362 1959 qttzu
1391 1889 1472 1945 lex
1495 1890 1574 1945 eis
1601 1890 1880 1953 subiceret,

292 1982 337 2037 si
370 1992 515 2036 essm
542 1980 826 2037 custodita.
857 1980 914 2036 In
946 1981 1045 2036 hac
1076 1981 1218 2036 enim
1243 1980 1359 2051 lege
1383 1980 1511 2036 Adze
1539 1980 1681 2042 data.
1713 1984 1893 2037 omnia

292 2084 557 2145 praecepta
590 2074 803 2129 condita
836 2074 1273 2144 recognoscimus
1304 2089 1422 2143 qua:
1451 2083 1633 2143 postea
1665 2074 1895 2146 pullula-

290 2177 485 2222 wrunt
511 2168 633 2222 data
663 2184 757 2238 per
788 2166 1028 2238 Moysen,
1062 2166 1114 2221 id
1141 2178 1246 2233 est,
1272 2165 1356 2240 (η)
1396 2166 1589 2238 Diliges
1617 2153 1894 2221 Dominam

291 2259 458 2314 Deum
500 2271 640 2314 tuum
684 2259 746 2313 de
778 2268 880 2314 toto
927 2259 1080 2313 corde
1126 2269 1233 2325 tuo,
1274 2269 1320 2314 et
1359 2275 1424 2315 ea:
1470 2268 1572 2314 tota
1610 2261 1782 2313 anima
1807 2271 1894 2314 tua

291 2354 496 2427 (Dent.,
535 2354 621 2421 VI,
652 2355 733 2427 5);
761 2366 834 2415 et.
872 2353 1063 2425 Diliges
1093 2356 1380 2425 proximum
1435 2353 1524 2408 tibi
1554 2352 1635 2427 (ἓ)
1655 2366 1895 2426 tanquam

289 2460 337 2503 te
364 2449 575 2522 (Levit.,
599 2448 744 2512 XIX,
772 2448 898 2517 18);
925 2459 999 2514 et,
1028 2446 1147 2502 Non
1168 2448 1386 2513 occides,
1414 2465 1524 2503 non
1544 2448 1889 2513 mazchuberis,

289 2557 391 2595 non
423 2540 693 2609 furaberis.
745 2540 933 2611 falsam
971 2540 1310 2595 testimonium
1342 2555 1443 2593 non
1483 2539 1638 2595 dites.
1681 2539 1892 2595 Honora

290 2642 486 2700 patrem
514 2639 655 2685 tuttnt
680 2641 727 2684 et
765 2641 973 2684 matrem
1002 2629 1223 2703 (Exod.,
1253 2628 1376 2694 XX,
1407 2628 1471 2686 12
1509 2628 1623 2703 l7):
1653 2641 1726 2695 et,
1751 2631 1892 2685 Alie-

288 2739 409 2776 num
441 2739 540 2777 non
571 2723 894 2793 concupisces
930 2721 1136 2796 (Dent.,
1171 2721 1235 2785 ν,
1266 2720 1475 2795 16-21).
1521 2724 1891 2779 Primordialis

286 2815 372 2869 lex
420 2824 504 2868 est
549 2815 691 2869 enim
740 2814 864 2870 data
892 2814 1104 2874 Adeet
1143 2813 1268 2869 Era:
1316 2816 1366 2868 in
1417 2815 1688 2886 paradiso,
1738 2816 1889 2887 quasi

287 2907 481 2962 matrix
511 2909 753 2963 ontuium
782 2917 1170 2979 prtecepturum
1202 2908 1314 2962 Dei.
1350 2907 1613 2979 Denique,
1637 2910 1680 2964 si
1707 2909 1888 2965 Domi-

286 3018 416 3057 num
449 3001 610 3058 Detun
641 3017 796 3057 suum
828 3002 1164 3069 dilexissem,
1195 3010 1381 3057 contra
1418 3013 1744 3073 prteceptum
1772 3004 1888 3075 ejus

291 3113 397 3151 non
431 3096 714 3153 faris-sent:
753 3096 798 3151 si
828 3097 1128 3166 proximum
1155 3095 1461 3167 diligerent,
1495 3097 1543 3150 id
1568 3105 1650 3150 rst
1682 3109 1886 3153 semet-

2000 1891 2146 1945 illum
2170 1888 2426 1943 naturalis
2451 1886 2793 1978 legisjustitia
2811 1887 3170 1956 pecccdehat?
3189 1885 3329 1940 unde
3349 1884 3609 1939 Abraham

1997 1983 2193 2036 amicas
2222 1979 2319 2035 Dei
2368 1974 2637 2051 tlepums
2675 1976 2801 2050 (13.,
2832 1977 2946 2032 XLI
2974 2020 2988 2043 ,
3034 1977 3088 2044 8',
3114 1977 3235 2033 Jac.
3265 2020 3278 2043 ,
3313 1976 3377 2042 ll,
3402 1974 3519 2048 25).
3563 1977 3608 2031 si

2000 2090 2104 2129 non
2153 2073 2223 2128 de
2271 2071 2522 2143 :rquitatc
2578 2080 2633 2128 cl.
2672 2071 2898 2140 justitite
2945 2071 3078 2141 legis
3128 2069 3423 2124 naturalis?
3470 2072 3612 2125 unde

2002 2167 2055 2223 Μ
2062 2166 2369 2224 elchisederh
2395 2166 2632 2220 sacerdos
2650 2163 2746 2219 Dei
2756 2165 2940 2218 summi
2968 2163 3145 2237 (Gem,
3171 2162 3312 2226 XIV,
3340 2159 3429 2236 l8)
3471 2179 3609 2217 nunc

1997 2268 2241 2331 eupatus,
2271 2259 2315 2314 si
2345 2276 2449 2314 non
2493 2267 2614 2313 ante
2642 2258 2891 2313 [ιρινὶιὶοω
2918 2258 3050 2329 legis
3093 2257 3452 2311 sacerdotium
3502 2257 3605 2312 Le-

2000 2354 2124 2409 vitze
2154 2353 2388 2419 luerunt,
2415 2352 2507 2423 qui
2532 2350 2791 2407 sacrificia
2827 2350 2935 2406 Deo
2968 2348 3298 2404 oll'ercbant?
3337 2349 3428 2405 Sic
3453 2349 3601 2405 enim

1999 2457 2117 2517 post
2155 2462 2313 2518 supra
2340 2446 2569 2516 scriptos
2609 2445 2940 2515 patriarchas
2978 2444 3100 2498 data
3128 2443 3211 2499 lex
3239 2455 3319 2499 est
3346 2444 3509 2516 Moysi
3539 2460 3608 2500 eo

1997 2548 2238 2610 trmpore
2267 2548 2611 2608 posteaquam
2634 2536 2703 2592 ab
2730 2535 2962 2608 Egypto
2985 2546 3352 2600 exce~scrunt,
3380 2547 3497 2603 post
3519 2536 3602 2590 in-

1998 2630 2272 2688 tervallum
2298 2630 2585 2683 multorum
2606 2641 2907 2699 temporum
2926 2638 2979 2683 et
2999 2629 3167 2698 spatia
3209 2627 3467 2699 Denique,
3485 2638 3607 2699 post

1994 2723 2415 2794 quadringentos
2432 2731 2487 2777 et
2504 2721 2717 2792 triginta
2737 2736 2906 2777 annos
2919 2721 3146 2775 Ahralue
3162 2721 3282 2776 data
3296 2732 3379 2777 est
3398 2720 3591 2795 lex(d).

1996 2814 2150 2872 Unde
2180 2814 2528 2885 intelligimus
2562 2814 2652 2871 Dei
2687 2814 2857 2882 legem
2883 2814 3043 2869 etiam
3072 2824 3200 2869 ante
3234 2814 3473 2887 Moysen,
3499 2830 3601 2869 nec

1995 2909 2046 2964 in
2079 2909 2261 2965 lloreb
2291 2918 2519 2975 tantum,
2548 2916 2640 2963 aut
2670 2908 2721 2963 in
2761 2907 2889 2962 Sina
2918 2915 2968 2962 et
3015 2908 3065 2962 in
3093 2923 3298 2975 eremo,
3340 2908 3433 2963 sed
3463 2909 3601 2965 anti-

1993 3003 2235 3074 quiorem
2268 2999 2344 3075 (5)
2378 3001 2606 3071 priumm
2659 3000 2710 3055 in
2767 2998 3035 3071 paradiso,
3085 3008 3203 3069 post
3257 2999 3598 3070 patriarehis,
3648 3037 3691 3071 ,

1989 3104 2149 3165 atque
2180 3093 2251 3148 ita
2275 3102 2330 3147 et
2358 3091 2560 3147 Judmis
2603 3092 2766 3146 certis
2798 3091 3132 3160 temporibus
3184 3090 3527 3145 reformata»:
3557 3107 3573 3155 ;

291 3191 462 3258 ίιευς,
495 3189 828 3260 persuasioui
874 3190 1139 3258 serpentis
1172 3204 1278 3243 non
1315 3188 1698 3254 credidissent;
1731 3199 1891 3260 atque
1919 3198 1963 3259 ί]
1997 3195 2056 3241 ιιι
2082 3202 2186 3241 non
2212 3185 2320 3256 jtm
2354 3184 2419 3239 ad
2450 3183 2617 3255 Moysi
2644 3185 2814 3255 legem
2851 3184 2920 3239 ita
2962 3183 3322 3245 attendamus.
3352 3185 3501 3255 quasi
3522 3183 3588 3239 ad

294 3283 368 3338 ita
399 3282 451 3337 in
484 3282 805 3353 semetipsos
836 3282 1180 3338 homicidium
1211 3298 1317 3337 non
1350 3283 1769 3345 commisissent,
1793 3300 1889 3338 ex.

290 3374 523 3430 cidendo
557 3375 624 3430 de
662 3375 1084 3440 immortalitate,
1117 3372 1367 3429 iaciendo
1406 3382 1591 3429 contra
1626 3374 1716 3430 ltci
1749 3391 1887 3445 pra:-

284 3476 532 3537 Ceplum;
578 3481 609 3521 a
648 3466 786 3521 lurto
823 3481 1041 3537 quoque
1082 3464 1488 3532 abstinuissent,
1516 3466 1560 3520 si
1605 3468 1673 3522 de
1715 3466 1894 3550 fructu

285 3559 495 3613 athuris
530 3558 667 3612 clam
718 3575 822 3612 non
866 3557 1244 3627 degustasseut
1288 3556 1465 3630 (Gem,
1495 3556 1582 3621 Ill,
1611 3556 1690 3632 6),
1724 3574 1824 3615 nec
1858 3574 1889 3615 a

284 3661 576 3721 conspectu
605 3651 813 3707 Domini
847 3650 938 3707 Dei
966 3650 1048 3706 sui
1076 3652 1175 3706 sub
1198 3651 1390 3707 arbore
1415 3651 1735 3709 delitescere
1763 3668 1884 3724 ges-

287 3743 475 3799 tissent
499 3741 660 3817 (Ibid.
693 3743 779 3814 8):
807 3757 907 3799 nec
935 3742 1124 3798 falsum
1153 3743 1479 3799 asseveranti
1516 3744 1730 3800 diabolo
1766 3760 1888 3817 par-

278 3835 468 3906 ticipes
491 3834 858 3903 efﬁcerentur,
893 3834 1170 3892 credendo
1196 3834 1245 3891 ei
1272 3834 1413 3907 quod
1440 3835 1644 3892 similes
1679 3836 1773 3894 Dei
1798 3852 1887 3893 es-

1995 3279 2341 3351 principalem
2386 3278 2600 3349 legem,
2644 3277 2740 3334 sed
2792 3277 2859 3332 ad
2915 3276 3375 3348 subsequentem,
3404 3271 3592 3354 (quam

1995 3381 2148 3427 certo
2176 3379 2419 3439 tempore
2453 3370 2597 3424 Deus
2625 3378 2680 3424 et
2709 3369 2956 3440 gentibus
2999 3369 3280 3434 exhibuit,
3324 3379 3373 3426 et
3408 3386 3597 3445 repro-

1997 3465 2213 3519 missam
2247 3478 2341 3531 per
2367 3460 2653 3533 pmphetas
2682 3462 2732 3517 in
2765 3462 2957 3516 unctius
2989 3462 3328 3528 reformavit,
3355 3471 3409 3517 et
3437 3478 3580 3531 prae-

1998 3556 2201 3611 monuit
2235 3553 2467 3609 intut'um
2498 3553 2577 3625 (6)
2607 3564 2699 3618 ut:
2744 3554 2902 3611 sicuti
2932 3564 3080 3609 certo
3104 3563 3346 3623 tempore
3368 3554 3487 3609 data
3511 3564 3596 3611 est

2000 3649 2084 3705 lex
2126 3663 2220 3719 per
2249 3647 2491 3719 Moysen,
2525 3647 2597 3701 ita
2626 3647 2993 3717 temporaliter
3010 3647 3292 3702 observata
3322 3655 3375 3701 et
3398 3657 3584 3724 custo-

1992 3741 2100 3797 dita
2130 3739 2415 3796 credatur:
2451 3753 2550 3794 nec
2574 3738 2872 3794 adimamns
2911 3739 3048 3794 hanc
3103 3738 3193 3793 Dei
3226 3748 3568 3808 potestatem,

1996 3850 2094 3906 pro
2124 3843 2427 3905 temporum
2455 3831 2764 3887 conditione
2815 3831 2947 3903 legis
2979 3840 3243 3902 praecepta
3274 3829 3508 3886 reforma
3524 3848 3591 3886 n-
3610 3854 3648 3874 κ
3682 3866 3701 3881 .›

1475 3953 1767 4011 LEGTION
1776 3953 1858 4011 ES
1895 3949 2315 4009 VARIANTES.

436 4105 595 4154 Tuum
622 4114 732 4157 Mss.
760 4110 902 4156 Pam.

431 4166 854 4229 Concupiscerent‘
867 4166 1018 4218 Seml.

371 4044 383 4092 I
434 4041 784 4093 'l‘erminemus
805 4045 928 4094 Jun.
956 4055 1017 4094 ex
1046 4044 1156 4094 MS.
1182 4044 1325 4095 Pam.

338 4040 415 4167 iﬁi
436 4105 595 4167 'l‘uum
622 4114 732 4157 Mss.
760 4110 902 4156 Pam.
992 4166 1000 4167 ί
1132 4124 1135 4127 λ

397 4174 409 4225 )
431 4174 854 4229 Concupiscerent‘
867 4174 1018 4218 Semt.

394 4229 409 4293 )
432 4228 627 4279 Perticit
652 4232 794 4280 Pam.
817 4228 1004 4294 proﬁcit
1025 4227 1176 4282 Rhea.
1200 4229 1365 4282 Obert.

2045 4043 2118 4107 (ὅ)
2154 4041 2499 4107 Antiquiorem
2517 4055 2529 4102 ;
2546 4040 2762 4107 primum
2787 4039 2948 4093 Obert.
2976 4036 3127 4093 Seml.
3148 4067 3207 4077 —
3227 4039 3469 4103 Primum,
3498 4043 3589 4092 sed

1983 4102 2308 4155 antiquiorem
2328 4102 2461 4154 abest
2483 4117 2515 4153 a
2538 4105 2680 4154 Pam.

2048 4120 2096 4154 ll(
2119 4120 2308 4154 merent
2328 4120 2461 4154 αυεδι
2483 4120 2515 4153 ιι
2538 4120 2680 4154 ram.

2048 4120 2121 4232 (6)
2145 4166 2375 4235 Futuram
2401 4164 2552 4217 Illum.
2580 4165 2741 4218 Obert.

1646 4288 2203 4373 COMMENTARIUS.

340 4429 506 4504 CAP.
542 4428 604 4484 ll.
641 4428 831 4504 -—A_(a)
859 4427 1071 4504 Diliges
1095 4429 1369 4504 Dominam
1391 4428 1554 4485 Deum
1575 4439 1740 4497 tamn,
1762 4442 1868 4487 etc.
1895 4435 1948 4494 D
1981 4431 2235 4504 Praeterea
2266 4432 2350 4488 lex
2378 4433 2628 4488 naturalis
2655 4432 2839 4488 animae
2876 4431 3028 4487 insita
3066 4429 3273 4498 dicitur,
3312 4442 3377 4497 et,
3405 4442 3459 4486 at
3485 4452 3581 4504 ap-

270 4510 323 4573 et
360 4503 648 4572 proximum
695 4501 818 4554 tibi."
856 4501 1238 4556 liellenisuutm
1280 4501 1517 4556 imitatur
1536 4512 1598 4573 et
1638 4517 1868 4573 graecam

272 4572 492 4643 phrasin
523 4575 723 4635 πλησίιν
748 4580 831 4628 σοῦ
851 4590 863 4625 :
881 4574 1020 4643 quod
1037 4573 1135 4643 ipsi
1158 4574 1399 4629 solemne
1425 4573 1475 4627 in
1499 4572 1709 4634 citanda
1730 4575 1873 4630 Scri-

271 4654 444 4713 plura.
478 4643 551 4698 LE
574 4644 672 4699 Ρη.

369 4714 421 4786 Ιι)
450 4714 538 4786 §ic
560 4717 793 4770 lrenmus
820 4723 874 4769 et
897 4714 984 4769 alii
1016 4712 1191 4786 solent
1215 4714 1525 4771 informare.
1553 4715 1721 4773 Sent.

364 4784 409 4847 (δέ
442 4785 672 4852 Denique
693 4797 808 4840 ante
828 4787 985 4856 legem
1007 4784 1176 4855 Moysi
1198 4788 1463 4856 scriptam,
1488 4797 1595 4843 etc.
1619 4787 1706 4843 Sic
1725 4787 1864 4844 idem

264 4855 317 4910 in
349 4855 437 4909 tih.
471 4858 536 4909 de
567 4856 775 4912 Corona
812 4855 1019 4911 militis.
1074 4871 1193 4925 cap.
1237 4856 1272 4912 6
1305 4855 1325 4912 :
1367 4874 1561 4926 quaeres
1588 4860 1741 4928 igitur
1768 4859 1866 4915 Dei

261 4930 442 4998 legent,
481 4928 667 4983 [rubens
705 4945 1021 4982 communem
1063 4929 1210 4982 istaut
1237 4929 1291 4981 in
1332 4930 1533 4994 publica
1576 4931 1771 4994 mundi,
1810 4933 1864 4986 in

262 5001 580 5053 naturalibus
602 4998 808 5063 tabulis,
826 4999 893 5052 ad
918 5016 1046 5069 quas
1063 5009 1111 5052 et
1124 4998 1406 5070 Apostolus
1422 5001 1546 5054 solet
1564 5002 1866 5070 provocare?

258 5069 343 5125 Ad
379 5071 426 5123 id
459 5071 725 5142 pertint-re
766 5081 960 5139 potest.
991 5069 1132 5142 quod
1167 5070 1330 5127 habet
1376 5069 1582 5127 Tullius
1610 5074 1660 5127 in
1706 5072 1861 5127 Milo-

258 5144 311 5194 ni
353 5157 420 5195 na
443 5160 453 5190 :
479 5140 568 5194 I'Isl
595 5143 848 5197 enimnon
877 5140 1086 5210 scripta,
1107 5142 1298 5211 inquit,
1317 5142 1406 5196 sed
1432 5154 1553 5197 nata
1579 5144 1679 5208 lex,
1709 5161 1862 5212 quam

258 5228 357 5284 ron
402 5214 693 5281 didicimus,
739 5217 1048 5284 accepimus,
1081 5212 1322 5283 legimus,
1365 5229 1535 5267 verum
1578 5230 1641 5268 ex
1678 5226 1863 5271 natura

254 5283 367 5345 ipsa
397 5285 727 5353 arripuimus,
771 5283 1052 5348 hausimus,
1093 5286 1451 5353 expressimus;
1486 5284 1554 5338 ad
1578 5301 1729 5354 quam
1759 5302 1860 5341 non

254 5355 410 5415 ducti,
438 5356 527 5407 sed
558 5357 697 5424 facti,
734 5371 834 5408 non
871 5355 1107 5418 instituti,
1144 5354 1234 5409 "sed
1266 5356 1442 5408 imbuti
1462 5373 1656 5410 sumus.
1698 5356 1856 5426 chis

249 5436 517 5494 prwcepta
553 5429 753 5480 Artamo
774 5426 895 5480 data
916 5436 967 5479 et
984 5427 1100 5494 ejus
1123 5428 1321 5494 pectori
1347 5426 1600 5496 inscripta
1625 5437 1850 5483 testatur

249 5515 633 5603 liniuntledaiia
660 5520 709 5599 in
742 5517 1184 5603 ﬁeltalscl‘telet‘h:
1212 5496 1523 5603 35:}jp'lpi'l.
1551 5522 1596 5603 _A
1612 5536 1720 5603 quo
1740 5538 1845 5603 non

248 5592 361 5662 stitit
388 5590 643 5653 Origenes
665 5592 718 5644 ἦρι
751 5589 1063 5652 Philucalia,
1098 5590 1180 5643 his
1206 5589 1571 5662 VCI'IIiéz'uapd:
1607 5589 1657 5645 δὲ
1693 5599 1848 5650 rotis-ct

248 5661 581 5727 “fratri/.15;
600 5665 615 5707 ε
634 5672 758 5715 κατὰ
776 5668 1029 5723 cicactrice
1056 5666 1231 5722 ivssi";
1258 5668 1589 5732 εν-σπαορμξντς
1619 5678 1677 5735 τῇ
1696 5675 1843 5735 ψυχῇ,

245 5756 304 5783 ιιι
317 5763 326 5777 ο
351 5737 408 5789 ὄις
426 5740 648 5798 (“uagi-1
666 5740 877 5803 ἢγραρὴ,
892 5738 1255 5803 inv/puppi”:
1271 5748 1326 5790 ri.
1342 5730 1516 5803 3*odigt
1529 5730 1677 5798 λόγος’,
1694 5730 1846 5789 gnosia-'-

240 5812 464 5865 τακςικῧς
478 5813 664 5869 ptin
685 5809 937 5868 πριητὶων,
953 5809 1319 5872 ἀπαγορευτικὸς
1344 5809 1391 5857 δὲ
1410 5821 1499 5862 τῶν
1520 5810 1570 5860 οὗ
1595 5814 1843 5867 ποιητέων.

1975 4503 2132 4575 pellat
2160 4504 2452 4572 Scriptura,
2485 4504 2731 4577 inscripta
2750 4506 2808 4577 in
2838 4504 3073 4577 cordibus
3096 4505 3199 4572 lex,
3227 4504 3461 4575 facienda
3479 4503 3578 4577 ju-

1974 4579 2116 4638 bcns,
2146 4585 2191 4628 et
2222 4592 2322 4630 non
2345 4577 2579 4646 facienda
2611 4575 2898 4645 prohibens.
2932 4575 3009 4630 Le
3036 4575 3131 4629 Ptt.

2044 4666 2124 4752 (εί)
2183 4666 2306 4722 Post
2359 4668 2467 4724 450
2504 4684 2666 4752 annos
2698 4668 2940 4752 _Abraha;
2969 4666 3105 4752 (data
3134 4675 3242 4752 .est
3287 4666 3402 4752 leaf:
3449 4666 3575 4752 Loci

1974 4738 2131 4807 huius
2171 4754 2362 4793 sensus
2410 4754 2515 4793 nou
2560 4748 2644 4793 est
2697 4739 2867 4807 legem
2920 4739 3072 4793 istam
3113 4738 3292 4793 datam
3340 4739 3570 4795 Abralue

1974 4812 2166 4867 fuisse:
2203 4825 2452 4878 namque,
2497 4810 2540 4865 si
2591 4810 2660 4864 de
2708 4809 2825 4880 lege
2866 4809 3291 4865 circumcisionis
3328 4809 3413 4863 hic
3453 4825 3576 4867 esse

1969 4895 2271 4939 sermonem
2301 4882 2420 4953 quis
2441 4881 2747 4953 contendat,
2770 4881 3129 4951 chronologia:
3157 4884 3376 4935 omnino
3394 4882 3576 4953 (reluc-

1970 4963 2131 5018 tatur,
2163 4967 2283 5023 qua:
2323 4951 2354 5006 a
2382 4953 2581 5007 diluvio
2608 4952 2672 5006 ad
2709 4953 3132 5007 circnmcisiouis
3180 4951 3603 5007 ittslillliimte'll'

1948 5024 2064 5101 ’59l
2116 5039 2290 5101 annos
2345 5032 2546 5101 tantum
2600 5032 2873 5086 tunnerat',
2905 5025 2948 5077 s‘
2981 5032 3158 5101 autem
3194 5024 3261 5078 dc
3294 5024 3573 5101 vocatione

1969 5096 2215 5153 Miratur.
2251 5096 2417 5164 magis
2462 5095 2637 5150 adhuc
2673 5112 2700 5146 a
2747 5110 2875 5149 vero
2926 5104 3005 5148 est
3050 5095 3275 5160 alienus,
3298 5095 3563 5161 siquidem

1968 5167 2105 5220 inter
2156 5166 2410 5220 diluvium
2463 5176 2519 5220 et
2569 5166 2899 5220 vocationem
2930 5166 3067 5219 hanc
3110 5165 3216 5220 567
3260 5164 3433 5219 solum
3492 5165 3571 5220 ef-

1966 5238 2170 5291 ﬂuxere
2190 5238 2335 5291 anni.
2357 5238 2472 5292 Alia
2504 5238 2662 5307 igitur
2681 5238 2763 5291 lex
2789 5240 2889 5292 hoc
2912 5231 3033 5290 loco
3057 5236 3569 5307 tiu-ntoratttr.Qtt:e-

1969 5325 2088 5362 nam
2122 5318 2297 5360 autem
2350 5305 2694 5373 intelligatur.
2734 5307 2992 5362 docemur
3021 5324 3084 5362 ex
3135 5305 3286 5367 Gem.
3323 5306 3439 5364 XV.
3477 5309 3559 5369 l5;

1968 5376 2319 5441 Exotl.,-Xll.
2371 5380 2458 5443 40;
2483 5378 2932 5444 Art.,V|l,li;(.'al
2960 5378 3081 5443 ,lil,
3112 5380 3199 5441 l7;
3241 5378 3329 5433 ubi
3368 5378 3420 5431 hi
3459 5379 3567 5434 450

1954 5450 2079 5503 anni
2110 5450 2508 5519 exprimuntur.
2538 5449 2895 5505 Numerantur
2949 5461 3125 5504 autem
3162 5464 3190 5502 a
3230 5450 3396 5514 prima
3435 5464 3564 5517 pro-

1956 5520 2210 5575 missione
2244 5524 2397 5591 (facta
2444 5521 2674 5577 Aill'ailil!
2706 5520 2883 5590 (Gem,
2912 5520 3027 5582 XII.
3060 5522 3139 5591 5).
3170 5520 3372 5575 Eodem
3418 5522 3561 5575 enim

1953 5607 2095 5664 anno
2124 5608 2186 5645 ex
2216 5590 2448 5664 Aﬂgypto
2473 5592 2569 5646 fuit
2598 5593 2855 5664 liberatus
2879 5590 3103 5664 populus
3124 5591 3466 5664 lsraeliticus,
3488 5602 3561 5664 (et

1954 5662 2123 5732 legem
2145 5660 2370 5732 accepit.
2397 5664 2616 5719 Confer.
2647 5660 2887 5729 Estium,
2907 5660 3212 5718 (lin-uehunt
3260 5677 3289 5715 a
3334 5660 3556 5731 Lapide,
3624 5698 3633 5703 -

1955 5730 2337 5796 Fromondutn,
2383 5735 2578 5802 Seript.
2636 5750 2824 5791 sacra).
2867 5736 3022 5790 Curs.
3062 5734 3284 5803 contpl.,
3332 5743 3383 5786 ct
3418 5730 3557 5789 ante

1951 5818 2047 5860 eos
2089 5803 2462 5880 Augustinum.
2499 5805 2539 5861 D
2567 5805 2849 5873 Thomam,
2882 5816 2984 5861 etc.
3017 5805 3148 5864 Eon.
