4062 6288
439 301 548 358 605

1817 254 2284 361 TEII'I‘ULLIANI

3629 310 3737 368 (Oi-

441 421 574 474 eisio
600 419 745 476 omni
785 418 946 476 modo
965 417 1200 476 adferret
1230 418 1336 492 (1).
1368 419 1528 476 etiam
1569 420 1684 492 ipse
1730 420 1939 490 Moyses
1988 419 2040 472 in
2069 422 2118 480 A
2147 437 2282 488 rum,
2325 438 2425 476 non
2477 422 2578 476 tale
2624 423 2776 494 quale
2793 424 2908 494 jam
2953 424 3070 478 dedi
3109 425 3334 495 patribus
3359 441 3530 480 eorum
3571 429 3622 480 in
3656 429 3738 480 die

440 513 552 567 lilio
579 529 677 568 suo
697 527 802 568 non
830 513 1228 580 intermisisset,
1264 513 1553 584 quominus
1594 523 1780 569 octava
1807 513 1894 570 die
1921 513 2031 570 cir-

441 603 770 660 cumcideret
805 619 954 670 eum,
1005 603 1218 675 quando
1262 613 1476 660 constet
1499 604 1758 662 Setl‘oram
1789 615 2030 662 coactam

439 696 508 750 ab
535 697 726 766 angelo
758 695 808 750 id
843 695 1038 751 fecisse
1067 697 1118 750 in
1167 697 1379 752 itinere.
1409 696 1826 753 Consideretnus
1855 699 2032 770 itaque

440 788 581 858 quod
615 803 718 844 non
749 789 984 857 potuerit
1013 788 1170 842 unius
1209 787 1428 843 infantis
1477 800 1660 844 coacta
1691 791 2033 846 circumcisio

440 883 587 938 omni
617 882 816 954 populo
845 882 1216 953 praescribere.
1247 891 1302 938 et
1330 883 1481 954 quasi
1504 884 1675 953 legem
1709 883 1869 955 hujus
1891 900 2031 955 pra:-

443 975 584 1046 cepti
617 975 870 1030 condere.
902 973 1030 1030 Nam
1059 975 1348 1048 providens
1402 977 1543 1031 Deus
1595 979 1735 1048 quod
1765 977 1902 1035 hanc
1923 980 2033 1034 cir-

442 1069 820 1126 cumcisionem
849 1069 1152 1140 insignum,
1189 1085 1294 1125 non
1323 1071 1374 1124 in
1405 1071 1632 1125 salutem
1655 1080 1798 1126 esset
1815 1071 2038 1129 daturus

444 1163 642 1235 popqu
668 1163 850 1228 Israel,
903 1164 1104 1219 idcirco
1134 1164 1297 1218 lilium
1331 1164 1493 1236 Moysi
1515 1164 1667 1219 ducis
1687 1164 1848 1221 futuri
1882 1166 2035 1222 insti-

441 1267 531 1330 gat
551 1259 878 1324 circumcidi,
909 1270 963 1312 ttt
986 1274 1108 1312 cum
1135 1261 1386 1328 coepisset
1415 1249 1508 1329 per
1534 1274 1654 1314 eum
1685 1259 1881 1330 populo
1908 1260 2038 1318 dare

443 1361 768 1424 prmeeptum
797 1351 1365 1420 circumcisionis,'non
1389 1361 1768 1422 aspernaretur
1791 1355 2035 1425 populus,

443 1445 630 1501 videns
654 1447 964 1514 exeniplum
991 1445 1130 1501 istud
1165 1446 1215 1502 in
1247 1446 1398 1501 ducis
1429 1446 1537 1502 lilio
1561 1448 1769 1518 (‘2).jam
1803 1450 2040 1505 celebra-

443 1547 574 1593 tum.
604 1539 722 1594 Dari
754 1539 894 1594 enim
921 1539 1146 1594 habebat
1173 1539 1528 1603 circumcisio,
1558 1539 1650 1596 sed
1685 1541 1738 1596 in
1777 1541 1983 1613 signum
2017 1561 2032 1598 :

443 1631 585 1687 unde
620 1632 780 1697 Israel
829 1633 878 1686 in
919 1632 1208 1688 novissimo
1235 1642 1474 1704 tempore
1513 1633 1750 1704 dignosei
1797 1633 2039 1700 haberet,

441 1723 654 1796 quando
683 1725 976 1781 secundum
1023 1741 1116 1780 sua
1163 1727 1350 1780 merita
1392 1727 1443 1780 in
1485 1735 1724 1781 sanctam
1769 1726 2037 1783 civitatem

2137 531 2235 586 quo
2259 532 2342 570 eos
2372 515 2528 572 eduxi
2573 517 2638 571 de
2661 526 2797 573 terra
2837 515 3080 591 Egypti.
3122 517 3278 576 Unde
3307 521 3651 594 intelligimus
3681 535 3736 578 et

2139 607 2370 676 priorem
2420 607 2882 665 circumcisionem
2915 619 3040 666 tunc
3087 609 3265 666 datam
3295 620 3646 680 cessaturum,
3675 625 3731 669 et

2139 716 2328 755 mwam
2353 701 2546 770 legem,
2571 716 2677 756 non
2701 703 2858 760 talem
2887 703 3098 774 qualem
3120 703 3230 773 jam
3252 703 3473 760 dederat
3497 705 3736 774 patribus

2139 807 2532 864 processuram,
2559 795 2887 860 annuntiari,
2916 794 3260 850 sientEsaias
3297 797 3598 867 prredicavit
3647 799 3733 854 di-

2137 899 2287 951 cens,
2314 885 2456 956 quod
2494 886 2547 940 in
2578 887 2861 941 novissimis
2889 885 3064 942 diebus
3091 887 3390 956 manifestus
3417 892 3620 960 [narras
3659 907 3736 944 cs-

2139 987 2210 1032 set
2235 993 2379 1032 mons
2404 976 2634 1045 Domini,
2659 986 2705 1032 et
2727 980 2908 1033 domus
2935 977 3032 1032 Dei
3051 995 3205 1049 super
3224 980 3431 1036 vertices
3452 983 3735 1038 montium:

2139 1082 2184 1126 et
2206 1071 2529 1139 exultabitur,
2561 1072 2748 1142 inquit,
2779 1087 2935 1142 super
2961 1072 3135 1140 colles,
3175 1075 3372 1128 venient
3402 1090 3558 1144 super
3584 1075 3732 1130 illum

2141 1182 2312 1221 omnes
2331 1175 2519 1237 gentes,
2551 1176 2598 1220 et
2625 1166 2956 1222 ambulabunt
2983 1165 3130 1221 multi
3151 1206 3166 1233 ,
3195 1177 3243 1221 et
3287 1167 3456 1222 dicent
3487 1184 3506 1223 :
3533 1167 3730 1234 Venite,

2141 1261 2476 1315 ascendamus
2510 1261 2562 1314 in
2589 1269 2810 1315 montem
2847 1258 3078 1327 Domini,
3109 1269 3159 1316 et
3196 1261 3249 1314 in
3281 1261 3488 1316 donum;
3518 1260 3613 1316 Dei
3639 1261 3738 1315 Ja-

2143 1353 2232 1408 cob
2281 1352 2300 1427 (
2329 1351 2400 1407 Is.
2439 1352 2498 1416 II,
2521 1351 2664 1424 2,5)
2694 1371 2706 1404 :
2744 1368 2848 1408 non
2889 1353 2940 1408 in
2972 1351 3112 1408 Esau
3144 1353 3338 1423 prioris
3387 1353 3477 1408 lilii
3511 1352 3612 1427 (6),
3641 1354 3733 1409 sed

2145 1447 2195 1502 in
2222 1446 2388 1502 Iacob
2427 1446 2722 1517 sequentis,
2766 1444 2816 1501 id
2847 1454 2931 1502 est
2958 1444 3138 1517 populi
3169 1447 3336 1501 nostri
3361 1489 3375 1511 ,
3403 1447 3555 1515 cujus
3583 1463 3738 1500 mnus

2144 1542 2388 1600 Christus
2423 1551 2506 1596 est
2545 1543 2662 1598 sine
2707 1541 2954 1596 manibus
2999 1539 3394 1598 concidentium
3440 1541 3694 1612 praecisus
3721 1585 3735 1607 ,

2144 1635 2370 1706 impleas
2410 1648 2622 1689 omnem
2678 1642 2910 1696 terram,
2963 1631 3104 1704 apud
3153 1633 3422 1690 Danielem
3493 1642 3743 1688 ostensus

2146 1727 2330 1802 (Dan.
2391 1727 2457 1791 Il.
2513 1727 2605 1794 54,
2663 1727 2732 1784 57
2767 1727 2806 1798 ).
2859 1727 3121 1798 Denique,
3163 1742 3230 1783 ex
3281 1721 3380 1782 hac
3428 1725 3591 1812 domo
3649 1727 3742 1781 Dei

444 1817 649 1888 ingredi
683 1817 1078 1888 prohiberetur,
1124 1833 1220 1888 per
1248 1819 1407 1873 verba
1447 1818 1829 1888 prophetarum
1859 1818 2039 1874 dicen-
2070 1829 2118 1889 Β
2146 1820 2330 1888 Iacob,
2360 1821 2520 1876 etiam
2561 1819 2735 1889 legem
2766 1835 2958 1876 novam
2987 1835 3360 1891 processuram
3394 1823 3745 1890 sequentibus

443 1909 574 1964 lium
605 1926 618 1962 τ
653 1907 810 1964 Terra
831 1919 992 1964 vestra
1011 1911 1229 1978 deserta,
1255 1911 1482 1966 civitates
1502 1923 1680 1966 vestra:
1696 1912 1803 1982 igni
1823 1921 2034 1980 exttstte,

439 2002 696 2073 regionem
711 2010 928 2056 vestram
954 2006 1004 2057 in
1025 2013 1293 2073 conspectu
1315 2013 1479 2058 vestro
1505 2004 1663 2058 alieni
1685 2003 1968 2072 comedent,
1993 2013 2039 2058 et

441 2095 638 2148 deserta
666 2103 714 2148 et
749 2095 984 2150 subversa
1025 2112 1056 2148 a
1097 2095 1300 2165 populis
1347 2096 1617 2162 extraneis,
1662 2096 2040 2167 derelinqnetur

442 2186 552 2256 ﬁlia
581 2186 710 2242 Sion
753 2189 882 2242 sicut
911 2205 1028 2243 casa
1066 2189 1118 2242 in
1147 2189 1312 2254 vinea,
1354 2198 1400 2242 et
1427 2189 1553 2243 sicut
1595 2190 1960 2243 custodiarium
1989 2190 2041 2243 in

441 2279 809 2346 cucumerario,
857 2289 902 2334 et
969 2281 1117 2348 quasi
1155 2281 1332 2334 civitas
1379 2295 1493 2352 qua:
1549 2291 1870 2352 expugnatur
1911 2279 2036 2354 (Is.

445 2375 486 2442 Ι,
515 2375 570 2442 7,
593 2375 673 2448 8).
697 2375 766 2431 Et
805 2375 925 2430 ideo
957 2374 1290 2445 subsequens
1324 2389 1504 2430 sermo
1542 2375 1816 2444 prophetae
1845 2389 2044 2444 expro-

445 2465 566 2522 brat
587 2469 666 2522 eis
689 2467 872 2522 dicens
897 2485 909 2520 :
941 2465 1106 2521 Filios
1131 2468 1364 2539 generari
1387 2476 1432 2520 et
1462 2465 1683 2522 excitavi
1707 2508 1720 2530 ,
1751 2467 1851 2538 ipsi
1875 2476 2044 2522 autem

447 2570 740 2636 spreverunt
771 2576 849 2613 me
875 2557 1043 2632 (Ibid,
1070 2559 1129 2630 2)
1159 2558 1262 2631 (5).
1297 2559 1362 2613 Ει
1395 2559 1585 2614 iterum
1615 2575 1627 2610 :
1661 2557 1725 2612 Et
1745 2559 1789 2613 si
1815 2559 2047 2614 extende—

447 2653 559 2706 rt'tis
587 2669 791 2719 ntamts,
816 2662 1039 2706 avertam
1064 2652 1249 2723 faciem
1274 2667 1437 2706 meam
1465 2667 1496 2704 a
1521 2651 1657 2705 vobis
1685 2666 1704 2704 :
1729 2659 1778 2704 et
1806 2651 1850 2706 si
1875 2651 2047 2704 multi-

448 2745 754 2816 plicaveritis
780 2761 973 2816 preces,
1005 2761 1106 2799 non
1123 2744 1393 2799 exaudiam
1415 2761 1500 2799 vos
1531 2761 1549 2798 :
1579 2760 1760 2798 manus
1780 2744 1912 2799 enim
1940 2761 2046 2800 ves-

447 2851 540 2894 tra:
592 2839 838 2908 sanguine
875 2839 1038 2910 plena:
1062 2849 1178 2892 sunt
1221 2836 1385 2910 (Ibid.
1430 2835 1545 2910 lii).
1581 2837 1899 2892 Etiterum:
1935 2835 2044 2904 Vw,

448 2949 571 3003 gens
593 2931 866 3000 prccalrix,
885 2931 1103 3001 populus
1118 2929 1296 3000 plenus
1314 2930 1550 3000 peccatis,
1571 2929 1666 2999 ﬁlii
1688 2928 1939 2996 scelerati,
1959 2928 2048 2983 de-
2067 2921 2083 2930 κ

447 3025 722 3094 reliquistis
747 3024 929 3090 Deum,
963 3033 1007 3079 et
1039 3024 1092 3077 in
1113 3023 1514 3093 indignationem
1537 3023 1740 3077 misistis
1771 3020 1852 3092 (4)
1884 3021 2048 3076 Sanc-

449 3127 556 3172 tum
617 3115 784 3172 Israel
835 3106 995 3190 (Ibid.
1027 3115 1059 3170 4
1092 3115 1134 3188 ).
1200 3115 1325 3170 Ilaec
1375 3115 1536 3186 igitur
1589 3114 1683 3170 Dei
1763 3113 2048 3185 providen-

2142 1913 2318 1970 verbis
2337 1912 2616 1967 annuntiat
2637 1912 2824 1968 Esaias
2851 1911 3035 1968 dicens
3062 1912 3170 1968 :De
3184 1911 3311 1968 Sion
3335 1913 3475 1968 enim
3505 1914 3634 1968 exiet
3660 1914 3758 1984 t7)

2144 2006 2246 2070 lex,
2277 2014 2322 2059 et
2341 2004 2544 2060 verbum
2574 2003 2779 2058 Domini
2806 2021 2866 2059 ea:
2907 2003 3245 2070 Hierusalem,
3270 2014 3318 2058 et
3343 2005 3596 2076 judicabit
3616 2005 3750 2059 inter

2143 2109 2314 2170 gentes
2365 2097 2382 2170 (
2410 2095 2484 2152 Is.
2511 2096 2576 2162 II,
2607 2099 2670 2162 5,
2693 2097 2772 2168 4),
2805 2096 2856 2152 id
2887 2107 2970 2152 est
3002 2097 3142 2153 inter
3167 2113 3262 2170 eos
3291 2099 3380 2170 qui
3407 2113 3474 2153 ex
3500 2099 3750 2169 gentibus

2145 2203 2332 2246 smnus
2379 2191 2591 2244 vocati:
2642 2199 2689 2244 et
2741 2189 3026 2254 concident,
3071 2190 3261 2260 inquit,
3295 2189 3494 2262 gladios
3537 2207 3656 2244 suos
3699 2193 3750 2244 in

2146 2289 2340 2345 aratra,
2390 2292 2437 2336 et
2453 2282 2658 2336 lanceas
2683 2298 2801 2337 suas
2823 2284 2876 2336 in
2897 2281 3078 2354 falces,
3103 2291 3147 2336 et
3177 2299 3277 2336 non
3309 2283 3520 2355 accipiet
3546 2293 3748 2354 gentem

2146 2390 2300 2444 super
2338 2384 2536 2447 gentem
2565 2373 2812 2446 gladium,
2839 2383 2883 2428 et
2899 2375 3014 2446 jam
3046 2391 3147 2429 nou
3175 2375 3368 2429 discent
3401 2374 3477 2446 (8)
3509 2375 3748 2446 'prtvliari

2149 2465 2362 2541 (lbid.).
2389 2466 2554 2539 Igitur
2577 2466 2942 2537 intelliguntur
2965 2467 3054 2522 alii
3100 2483 3260 2536 quam
3295 2483 3392 2524 nos
3419 2509 3432 2533 ,
3459 2467 3571 2536 qui,
3602 2483 3744 2520 unvn

2149 2559 2264 2630 lege
2287 2557 2482 2624 edocti,
2519 2560 2618 2613 ista
2646 2556 2996 2612 observamus
3023 2599 3038 2623 ,
3080 2557 3363 2613 obliterata
3396 2557 3564 2613 veteri
3605 2557 3748 2622 lege,

2148 2641 2303 2720 cujus
2322 2641 2669 2706 abolitionem
2699 2649 2934 2706 futuram
2961 2658 3115 2706 actus
3141 2649 3258 2720 ipse
3282 2650 3616 2706 demnnstrat
3646 2651 3752 2717 (ε)λῖ
3833 2715 3852 2732 .

2149 2743 2283 2798 Nam
2313 2754 2465 2798 vetus
2490 2743 2574 2798 lex
2607 2742 2807 2797 ultione
2826 2743 2984 2814 gladii
3013 2757 3072 2798 se
3099 2741 3422 2804 vindicabat,
3453 2751 3506 2795 et
3529 2743 3749 2797 ocnlnzn

2150 2852 2248 2908 pro
2274 2835 2430 2890 oculo
2455 2835 2690 2890 eruebat.
2707 2833 2903 2907 (Exod.
2927 2833 3073 2898 XXI,
3102 2833 3204 2899 24;
3239 2833 3402 2890 Levit.
3425 2833 3619 2895 XXIV,
3646 2834 3752 2896 ‘20;

2152 2928 2309 2985 Deut.
2348 2927 2492 2996 XIX,
2539 2927 2655 2995 2i),
2687 2940 2742 2982 et
2792 2927 3079 2982 vindictam
3129 2926 3336 2998 injuriae
3375 2926 3750 2982 retribuebat:

2153 3039 2287 3078 nova
2313 3036 2491 3078 autem
2519 3023 2606 3078 lex
2635 3022 2749 3094 (IO)
2783 3021 3126 3078 clementiam
3157 3020 3492 3092 designabat,
3522 3030 3577 3076 et
3629 3021 3755 3076 belli

2153 3117 2373 3187 pristina
2425 3116 2480 3171 in
2534 3117 2758 3170 annulus
2808 3115 2938 3186 legis
2983 3123 3038 3172 et
3081 3115 3254 3171 hostis
3324 3116 3403 3185 (a)
3446 3115 3754 3170 exsecutio-

449 3213 518 3266 tia
591 3209 690 3266 fuit
734 3209 892 3266 dandi
963 3209 1424 3266 circumcisionem
1504 3208 1667 3264 Israel
1707 3209 1759 3262 in
1835 3208 2044 3279 tignum
2073 3223 2118 3286 ρ
2152 3225 2274 3264 nent
2317 3207 2458 3281 (II),
2485 3208 2536 3263 in
2562 3207 2808 3278 paciﬁcos
2836 3217 2986 3262 actus
3013 3205 3130 3279 (12)
3160 3206 3378 3261 arandm
3422 3213 3477 3260 et
3503 3205 3756 3260 colenda:

449 3302 592 3358 unde
659 3302 898 3375 dignosci
977 3311 1190 3374 posset,
1275 3317 1396 3358 cum
1479 3303 1758 3358 adveniret
1841 3309 2051 3372 tempus

450 3411 558 3468 quo
601 3397 806 3452 meritis
853 3396 963 3451 suis
1011 3410 1170 3466 supra
1197 3395 1353 3452 dictis
1385 3397 1434 3450 in
1479 3395 1812 3452 Ilierusalem
1841 3394 2050 3450 admitti

453 3491 828 3563 prohiberetur
857 3508 868 3544 :
907 3490 1049 3560 quod
1078 3499 1131 3547 ct
1161 3492 1283 3563 quia
1323 3492 1556 3547 futurum
1602 3501 1739 3560 erat,
1765 3491 2048 3546 nuntiaba-

455 3594 562 3651 tur,
593 3592 648 3638 et
695 3583 816 3653 quia
856 3582 1055 3638 factum
1098 3583 1358 3648 videmus,
1407 3584 1860 3654 recognoscimus.
1902 3584 2052 3640 Sient

454 3690 584 3744 ergo
604 3673 944 3730 circumcisio
981 3676 1252 3741 carnalis,
1287 3691 1408 3745 qua:
1445 3675 1755 3746 temporalis
1783 3685 1918 3738 erat,
1953 3677 2048 3730 tri-

455 3767 583 3822 buta
623 3777 705 3822 est
755 3769 807 3822 in
858 3770 1066 3840 signum
1096 3768 1293 3840 populo
1331 3769 1652 3833 contumaci,
1682 3769 1754 3823 ita
1793 3768 2048 3839 spiritalis

453 3861 576 3916 data
607 3871 689 3917 est
716 3861 768 3915 in
810 3860 1038 3916 salutem
1085 3860 1282 3930 pot)qu
1320 3859 1650 3924 obattdienti,
1683 3859 1894 3915 dicente
1924 3875 2047 3930 pru-

457 3954 612 4024 pheta
643 3953 907 4008 Ilieremia
941 3971 952 4007 :
987 3951 1233 4007 lnnovate
1271 3951 1410 4008 vobis
1459 3952 1730 4006 novitatem
1753 3951 1858 4024 (5),
1883 3961 1930 4007 et
1954 3967 2049 4006 no-

457 4046 543 4099 lite
571 4047 818 4100 seminare
842 4045 893 4097 in
916 4045 1100 4112 spinis.
1130 4044 1564 4099 Circumcidimini
1584 4043 1694 4105 Deo
1715 4086 1728 4110 ,
1759 4054 1806 4098 et
1832 4044 2050 4098 circum-

457 4138 608 4192 cidite
639 4138 946 4209 pra'putium
969 4137 1136 4192 cordis
1158 4139 1305 4192 vestri
1337 4135 1509 4205 (Hier.
1542 4136 1632 4203 IV,
1656 4139 1710 4204 ὅ,
1739 4135 1817 4210 4).
1849 4137 1912 4192 Et
1947 4138 2053 4194 alio

458 4230 576 4285 loco
597 4229 762 4286 dicit:
791 4229 928 4284 Ecce
960 4231 1094 4284 enim
1119 4230 1227 4284 dies
1255 4230 1482 4296 veniunt,
1527 4229 1651 4284 dicit
1691 4230 1962 4299 Dominus,
2005 4243 2052 4287 et

457 4324 724 4396 disponam
754 4325 928 4379 domui
947 4304 1088 4379 Juda
1118 4332 1164 4378 et
1185 4323 1359 4378 doutui
1379 4324 1543 4378 Jacob
1574 4333 1927 4379 testamentum
1952 4341 2049 4380 no-

2157 3317 2314 3360 terrte
2353 3303 2702 3359 reiormabat.
2751 3301 2938 3372 Igitur,
2990 3301 3128 3357 sicut
3178 3315 3340 3372 supra
3393 3299 3754 3366 ostendimus,

2153 3395 2293 3468 quod
2319 3405 2471 3451 vetus
2497 3394 2585 3450 lex
2609 3403 2664 3450 et
2693 3393 3030 3449 circumcisio
3059 3393 3292 3450 carnalis
3316 3402 3587 3448 cessatura
3625 3409 3757 3461 pro-

2144 3470 2392 3547 nuntiata
2418 3497 2520 3552 est,
2553 3487 2624 3542 ita
2649 3497 2705 3549 et
2733 3501 2885 3544 nova:
2913 3487 3046 3558 legis
3073 3496 3128 3542 et
3174 3485 3430 3558 Spiritalis
3473 3487 3760 3541 circumci-

2153 3582 2325 3638 sionis
2350 3580 2716 3648 observantia,
2748 3581 2799 3636 in
2831 3579 3264 3652 pacis’obseqnia
3306 3579 3492 3635 eluxit.
3521 3577 3760 3650 Populus

2154 3675 2320 3740 enim,
2369 3673 2560 3744 inquit,
2617 3689 2762 3746 quem
2811 3689 2913 3727 non
2964 3687 3224 3738 noveram,
3276 3671 3482 3726 servivit
3527 3671 3676 3737 mihi,
3705 3675 3758 3726 in

2151 3765 2396 3820 obauditu
2459 3766 2601 3820 auris
2638 3765 2895 3820 obaudivit
2935 3781 3015 3818 me
3058 3763 3196 3834 (Ps.
3246 3763 3412 3826 XVII,
3462 3762 3577 3834 ‘29),
3610 3765 3748 3818 Prn-

2155 3861 2331 3932 phetze
2379 3858 2849 3915 adnuntiaverunt.
2901 3856 3032 3926 Quis
3078 3869 3256 3912 autem
3306 3865 3362 3913 et
3409 3857 3635 3928 populus
3668 3859 3762 3928 qui

2159 3954 2326 4009 Deum
2353 3951 2654 4022 ignorabat,
2685 3951 2786 4006 nisi
2818 3959 3020 4014 noster,
3050 3950 3137 4020 qui
3169 3960 3317 4006 retro
3347 3950 3512 4004 Deum
3543 3950 3763 4004 nescie-

2159 4044 2386 4100 bamus?
2412 4056 2468 4100 et
2493 4044 2612 4116 quis
2641 4043 2692 4097 in
2721 4041 2906 4098 auditu
2931 4047 3076 4098 auris
3118 4041 3308 4106 audiit,
3339 4041 3441 4098 nisi
3491 4056 3612 4105 nos,
3642 4044 3760 4112 qui,

2159 4139 2556 4206 relictisidolis,
2589 4138 2654 4194 ad
2681 4137 2848 4193 Deum
2881 4137 3128 4194 conversi
3167 4139 3391 4192 sumus?
3417 4135 3549 4192 Nam
3596 4135 3762 4191 Israel

2156 4234 2246 4304 qui
2303 4232 2412 4288 Deo
2462 4231 2634 4287 fuerat
2679 4231 2948 4302 cognitus,
3007 4230 3208 4304 quique
3235 4227 3304 4283 ab
3332 4242 3398 4282 eo
3442 4229 3493 4284 in
3521 4227 3762 4300 Egypto

2154 4325 2418 4382 exaltatus
2439 4323 2716 4394 Iuerat,(b)
2737 4332 2792 4378 et
2819 4338 2912 4394 per
2939 4320 3278 4392 Eryth‘t‘mum
3307 4320 3551 4392 pelagum
3577 4331 3761 4376 trans-
3811 4371 3826 4379 ε

1690 4415 2074 4476 LECTIONES
2111 4416 2528 4477 VARIANTES.

519 4513 534 4572 (
549 4511 593 4575 I)
619 4509 790 4562 Adfei't
816 4519 947 4575 eam.
974 4509 1124 4575 Rhea.

517 4569 590 4632 (:2)
615 4575 800 4625 Iudicis
821 4569 966 4622 lilium
992 4573 1144 4625 thett.
1171 4571 1334 4625 Obert.

519 4581 568 4632 (2
615 4581 800 4625 Iudicis
821 4581 966 4622 lilium
992 4581 1144 4625 thett.
1171 4581 1334 4625 Uberi.

519 4581 591 4699 (5)
614 4637 1022 4698 Reprobaverunt
1045 4633 1126 4685 me
1149 4635 1257 4685 eod.
1283 4632 1433 4686 Fuld.
1521 4695 1529 4699 Α
1621 4687 1628 4698 ,

517 4695 592 4822 Si)
616 4695 1095 4762 Ad'indignatinnetn
1123 4700 1417 4760 provocastis
1437 4695 1529 4748 cod
1568 4695 1712 4748 Fuld.

538 4764 590 4822 ti)
615 4761 889 4822 Novitattnn
914 4760 1046 4810 abest
1069 4774 1100 4809 tt
1123 4761 1232 4811 cod.
1257 4759 1408 4810 Fuld.

538 4759 590 4826 ei)
615 4759 889 4826 lﬂovitatetn
914 4760 1046 4810 abest
1069 4774 1100 4809 tt
1123 4759 1232 4826 cod.
1257 4759 1408 4810 Fuld.

619 4823 800 4896 Bopuli
817 4821 978 4875 Obert.
1005 4823 1154 4874 Seml.

519 4885 593 4952 (7)
619 4885 726 4936 Erit
758 4887 910 4936 Fran.

2223 4511 2297 4574 (8)
2320 4511 2564 4563 Dicentur
2586 4509 2748 4562 Oberl.
2775 4507 2928 4562 Seml.

2222 4567 2294 4640 (9)
2310 4580 2556 4640 _tt_unctvin
2571 4575 2874 4640 interrogans
2897 4571 3028 4640 abest
3044 4585 3073 4624 a
3096 4567 3247 4624 Seml.
3273 4576 3320 4622 et
3344 4569 3508 4624 Obert.

2078 4660 2133 4719 D
2224 4633 2327 4719 il?)
2349 4635 2676 4719 seseese.
2687 4633 2817 4719 5’1???
2839 4642 2888 4719 Εἰ
2906 4633 3067 4719 ﬁtfit:

2223 4699 2265 4765 (1
2281 4698 2475 4765 ηιξρ-ιιί
2491 4707 2542 4751 et
2562 4699 2893 4765 pristinam,et
2911 4697 3130 4762 aemulos,
3153 4704 3205 4749 et
3225 4697 3415 4748 hostem
3437 4698 3764 4748 exsecutione

2158 4759 2265 4812 cod.
2296 4759 2446 4812 Fuld.
2562 4759 2575 4765 '
3116 4759 3125 4762 ’

2222 4825 2326 4889 (te)
2353 4825 2408 4874 In
2437 4823 2648 4888 paciﬁcis
2668 4830 2806 4875 actus
2827 4821 2938 4874 cod.
2959 4820 3154 4874 Divion.

1823 4969 2377 5048 COMMENTARIUS.

456 5063 997 5130 retciroumcisin,alii
1014 5064 1357 5120 nihilominus
1373 5073 1566 5136 persto
1579 5073 1734 5136 erant
1750 5065 1882 5120 ritus
1895 5080 2049 5136 :eque

454 5140 723 5204 efﬁcaces,
741 5151 850 5208 v.g.
870 5137 1000 5192 lides
1015 5147 1314 5206 parentum,
1330 5134 1611 5200 sacrificia;
1625 5135 1857 5206 alioquin
1872 5134 2050 5191 actum

455 5220 600 5267 esset
627 5211 693 5264 de
728 5211 900 5264 salute
920 5208 1262 5264 fceminarutn
1285 5209 1546 5273 onmium,
1575 5223 1638 5262 ac
1659 5209 1818 5262 etiam
1845 5223 2054 5263 mascu-

457 5282 629 5338 lorum
659 5280 746 5347 qui
796 5281 862 5346 ad
891 5279 1032 5335 diem
1061 5287 1304 5336 octavum
1339 5294 1442 5333 non
1473 5279 1857 5348 pervenissent.
1913 5277 2048 5334 Enn.

529 5353 608 5414 (a)
637 5351 702 5406 Et
730 5351 884 5406 hostis
937 5352 1325 5406 exsecutionem.
1357 5369 1376 5402 ι
1412 5351 1852 5414 Exsecutioncm,
1878 5351 2048 5411 inquit

458 5424 770 5489 Ilhenau‘its,
816 5439 913 5493 pro
953 5425 1418 5494 persecutionem;
1460 5422 1646 5494 rsicut
1683 5421 1771 5476 lib.
1827 5421 2055 5494 [adver-

457 5513 543 5550 sus
571 5490 884 5549 Marcioném
911 5513 924 5550 :
955 5490 978 5545 ὶ
1014 5493 1163 5562 Quid
1181 5493 1412 5564 denique
1437 5491 1741 5548 adulantius
1769 5509 1933 5564 quam
1954 5490 2051 5548 dc—

457 5570 576 5622 Iicta
609 5583 712 5620 non
741 5565 1002 5635 exsequi?
1040 5585 1059 5618 ι
1097 5566 1146 5621 id
1176 5575 1258 5621 est
1285 5562 1388 5620 non
1435 5565 1700 5635 persequi.
1737 5565 1800 5620 Et
1831 5562 2056 5628 ibidem,

460 5638 619 5707 paulo
647 5649 790 5699 ante,
829 5656 847 5688 ι
885 5637 1236 5707 exsecutione
1283 5635 1436 5692 mali:
1461 5655 1480 5687 ι
1508 5650 1572 5690 ac
1596 5645 1800 5706 postea,
1831 5653 1849 5686 ι
1893 5649 2050 5690 exse-

459 5706 645 5764 cutore
672 5709 886 5774 delicti,
919 5726 936 5760 ι
973 5706 1025 5762 id
1049 5718 1138 5762 est
1151 5707 1350 5776 judice.
1389 5708 1524 5764 Pan.

531 5781 614 5848 Ib)
643 5779 708 5834 Et
731 5796 820 5850 per
843 5775 1168 5850 Ergtltrwuui
1191 5782 1448 5850 pelagum,
1471 5788 1574 5832 etc.
1604 5777 1882 5850 Iiisptttant
1901 5775 2054 5832 multi

463 5865 530 5902 an
555 5845 702 5904 mare
731 5845 1086 5920 ’Erytlti'aeutn
1131 5845 1224 5905 seu
1269 5845 1510 5904 Rubrum
1555 5845 1736 5904 colore
1780 5845 1991 5904 dill‘erat
2019 5862 2049 5902 a

2155 5067 2286 5122 mari
2316 5067 2488 5121 vicino
2519 5075 2609 5120 aut
2649 5065 2754 5121 alio
2780 5065 3039 5136 quolibet.
3065 5061 3226 5136 Quod
3267 5059 3508 5118 nonnulli
3540 5071 3756 5131 putant,

2152 5153 2475 5208 caussasque
2525 5153 2659 5204 quas
2709 5135 2932 5206 possunt
2979 5135 3486 5208 comminiscuntur,
3533 5146 3760 5208 promer

2155 5209 2362 5265 scilicet
2393 5204 2597 5264 'cnralli
2646 5204 3028 5264 abundantiam
3087 5209 3138 5262 in
3189 5204 3352 5260 fundo
3405 5204 3756 5269 adluerentis,

2159 5289 2558 5350 propterterrm
2590 5280 2764 5337 rubrae
2793 5281 3115 5336 vicinitatem
3147 5293 3249 5349 qua
3279 5278 3452 5350 littora
3475 5275 3758 5346 complen-

2159 5347 2271 5416 titr,
2294 5361 2348 5407 et
2377 5349 2661 5406 ﬂuentibus
2682 5351 2833 5419 aquis
2859 5353 3106 5405 sorbetur
3131 5347 3336 5418 suoque
3373 5347 3554 5419 cnlnre
3585 5361 3760 5417 aquas

2159 5423 2281 5478 illas
2303 5424 2497 5485 inlicit;
2528 5417 2838 5478 mitto‘alias
2854 5436 3070 5477 caussas
3089 5430 3147 5474 ut.
3174 5417 3278 5475 non
3307 5419 3482 5488 minus
3511 5417 3595 5472 his
3629 5433 3760 5488 pro-

2158 5495 2382 5561 habiles,
2411 5502 2572 5566 atque
2605 5494 2936 5566 Erythrarum
2964 5507 3110 5548 nntre
3137 5489 3376 5566 ejusdgm
3403 5487 3761 5566 coloriscuan

2157 5567 2263 5636 alio
2291 5557 2450 5636 mari
2487 5557 3004 5636 "pntojlocumqne
3050 5557 3238 5636 est).
3285 5557 3469 5616 Curtio
3524 5558 3758 5636 adduco.

2158 5635 2252 5691 lib.
2286 5634 2396 5692 VIII
2439 5654 2453 5690 :
2504 5631 2578 5691 Lib
2625 5633 2845 5708 Erythro
2874 5631 2989 5708 rege
3043 5633 3262 5708 inditum
3307 5641 3380 5686 est
3431 5646 3635 5708 nomen,
3695 5631 3766 5686 dc

2159 5708 2291 5784 mari
2311 5708 2604 5784 Erythraeo
2625 5699 2720 5764 seu
2749 5699 3192 5784 rubroloquitur,
3224 5711 3430 5784 propter
3454 5699 3591 5784 quod
3613 5703 3763 5784 igna-

2156 5780 2200 5847 r_i
2239 5773 2417 5834 rubere
2459 5795 2618 5847 aquas
2651 5777 2883 5834 credunt.
2919 5777 2988 5833 Et
3012 5773 3108 5832 lib.
3135 5775 3206 5843 Χ,
3239 5773 3513 5847 ειςιὶξμιιλειιι
3557 5773 3714 5826 initio
3745 5790 3759 5826 :

2157 5845 2352 5905 Cretera
2400 5843 2578 5904 incolis
2614 5849 2933 5906 crediderant
2964 5865 2983 5903 :
3033 5847 3160 5904 inter
3192 5859 3306 5918 quae
3335 5843 3570 5898 Rubrum
3597 5859 3766 5913 mare,
