4062 6288
289 309 398 370 605

1465 308 1664 365 LIBER
1705 308 2072 368 ADVERSUS
2109 309 2415 370 JUDIEOS.

3482 316 3585 375 606

281 431 472 480 vectus
499 429 583 481 est
631 422 828 498 (Exod.
856 422 996 485 XIV.
1019 422 1138 497 22),
1167 423 1366 496 quique
1397 425 1447 480 in
1479 439 1663 482 eremo
1685 441 1878 479 manna
1911 428 1956 486 Λ
1986 425 2220 482 dicatum
2251 437 2370 486 est:
2405 427 2534 484 Ecce
2563 431 2810 503 proselyti
2841 447 2932 503 per
2963 449 3041 486 me
3069 431 3139 488 ad
3168 441 3217 488 te
3269 431 3414 488 ibunt
3443 432 3575 504 (lsa.

280 521 492 576 cibatus
523 517 722 588 (Exod.
752 517 893 585 XVI,
931 519 1016 583 1'5,
1047 519 1203 590 sqq.),
1229 517 1576 589 quadraginta
1620 520 1773 574 annis
1820 519 1884 572 ad

283 611 451 668 instar
479 611 798 668 :eternitatis
840 609 1108 672 redactus,
1136 625 1233 666 nec
1259 609 1507 665 humanis
1550 610 1886 680 passiouilnts

281 707 698 771 contaminatus,"
729 715 818 760 aut
839 705 1019 760 satcnli
1045 705 1206 775 hujus
1227 705 1330 760 cibi
1363 715 1572 776 pastus,
1599 706 1692 761 sed
1725 723 1887 776 auge-

283 798 452 854 lornm
511 797 734 868 panilnts
784 796 904 866 (Ps.
936 795 1197 870 LXXVII)
1251 813 1442 851 mantia
1472 799 1698 861 cibatus,
1733 799 1888 854 satis-

283 907 384 962 que
408 891 683 948 beneficiis
710 891 817 945 Deo
845 890 1131 962 obligatus,
1178 891 1386 946 Domini
1425 902 1478 947 et
1509 893 1600 948 Dei
1637 894 1718 949 sui
1750 892 1886 948 obli-

285 993 366 1040 tus
391 994 498 1045 est.
531 983 714 1038 dicens
735 985 800 1038 ad
829 987 1004 1040 Aaron
1033 1002 1046 1037 :
1081 983 1187 1038 Fac
1209 986 1352 1040 nobis
1381 987 1502 1042 deos
1529 987 1617 1057 qui
1643 1003 1734 1040 nos
1764 1000 1887 1056 prte-

283 1076 510 1130 cedant:
542 1075 748 1147 Moyses
798 1076 933 1130 enim
983 1075 1108 1142 ille,
1161 1078 1248 1148 qui
1297 1095 1388 1132 nos
1439 1079 1582 1148 ejecit
1637 1079 1700 1132 de
1753 1088 1888 1134 terra

281 1166 508 1240 {Egypti
529 1208 543 1232 ,
573 1167 836 1238 dereliquit
863 1185 978 1234 nos,
1007 1178 1054 1223 et
1093 1169 1215 1239 quid
1253 1171 1332 1224 illi
1365 1170 1608 1224 acciderit
1637 1171 1886 1226 nescimus

285 1259 478 1332 (Ill-rod.
511 1259 732 1328 XXXII,
771 1259 844 1332 I).
872 1260 937 1316 Et
970 1259 1090 1316 ideo
1118 1278 1235 1325 nos,
1267 1262 1356 1333 qui
1385 1279 1490 1317 non
1534 1263 1762 1334 papulas
1793 1263 1884 1319 Dei

281 1364 448 1412 retro.
483 1353 606 1407 lacti
651 1368 838 1407 smnus
880 1353 1107 1424 populus
1150 1353 1288 1424 ejus,
1339 1355 1654 1424 accipiendo
1686 1372 1878 1410 novam

281 1443 451 1516 legem
472 1445 516 1516 (l
535 1445 554 1514 )
572 1459 732 1516 supra
755 1443 974 1514 dictam,
991 1454 1044 1500 et
1065 1461 1254 1501 novam
1279 1447 1743 1504 circnmcisionem
1761 1457 1885 1513 ante

281 1523 610 1610 praedictam.

910 1631 1136 1690 CAPUT
1166 1631 1254 1688 IV.

350 1721 605 1794 Sequitur
635 1722 832 1793 itaque,
857 1733 934 1787 ut,
960 1734 1224 1796 quatenus
1248 1725 1670 1784 circtnncisimtis
1695 1743 1882 1784 carna-

1989 519 2076 575 Lll
2105 523 2200 593 (ὁ).
2238 523 2326 579 Sic
2359 524 2520 595 igitur
2543 534 2667 581 ante
2685 524 2786 581 hoc
2813 527 3092 582 Sabbatum
3127 528 3442 598 temporale,
3471 536 3589 581 erat

1988 625 2039 670 et
2095 615 2370 670 sabbatum
2408 625 2668 672 aeternum
2719 628 3104 688 pra'ostensnm
3150 629 3205 674 et
3237 619 3583 690 prmdb-ttnn,

1989 710 2259 779 quomodo
2305 723 2359 764 et
2405 720 2532 765 ante
2575 711 3038 766 circumcisionetn
3079 713 3347 767 carnalem
3390 712 3485 765 fuit
3534 721 3589 766 et

1990 800 2244 870 Spit-italis
2285 802 2628 858 ciretnncisio
2659 811 3005 872 prmostensa.
3041 803 3276 874 Denique
3323 801 3584 871 dOCO'llII,

1989 892 2143 948 sicuti
2203 893 2312 963 jam
2363 895 2635 963 pra-locuti
2687 909 2916 962 smnus,
2971 894 3144 950 Adam
3193 895 3582 960 sabbalizasse;

1989 994 2082 1039 aut
2124 986 2254 1041 Abel
2290 986 2518 1042 hostiam
2565 987 2672 1042 Deo
2719 997 2958 1043 sanctam
2991 986 3312 1042 offerentem
3337 1031 3351 1054 ,
3380 987 3586 1042 sabbati

1990 1079 2251 1148 religione
2303 1081 2600 1150 placuisse;
2633 1091 2724 1135 aut
2771 1081 2956 1136 EquIt
3011 1083 3329 1137 translatum
3376 1083 3585 1138 sabbati

1989 1171 2247 1224 cultorem
2279 1169 2474 1235 fuisse;
2505 1181 2597 1226 aut
2622 1170 2734 1228 Nec
2777 1187 2918 1228 ιιι-αθ
2958 1172 3336 1229 fabricatorem
3368 1183 3588 1244 propter

1989 1263 2244 1318 diluvium
2303 1263 2623 1320 immensum
2659 1307 2672 1331 ,
2735 1265 3016 1320 sabbatum
3089 1267 3438 1333 observasse;
3495 1276 3589 1323 aut

1991 1353 2258 1409 Abraham
2289 1355 2340 1410 in
2369 1355 2747 1411 observatione
2787 1357 2993 1420 sabbati
3032 1358 3176 1413 Isaae
3219 1357 3387 1413 filium
3427 1375 3585 1414 suum

1987 1443 2276 1512 obtulisse;
2307 1456 2398 1501 aut
2437 1446 2831 1503 Melchisedech
2875 1449 2926 1502 in
2953 1463 3052 1504 suo
3077 1449 3382 1504 sacerdotio
3413 1451 3584 1520 legem

1987 1537 2192 1592 sabbati
2221 1538 2514 1610 accepisse.
2549 1538 2653 1594 Sed
2675 1538 2866 1594 dicturi
2889 1550 3014 1594 sunt
3039 1539 3230 1606 .lnda:i,
3264 1555 3328 1596 ex
3357 1557 3462 1612 quo
3487 1543 3587 1598 hoc

1989 1641 2312 1702 prarceptnm
2343 1633 2524 1686 datum
2557 1641 2640 1688 est
2671 1649 2765 1702 per
2793 1633 3034 1704 Moysen,
3066 1633 3261 1688 exinde
3287 1635 3582 1688 observan-

1985 1725 2110 1779 dnm
2145 1725 2326 1780 fuisse.
2353 1715 2788 1781 lllanifestnm'cst
2815 1727 3012 1796 itaque,
3037 1739 3140 1780 non
3171 1735 3461 1791 aeternum,
3488 1741 3585 1780 nec

277 1813 376 1883 lis,
409 1816 485 1888 (τι)
512 1823 566 1870 et
594 1815 724 1885 legis
753 1815 948 1871 veteris
989 1817 1208 1872 abolitio
1234 1827 1496 1888 expuucta
1537 1819 1650 1874 suis
1677 1829 1886 1892 tempe-
1917 1829 1964 1888 Β
1993 1819 2266 1889 spiritale,
2319 1819 2414 1874 sed
2468 1820 2761 1889 ten'tporale
2810 1818 2976 1875 fuisse
3025 1831 3350 1890 prmceptum
3377 1863 3393 1888 ,
3442 1823 3584 1891 qum]

277 1908 430 1964 ribus
481 1907 897 1976 demonstratur,
947 1911 1016 1966 ita
1063 1909 1268 1966 sabbati
1325 1927 1536 1984 quoque
1580 1913 1882 1972 observatio

279 2001 600 2072 temporaria
633 2000 710 2074 (Ξ)
740 1999 905 2058 fuisse
948 2001 1368 2058 demonstretur.
1400 2004 1594 2059 Dicunt
1617 2007 1757 2074 enim
1784 2006 1881 2062 Ju-

276 2094 376 2150 d:ei
403 2093 546 2166 ψυιά
573 2109 602 2149 a
633 2095 928 2166 primordio
948 2095 1362 2152 sanctificaverit
1391 2097 1528 2153 Deus
1549 2083 1690 2155 diem
1719 2101 1882 2194 septi-

276 2203 448 2254 mum,
479 2187 865 2260 requiescendo
895 2189 948 2243 in
987 2204 1054 2243 eo
1083 2189 1150 2243 ab
1187 2189 1435 2244 omnibus
1480 2192 1728 2262 oneribus
1769 2187 1882 2248 'suis

275 2297 394 2354 quae
427 2281 570 2346 fecit,
604 2290 658 2336 et
689 2281 810 2336 inde
839 2283 996 2336 etiam
1021 2279 1236 2352 Moysen
1267 2281 1464 2338 dixisse
1485 2285 1549 2338 ad
1580 2284 1830 2356 populum
1863 2302 1876 2340 :

277 2371 584 2429 Mementote
625 2373 760 2426 diem
806 2373 1166 2440 sabbatorum;
1193 2375 1506 2444 sanctificata
1551 2393 1683 2430 cunt.
1720 2375 1882 2456 Qntne

275 2479 400 2534 aptis
429 2464 610 2519 seri-ile
639 2481 738 2518 non
767 2464 965 2537 facietis
1007 2468 1059 2520 in
1099 2483 1154 2520 eo
1183 2466 1375 2534 (Exod.
1411 2466 1528 2532 XX,
1560 2468 1638 2539 8),
1669 2481 1878 2539 prwter-

274 2575 427 2630 quam
453 2560 594 2630 quod
622 2563 691 2614 ad
717 2560 942 2614 animant
967 2562 1203 2633 pertinet.
1237 2561 1391 2618 Unde
1421 2578 1518 2618 nos
1541 2565 1880 2634 intelligimus

277 2651 444 2721 magis
475 2649 810 2706 sabbatizare
841 2667 938 2706 nos
979 2652 1046 2708 ab
1089 2655 1233 2708 omni
1261 2669 1424 2724 opere
1465 2657 1642 2710 servili
1669 2673 1882 2728 semper

201 2733 219 2752 ⁸
275 2743 493 2811 debere,
528 2753 582 2801 et
621 2760 727 2800 non
774 2753 975 2800 tantmn
1007 2747 1236 2817 septimo
1265 2764 1476 2819 quoque
1514 2749 1620 2815 die,
1649 2749 1743 2805 sed
1787 2765 1882 2821 per

277 2855 431 2896 omne
453 2853 684 2912 tempus.
715 2843 790 2897 Ae
812 2858 904 2912 per
925 2841 1388 2912 bnequmrendum
1417 2845 1567 2900 nobis
1595 2844 1736 2914 quod
1759 2845 1880 2899 sab-

277 2932 452 2990 batum
482 2949 583 2989 nos
612 2935 750 2990 Deus
769 2935 931 2991 vellet
951 2936 1240 2992 custodire.
1265 2937 1396 2992 Nam
1419 2937 1696 2994 sabbatum
1719 2947 1877 2994 :eler-

277 3041 419 3094 uum,
444 3037 506 3083 et
521 3028 800 3088 sabbatum
821 3031 1115 3100 temporale
1129 3030 1420 3101 Scriptor-.e
1437 3031 1880 3102 designant.l)icit

275 3119 409 3174 enim
440 3119 632 3175 Esaias
664 3121 920 3192 propheta
949 3121 1201 3178 :Sabbata
1237 3133 1400 3178 vestra
1423 3125 1526 3178 odit
1553 3127 1723 3178 anima
1744 3141 1874 3180 mea.

1987 1909 2308 1980 quandoque
2335 1919 2593 1966 cessaret.
2642 1911 2880 1982 Denique
2910 1911 3046 1966 adeo
3077 1927 3182 1966 non
3217 1913 3269 1966 iu
3301 1914 3582 1968 vacatione

1987 2003 2232 2068 sabbati,
2265 2006 2314 2059 id
2360 2014 2442 2060 est
2469 2005 2572 2060 diei
2613 2007 2862 2077 septimi,
2916 2006 3030 2062 hanc
3077 2008 3394 2063 solemnitas
3437 2009 3584 2066 cele-

1986 2095 2190 2152 branda
2223 2109 2324 2166 est,
2355 2109 2412 2154 ut
2433 2097 2590 2155 .lesus
2620 2099 2766 2156 Nave
2786 2141 2802 2167 ,
2829 2115 2894 2156 eo
2925 2111 3168 2172 tempore
3194 2118 3299 2172 quo
3331 2102 3584 2158 Hiericho

1985 2190 2255 2246 civitatem
2283 2191 2606 2263 depellebat,
2642 2204 2970 2264 praeceptum
3014 2193 3114 2248 sibi
3141 2209 3170 2247 a
3207 2193 3316 2250 Deo
3343 2193 3581 2262 diceret,

1989 2282 2059 2336 uti
2093 2282 2288 2353 populo
2331 2283 2608 2338 mandaret
2635 2326 2648 2350 ,
2675 2293 2724 2336 ut
2761 2285 3044 2338 sacerdotes
3091 2301 3265 2339 arcam
3301 2289 3584 2341 testamenti

1988 2373 2080 2429 Dei
2125 2386 2314 2446 septem
2357 2375 2530 2430 diebus
2569 2377 2954 2448 circumferrem
2982 2378 3035 2430 in
3074 2377 3286 2431 circuitu
3325 2379 3581 2442 civitatis;

1985 2476 2132 2538 atque
2168 2468 2238 2520 ita
2267 2468 2468 2538 septimi
2494 2467 2595 2521 diei
2623 2468 2836 2522 circuitu
2868 2477 3069 2538 peracto
3097 2511 3110 2534 ,
3157 2478 3340 2534 sponte
3380 2479 3582 2524 ruerent

1987 2559 2121 2612 muri
2152 2559 2368 2614 civitatis
2390 2557 2527 2627 (los.
2553 2559 2642 2624 VI,
2662 2559 2722 2626 it,
2748 2561 2880 2632 sqq).
2901 2559 3051 2629 Quod
3070 2561 3138 2616 ita
3163 2559 3356 2615 factum
3381 2571 3499 2628 est;
3528 2572 3581 2618 et

1987 2653 2136 2708 linito
2164 2655 2338 2724 spatio
2364 2653 2466 2708 diei
2493 2655 2728 2726 septimi,
2758 2656 2891 2710 sicut
2935 2655 3249 2725 praedictum
3279 2665 3420 2721 erat,
3459 2673 3584 2711 rue-

1987 2759 2109 2802 runt
2141 2749 2274 2803 muri
2314 2747 2564 2803 civitatis.
2597 2747 2680 2802 Ex
2723 2765 2829 2818 quo
2872 2749 3154 2803 tnanifeste
3185 2749 3488 2804 ostenditur
3521 2751 3573 2804 in

1987 2857 2210 2896 tmmero
2243 2843 2461 2896 istorum
2489 2841 2700 2898 dierum
2733 2851 2938 2912 septem
2961 2842 3262 2898 incurrisse
3282 2842 3424 2898 diem
3448 2845 3578 2898 sab-

1985 2939 2090 2994 bati
2121 2957 2133 2992 :
2167 2945 2372 3008 septem
2407 2938 2546 2992 enim
2579 2937 2693 2993 dies
2725 2937 3100 3007 undecumque
3123 2938 3328 2992 initium
3353 2953 3580 3008 aecepe-

1985 3030 2126 3094 rint,
2177 3029 2386 3084 sabbati
2417 3029 2560 3083 diem
2617 3045 2801 3084 secum
2852 3028 3182 3084 concludant
3223 3043 3444 3084 necesse
3473 3041 3580 3097 cst,

1983 3139 2090 3194 quo
2125 3123 2213 3180 die
2244 3139 2350 3178 non
2384 3132 2586 3178 tantum
2619 3122 2934 3178 sacerdotes
2967 3123 3075 3177 sint
3116 3125 3321 3192 operati
3347 3124 3484 3190 ,‘sed
3527 3133 3580 3180 ct

273 3211 338 3268 Et
374 3214 488 3268 alio
517 3214 635 3268 loco
676 3213 806 3270 dicit
833 3233 844 3268 :
877 3215 1102 3270 Sabbata
1133 3233 1244 3271 utea
1275 3219 1634 3288 prophanastis
1662 3216 1876 3289 (Ezech.
1905 3225 1950 3289 C
1986 3217 2036 3272 in
2065 3233 2160 3272 ore
2184 3217 2342 3288 gladii
2370 3215 2550 3289 praeda
2581 3216 2716 3272 facta
2746 3217 2814 3270 sit
2865 3216 3059 3272 civitas
3098 3216 3165 3272 ab
3185 3219 3340 3272 omni
3383 3216 3652 3286 populo"

271 3305 432 3373 XXII,
450 3306 543 3373 8).
566 3305 716 3362 Unde
745 3306 1111 3378 dignoscitntts
1132 3309 1412 3366 sabbatum
1443 3312 1736 3380 temporale
1756 3326 1876 3376 esse

199 3385 233 3402 ⁸
258 3383 571 3454 humanum
601 3441 613 3464 ,
642 3409 692 3454 et
740 3399 1019 3454 sabbatum
1065 3408 1322 3456 :cternum
1355 3403 1560 3457 censeri
1603 3401 1874 3469 divinum,

267 3491 332 3546 de
358 3508 464 3563 quo
507 3505 604 3560 per
634 3491 849 3546 Esaiam
881 3493 1139 3562 pra‘dicat
1166 3509 1179 3546 :
1209 3493 1274 3547 Et
1303 3493 1416 3558 erit,
1451 3494 1621 3566 inquit
1642 3537 1655 3560 ,
1691 3496 1876 3549 mensis

264 3601 326 3640 ea:
353 3601 561 3650 mense,
587 3595 634 3639 et
651 3585 759 3638 (lies
784 3584 846 3640 de
873 3587 976 3653 die,
1015 3595 1064 3640 et
1099 3586 1362 3641 sabbatum
1385 3588 1446 3642 de
1473 3589 1702 3654 sabbato,
1733 3597 1779 3642 et
1795 3605 1874 3642 ve-

263 3681 364 3734 niet
392 3679 573 3735 animis
603 3695 725 3734 caro
764 3679 984 3733 adorare
1011 3680 1062 3733 in
1095 3679 1440 3748 Hierusalem,
1475 3682 1596 3735 dicit
1627 3680 1875 3738 Dominus

269 3770 406 3843 (lsa.
433 3770 631 3838 LXVI,
655 3769 772 3842 εἰ).
801 3771 950 3840 Quod
977 3771 1322 3844 intelligimus
1351 3773 1697 3844 adimpletum
1741 3785 1876 3830 temt-

270 3867 485 3938 poribus
501 3865 733 3932 Christi,
753 3864 964 3937 quando
987 3867 1162 3922 omnis
1183 3853 1328 3931 caro,
1353 3866 1400 3921 id
1421 3877 1502 3922 est
1524 3869 1698 3923 omnis
1718 3884 1872 3936 gens,

269 3959 491 4016 adorare
522 3963 582 4016 in
626 3959 958 4014 Hierusalem
987 3961 1130 4016 venit
1171 3961 1339 4016 Deum
1369 3961 1583 4016 Patrem
1614 4005 1628 4028 ,
1661 3977 1754 4034 per
1781 3962 1875 4019 Je-

265 4067 382 4110 sum
409 4054 693 4110 Christum
725 4051 916 4109 Filium
947 4055 1084 4125 ejus,
1115 4057 1250 4137 sicut
1279 4072 1373 4128 per
1395 4055 1719 4128 Prophetam
1747 4073 1882 4128 pra:-

1980 3307 2161 3364 Israel.
2206 3308 2318 3364 Nec
2358 3307 2578 3364 dubium
2625 3317 2710 3363 est
2741 3323 2877 3378 opus
2917 3307 3118 3364 servile
3165 3323 3260 3364 eos
3305 3319 3577 3378 eperatos,

1980 3415 2101 3456 cum
2154 3400 2363 3470 prmdas
2409 3400 2532 3455 belli
2581 3409 2806 3469 agerent
2843 3415 2906 3453 ex
2965 3399 3059 3454 Dei
3106 3409 3396 3471 prmeepto.
3447 3399 3578 3453 Nam

1977 3503 2032 3549 et
2069 3492 2140 3568 (c)
2169 3492 2496 3562 temporibus
2545 3492 2972 3548 Machabmornm
3003 3493 3244 3548 sabbatis
3293 3492 3580 3564 pugnando
3633 3561 3637 3569 .

1978 3586 2186 3642 fortiter
2211 3584 2485 3650 feceram,-
2513 3584 2587 3655 (d)
2631 3596 2685 3640 ct
2717 3586 2896 3640 hostes
2937 3585 3244 3658 allaphylos
3302 3602 3579 3657 expugna-

1977 3695 2187 3749 verunt,
2221 3684 2498 3755 legemque
2525 3693 2800 3753 paternam
2823 3682 2889 3738 ad
2914 3683 3198 3752 pristinum
3227 3683 3348 3738 vitte
3373 3693 3574 3739 statum

1981 3775 2262 3846 pugnando
2305 3775 2544 3830 sabbatis
2575 3783 2986 3830 revocaverunt.
3029 3773 3140 3828 Nec
3189 3785 3369 3845 putem
3420 3775 3578 3830 aliain

1981 3871 2148 3940 legem
2178 3883 2272 3923 eos
2299 3867 2632 3934 defendisse,
2665 3867 2765 3922 nisi
2799 3867 2852 3922 in
2882 3881 2986 3937 qua
3011 3865 3082 3924 de
3105 3865 3191 3920 die
3229 3866 3576 3922 sabbatorum

1983 3963 2338 4018 meminerant
2361 3978 2482 4018 esse
2514 3963 2906 4032 prmscriptum.
2938 3960 3092 4016 Unde
3125 3960 3470 4016 manifestum
3496 3972 3580 4016 est

1984 4059 2051 4114 ad
2096 4066 2310 4126 tempus
2341 4066 2395 4112 et
2433 4057 2714 4126 praesentis
2755 4055 3366 4112 caussaenecessitatem
3397 4055 3581 4125 hujus-

1518 4173 1897 4232 LECTIONES
1937 4174 2241 4230 VARIANT
2249 4174 2352 4230 ES.

323 4308 394 4374 (1)
414 4308 476 4360 Et
497 4305 648 4360 addit
670 4306 819 4358 Rhea.
845 4303 1006 4358 Obsrt.

2037 4311 2110 4376 (ἑ)
2133 4311 2436 4374 Temporalis
2457 4309 2610 4362 Rhea.
2635 4310 2799 4362 Obert.

1608 4500 1613 4504 τ
1699 4437 1982 4494 (ἷΟΜΜΙΞΝ
2006 4440 2076 4494 fA
2089 4440 2264 4498 IlIUS.

262 4575 362 4633 n_on
388 4575 420 4633 ᾳ
449 4561 626 4615 colore
651 4557 947 4633 undarum,_
971 4565 1022 4633 ut
1071 4556 1295 4633 plerique
1331 4555 1617 4633 crederent,
1659 4557 1748 4633 sed
1771 4629 1781 4633 _
1803 4557 1865 4612 ab
1892 4558 1944 4618 D
1973 4572 2177 4633 praptor
2207 4559 2519 4623 Dominum;
2549 4559 2630 4613 vel
2658 4575 2806 4622 sane,
2838 4573 2954 4629 cap.
2989 4555 3103 4614 LX.
3141 4555 3275 4611 Enn.

263 4629 492 4703 Erythro
533 4647 656 4703 rege
695 4627 969 4703 appellari.
1001 4627 1078 4682 Ls
1105 4629 1196 4682 Ρη.
1229 4658 1300 4668 —
1331 4627 1578 4692 I’linium,
1601 4629 1862 4703 utisolet,

263 4698 523 4766 imitatus,
563 4698 660 4771 q'ni
693 4698 1037 4771 Erythrarum
1076 4714 1220 4753 mare
1271 4709 1544 4768 nuncupat
1591 4698 1726 4764 (Lib.
1776 4701 1862 4761 Vl.

262 4787 380 4840 cap.
414 4771 510 4844 2‘5)
559 4769 705 4844 quod
734 4769 876 4844 nes“
897 4769 1126 4824 Rubrum
1166 4771 1412 4836 dicimus,
1460 4771 1616 4824 sicuti
1672 4771 1869 4844 Diony-

263 4844 374 4898 sius
407 4843 486 4897 De
503 4841 610 4898 situ
645 4842 819 4896 Orbis.
848 4841 984 4896 Pan.

311 4913 542 4969 CAPJV
554 4911 882 4982 .--(a)Legis
895 4912 1070 4968 veteris
1081 4912 1288 4966 abolitio
1301 4921 1550 4976 expuncto
1561 4913 1664 4965 suis
1679 4923 1866 4982 tempo-

259 4985 399 5039 ribus
426 4986 832 5040 demonstratur.
860 4982 1066 5054 Sequor
1087 4984 1326 5038 Ilbeuani
1349 4985 1864 5052 interpretationem,

257 5058 348 5126 qui
365 5056 506 5112 idem
527 5071 652 5112 esse
673 5063 858 5111 censet
882 5071 943 5109 ac
963 5054 1346 5126 adimpletum
1357 5061 1545 5122 puncta
1562 5070 1754 5125 nempe
1773 5055 1868 5112 fuit

261 5124 342 5182 lex
372 5137 550 5192 vetus,
580 5143 719 5182 nova
743 5129 1172 5195 Superveniente.
1206 5124 1302 5179 Est
1331 5137 1506 5180 autem
1555 5124 1864 5195 metaphora

261 5197 442 5256 forsan
469 5199 634 5254 ducta
658 5199 724 5251 ab
757 5198 987 5267 antiquis
1019 5197 1452 5259 faeneratoribus,
1483 5198 1571 5265 qui
1603 5197 1861 5252 dissoluta

259 5271 477 5344 nomina
503 5271 556 5324 in
587 5268 784 5344 ta_bnl_is
821 5270 1016 5325 ceratis
1043 5283 1138 5325 seu
1177 5268 1360 5338 diariis
1406 5283 1560 5324 verso
1605 5270 1745 5339 style
1769 5287 1862 5344 ex-

259 5342 590 5415 pttngebant.
622 5339 700 5396 Le
723 5340 819 5415 Pa.

335 5409 418 5482 (Β)
455 5412 590 5467 Ecce
615 5412 858 5482 proselyti
885 5427 972 5481 per
997 5426 1076 5464 me
1101 5411 1170 5464 ad
1188 5419 1234 5482 te
1257 5409 1420 5464 ibunt.
1449 5409 1857 5482 Citatieamdem

259 5481 622 5552 Scripturam’
663 5483 730 5536 lib
786 5481 868 5538 "Ill
915 5482 1113 5537 advers.
1159 5481 1366 5546 Maro,
1394 5491 1450 5535 et
1488 5481 1648 5551 paulo
1693 5483 1849 5538 latius

259 5553 522 5626 explicat,
548 5553 866 5626 nominatim
917 5554 1080 5626 Isaian
1115 5553 1464 5626 adscribens,
1517 5554 1847 5626 apeuliqnem

259 5623 484 5694 reperiri
505 5623 1030 5698 jnxtaSeptuaginta
1061 5625 1386 5698 interpretes
1414 5623 1563 5698 (0(th
1605 5625 1714 5694 Lll)
1745 5640 1845 5698 ao-

261 5706 514 5752 notarunt
555 5695 798 5766 quidam,
826 5698 920 5752 sed
965 5697 1160 5752 ibidem
1205 5695 1464 5750 hactenus
1507 5712 1610 5750 non
1645 5697 1837 5762 reperi.

264 5763 812 5823 l‘Au.—lntcndebat
851 5766 988 5823 forte
1039 5766 1401 5824 Tertullianus
1447 5781 1560 5836 cap.
1598 5766 1685 5822 LV
1739 5765 1837 5821 lsa.

265 5851 311 5892 ν.
359 5839 430 5894 5:
480 5836 673 5898 Gentes
713 5853 826 5909 qua:
853 5847 900 5893 te
929 5855 1028 5892 non
1061 5846 1400 5911 cognoverunt
1423 5840 1538 5906 ,.ad
1565 5847 1611 5893 te
1639 5847 1841 5894 current

2043 4655 2172 4728 (c)
2214 4653 2562 4728 Temporibus_
2590 4651 3050 4728 _lllac_ltabtcorum.
3115 4647 3562 4728 Quandoquidem

1973 4719 2400 4782 Ma‘eltabmorum
2431 4725 2516 4778 hic
2551 4723 2826 4778 historiam
2857 4722 2984 4776 citet
3007 4722 3058 4774 in
3089 4736 3148 4775 re
3173 4719 3317 4786 fidei,
3346 4736 3448 4773 non
3473 4721 3571 4772 du-

1974 4800 2118 4852 bium
2147 4797 2270 4868 quin
2303 4797 2444 4850 illam
2489 4810 2603 4868 pro
2627 4795 2883 4868 canonica
2916 4793 3188 4868 scriptura
3226 4793 3566 4868 cognoverit.

1971 4863 2320 4940 Neqne'enim
2351 4863 2541 4920 mirum
2565 4867 2689 4940 siin
2718 4881 2924 4940 canone
2944 4864 3296 4940 _llebr.eorum
3329 4863 3444 4940 libri
3492 4863 3564 4915 illi

1973 4936 2079 4994 non
2103 4940 2415 5002 habeantur;
2449 4937 2875 5008 quandoquidem
2907 4937 3183 5008 plusquam
3213 4936 3570 5008 saeculopost

1973 5013 2118 5067 illum
2149 5012 2217 5064 ab
2260 5009 2427 5064 Esdra
2469 5003 2694 5063 'etlitutn'
2723 5003 3009 5072 conscripti
3045 5003 3207 5058 'sunt.
3243 5003 3370 5058 Nam
3423 5005 3568 5057 inter
3629 5061 3641 5070 _

1970 5084 2178 5156 Cyrum
2205 5082 2740 5156 Darii_suc_eessoretn
2769 5079 2868 5156 sub
2897 5075 3232 5156 qno_Es_dras
3257 5075 3566 5156 clamitant

1973 5146 2291 5208 antiochum
2325 5151 2678 5222 Epipltanem,
2716 5149 2822 5222 Sub
2843 5163 2950 5222 quo
2981 5147 3293 5214 Maeli-aluei,
3326 5147 3448 5200 anui
3485 5146 3564 5199 itt-

1971 5232 2330 5281 tercesseruut
2370 5218 2735 5274 utimiuimttm
2769 5218 2887 5273 l80.
2922 5218 3057 5271 Pan.

2041 5317 2120 5390 (d)
2161 5315 2225 5370 Et
2251 5316 2415 5390 hostes
2441 5313 2752 5390 allaphqlas.
2777 5306 3068 5390 A‘li.aguloug_
3085 5311 3256 5390 Graeci
3281 5310 3566 5390 bibliorum

1967 5381 2316 5458 interpretes,
2355 5385 2525 5454 inquit
2552 5381 2998 5458 Bfllieronyntus
3029 5385 3104 5454 (in
3143 5381 3442 5458 lsttitecap.
3493 5381 3562 5451 Il)

1965 5469 2091 5516 sunt
2113 5453 2468 5526 interpretati,
2503 5470 2596 5521 pro
2634 5453 2930 5526 Philistum,
2963 5453 3081 5522 qua:
3104 5465 3186 5505 est
3222 5453 3408 5526 hodie
3434 5467 3567 5526 gens

1955 5521 2276 5586 Pubestiuai
2311 5527 2448 5597 quod
2487 5527 2658 5596 ipsum
2689 5521 3091 5597 c'ut'tprolt_atttr_.
3118 5533 3176 5597 _c_.t
3221 5524 3271 5597 in
3325 5521 3564 5597 editione

1953 5601 2111 5658 latina
2149 5589 2522 5667 Septuaginta,
2559 5613 2624 5652 ex
2657 5596 2807 5667 titulo
2841 5593 3034 5647 l’sahni
3067 5593 3177 5646 LV.
3225 5589 3419 5646 Verum
3449 5595 3561 5667 _I_llC

1951 5674 2002 5728 id
2036 5663 2580 5744 referthertt—tllianus
2629 5668 2692 5722 ad
2721 5666 2978 5744 (lt-meos,
3031 5673 3217 5744 contra
3269 5677 3405 5744 quos
3449 5663 3560 5744 lla-

1949 5744 2152 5800 cltabmi
2177 5741 2530 5810 dimicabant,
2553 5754 2620 5793 co
2651 5736 2790 5810 quod
2816 5751 2914 5791 vox
2946 5751 3117 5805 graeca
3146 5733 3455 5802 alienigenas
3489 5735 3548 5788 si-

1947 5817 2161 5888 gniticet
2192 5815 2242 5869 iu
2271 5827 2488 5884 genere.
2523 5809 2661 5866 Pan.
