4062 6288
384 425 415 448 Ι

460 253 565 316 607

1886 242 2349 304 TEBTULLIANI

3648 244 3756 304 608

464 376 605 430 modi
640 382 903 445 prrecepta
934 370 1166 428 valuisse
1196 369 1303 442 (l),
1333 376 1389 425 et
1445 367 1522 440 (Ξ)
1558 381 1664 423 non
1703 364 1767 419 ad
1806 365 2049 435 perpetui
2082 363 2129 421 A
2161 372 2212 414 ut
2238 343 2329 429 per
2356 361 2670 418 :‘llalaelniam
2727 361 2802 434 (b)
2849 363 3121 433 angelum,
3155 376 3318 417 unum
3363 377 3429 419 ex
3469 359 3753 419 duodecim

464 469 728 535 temporis
753 465 1184 521 observationem
1227 461 1532 532 Imjusmodi
1565 460 1735 528 legem
1764 459 1841 513 eis
1893 459 2077 512 l'eum—

463 570 589 615 ante
616 559 851 615 dedisse.

1086 646 1311 704 CAPUT
1352 645 1421 701 ν.

496 715 628 799 ‘Sic
652 754 705 799 et
748 740 1009 799 sacriﬁcia
1047 751 1379 797 terrenarum
1425 737 1760 794 oblationum
1813 745 1866 791 ct
1894 736 2055 806 spiri-

464 840 688 894 tualium
717 835 1103 893 sacriﬁciormu
1132 832 1418 904 prsedicata
1467 829 1548 902 (5)
1602 829 1957 885 oSIeudimus.
1994 828 2061 882 Et

467 930 685 1001 quidem
715 945 744 983 a
779 925 1074 998 primordio
1106 924 1323 994 majoris
1363 922 1481 984 ﬁlii,
1514 920 1563 975 id
1600 931 1680 976 est
1716 919 1903 984 Israel,
1949 926 2059 972 ter-

469 1038 598 1079 rena
627 1022 792 1077 fuisse
822 1020 873 1075 iu
920 1018 1052 1073 Cain
1087 1029 1415 1088 prmasteusa
1442 1014 1734 1078 sacriﬁcia;
1759 1022 1811 1068 et
1838 1011 2063 1067 minoris

471 1116 563 1170 lilii
598 1111 762 1180 Abel,
796 1112 846 1167 id
875 1122 957 1167 est
992 1109 1169 1181 populi
1195 1108 1386 1174 nostri,
1418 1106 1680 1162 sacrilicia
1720 1105 1934 1159 diversa
1963 1102 2063 1158 de-

470 1216 784 1265 monstrata.
817 1205 1057 1276 Namque
1087 1205 1252 1274 major
1280 1212 1405 1257 natu
1433 1200 1559 1254 Cain
1596 1200 1660 1253 de
1698 1203 1872 1270 fructu
1915 1210 2066 1253 terra:

472 1301 649 1356 obtulit
680 1315 889 1354 numera
928 1298 1033 1353 Deo
1057 1339 1071 1364 ,
1102 1297 1268 1351 minor
1296 1311 1413 1350 vero
1442 1295 1582 1365 [ilius
1626 1291 1748 1347 Abel
1791 1292 1853 1345 de
1889 1295 2061 1363 fructu

474 1396 643 1450 ovium
682 1410 913 1449 suarum.
955 1392 1197 1465 Respexit
1237 1388 1373 1444 Deus
1402 1390 1455 1442 in
1494 1387 1620 1441 Abel
1662 1397 1709 1441 et
1749 1387 1802 1440 in
1854 1401 2067 1439 munera

478 1490 609 1561 ejus,
627 1489 679 1541 in
708 1485 834 1543 Cain
867 1496 1033 1541 autem
1066 1495 1114 1539 et
1143 1484 1195 1539 in
1225 1499 1433 1537 munera
1461 1482 1571 1553 ejus
1598 1497 1699 1534 non
1725 1480 1967 1549 respexit.
2002 1478 2067 1533 Et

477 1582 612 1635 dixit
668 1579 807 1634 Deus
863 1579 928 1633 ad
975 1577 1147 1633 Cain:
1204 1576 1376 1643 Quare
1420 1573 1641 1629 concidit
1686 1573 1857 1626 cultus
1907 1572 2069 1626 tuus?

475 1689 641 1729 nonne
664 1673 708 1727 si
738 1683 869 1726 recte
892 1669 1097 1741 quidem
1117 1670 1330 1739 offeras,
1364 1684 1462 1721 non
1492 1679 1624 1721 recte
1651 1676 1819 1720 autent
1845 1660 2079 1730 dividas,

2167 456 2446 525 prophetis
2475 456 2602 509 dicit
2629 474 2640 508 :
2672 454 2791 509 Non
2816 455 3060 527 recipiam
3095 455 3407 522 sacriﬁcium
3432 454 3496 509 de
3525 452 3758 507 manibus

2162 549 2363 611 vestris,
2396 551 2636 621 quoniam
2677 549 2739 603 ab
2783 551 2977 603 oriente
3022 549 3128 604 sole
3172 565 3331 620 usque
3356 550 3424 603 ad
3453 550 3761 604 occidentem

2162 659 2345 696 nomen
2375 659 2540 697 meum
2565 642 2903 711 clariﬁcatum
2925 650 2997 697 est
3021 643 3075 697 in
3105 642 3340 696 omnibus
3363 636 3620 713 gentibus,
3639 643 3761 697 dicit

2169 732 2417 788 Dominus
2447 734 2787 804 omnipotens.
2833 733 2898 788 Et
2943 734 2995 787 in
3038 733 3178 788 omni
3208 733 3319 787 loco
3357 731 3645 801 o/feruntur
3675 750 3762 787 sa-

2163 827 2363 896 criﬁcia
2388 827 2580 882 munda
2623 829 2816 883 nomini
2839 844 2949 883 meo
2982 827 3238 903 (Maluclt.
3280 827 3323 894 l,
3350 826 3439 887 I0.
3474 826 3584 900 II).
3627 826 3759 882 Item

2167 919 2219 973 in
2249 919 2476 975 P:almis
2504 920 2667 975 David
2708 920 2838 975 dicit
2864 940 2876 976 :
2909 920 3120 992 Adferte
3141 920 3271 982 Deo,
3316 919 3763 992 patriw,gentium
3783 944 3795 959 -

2167 1009 2342 1081 (Psal.
2387 1010 2572 1080 XCVI,
2598 1010 2677 1084 7).
2717 1011 3016 1069 Iudubitate
3057 1012 3197 1082 quod
3241 1014 3297 1066 in
3324 1028 3522 1066 onmem
3577 1021 3763 1067 terram

2167 1106 2304 1161 exire
2326 1106 2556 1163 habebat
2605 1107 2778 1180 (Psal.
2809 1108 2999 1175 XVIII,
3032 1110 3089 1175 5)
3137 1108 3450 1180 praedicatio
3476 1107 3765 1179 Apostolo-

2168 1212 2307 1252 rum.
2342 1199 2554 1272 Adferte
2585 1200 2694 1255 Deo
2723 1202 3015 1257 claritatem
3036 1211 3082 1255 et
3114 1202 3395 1266 honorem,
3426 1202 3623 1273 adferte
3652 1198 3763 1255 Deo

2168 1292 2422 1362 sacriﬁcia
2464 1293 2683 1347 nominis
2721 1294 2850 1366 ejus.
2900 1291 3084 1347 Tollite
3112 1293 3305 1348 hostias
3335 1336 3351 1360 ,
3379 1302 3422 1347 et
3454 1294 3656 1349 introite
3712 1294 3764 1347 in

2169 1386 2301 1440 atria
2331 1386 2441 1457 ejus
2471 1382 2646 1458 (Psal.
2677 1384 2864 1451 XCVI,
2896 1385 2975 1453 8).
2997 1384 3241 1455 Namque
3266 1383 3339 1457 (ε)
3363 1384 3503 1454 quod
3533 1399 3639 1440 non
3659 1366 3765 1439 ter—

2174 1477 2325 1533 renis
2355 1477 2641 1532 sacriliciis
2664 1519 2678 1542 ,
2713 1476 2806 1531 sed
2848 1478 3179 1547 Spit-italibus
3211 1477 3320 1533 Deo
3361 1476 3620 1532 litandum
3660 1478 3764 1543 sit,

2175 1569 2244 1625 ita
2293 1571 2523 1641 legimus
2558 1580 2613 1624 ιιι
2659 1570 2919 1639 scriptum
2971 1580 3094 1624 est:
3139 1569 3239 1623 Cor
3282 1568 3678 1623 contribulatum
3718 1577 3768 1624 et

2175 1665 2499 1718 humi/iamut
2526 1664 2692 1718 hostia
2723 1661 2830 1717 Deo
2851 1674 2920 1718 est
2944 1661 3113 1734 (Psal.
3135 1661 3195 1724 L,
3225 1661 3336 1730 i9).
3367 1662 3433 1717 Et
3458 1660 3584 1718 alibi
3615 1680 3629 1716 :
3663 1661 3765 1715 Sa-

480 1764 699 1837 pcrcasti
721 1764 746 1818 ?
774 1764 973 1834 quiesce
1000 1778 1020 1816 :
1048 1761 1116 1815 ad
1159 1772 1206 1815 te
1249 1760 1381 1813 enim
1427 1758 1684 1812 conversio
1717 1766 1805 1811 tua
1828 1799 1843 1823 ,
1876 1766 1923 1810 ct
1962 1757 2071 1826 ipse
2099 1752 2147 1814 B
2176 1756 2351 1822 criﬁca
2373 1753 2482 1808 Deo
2504 1754 2811 1824 sacriﬁcimu
2826 1753 3018 1819 laudis,
3038 1764 3084 1807 et
3105 1753 3260 1807 redde
3275 1753 3536 1807 Altissimo
3551 1761 3662 1805 vota
3685 1762 3774 1804 tua

477 1858 549 1911 tui
590 1856 960 1910 dominabitur.
997 1853 1060 1907 Et
1098 1864 1218 1907 tunc
1247 1852 1378 1907 dixit
1420 1851 1545 1905 Cain
1589 1850 1658 1904 ad
1701 1849 1826 1904 Abel
1860 1849 2068 1919 fratrem

476 1965 621 2002 suum
652 1963 669 2000 .·
699 1947 889 2001 Eamus
934 1946 987 1999 in
1015 1961 1273 2014 campum.
1328 1942 1394 1996 Et
1425 1943 1547 1996 abiit
1599 1958 1713 1996 cum
1766 1958 1824 1995 eo
1870 1941 1997 2004 illic,
2027 1950 2071 1992 ct

476 2041 728 2112 interfecit
760 2056 890 2092 cum.
932 2038 994 2093 Et
1040 2047 1159 2090 tunc
1200 2037 1330 2090 dixit
1367 2036 1504 2090 Deus
1545 2040 1614 2089 ad
1656 2033 1823 2088 Cain:
1860 2033 1958 2088 Ubi
2003 2044 2074 2087 est

478 2133 605 2187 Abel
634 2133 795 2202 frater
831 2131 992 2184 tuus?
1024 2128 1090 2182 Et
1131 2130 1266 2183 dixit
1296 2144 1313 2181 :
1345 2126 1535 2182 Nescio
1567 2142 1585 2181 :
1627 2126 1874 2191 numquid
1904 2136 2075 2180 castos

480 2228 654 2299 fratris
682 2226 779 2277 mei
805 2241 913 2277 smn
936 2241 1026 2296 ego
1051 2224 1074 2276 ?
1107 2222 1167 2275 lit
1205 2223 1332 2293 dixit
1364 2223 1407 2274 ei
1434 2221 1566 2273 Deus
1597 2236 1614 2274 :
1656 2220 1769 2273 Vm:
1797 2220 2069 2288 sanguinis

485 2319 660 2391 fratris
692 2319 766 2371 tui
786 2317 976 2372 clamat
1005 2316 1073 2369 ad
1098 2332 1174 2368 me
1204 2315 1265 2368 de
1291 2325 1423 2366 terra
1450 2329 1467 2367 :
1500 2324 1706 2382 praptcr
1730 2314 1886 2380 quod,
1920 2312 2077 2365 male-

490 2411 626 2465 dicta
658 2420 816 2475 terra,
840 2424 955 2478 quat
978 2408 1179 2477 aperuit
1210 2424 1266 2460 os
1286 2422 1434 2459 suam
1463 2405 1531 2458 ad
1566 2404 1922 2473 excipiendum
1953 2421 2045 2457 san
2063 2434 2077 2443 ο

484 2503 686 2573 guinem
707 2502 883 2572 [ri-tris
910 2501 999 2553 tui.
1036 2498 1251 2553 (leniens
1273 2507 1317 2551 rt
1336 2508 1550 2551 tremens
1575 2497 1676 2552 eris
1703 2513 1854 2566 super
1872 2507 2075 2550 terram.

487 2593 552 2648 Et
583 2594 711 2647 dixit
740 2593 866 2646 Cain
913 2592 981 2644 ad
1017 2590 1334 2645 Dominum:
1382 2589 1558 2654 Maius
1599 2589 1837 2642 delictum
1869 2607 2034 2642 meum
2063 2633 2077 2657 ,

488 2703 639 2757 quam
678 2695 730 2738 ut
760 2686 1045 2739 remittatur
1085 2683 1247 2747 mihi;
1274 2693 1319 2735 et
1366 2683 1535 2752 ejicies
1580 2698 1658 2735 me
1684 2682 1834 2734 hodie
1860 2700 1893 2735 α
1940 2682 2072 2753 [acie

489 2791 659 2844 ιρι-νην,
688 2790 733 2834 et
774 2797 806 2832 (ι
833 2780 965 2848 facie
996 2790 1083 2833 tua
1123 2778 1427 2838 abscomlar,
1464 2787 1511 2831 et
1551 2794 1636 2830 cro
1666 2793 1868 2847 gemens
1905 2787 1952 2831 ct
1982 2787 2085 2830 trc-

489 2893 631 2929 meas
661 2892 813 2944 super
848 2884 1056 2941 terram,
1089 2885 1135 2927 et
1170 2874 1335 2927 omnis
1358 2872 1443 2938 qui
1488 2888 1566 2925 me
1591 2872 1857 2932 invenerit,
1893 2872 2087 2925 occidet

491 2966 648 3038 (Gen.
686 2964 797 3038 IV).
823 2965 897 3020 Ex
931 2968 1032 3020 hoc
1060 2967 1221 3036 igitur
1247 2965 1477 3034 duplicia
1510 2964 1739 3020 duorum
1770 2965 2085 3034 populorum

491 3058 751 3113 sacriﬁcia
785 3068 1117 3128 prmostensa
1153 3057 1263 3127 jam
1296 3066 1422 3111 tunc
1448 3072 1476 3110 a
1513 3056 1806 3126 primordio
1844 3057 2089 3111 animad-

2179 1849 2280 1920 (Ps
2308 1848 2617 1919 ΧΙλΙΧΛ-ί).
2635 1851 2721 1905 Sic
2738 1851 2915 1922 itaque
2927 1851 3184 1906 sacriﬁcia
3201 1851 3460 1920 spiritalia
3478 1849 3650 1904 laudis
3671 1849 3740 1904 de
3756 1878 3771 1888 -

2176 1944 2477 2013 signantur,
2505 1955 2557 1998 et
2585 1959 2672 1997 cor
2697 1943 3093 1997 contribulatum
3124 1943 3433 2014 acceptabile
3464 1942 3775 2012 sacriﬁcium

2182 2036 2286 2089 Deo
2303 2035 2719 2089 demonstratur.
2744 2034 2926 2107 Itaque
2964 2035 3233 2106 quomodo
3250 2036 3482 2090 carnalia
3506 2035 3775 2091 sacriﬁcia

2178 2129 2462 2197 reprolata
2493 2128 2875 2199 iulell'guutur,
2909 2127 2975 2184 de
2998 2128 3190 2199 quibus
3215 2137 3268 2184 ct
3292 2128 3476 2184 Esaias
3514 2129 3774 2199 loquitur,

2180 2222 2363 2275 dicens
2387 2240 2398 2275 :
2418 2220 2531 2287 Quo
2552 2221 2674 2285 milii
2695 2221 3067 2275 multitudinem
3084 2222 3450 2288 sacriﬁciorum
3472 2225 3782 2276 vestrorum?

2182 2316 2302 2368 tltt‘ll
2335 2315 2581 2368 Dominus
2607 2318 2623 2386 (
2648 2314 2758 2369 lsa.
2791 2315 2832 2380 I,
2869 2316 2975 2384 II).
3015 2317 3083 2369 ita
3115 2315 3374 2371 sacriﬁcia
3404 2316 3663 2385 spiritalia
3688 2330 3782 2372 ac-

2182 2417 2332 2477 c:-pta
2360 2406 2736 2476 praedicantur,
2767 2416 2821 2460 ut
2851 2407 3130 2477 Propheta:
3165 2408 3499 2462 atumuliaut.
3526 2408 3609 2478 (d)
3641 2406 3786 2475 Quo-

2184 2501 2319 2554 niam
2353 2499 2441 2553 rtsi
2474 2499 2759 2554 adtaleritis
2780 2541 2794 2565 ,
2818 2500 3007 2570 inquit,
3038 2501 3162 2554 mihi
3188 2500 3431 2567 similam,
3457 2518 3641 2555 vanum
3662 2518 3788 2572 sup-

2188 2592 2562 2661 plicmnentam,
2594 2582 2994 2647 execranteutam
3029 2592 3150 2645 mihi
3195 2602 3266 2646 est
3290 2590 3475 2664 (Ibid).
3506 2592 3568 2647 Et
3609 2593 3791 2646 adhuc

2187 2684 2315 2737 dicit
2349 2704 2358 2734 ε
2397 2682 2849 2737 llolocaustomata
2893 2694 2937 2738 et
2985 2686 3238 2750 sacriﬁcia
3278 2695 3472 2751 ucstra,
3504 2696 3550 2739 et
3581 2685 3791 2756 adipem
3848 2720 3861 2731 ο

2189 2776 2463 2839 Itircot'u-n,
2485 2787 2528 2827 et
2559 2776 2854 2846 sanguinem
2894 2786 3155 2830 taurorum
3194 2778 3312 2830 nolo
3339 2796 3357 2829 :
3388 2793 3477 2831 nec
3502 2777 3545 2830 si
3581 2779 3798 2832 veniatis

2190 2868 2345 2920 rideri
2388 2868 2543 2934 till/tl;
2586 2869 2698 2936 quis
2726 2870 2856 2921 enim
2897 2869 3161 2936 exquisicit
3187 2866 3295 2922 ﬁa’c
3321 2868 3385 2921 de
3414 2869 3644 2923 manibus
3669 2886 3795 2924 ves-

2192 2962 2280 3014 tris
2311 2958 2472 3032 (Ibid.
2509 2959 2640 3031 12)?
2671 2961 2745 3014 De
2771 2961 3100 3031 spiritalibus
3132 2978 3258 3016 vero
3285 2962 3562 3017 Sacriﬁciis
3603 2964 3747 3017 addit
3776 3006 3795 3032 ,

2193 3054 2376 3108 dicens
2407 3052 2530 3111 :,lt‘t
2561 3054 2612 3106 in
2657 3054 2794 3106 oumi
2835 3054 2945 3107 loco
2984 3055 3238 3125 sacriﬁcia
3284 3055 3471 3109 unmda
3515 3053 3805 3123 o/ferentur

493 3153 773 3207 vertimus.
806 3150 883 3223 (τε)
918 3151 1175 3220 Denique,
1210 3166 1330 3206 cum
1382 3166 1477 3220 per
1518 3150 1816 3221 Moyseuin
1849 3150 2087 3205 Levitico
2115 3148 2158 3210 C
2194 3147 2388 3201 nomini
2414 3163 2542 3211 meo,
2571 3147 2692 3201 dicit
2723 3147 2987 3202 Dominus.

497 3246 584 3301 lex
634 3243 981 3299 sacerdotalis
1030 3244 1499 3307 eonscriberctur,
1569 3243 1872 3299 invenimus
1953 3259 2089 3313 prm-

498 3337 758 3404 scriplum
791 3333 984 3405 populo
1005 3332 1209 3397 Israeli,
1230 3343 1285 3387 ut
1306 3333 1566 3387 sacriﬁcia
1593 3333 1740 3388 ttullu
1774 3332 1825 3386 iu
1856 3334 1975 3388 loco
2006 3334 2090 3386 of-

502 3429 765 3484 ferrentur
807 3429 916 3482 lleo
945 3442 1104 3499 quam
1152 3428 1203 3481 iu
1237 3436 1375 3481 terra
1428 3427 1885 3497 repromissionis,
1929 3443 2090 3498 quam

503 3521 759 3577 Ilouinus
792 3521 931 3575 Deus
955 3522 1177 3574 daturus
1201 3529 1342 3575 esset
1387 3521 1587 3590 populo
1613 3519 1799 3574 Israeli
1826 3530 1881 3575 et
1910 3519 2092 3575 fratri-

500 3613 600 3667 bus
626 3628 845 3667 eorum:
882 3622 961 3678 ut,
990 3611 1295 3666 introducto
1336 3611 1520 3676 Israel,
1551 3612 1659 3666 illic
1688 3614 2093 3669 celebrarentur

499 3705 760 3761 sacriﬁcia
814 3716 870 3761 et
937 3705 1245 3760 holocausta
1302 3716 1406 3758 tam
1479 3720 1578 3775 pro
1635 3707 1868 3775 peccatis
1934 3723 2093 3779 quam

503 3815 601 3871 pro
671 3800 1000 3863 animabus,
1055 3810 1110 3854 et
1181 3813 1442 3868 nusquam
1511 3799 1638 3853 alibi
1693 3800 1791 3855 nisi
1869 3800 1922 3856 iu
1987 3814 2097 3857 ter-

503 3909 561 3951 ra
600 3902 782 3948 sancta
830 3891 908 3965 (ll)
940 3890 1133 3966 (Deut.
1188 3890 1280 3945 XII
1308 3888 1347 3961 ).
1383 3888 1493 3945 Cur
1533 3886 1727 3961 itaque
1765 3903 1945 3963 postea
2006 3910 2101 3965 per

504 3986 795 4057 prOpIIelas
846 3984 1098 4055 praedicat
1153 3984 1384 4051 Spiritus
1437 3983 1669 4038 futurum
1727 3995 1783 4040 ut
1839 3987 1892 4042 ill
1953 3990 2099 4044 omni

508 4089 647 4134 terra
679 4088 769 4132 aut
797 4078 848 4132 iu
880 4078 1025 4131 omni
1058 4077 1177 4131 loco
1209 4076 1507 4131 offerantur
1536 4076 1797 4132 sacriﬁcia
1832 4079 1963 4145 Deo,
1995 4082 2102 4137 sic-

2812 3239 3041 3298 CAI‘UT
3084 3243 3169 3298 VI.

2272 3332 2450 3401 Igitur,
2485 3348 2605 3387 cum
2643 3333 2980 3389 lttaltileslltttt
3014 3335 3082 3388 sit
3110 3344 3165 3390 et
3191 3335 3473 3392 sabbatum
3501 3337 3810 3407 temporale

2197 3440 2493 3495 ostensum,
2519 3441 2573 3487 et
2599 3431 2877 3487 sabbatum
2904 3441 3162 3486 a-tcrmnu
3203 3432 3536 3500 prmdictmn,
3561 3433 3809 3489 circum-

2200 3523 2453 3577 cisionem
2477 3522 2745 3577 carnalem
2769 3523 3098 3592 prmdictam,
3122 3534 3173 3579 et
3200 3523 3660 3579 circumcisionem
3686 3526 3776 3596 spi
3793 3556 3812 3567 -

2201 3615 2408 3670 ritalem
2453 3615 2849 3685 prmiudieatam
2874 3658 2889 3680 ,
2920 3615 3093 3687 legem
3124 3632 3335 3687 quoque
3365 3616 3713 3686 temporalem
3748 3627 3818 3675 ct.

2200 3708 2375 3778 legem
2400 3709 2717 3763 atterualem
2770 3707 3158 3774 denuntiatum,
3188 3706 3447 3764 sacriﬁcia
3475 3709 3716 3764 carnalia
3754 3719 3821 3766 et

2202 3799 2461 3855 sacriﬁcia
2491 3800 2747 3870 Spiritalia
2782 3810 3144 3871 pr:eostcusa;
3187 3802 3448 3871 sequitur,
3496 3810 3551 3855 ut
3598 3815 3817 3871 praece-

2206 3894 2350 3949 dcuti
2385 3904 2623 3964 tempore
2648 3894 2786 3949 datis
2810 3884 3057 3948 omnibus
3080 3893 3196 3948 istis
3221 3909 3328 3963 prie
3362 3892 3501 3965 cptis
3516 3892 3819 3950 earnaliter

2209 3987 2403 4058 pupqu
2438 3986 2617 4053 Israel,
2650 3988 3020 4057 superveniret
3047 3996 3258 4056 tempus
3274 4002 3380 4056 quo
3409 3986 3542 4056 legis
3566 3986 3819 4057 antiqua:

2209 4092 2263 4138 ct
2283 4082 2722 4159 czercmo'uiarum
2746 4092 2981 4137 veterum
3007 4088 3267 4152 pra~cepta
3291 4089 3642 4145 cessarent,et
3656 4094 3822 4135 novze

1849 4194 2225 4254 LISCTIONES
2263 4196 2570 4253 VARIANT
2576 4196 2680 4253 ES.

606 4310 650 4380 ι)
674 4306 985 4380 (ipavaloisse
1016 4309 1150 4380 Pam.
1179 4302 1325 4357 Rhea.
1365 4306 1525 4357 Obcrt.
2277 4312 2352 4380 (ᾇ)
2376 4312 2615 4380 Bredicta
2637 4310 2802 4364 iidem.

606 4311 617 4359 1
674 4310 985 4358 Conraluisse
1016 4310 1150 4358 Pam.
1179 4310 1325 4357 tilica.
1365 4310 1525 4357 Obcrt.
2277 4312 2329 4369 (5
2376 4312 2615 4363 Praedicta
2637 4310 2802 4364 iidem.

574 4310 650 4437 lii
675 4370 796 4422 Ut...
823 4370 1043 4420 dedisset
1064 4367 1227 4420 iidem.
1932 4430 1937 4434 _
2276 4314 2352 4442 (Ii
2383 4375 2586 4427 Terram
2627 4384 2842 4426 sanctam
2870 4382 2989 4427 Ven.

1892 4498 2451 4560 COMMENTARIUS.

587 4613 971 4703 C:\P._V.—(a)
990 4613 1221 4703 Denique
1234 4630 1347 4668 cum
1366 4630 1451 4681 per
1469 4612 1680 4703 blolyseu
1698 4616 1747 4668 in
1763 4614 2105 4703 Let-itico.\’cl
2136 4616 2185 4677 Ι)
2211 4619 2704 4703 maiorem-ironiam
2729 4637 2926 4703 nquam
2955 4622 3065 4692 ipse
3107 4622 3394 4703 mandavit,
3416 4621 3703 4703 orationem
3758 4622 3825 4676 de

519 4708 583 4748 ex
615 4686 1005 4753 ltoclocopatet
1020 4686 1245 4740 subinde
1269 4686 1523 4740 memoria
1554 4686 1758 4753 lapsum
1800 4688 2090 4742 Auctorem

523 4765 574 4823 in
598 4759 826 4816 eitaudis
852 4758 1245 4826 Scripturarum
1270 4756 1419 4820 locis,
1453 4756 1707 4828 cuutltoc
1730 4758 2094 4828 prmscriptuut

525 4847 782 4902 nusquam
811 4831 863 4884 in
891 4827 1602 4902 chiticoreperiatur,sed
1637 4830 1923 4902 lletitcrou.
1956 4827 2098 4885 XII.

527 4898 729 4963 Eudctn
760 4903 986 4971 pertinet
1006 4899 1145 4969 quod
1173 4915 1353 4969 supra,
1383 4914 1433 4955 c.
1465 4899 1517 4965 1"»,
1545 4898 1677 4954 dixit
1705 4918 1717 4952 :
1753 4899 1814 4954 Et
1845 4899 1959 4955 ideo
1981 4903 2104 4957 sub-

526 4991 734 5049 sequens
761 4989 926 5028 sertae
950 4971 1229 5049 prophetat,
1264 4979 1369 5025 etc.
1397 4971 1532 5025 Cum
1561 4972 1830 5049 pratccdat
1857 4988 1917 5027 ea
1948 4976 2110 5043 serip-

530 5042 645 5104 tui'a
671 5047 812 5100 illam
838 5060 959 5115 qtae
983 5044 1130 5112 prius
1155 5043 1319 5115 citata
1361 5052 1464 5106 est,
1494 5057 1598 5096 non
1638 5042 2027 5115 subsequatur;
2060 5042 2114 5099 et

529 5118 664 5177 inira
689 5135 699 5168 :
720 5125 765 5169 et
782 5114 901 5170 alibi
928 5114 1070 5179 dicit,
1088 5127 1208 5169 cunt
1228 5114 1414 5169 eodem
1438 5129 1555 5183 cap.
1576 5114 1936 5168 cuntiueatur.
1963 5115 2116 5182 Quod

531 5188 698 5247 semel
726 5187 1012 5241 adnotasse
1038 5184 1267 5241 sul‘ticiat
1289 5197 1474 5241 contra
1504 5185 1700 5240 sciolos
1721 5185 2001 5256 quosdam,
2026 5187 2120 5256 qui

532 5258 1022 5330 uolttutatlutittrre
1048 5257 1098 5330 ιιι
1126 5258 1366 5325 patribus
1380 5262 1646 5330 ἁμάρτημα
1657 5268 1958 5330 μνημονικὸν.
1981 5257 2118 5313 PM].

534 5366 605 5375 —
629 5334 687 5385 In
719 5328 958 5383 Leuitico.
990 5327 1375 5397 Aglossemale
1406 5327 1641 5399 profecta
1661 5328 1775 5382 lucc
1802 5329 1960 5384 verba
1976 5339 2125 5399 putat

536 5402 776 5461 lauinius
807 5418 821 5454 :
855 5408 983 5454 sunt
1008 5400 1148 5454 enim
1182 5403 1232 5454 in
1268 5400 1699 5456 Denterouontio.
1724 5401 1891 5454 Sum.

610 5474 690 5549 (ιι)
722 5471 989 5549 Angelunt.
1018 5470 1303 5549 Malacltias
1327 5471 1536 5542 angelus
1577 5485 1699 5549 seu_
1718 5474 1926 5549 nuntias
1953 5472 2122 5549 inter-

827 5541 983 5611 ρειυά
1020 5541 1294 5616 subjuuxit
1322 5584 1336 5606 ,
1364 5541 1523 5616 un_um
1547 5558 1610 5596 ea:
1644 5543 1706 5597 I2
1736 5543 1994 5616 prapltetis
2014 5584 2029 5609 ,
2060 5543 2129 5599 de

540 5555 802 5618 pri-tatur.
827 5555 983 5611 unua
1020 5555 1294 5612 sutquuxu
1322 5584 1336 5606 ,
1364 5559 1523 5595 unum
1547 5565 1555 5596 t

546 5616 836 5672 'uiuoribus
865 5622 947 5667 est
968 5613 1390 5682 intelligendum.
1419 5612 1555 5669 Eoo.

620 5686 694 5759 (c)
725 5684 996 5759 Quodnon
1014 5685 1235 5759 terrenis
1268 5684 1557 5759 sacriﬁciis,
1578 5685 1676 5759 sed
1689 5683 2001 5759 spiritalibus
2028 5684 2136 5741 Deo

2198 4707 2351 4750 carne
2372 4691 2575 4761 pudica,
2605 4692 2666 4763 de
2681 4692 2853 4746 anima
2870 4691 3146 4758 iuubcenti,
3167 4694 3230 4746 dc
3252 4692 3450 4763 Spiritu
3466 4691 3666 4763 (Sancto
3690 4708 3820 4762 pro-

2201 4768 2422 4838 fectam,
2456 4772 2562 4817 etc.
2609 4762 2901 4838 Etlibello
2940 4763 3006 4819 ad
3053 4761 3385 4838 Sc:ipttlttut_:
3440 4761 3816 4838 Sacriﬁcant“

2202 4833 2453 4909 quomodo
2482 4835 2719 4909 prlecepit
2755 4833 2913 4909 Deus,
2961 4851 3092 4905 para
3131 4851 3297 4909 prece.
3333 4834 3402 4890 Et
3442 4835 3535 4909 lib.
3566 4835 3637 4889 de
3664 4834 3810 4909 Ora.

2208 4906 2375 4968 tioae,
2408 4907 2497 4959 ubi
2545 4906 2613 4960 de
2653 4907 2985 4960 orationibus
3031 4906 3457 4971 sacriﬁciorum,
3511 4906 3565 4961 in
3609 4906 3810 4975 quibus

2215 4978 2479 5047 accipitur
2507 4990 2704 5046 corpus
2738 4978 2965 5031 lliuniui.
3002 4976 3069 5031 Et
3112 4979 3203 5033 lib.
3236 4975 3304 5032 de
3347 4976 3576 5045 Jejuuiis
3620 4994 3633 5030 :
3692 4975 3820 5029 ιιωε

2218 5051 2310 5106 erit
2338 5050 2484 5102 statio
2515 5064 2648 5109 sera,
2672 5063 2784 5117 quae
2809 5049 2877 5101 ad
2905 5063 3163 5119 vesperam
3185 5049 3458 5119 jejunum,
3490 5049 3820 5117 pinguiorem

2220 5121 2499 5174 orationem
2534 5119 2643 5173 Deo
2689 5119 2938 5172 immolat.
2966 5118 3231 5174 Caeterum
3270 5120 3559 5174 observare
3589 5131 3673 5173 est
3704 5119 3822 5171 lure

2226 5191 2534 5249 Tertulliani
2584 5206 2690 5246 non
2741 5205 2833 5256 per
2863 5192 3039 5244 ()lllllia
3084 5193 3381 5261 convenire
3423 5206 3543 5254 cum
3592 5189 3828 5261 iis_qu:c
3906 5238 3909 5243 .

2225 5263 2365 5334 apud
2390 5261 2648 5316 Irctueum
2690 5264 2937 5332 leguntur
2963 5262 3057 5316 lib.
3090 5260 3181 5327 IV,
3212 5277 3329 5332 cap.
3363 5262 3435 5317 55
3464 5272 3519 5316 et
3545 5262 3633 5316 5i.
3669 5259 3793 5316 Rie.

2302 5378 2382 5449 (ιι)
2424 5378 2677 5443 Quoniam
2710 5376 2803 5432 etsi
2831 5374 3145 5449 adtuleritis,
3177 5373 3533 5449 inquit,_milti
3582 5373 3828 5449 similam.

2230 5442 2415 5506 Simila
2446 5442 2574 5504 sive
2625 5449 2871 5517 similago
2915 5455 3001 5502 est
3040 5442 3207 5500 I‘ariua
3246 5442 3285 5501 ὀ
3322 5445 3505 5501 tritico
3552 5442 3834 5500 communi

2235 5547 2392 5601 facta.
2429 5544 2668 5600 llebrmis
2699 5543 2872 5599 simila
2900 5555 2984 5599 est
3010 5519 3134 5599 115::
3160 5542 3378 5598 .Grarcis
3400 5551 3481 5597 est
3504 5545 3754 5610 σεμίδαλις
3779 5539 3837 5596 in

2240 5617 2489 5672 versione
2521 5616 2684 5672 latina
2712 5615 3023 5680 sacriﬁcium
3056 5615 3282 5669 habetur
3310 5614 3361 5667 iu
3404 5614 3507 5668 hoc
3537 5613 3684 5673 loco,
3712 5611 3844 5666 licet

2241 5687 2433 5744 simila:
2469 5702 2666 5743 nomen
2711 5688 2830 5743 aliis
2869 5688 2922 5740 iu
2965 5688 3098 5741 locis
3124 5696 3433 5755 usurpetur,
3479 5684 3738 5755 nimirum
3781 5681 3841 5737 in

564 5754 822 5812 itamtum.
855 5756 989 5811 llinc
1012 5755 1102 5808 illa
1131 5756 1181 5810 in
1216 5755 1564 5826 Apologctico
1593 5774 1607 5811 :
1638 5754 1816 5825 Olfero
1838 5756 2063 5826 opimam
2092 5767 2139 5811 et
2245 5759 2382 5816 Gen.
2416 5774 2537 5828 cap.
2572 5756 2766 5826 XVIII,
2794 5767 2849 5813 et
2876 5759 3009 5815 l..ev.
3037 5772 3156 5828 cap.
3189 5754 3253 5811 ll.
3282 5754 3361 5811 LP.
3389 5755 3483 5811 Pu.
