4062 6288
409 343 515 402 I525

409 472 455 517 et
492 460 615 515 audi
648 476 795 525 eum,
843 468 889 514 et
928 474 991 513 ne
1027 456 1359 513 inobaudiens
1394 457 1552 528 fueris
1586 456 1631 510 ei
1667 472 1685 511 :

411 556 590 609 celavit
648 565 695 608 te
779 554 1016 624 quoniam
1072 569 1253 627 nomen
1306 567 1471 606 meum
1523 567 1677 621 super
1730 549 1876 604 illunt
1931 561 2003 603 est

408 648 626 719 (Exod,
652 646 852 710 XXVI,
884 646 974 710 20,
1002 645 1117 717 2i).
1155 644 1413 715 Populum
1432 645 1575 700 enim
1605 643 2004 698 introducturus

406 748 523 794 erat
566 738 724 793 Jesus
767 738 820 792 in
865 747 1062 792 terram
1105 735 1568 807 repromissionis,
1618 749 1722 789 non
1768 733 2000 805 Moyses.

406 830 672 901 Angelum
702 828 916 900 quidem
944 828 1250 896 dixitcum,
1281 826 1351 882 ob
1382 824 1800 896 magnitudinem
1832 825 2001 881 virtu-

405 934 519 979 tum
574 939 708 994 quas
750 933 866 978 erat
929 921 1201 987 editurus;
1241 934 1374 992 quas
1412 920 1639 974 virtutes
1680 918 1806 974 iecit
1847 918 2003 975 Jesus

405 1015 583 1085 Nave,
615 1025 670 1071 et
700 1015 798 1084 ipsi
831 1014 1038 1085 legitis;
1069 1023 1124 1070 et
1173 1014 1243 1068 ob
1288 1011 1369 1085 (I)
1425 1011 1661 1068 ofﬁcium
1693 1012 1999 1082 prophetae,

405 1108 700 1163 nuntiantis
725 1108 931 1162 scilicet
954 1106 1188 1161 divinam
1212 1106 1576 1171 voluntatem;
1604 1104 1760 1159 siculi
1787 1116 1836 1159 et
1869 1120 2003 1174 pra:-

401 1217 673 1267 cursorem
697 1201 895 1256 Christi
923 1199 1207 1266 Joannem,
1238 1200 1471 1254 futurum
1497 1200 1746 1270 angelum
1770 1199 2004 1270 appellat

402 1311 497 1364 per
515 1280 827 1365 prophetarit
850 1292 1102 1363 Spiritus,
1119 1292 1300 1346 dicens
1319 1309 1382 1346 ex
1403 1307 1627 1362 persona
1648 1292 1849 1347 I‘atris:
1870 1292 2002 1347 Ecce

398 1400 489 1455 ego
532 1384 675 1438 mitto
725 1384 961 1453 angelum
1004 1400 1168 1437 meum
1194 1393 1309 1437 ante
1334 1384 1514 1455 facient
1540 1394 1678 1438 luant
1712 1382 1813 1457 (ιι),
1844 1384 1894 1439 id
1919 1393 2001 1439 est

397 1474 619 1541 Christi,
651 1479 739 1545 qui
767 1475 1077 1545 prteparabit
1105 1476 1237 1530 viam
1266 1485 1405 1529 tuam
1430 1486 1548 1531 ante
1571 1485 1616 1529 te
1643 1476 1823 1546 (.llal.,
1852 1475 1891 1541 I,
1917 1476 1997 1546 5).

399 1567 511 1623 Nec
540 1584 735 1623 novum
762 1578 846 1623 est
872 1567 1093 1637 Spiritui
1142 1577 1328 1622 sancto
1357 1568 1575 1638 angelos
1602 1567 1871 1638 appellare
1907 1582 2001 1624 eos

395 1675 533 1731 quos
555 1661 829 1715 ministros
853 1676 964 1714 sua:
992 1660 1202 1714 virtutis
1224 1659 1364 1714 Deus
1388 1660 1625 1731 patefecit
1649 1678 1660 1713 :
1692 1660 1830 1716 idem
1854 1661 1998 1717 enim

393 1752 475 1825 (2)
518 1752 754 1809 Joannes
794 1768 898 1807 non
941 1762 1143 1807 tantum
1182 1754 1404 1823 angelus
1431 1752 1627 1808 Christi
1652 1763 1872 1810 vocatus
1894 1766 1996 1823 est,

1829 342 2292 400 TERTULLIANI

1732 472 1833 511 non
1868 458 1999 511 enim
2026 461 2077 520 Α
2106 455 2420 523 spiritalium
2467 454 2911 511 documentorum
2957 455 3314 525 competehat,
3345 456 3445 512 nisi
3475 457 3527 511 in
3553 458 3712 511 Chri-

3604 346 3710 401 624

2108 557 2271 615 stum,
2320 547 2437 603 llori
2484 548 2698 617 quidem
2742 548 2814 604 ob
2862 547 3083 620 gratiam
3116 548 3195 620 (6)
3243 548 3602 620 ada'quatum,
3642 566 3707 605 ex

2107 641 2273 709 stirpe
2300 651 2478 694 autem
2508 640 2660 696 Iesse
2687 641 2999 708 deputatum
3026 640 3166 714 (bb),
3199 658 3294 711 per
3317 641 3534 698 Mariam
3566 644 3709 699 scili-

2106 745 2190 790 cet
2225 733 2347 789 inde.
2378 734 2728 790 censendmn.
2761 734 2883 789 Fuit
2910 734 3055 789 enim
3087 734 3155 790 de
3186 736 3356 805 patria
3388 735 3706 792 Bcthlehem

2107 835 2161 881 ct
2200 826 2269 883 de
2310 826 2470 881 domo
2514 827 2718 894 David,
2770 827 3087 898 sicut‘apud
3132 827 3401 883 Romanos
3446 829 3497 883 in
3542 845 3708 885 censu

2105 918 2371 988 descripta
2399 930 2481 974 est
2508 918 2675 974 Maria
2716 917 2891 991 (Luc.,
2912 918 2981 985 Il,
3016 921 3038 975 I
3074 918 3232 992 sqq.),
3262 935 3324 976 ex
3348 936 3450 991 qua
3473 922 3709 975 nascitur

2105 1003 2371 1069 Christ’ns.
2397 1013 2690 1083 Expostulo
2716 1013 2899 1080 etiam,
2929 1022 2981 1068 et
3003 1014 3125 1084 quia
3156 1031 3182 1066 a
3212 1013 3487 1085 prophetis
3510 1032 3602 1086 pta
3622 1018 3703 1070 di-

2104 1105 2325 1160 cabatur
2350 1121 2418 1160 ex
2448 1105 2600 1162 Jesse
2620 1122 2820 1177 genere
2842 1116 3121 1172 venturus,
3148 1117 3203 1163 et
3227 1106 3337 1181 (ce)
3364 1114 3576 1164 omnem
3610 1111 3708 1162 hu-

2106 1198 2384 1254 militatem
2414 1210 2465 1254 et
2494 1200 2805 1270 patientiam
2838 1211 2892 1255 et
2919 1201 3358 1272 tranquillitatem
3385 1212 3531 1258 esset
3555 1203 3707 1258 exhi-

2107 1291 2334 1356 hitnrns,
2362 1309 2428 1345 an
2454 1292 2697 1347 venerit?
2722 1301 2886 1362 atque
2909 1292 2979 1347 ita
3006 1291 3050 1347 is
3079 1292 3241 1346 homo
3266 1294 3354 1364 qtti
3384 1294 3502 1349 talis
3525 1308 3708 1350 usren-

2105 1382 2268 1443 ditur.
2318 1384 2431 1453 ipse
2477 1384 2577 1437 erit
2620 1383 2899 1451 Christus,
2947 1387 3036 1455 qui
3082 1385 3251 1440 venit.
3298 1386 3373 1440 De
3417 1386 3521 1441 hoc
3563 1385 3706 1441 enim

2103 1473 2371 1543 Propheta
2400 1475 2530 1530 dicit
2555 1492 2567 1529 :
2604 1473 2771 1530 Ilomo
2802 1478 2854 1529 in
2887 1475 3042 1547 plaga
3071 1476 3285 1547 positus,
3314 1488 3360 1532 et
3388 1479 3549 1532 sciens
3576 1483 3710 1549 ferre

2102 1567 2498 1622 imbecillitatem
2526 1566 2651 1639 (ls.,
2682 1567 2815 1635 LIII,
2838 1566 2927 1640 li);
2964 1570 3053 1640 qui
3092 1579 3348 1639 tamquam
3378 1570 3483 1624 ouis
3513 1576 3580 1623 ad
3608 1572 3709 1624 ric-

2103 1661 2278 1713 timam
2309 1661 2488 1715 ductus
2514 1670 2604 1725 est,
2638 1670 2685 1715 et
2713 1662 2842 1715 sicut
2871 1678 3034 1731 agnus
3061 1678 3232 1716 coram
3263 1664 3499 1718 tondente
3527 1681 3581 1717 se
3606 1681 3709 1719 non

2102 1755 2303 1824 aperuit
2332 1771 2387 1809 os
2416 1771 2563 1809 suum
2595 1752 2785 1826 (lbid.,
2818 1754 2895 1827 7).
2933 1756 2996 1810 Si
3026 1772 3184 1826 neque
3215 1757 3504 1824 contendit,
3545 1774 3708 1828 neque

393 1845 489 1901 sed
529 1856 584 1899 ct
622 1844 830 1899 lucerna
848 1886 862 1909 ,
908 1845 1081 1899 lucens
1119 1854 1243 1900 ante
1281 1843 1576 1901 Christum.
1623 1844 1811 1901 Paran
1850 1848 1994 1903 enim
2025 1861 2073 1921 Β
2100 1845 2357 1915 clamavit,
2385 1862 2545 1915 neque
2568 1846 2746 1900 audita
2772 1857 2841 1901 est
2866 1846 2995 1917 foris
3020 1864 3115 1902 vox
3138 1849 3249 1918 ejus
3275 1848 3415 1923 (dd).
3443 1851 3528 1920 qui
3549 1868 3707 1905 armt-

394 1937 652 1992 lucrrnam
679 1934 878 1991 Christo
906 1952 1032 2000 meo,
1067 1935 1229 1992 David
1257 1935 1511 2006 prtedicat
1538 1935 1710 2008 (Psal.
1755 1936 1993 2006 CXXXI,

393 2031 508 2102 I7).
526 2033 701 2098 Quare
725 2032 837 2101 ip<e
854 2030 1101 2085 Christus
1124 2030 1346 2086 veniens
1366 2030 1661 2100 adimplere
1680 2032 1992 2102 prephetas,

391 2127 521 2183 dicit
546 2126 611 2180 ad
642 2124 855 2180 .ludmos
883 2140 895 2177 :
942 2124 1044 2179 Ille
1080 2124 1209 2195 fuit,
1252 2125 1453 2195 inquit,
1496 2125 1704 2179 lucerna
1732 2124 1919 2180 ardens
1947 2134 1996 2179 et

393 2218 565 2274 lucens
588 2216 793 2289 (Joan.,
816 2217 881 2284 V,
904 2217 1029 2282 55):
1055 2226 1259 2287 utpote,
1282 2218 1371 2286 qui
1390 2231 1496 2271 non
1521 2225 1722 2272 tantum
1746 2218 1857 2273 vias
1878 2217 1996 2287 ejus

392 2312 620 2382 parabat
648 2311 701 2365 itt
731 2326 916 2367 eremo
953 2307 1172 2381 (Joau.,
1207 2308 1256 2373 1,
1287 2309 1422 2378 25),
1465 2294 1646 2365 sed‘ct
1671 2325 1865 2381 agnum
1902 2310 1994 2365 Dei

391 2402 813 2461 demonstrando
842 2401 1027 2473 (Ibid.,
1060 2398 1184 2475 29),
1215 2402 1551 2458 illuminabat
1579 2412 1786 2460 mentes
1817 2403 1993 2459 homi-

389 2511 517 2551 num
550 2494 820 2565 prieconio
849 2508 969 2559 suo,
1014 2501 1070 2547 ut
1109 2508 1231 2548 eum
1259 2507 1381 2548 esse
1411 2492 1770 2565 intelligerent
1797 2510 1992 2566 aguttm

388 2603 549 2659 quem
596 2587 805 2659 Moyses
842 2602 1121 2658 passurum
1168 2586 1442 2643 nuntiabat
1491 2588 1569 2659 (5)
1596 2586 1819 2656 (Exod,
1850 2587 1987 2660 XII).

387 2681 478 2737 Sic
503 2688 557 2735 et
583 2680 772 2747 Iesus,
811 2680 881 2735 oh
918 2679 1150 2735 nominis
1177 2680 1257 2735 sui
1289 2677 1526 2735 futurum
1554 2690 1950 2737 sacramentum
1976 2701 1990 2737 :

386 2776 442 2832 id
473 2776 618 2832 enim
648 2788 841 2829 nomen
874 2789 1030 2828 suum
1061 2773 1392 2828 conﬁrmavit
1415 2814 1430 2839 ,
1459 2773 1600 2844 quod
1633 2773 1747 2843 ipse
1776 2773 1826 2829 ei
1857 2773 1993 2828 indi-

386 2866 563 2934 derat,
589 2867 712 2940 quia
739 2883 844 2922 non
873 2867 1143 2937 angelum.
1177 2881 1279 2923 nec
1302 2869 1503 2931 Ausen,
1535 2865 1630 2922 sed
1658 2865 1841 2923 Jesum
1867 2882 1990 2922 eum

382 2963 619 3032 jnsserat
656 2960 854 3016 exinde
897 2960 1096 3017 vocari.
1142 2959 1233 3016 Sic
1273 2960 1431 3031 igitur
1469 2967 1753 3032 utrumque
1794 2975 1989 3016 nomen

300 3094 306 3100 .
384 3053 643 3125 competit
680 3051 896 3108 Christo
939 3052 1065 3117 Dei,
1110 3061 1163 3106 ιιι
1210 3062 1263 3107 et
1307 3051 1465 3108 Jesus
1503 3053 1880 3123 appellaretur.
1924 3051 1993 3107 Et

384 3146 636 3219 quoniam
657 3160 728 3200 ex
752 3144 959 3200 semine
983 3143 1144 3198 David
1165 3136 1337 3215 genus
1360 3142 1573 3199 trahere
1594 3144 1817 3202 deberet
1841 3162 1857 3192 ι
1872 3143 1988 3213 irgo

390 3255 459 3294 ex
485 3254 589 3309 qua
621 3237 767 3292 nasci
800 3236 1039 3307 Oportnit
1063 3234 1361 3302 Christmn,
1393 3245 1450 3290 ut
1477 3236 1984 3305 supra'memoravi-
2015 3257 2059 3320 ε

385 3344 531 3395 Inus,
559 3329 835 3383 evidenter
863 3326 1050 3382 Esaias
1080 3326 1338 3397 pmpheta
1368 3328 1419 3381 iu
1451 3326 1795 3398 sequentibus
1822 3326 1983 3383 dicit:

384 3421 455 3476 Et
495 3430 749 3484 nascetur,
794 3420 986 3490 inquit,
1030 3421 1173 3489 uirga
1210 3419 1273 3473 de
1308 3420 1481 3474 radice
1516 3420 1680 3485 Iesse,
1722 3420 1865 3492 quod
1905 3430 1989 3475 est

385 3514 580 3578 Maria,
624 3524 669 3568 et
706 3514 801 3583 ﬂos
842 3513 905 3567 de
940 3512 1113 3566 radice
1149 3513 1261 3577 eius
1303 3512 1593 3567 adscemlet.
1626 3511 1690 3566 Et
1722 3512 1989 3583 requiescet

384 3625 539 3678 super
592 3607 739 3662 illum
773 3607 857 3677 (4)
912 3607 1117 3677 spiritus
1175 3605 1299 3673 llei,
1337 3616 1383 3660 et
1417 3606 1621 3676 spiritus
1651 3606 1915 3666 sapientiae
1940 3615 1988 3659 et

385 3699 701 3765 intellectus,
758 3699 967 3769 spiritus
1028 3697 1227 3752 consilii
1290 3707 1338 3752 et
1397 3698 1594 3752 uirtutis
1633 3697 1735 3770 (5).
1779 3698 1989 3768 spiritus

385 3793 661 3866 agnitionis
687 3803 732 3847 et
760 3792 980 3863 pietatis,
1010 3791 1221 3863 spiritus
1250 3789 1346 3844 Dei
1373 3790 1566 3845 timoris
1590 3789 1816 3862 implebit
1845 3791 1991 3845 illum

387 3885 514 3959 (Is,
541 3884 635 3954 XI,
668 3887 719 3952 I,
746 3884 829 3955 2).
860 3882 1044 3955 Neque
1077 3883 1219 3939 enim
1250 3882 1339 3938 ulli
1368 3882 1641 3939 hominum
1674 3883 1992 3938 universitas

2102 1937 2270 1989 dinem
2312 1947 2592 2003 contusam,
2627 1936 2677 1993 id
2721 1946 2806 1992 est
2852 1952 3101 2009 quassam
3151 1936 3232 2009 (7)
3275 1938 3489 1997 Israelis
3519 1942 3703 2010 Iidem,

2102 2044 2203 2082 non
2245 2029 2571 2094 comminuit;
2615 2029 2703 2100 qui
2745 2028 2906 2083 linunt
2966 2030 3182 2095 ardens,
3228 2029 3281 2086 id
3333 2042 3415 2086 est
3463 2048 3705 2088 momen-

2103 2130 2316 2175 taueum
2362 2120 2609 2176 ardorem
2640 2122 2910 2193 gentimn,
2944 2139 3046 2177 non
3089 2122 3302 2178 extinxit
3334 2122 3495 2197 (Isa.,
3529 2124 3701 2191 XLII,

2098 2209 2154 2275 2,
2179 2212 2256 2283 5),
2280 2212 2373 2267 sed
2425 2204 2604 2269 lucere
2644 2214 2814 2284 magis
2862 2214 2985 2269 fecit
3023 2214 3132 2285 (ee)
3168 2226 3287 2270 ortu
3329 2215 3547 2271 luminis
3584 2218 3701 2286 sui;

2100 2320 2206 2360 non
2249 2314 2422 2377 potest
2473 2307 2610 2362 alius
2657 2322 2811 2371 esse.
2840 2323 2999 2379 quam
3048 2308 3136 2380 qui
3178 2307 3566 2379 przedicabatur
3596 2308 3701 2381 (ὅ).

2098 2394 2321 2467 Oportet
2346 2398 2523 2469 itaque
2548 2407 2724 2453 actum
2749 2397 2950 2453 Christi
2976 2399 3092 2471 ejus
3119 2398 3208 2470 qui
3238 2399 3398 2467 venit,
3428 2399 3493 2455 ad
3516 2400 3699 2472 Serip-

2101 2496 2336 2542 lttrartlm
2361 2488 2600 2560 regulam
2620 2490 2953 2560 recognosci.
2978 2489 3181 2561 Duplici
3202 2488 3370 2557 etiim,
3396 2488 3496 2545 nisi
3521 2491 3698 2559 fallor,

2098 2582 2425 2660 cperatjone.
2442 2581 2752 2638 distinctum
2782 2599 2904 2639 eum
2937 2583 3183 2656 legimus,
3223 2584 3619 2655 praedicationis
3648 2595 3703 2643 et

2098 2674 2329 2729 virtutis.
2372 2673 2477 2730 Sed
2522 2673 2588 2731 de
2636 2685 2863 2745 utroque
2904 2675 3056 2730 titulo
3104 2676 3182 2731 sic
3238 2676 3520 2748 disponam
3580 2677 3700 2749 (9);

2098 2765 2278 2836 itaque
2329 2765 2640 2837 specialiter
2687 2766 3076 2837 dispungamus
3126 2766 3374 2823 ordinem
3424 2779 3698 2839 emptum,

2096 2860 2355 2916 docentes
2409 2860 2815 2931 prmdieatorem
2864 2859 3237 2917 adnuntiatum
3288 2859 3591 2926 Christum,
3645 2872 3703 2919 ut

2098 2968 2193 3024 per
2244 2952 2455 3007 Esaiam
2499 2971 2513 3005 :
2573 2952 2852 3018 Exclamo,
2911 2952 3113 3024 inquit,
3170 2953 3223 3007 in
3274 2954 3476 3026 uigore,
3535 2964 3583 3009 ct
3640 2970 3702 3010 ne

2097 3046 2415 3115 peperceris;
2469 3044 2639 3099 exaltu
2687 3054 2743 3098 ut
2794 3044 2913 3099 tuba
2961 3061 3132 3100 vocem
3179 3054 3349 3112 tuam,
3398 3056 3445 3100 et
3491 3047 3698 3099 adnun-

2094 3140 2165 3193 tia
2219 3137 2351 3208 plebi
2404 3152 2528 3192 mea:
2578 3137 2811 3208 facinora
2870 3139 3136 3206 ipsorum,
3195 3148 3241 3192 et
3310 3137 3484 3192 domui
3534 3135 3700 3191 Iacob

2094 3231 2278 3285 delicta
2307 3246 2498 3285 coruus.
2534 3227 2621 3283 Me
2648 3230 2711 3283 de
2736 3230 2817 3283 die
2854 3230 2907 3283 in
2938 3230 3071 3283 diem
3114 3240 3380 3301 quierunt,
3423 3241 3471 3284 et
3512 3246 3702 3301 cogno-

2061 3345 2065 3348 ’
2093 3339 2229 3377 scere
2258 3323 2364 3376 vias
2393 3339 2529 3377 meas
2556 3322 2788 3391 cupiunt.
2812 3320 2973 3389 Quasi
3002 3321 3224 3391 populus
3251 3322 3337 3391 qui
3357 3322 3614 3393 justitiam
3631 3325 3701 3392 fe-

2091 3415 2233 3479 cerit,
2249 3423 2296 3467 et
2311 3412 2566 3483 judicium
2584 3412 2679 3467 Dei
2709 3430 2809 3467 non
2836 3412 3152 3484 dereliquerit
3179 3410 3316 3482 (lsa.
3347 3411 3535 3477 LXIII,
3556 3414 3572 3466 Ι
3588 3411 3698 3484 ,2),

2092 3517 2140 3562 et
2171 3506 2396 3577 reliqua.
2436 3506 2670 3560 Virtutes
2714 3514 2891 3561 autem
2939 3504 3198 3560 facturum
3240 3521 3268 3558 a
3314 3504 3470 3559 Patre
3513 3505 3699 3558 Esaias

2093 3600 2220 3654 dicit
2245 3618 2258 3654 :
2293 3596 2429 3653 Ecce
2452 3597 2591 3653 Deus
2624 3607 2791 3653 noster
2809 3598 3063 3669 judicium
3089 3596 3354 3665 retribuit,
3381 3598 3490 3668 ipse
3516 3597 3695 3663 ueniet,

2093 3702 2138 3746 et
2177 3691 2342 3745 salvos
2380 3691 2528 3760 faciet
2572 3706 2682 3744 nos.
2719 3688 2862 3744 Tunc
2888 3690 3077 3760 inﬁrmi
3113 3689 3455 3755 curabuntur,
3484 3699 3531 3744 et
3560 3690 3698 3745 oculi

2095 3799 2343 3839 cwcorum
2375 3781 2631 3848 uidebunt,
2664 3791 2711 3837 et
2742 3798 2890 3837 aures
2919 3781 3187 3837 surdorum
3213 3781 3445 3848 audient,
3477 3792 3522 3835 et
3551 3782 3695 3834 clan-

2096 3882 2191 3936 dus
2219 3880 2365 3935 saliet
2394 3878 2527 3934 velut
2556 3893 2730 3934 cervus
2754 3919 2768 3943 ,
2811 3885 2858 3932 et
2893 3886 3149 3933 mutorum
3189 3875 3378 3949 lingua:
3415 3875 3691 3943 solventur,

1627 3997 2004 4056 LECTIONES
2039 3994 2452 4056 VARIANTES.

449 4116 523 4244 ἓ)
548 4118 625 4170 Ob
646 4118 778 4169 abest
799 4131 830 4169 a
851 4112 1166 4191 1’am.RIten.
1184 4122 1230 4189 et
1252 4114 1444 4167 Oberth.

510 4185 524 4244 )
548 4183 711 4244 Inquit
731 4180 885 4232 Sentl.
911 4180 1050 4230 Enim
1075 4186 1250 4244 Διιιιιιιιι
1273 4182 1414 4228 Pam.
1442 4201 1444 4215 ‹

510 4174 524 4244 )
548 4183 711 4245 Inquit
731 4180 1050 4245 Seml.Enim
1074 4180 1250 4245 Διιιιιιιὶι
1273 4182 1414 4228 Pam.
1442 4174 1643 4229 Obertlt.

473 4241 525 4307 ὃ)
550 4241 840 4307 Noiniuabat
864 4244 1005 4307 Pam.
1023 4241 1175 4307 Rhea;

474 4299 524 4370 4)
552 4307 627 4370 De
644 4306 824 4370 radice.
850 4306 1099 4355 Ascendet
1121 4305 1170 4353 in
1195 4301 1328 4351 illum
1354 4299 1509 4353 Rhen.
1534 4299 1730 4353 Obertlt.

449 4368 525 4434 (δ)
552 4368 785 4434 Eleutetis:
807 4370 928 4434 Par.-

454 4410 527 4496 (ὅ)
551 4410 1061 4483 ΝἷέιδιῖιυῖδῖυἾιὸτῑόο
1085 4426 1285 4492 quidem
1322 4426 1387 4478 ob
1419 4425 1623 4491 gloriam
1642 4461 1658 4489 ,
1688 4426 1752 4477 ob
1785 4429 1991 4489 gratiam
2016 4410 2068 4471 Ῑ)

2094 4110 2289 4165 Obertlt.
2318 4111 2468 4163 Seml.
3210 4150 3215 4155 .

2179 4178 2228 4239 7)
2252 4175 2305 4225 Id
2324 4185 2401 4225 est
2423 4186 2645 4238 quassam
2662 4173 2802 4239 abest
2824 4186 2856 4223 a
2877 4171 3030 4225 Rhea.
3057 4179 3102 4223 et
3126 4168 3323 4225 Oberth.

2177 4238 2229 4301 8)
2258 4238 2620 4301 l’razdieebatpr
2643 4238 2789 4287 Pam.

2178 4295 2227 4365 9)
2252 4299 2440 4414 50],;qu
2456 4303 2527 4351 sic
2546 4300 2826 4362 dispositam
2842 4295 2994 4351 Rhea.
3024 4295 3221 4349 Oberth.
3248 4296 3412 4349 'l‘ilulo
3435 4297 3503 4348 sic
3526 4295 3689 4362 dispo-

2178 4378 2234 4414 un
2299 4377 2326 4414 ιι
2366 4400 2378 4413 .
3286 4405 3301 4413 _

2091 4365 2234 4415 sitam
2257 4365 2378 4414 Jun.
3286 4405 3301 4413 _

1761 4533 2321 4593 COMMENTARIUS.

381 4667 499 4711 tum
516 4658 721 4724 postea,
752 4664 874 4724 nam
889 4648 1092 4724 legitur
1119 4648 1171 4703 in
1199 4647 1469 4719 plerisque
1488 4649 1700 4719 grmcis,
1724 4646 1975 4716 lit-lineis,

386 4720 671 4792 latinisqne
712 4720 1004 4776 codicibus.
1039 4720 1173 4775 I’Ast.

464 4794 543 4869 (a)
587 4791 829 4869 lfcce_ego
860 4793 999 4869 mitto
1028 4791 1269 4869 angelum
1294 4806 1460 4844 meum
1483 4801 1598 4869 ante
1619 4792 1799 4869 faciem
1821 4802 1979 4848 luant.

385 4862 540 4938 Apud
585 4862 1253 4938 pr0pltetamA‘Maluchiam
1299 4870 1381 4916 est
1419 4872 1537 4938 ante
1571 4863 1751 4938 faciem
1794 4881 1979 4929 meum,

386 4932 477 5011 τρῡ
506 4932 869 5011 nosmetipsi».
902 4934 1016 5011 Sed
1039 4932 1179 4989 idetn
1217 4935 1267 4987 in
1300 4933 1555 5003 propheta
1582 4935 1792 5005 legitur,
1824 4947 1984 5006 atque

388 5005 761 5079 lavatlgclislis.
797 5006 871 5079 Ls:
901 5005 997 5059 Ριι.

460 5075 563 5155 (Ι›)”
582 5079 683 5155 Per
706 5076 925 5155 ariam
944 5075 1131 5155 scilicet
1159 5076 1277 5155 inde
1302 5076 1973 5155 censeiidttiii_._Pa_ulopost,

385 5148 676 5222 sicut'apud
691 5149 957 5222 ΔΒυιιιαιιοδ
979 5149 1029 5222 in
1049 5164 1197 5222 censu
1220 5149 1470 5222 descripta
1490 5158 1566 5222 est
1588 5148 1635 5201 ,ΙΙ
1644 5149 1773 5203 aria.
1796 5148 1974 5222 Multis

386 5227 441 5281 in
466 5218 596 5278 locis
614 5220 770 5291 lmjus
786 5233 984 5275 census
1004 5218 1130 5274 facit
1146 5218 1493 5291 tiietttiottem,
1517 5218 1744 5291 ideoque
1761 5220 1974 5275 remitto

388 5298 453 5352 ad
503 5288 714 5351 nostras
755 5291 1125 5346 adnotationcs
1168 5290 1220 5345 in
1260 5305 1378 5359 cap.
1422 5291 1475 5355 7,
1524 5290 1614 5346 lib.
1658 5288 1744 5356 IV,
1795 5301 1972 5345 contra

385 5367 722 5423 Marcionem.
755 5362 939 5417 Obiter
969 5360 1056 5417 hic
1083 5362 1203 5416 dico
1233 5377 1339 5416 non
1372 5377 1555 5431 parum
1586 5377 1707 5416 esse
1739 5361 1969 5416 d:l'lieul-

385 5441 512 5494 tatis
549 5439 602 5491 in
644 5436 734 5489 illa
772 5432 1132 5502 descriptione
1169 5434 1519 5502 explicanda:
1560 5448 1629 5487 an
1668 5435 1768 5488 sub
1786 5435 1968 5488 Sentio

385 5509 695 5571 Saturnino,
719 5521 785 5560 an
804 5505 904 5560 sub
921 5505 1141 5571 Quirino
1159 5504 1291 5558 facta
1314 5505 1415 5569 sit,
1440 5513 1497 5557 ut
1519 5503 1676 5559 habet
1695 5502 1750 5559 S.
1772 5503 1976 5560 Lucas:

383 5595 453 5637 an
479 5583 641 5637 etiam
667 5577 863 5647 duplex
885 5575 1069 5632 censio
1093 5577 1333 5631 instituta
1361 5574 1537 5641 fuerit,
1566 5574 1708 5645 quod
1730 5586 1981 5631 asserunt

381 5650 651 5710 nonnulli.
685 5648 759 5703 Ls:
789 5648 885 5703 l’n.
1188 5704 1195 5710 ,

458 5721 534 5795 (c)
562 5721 787 5795 Omnem
807 5716 1164 5795 ΔΙιιιιιιὶιὶιιρρεηι
1191 5727 1239 5772 et
1274 5716 1594 5795 patientiam.
1632 5714 1751 5773 Lib.
1778 5716 1844 5795 de
1867 5725 1974 5795 pat.

384 5788 594 5861 capdﬁ,
634 5791 774 5845 idem
795 5788 966 5861 habet
992 5805 1007 5845 :
1034 5789 1141 5843 Sed
1174 5789 1400 5858 saginari
1440 5789 1694 5861 voluptate
1722 5790 1980 5861 pertinentia:

388 5858 699 5920 discessurus
721 5858 913 5914 volebat
939 5875 956 5913 :
986 5868 1267 5914 vocaverat
1295 5874 1399 5915 non
1430 5859 1599 5914 multo
1623 5858 1743 5914 ante
1768 5858 1980 5915 Patien-

2088 4653 2208 4705 tiam
2239 4650 2594 4723 misericordiw
2624 4662 2854 4707 matrem.
2889 4651 3057 4721 Quem
3089 4652 3144 4706 in
3183 4665 3399 4707 sensum
3429 4649 3488 4704 Β.
3521 4649 3687 4723 Chryo

2085 4734 2376 4787 sostomus,
2421 4722 2565 4777 IIOIII.
2598 4723 2654 4784 4,
2692 4724 2756 4779 ad
2791 4726 3041 4795 populum
3087 4727 3147 4776 Ei
3177 4729 3341 4794 βοὺλει
3372 4730 3565 4794 τρυρᾷι,
3600 4722 3682 4778 ne;

2087 4800 2279 4856 ἀνξσεως
2306 4799 2582 4860 amp-em,
2608 4800 2688 4849 κιιὶ
2716 4800 2901 4857 ἡδονῇ,
2921 4806 2989 4865 μ’)
3011 4806 3143 4861 ςτξτει
3167 4799 3353 4857 ἢδη-ἲν,
3369 4817 3488 4865 pars
3510 4805 3681 4859 ἄνεσιν,

2089 4872 2217 4921 aliide
2247 4872 2382 4933 ἔκτα
2410 4877 2562 4934 ψυχὴν
2592 4872 2825 4935 ὖτομῦνσὶλ
2853 4864 3115 4938 γεμουσνντ
3144 4866 3203 4921 Si
3234 4868 3306 4919 vis
3336 4864 3529 4918 deliciis
3559 4867 3684 4934 (tui,

2088 4950 2134 4990 et
2176 4938 2466 5010 remissione
2508 4940 2613 5010 frui
2652 4949 2802 5008 atque
2839 4939 3126 5009 voluptate,
3168 4953 3231 5010 ne
3267 4952 3466 5010 quierat:
3507 4944 3683 5006 colu);-

2090 5018 2239 5090 tatem
2269 5018 2355 5133 ιιιὲ
2384 5006 2595 5133 qiq‘elem
2614 5052 2628 5076 ,
2668 5006 2835 5064 verum
2864 5006 3062 5080 qureras
3094 5008 3322 5062 animum
3351 5006 3556 5077 plenum
3582 5024 3678 5077 pa-

2090 5081 2280 5133 tientia.
2361 5097 2389 5133 la
2464 5096 2514 5133 ιι.

2083 5081 2280 5135 tientia.
2318 5081 2389 5134 Li;
2422 5081 2514 5134 I’n.

2143 5152 2234 5276 (tl)
2279 5152 2377 5217 Qui
2421 5152 2722 5206 arundinem
2763 5162 3047 5207 contusam.
3069 5148 3200 5220 Cap.
3229 5147 3294 5203 III
3317 5149 3379 5204 de
3397 5147 3680 5218 Patientia,

2181 5237 2264 5276 em
2281 5222 2447 5276 lenne
2464 5222 2701 5276 loauitur
2719 5240 2733 5276 :
2755 5222 3373 5276 Arundiuemauassatam
3389 5237 3489 5275 non
3509 5220 3680 5276 freuit.

2078 5220 2264 5277 eadem
2281 5222 2447 5278 ferme
2464 5222 2701 5293 loquitur
2719 5240 2733 5277 :
2755 5222 3373 5293 Arundiuemquassatam
3389 5237 3489 5275 non
3506 5220 3680 5293 fregit.
3712 5247 3739 5275 ο

2081 5293 2177 5347 llic
2202 5303 2495 5360 contusam,
2530 5291 2598 5348 ibi
2639 5304 2949 5362 quassatam,
2981 5293 3120 5363 quod
3150 5291 3314 5359 idem,
3343 5295 3496 5347 SlCIllI
3537 5291 3677 5362 apud

2078 5364 2392 5437 prophetam
2440 5363 2562 5437 Isai.
2601 5364 2738 5431 XIII,
2783 5368 3678 5437 cuyns9le'opthtW,(‘quﬂrptppfvw

2083 5433 2219 5505 apud
2248 5434 2435 5490 Matth.
2461 5434 2575 5493 XII.
2609 5437 2705 5491 llic
2734 5433 2854 5492 utar
2877 5436 3230 5505 explicatione
3252 5433 3314 5489 B.
3342 5434 3547 5498 HIIJIII,
3579 5438 3672 5504 qui

2082 5504 2135 5561 in
2189 5508 2328 5561 hunc
2376 5508 2551 5562 locum
2598 5508 2831 5563 Malthazi
2878 5504 2974 5577 per
3017 5504 3319 5577 arundinem
3379 5516 3672 5577 quassatam

2083 5577 2329 5650 ethnicos
2359 5577 2624 5650 intelligit.
2665 5580 2815 5650 quia
2847 5574 2957 5633 Deo
2986 5591 3091 5632 non
3118 5576 3336 5646 quidem
3364 5576 3542 5642 lracti,
3572 5574 3668 5630 sed

2082 5649 2149 5703 ad
2179 5649 2405 5704 salutem
2437 5649 2713 5706 reservati.
2747 5649 2825 5705 Le
2851 5650 2947 5705 Pa.

2154 5718 2231 5791 (e)
2274 5719 2404 5775 Urtu
2451 5721 2657 5777 luminis
2724 5722 2825 5776 sui.
2879 5720 3036 5778 Juxta
3081 5715 3259 5773 illud:
3309 5714 3672 5791 Populusqu

2082 5786 2372 5846 ambulabat
2400 5793 2453 5846 in
2483 5794 2697 5850 tenebris
2732 5792 2855 5847 uidit
2895 5793 3054 5848 lucem
3091 5803 3329 5859 magnam
3355 5802 3376 5842 :
3415 5802 3523 5859 quo
3554 5786 3669 5842 loco

2082 5871 2238 5919 antea
2268 5878 2394 5918 usus
2420 5872 2520 5919 est.
