4062 6288
430 294 540 351 625

428 509 567 555 stum
600 516 697 556 nec
723 514 816 554 vos
845 499 1167 562 dlilitemini,
1202 506 1383 568 utpote
1424 499 1514 568 qui
1561 498 1817 553 dicebatis
1839 541 1852 562 ,
1883 498 2025 568 quod

430 603 651 663 propter
678 606 841 662 opera
872 607 995 647 eum
1030 607 1134 646 non
1167 591 1495 659 lapidaretis,
1526 592 1618 648 scd
1643 591 1893 661 quoniam
1928 592 2025 647 ista

385 688 666 771 “sabbatis
695 685 918 742 faciebat
948 685 1093 759 (Jo/t.
1115 685 1184 753 γ,
1217 684 1304 756 18)
1337 684 1454 757 (tt).
1686 683 1691 691 ’

1063 820 1290 891 carui
1332 819 1396 875 χ.

510 961 583 1016 De
611 960 754 1015 exitu
787 958 943 1032 plane
971 958 1238 1031 passionis
1276 959 1391 1028 ejtts
1416 959 1687 1030 ambiguis
1706 1000 1722 1026 ,
1768 969 2028 1034 negantes

430 1054 736 1126 passionem
774 1053 952 1109 crucis
992 1054 1044 1108 in
1074 1052 1341 1109 Christum
1383 1054 1757 1123 prmdicatam,
1791 1065 1846 1110 ct
1871 1070 2028 1127 argu-

432 1127 734 1201 mentantes
766 1146 987 1216 insuper
1019 1162 1124 1201 ltuit
1154 1160 1275 1203 esse
1303 1144 1653 1212 credendum,
1684 1156 1744 1201 ut.
1770 1147 1836 1202 ad
1863 1148 1913 1201 id
1935 1162 2029 1218 ge-

430 1252 530 1292 nus
562 1239 750 1293 inertis
781 1239 1091 1307 exposuerit
1125 1239 1266 1294 Deus
1299 1238 1463 1293 liliunt
1495 1254 1651 1294 suum
1673 1282 1686 1302 ,
1727 1240 1867 1311 quod
1912 1242 2027 1311 ipse

428 1331 559 1387 dixit
609 1348 622 1385 :
675 1330 983 1386 Maledictus
1026 1332 1188 1385 omnis
1228 1331 1379 1386 homo
1407 1331 1495 1401 qui
1536 1332 1772 1398 pependit
1802 1334 1855 1387 in
1887 1333 2025 1405 ligno

427 1423 609 1494 (Deut.
641 1423 786 1492 XXI,
805 1423 923 1497 9.3).
952 1424 1059 1481 Sed
1091 1423 1250 1495 hujus
1274 1424 1664 1480 maledictionis
1681 1440 1898 1482 sensum
1925 1442 2024 1481 an-

424 1520 623 1574 tecedit
654 1536 833 1575 rerum
868 1520 1134 1590 probatio.
1161 1520 1296 1576 Dicit
1321 1522 1464 1578 enim
1494 1523 1546 1577 in
1574 1523 2020 1579 Deuteronomio:

422 1612 487 1668 Si
502 1623 672 1667 autent
689 1613 839 1682 fuerit
864 1615 917 1668 in
939 1613 1108 1684 aliquo
1129 1612 1387 1678 delictum,
1403 1615 1476 1668 ita
1501 1624 1554 1669 ut
1572 1616 1823 1685 iudicium
1850 1618 2025 1672 mortis

419 1706 506 1771 sit,
536 1715 582 1758 et
606 1705 867 1772 morietur,
890 1713 934 1759 et
951 1705 1270 1776 suspendetis
1285 1722 1399 1760 eum
1415 1708 1467 1761 in
1493 1706 1651 1781 ligno.
1669 1707 1775 1763 Sed
1795 1719 1839 1762 et
1857 1709 2026 1773 sepul-

1742 288 2102 351 ADVERSUS
2140 288 2441 347 ΗΠ)ᾸῖΟῆ

432 405 563 477 (Isa.
602 404 823 472 XXXV,
849 405 907 471 4,
931 407 993 473 5,
1018 404 1095 477 6).
1117 412 1172 459 et
1196 413 1386 459 ezctera
1418 419 1536 474 qum
1564 414 1839 475 operatum
1862 403 2022 457 Cbri-
2052 410 2097 465 Λ

3627 294 3733 351 ϐἒϐ

2129 415 2181 459 et
2202 424 2212 456 :
2240 406 2366 469 Qua:
2386 423 2485 461 nou
2503 416 2795 477 rapuerant,
2814 416 2933 462 tunc
2949 407 3262 463 exsolvebom
3277 407 3393 481 (Ps.
3408 407 3636 475 LXVIII,
3650 411 3731 481 5);

2137 499 2608 555 Ιίιιτιινηιἱιιαυειηιιιι
2633 500 2706 574 (c)
2726 519 2904 556 manus
2922 518 3059 557 meas
3075 512 3121 557 et
3137 504 3289 573 pedes
3307 502 3424 575 (Ps.
3445 502 3588 573 XXI,
3614 504 3727 575 I7);

2134 604 2187 649 et
2210 612 2222 647 :
2256 592 2308 648 Μ
2318 596 2504 649 iserunt
2528 597 2581 649 in
2606 606 2782 667 potum
2808 613 2973 650 meum
2991 596 3062 666 [ei
3079 638 3096 663 ,
3129 605 3174 651 et
3198 597 3253 651 in
3275 598 3361 652 siti
3387 613 3497 651 mea
3523 605 3728 666 potave-

2132 695 2252 738 runt
2277 703 2354 739 me
2373 696 2514 740 aceto
2536 686 2651 759 (Ps.
2680 686 2911 752 LXVIII,
2934 687 3028 759 25)
3044 705 3060 754 ;
3079 696 3155 754 et,
3176 688 3346 759 Super
3363 699 3543 744 vestem
3566 706 3729 743 meam

2132 779 2375 832 miserunt
2410 788 2590 832 sortem
2625 778 2741 848 (Ps.
2776 778 2922 847 XXI,
2958 781 3088 851 I9);
3123 781 3492 839 sicuticaatera
3523 796 3643 851 qua:
3675 781 3729 836 iu

2134 871 2280 926 illum
2303 872 2647 927 cortunissuri
2672 874 2884 941 essetis,
2912 873 3165 944 pra'dicla
3189 884 3333 929 sunt.
3358 874 3489 943 Quae
3511 874 3727 945 quidem

2132 964 2308 1018 omnia
2361 965 2475 1034 ipso
2522 963 2599 1035 (2)
2659 980 2964 1036 perpessus,
3006 982 3111 1021 non
3142 982 3239 1038 pro
3268 979 3391 1023 actu
3420 983 3519 1023 suo
3547 969 3731 1038 aliquo

2134 1058 2276 1112 malo
2307 1073 2494 1128 passus
2521 1069 2599 1113 est
2623 1101 2636 1124 ,
2668 1059 2760 1115 sed
2791 1068 2848 1113 ut
2878 1060 3167 1127 Scriptura:
3192 1060 3529 1133 implerentur
3556 1062 3618 1117 de
3644 1078 3731 1116 ore

2131 1150 2497 1219 prophetarum
2520 1149 2737 1222 (Matth.
2762 1150 2914 1219 XVI,
2958 1151 3074 1224 56).
3106 1152 3173 1207 Et
3203 1154 3384 1225 utique
3413 1168 3723 1209 sacramen-

2136 1252 2245 1298 tum
2275 1245 2539 1312 passionis
2566 1246 2734 1315 ipsius
2759 1246 2974 1317 [igurari
2997 1248 3049 1301 in
3077 1247 3548 1319 przedicationibus
3568 1262 3734 1318 Opor-

2134 1345 2337 1400 Iuerat;
2384 1347 2689 1408 quantoque
2733 1339 3063 1407 incredibile,
3107 1348 3254 1395 lauto
3291 1341 3459 1412 magis
3500 1353 3728 1396 scanda-

2132 1426 2239 1482 lum
2273 1427 2542 1496 l‘uturmn,
2571 1431 2617 1484 si
2663 1429 2804 1486 nudo
2843 1430 3223 1501 praedicaretur
3263 1433 3378 1506 (5);
3424 1442 3731 1504 quantoque

2133 1523 2483 1593 tnagnilicum
2506 1566 2520 1588 ,
2553 1533 2705 1579 tanto
2730 1526 2898 1594 magis
2927 1525 3375 1590 obumbrandmn,
3410 1536 3465 1583 ut
3498 1526 3734 1582 difﬁcul-

2140 1623 2221 1669 tas
2243 1615 2548 1671 intellectus
2569 1618 2795 1687 gratiam
2823 1616 2912 1671 Dei
2937 1629 3220 1688 quaereret.
3250 1617 3433 1689 Itaque
3460 1620 3512 1673 in
3544 1620 3729 1689 primis

2131 1705 2280 1762 Isaac
2320 1722 2441 1762 cum
2469 1722 2495 1760 a
2528 1717 2679 1778 patre
2708 1708 2881 1763 hostia
2911 1709 3233 1776 duceretur,
3282 1720 3335 1765 et
3380 1711 3579 1781 lignum
3625 1711 3726 1780 ipsi

423 1809 539 1852 tura
565 1798 817 1866 sepelietis
842 1815 955 1852 eum
982 1799 1095 1870 ipsa
1122 1799 1204 1853 die
1226 1816 1244 1853 :
1271 1801 1512 1870 quoniam
1537 1801 1834 1856 maledictus
1855 1820 1887 1856 a
1910 1801 2020 1858 Deo
2050 1807 2097 1867 B
2125 1799 2224 1854 sibi
2256 1808 2493 1869 portaret
2517 1799 2667 1872 (Gen.
2693 1799 2861 1866 XXII,
2891 1799 2981 1871 6),
3002 1799 3204 1857 Christi
3239 1802 3443 1857 exitum
3468 1803 3578 1870 jant
3603 1811 3728 1856 tunc

421 1900 494 1945 est
524 1890 686 1943 omnis
709 1893 799 1961 qui
826 1906 1103 1960 suspensus
1128 1890 1282 1962 fuerit
1305 1892 1356 1945 in
1379 1892 1543 1964 ligno,
1574 1903 1620 1947 et
1648 1910 1750 1947 nctt
1778 1894 2017 1964 inquina-

423 1983 541 2037 bitis
571 1993 755 2035 terram
784 1999 936 2050 quam
962 1980 1215 2038 Dominus
1244 1983 1381 2039 Deus
1412 1995 1529 2039 tuus
1558 1986 1697 2040 dabit
1726 1986 1814 2041 tibi
1840 1988 1891 2041 in
1914 2004 2021 2043 sor-

420 2082 519 2129 tem
549 2073 710 2145 (Ibid.
734 2074 827 2142 2‘2,
843 2073 958 2147 ‘25).
988 2074 1153 2146 Igitur
1178 2091 1286 2131 non
1310 2077 1361 2130 in
1385 2076 1523 2132 hanc
1547 2082 1849 2148 passionem
1865 2081 2020 2135 Chri-

422 2180 564 2224 stum
598 2169 905 2234 maledixit;
953 2169 1047 2224 sed
1089 2170 1488 2225 distinctionem
1532 2172 1692 2236 fecit,
1718 2175 1794 2227 ἰιι
1837 2175 1924 2243 qui
1970 2176 2021 2228 in

419 2261 604 2331 aliquo
625 2261 822 2316 delicto
844 2261 1103 2330 judicium
1127 2263 1316 2318 mortis
1343 2262 1617 2318 habuisset
1641 2275 1693 2319 et
1718 2275 2023 2321 moreretur

428 2367 726 2423 suspensus
757 2353 812 2408 in
843 2353 1009 2423 ligno,
1044 2354 1131 2409 hic
1161 2354 1477 2410 maledictus
1501 2372 1530 2409 a
1566 2356 1674 2411 Deo
1703 2368 1867 2424 esset,
1900 2361 2022 2429 quia

418 2443 500 2516 (I)
552 2453 769 2515 propter
812 2439 1004 2500 merita
1047 2443 1367 2501 delictorum
1411 2462 1627 2503 suormn
1668 2451 2023 2519 suspenderu-

429 2546 518 2593 tur
544 2539 595 2592 in
627 2539 791 2608 ligno.
819 2537 1365 2608 AIIOQIIIII_CIII‘ISIUS,
1394 2539 1481 2610 qui
1512 2539 1694 2595 dolum
1721 2541 1790 2596 de
1813 2557 1906 2596 ore
1926 2556 2024 2599 suo

421 2633 634 2688 locutus
663 2650 767 2688 non
795 2642 878 2688 est
908 2632 1041 2705 (Isa.
1072 2632 1203 2698 LIII,
1236 2632 1292 2702 9)
1323 2634 1422 2706 (b),
1456 2635 1654 2705 quique
1693 2650 1904 2691 omnem
1930 2635 2022 2707 ju-

419 2729 623 2783 Stitiam
666 2736 721 2781 et
766 2726 1123 2782 humilitatem
1168 2727 1449 2793 exhibuit;
1493 2739 1546 2783 et
1579 2738 1635 2782 ut
1665 2744 1828 2799 supra
1864 2729 1931 2784 de
1958 2745 2024 2783 eo

422 2820 732 2892 pnedictmn
766 2819 1223 2887 memoravimus,
1254 2836 1360 2874 non
1389 2835 1485 2890 pro
1518 2820 1727 2876 meritis
1750 2822 1861 2875 suis
1889 2821 1942 2875 in
1972 2821 2021 2874 id

420 2928 594 2984 genus
623 2912 811 2965 mortis
848 2911 1127 2982 expositus
1153 2910 1279 2977 est,
1311 2912 1409 2967 sed
1451 2921 1506 2965 ut
1533 2926 1592 2967 ea
1623 2928 1743 2982 qua:
1773 2911 2023 2981 pra-dicta

422 3015 549 3065 sunt
575 3020 603 3055 a
638 3002 945 3073 prophetis,
981 3018 1080 3075 per
1110 3018 1207 3058 vos
1245 3003 1293 3059 ei
1322 3004 1616 3059 obventura
1649 3002 2020 3073 implerentur,

422 3096 564 3152 sicut
589 3094 640 3148 io
662 3094 885 3149 Psalmis
917 3094 1032 3164 ipse
1054 3093 1290 3165 Spiritus
1311 3093 1513 3149 Chriin
1538 3094 1651 3162 jam
1679 3093 1925 3157 canebat,
1947 3094 2026 3147 di-

2140 1892 2450 1958 denotahat,
2481 1893 2533 1946 in
2562 1893 2830 1947 victimam
2857 1894 3101 1949 concessi
3123 1910 3153 1948 τι
3179 1904 3348 1964 patre,
3378 1894 3577 1965 lignum
3607 1910 3740 1963 pas-.

2139 1986 2308 2039 sionis
2338 2000 2451 2039 suae
2483 1985 2788 2056 bajulantis.
2816 1986 3016 2057 Joscph
3063 1997 3116 2042 ct
3146 1987 3260 2059 ipse
3284 1987 3555 2041 Christum
3590 1988 3726 2057 lign-

2130 2080 2300 2138 ravit,
2331 2060 2543 2133 velhoc
2572 2079 2690 2132 solo
2711 2120 2725 2144 ,
2771 2093 2838 2133 ne
2860 2093 3075 2133 cursum
3107 2078 3360 2134 demorer
3395 2081 3508 2149 ipse
3528 2121 3542 2142 ,
3581 2078 3727 2149 quod

2131 2169 2554 2237 persecutionem
2588 2184 2617 2221 a
2652 2167 2903 2222 fratribus
2932 2183 3117 2237 passus
3142 2179 3260 2237 est,
3293 2179 3346 2224 ct
3370 2169 3726 2224 Venumtlatus

2130 2259 2182 2313 iu
2216 2259 2500 2332 Aigyptutu
2537 2258 2689 2330 (Gen.
2716 2259 2985 2326 XXXVII,
3016 2260 3132 2330 28),
3162 2261 3232 2314 ob
3256 2262 3349 2316 Dei
3377 2262 3624 2334 gratiam,
3654 2262 3729 2316 si-

2128 2362 2219 2405 cut
2246 2360 2300 2405 et
2329 2351 2573 2406 Christus
2602 2352 2671 2405 ob
2701 2350 2897 2418 Israel,
2938 2369 2966 2405 a
3001 2351 3254 2407 fratribus
3282 2354 3654 2421 venumdatus,
3696 2372 3728 2409 ιι

2128 2442 2263 2499 .Iuda
2310 2459 2431 2498 cum
2478 2443 2721 2498 traditur.-
2770 2443 2847 2515 (d)
2889 2443 3020 2498 Nam
3051 2455 3099 2500 et
3145 2445 3478 2500 benedicitur
3517 2447 3567 2500 in
3614 2448 3729 2501 hmo

2131 2535 2293 2591 verba
2323 2534 2522 2604 Ioseph
2546 2552 2559 2589 :
2595 2534 2755 2589 Tauri
2775 2534 2928 2590 decor
2953 2539 3085 2606 ejus,
3109 2552 3302 2592 cornua
3329 2538 3590 2592 uuicornis
3619 2555 3730 2592 cor-

2131 2644 2231 2682 nua
2261 2630 2390 2699 ejus,
2425 2628 2476 2682 in
2507 2629 2578 2682 eis
2609 2628 2840 2683 nationes
2870 2627 3126 2682 ventilabit
3155 2631 3344 2697 pariter
3373 2631 3443 2685 ad
3472 2636 3727 2685 sumntum

2133 2736 2289 2792 usque
2313 2730 2459 2775 terrm
2479 2721 2651 2793 (Deut.
2680 2720 2936 2786 XXXIII,
2968 2720 3080 2783 I7).
3112 2722 3226 2777 Non
3259 2726 3442 2795 utique
3479 2726 3727 2780 rhinoce-

2134 2827 2219 2867 ros
2234 2811 2599 2868 destinabatur
2618 2815 2885 2870 unicornis
2901 2815 2991 2886 (c).
3009 2815 3090 2869 vel
3110 2816 3439 2870 minotaurus
3470 2818 3724 2878 bicornis.

2114 2907 2228 2960 ‘scd
2264 2904 2510 2961 Christus
2539 2907 2590 2960 iu
2620 2907 2712 2962 illo
2742 2906 3176 2977 signiﬁcabatur:
3213 2917 3396 2962 taurus
3425 2909 3495 2962 ob
3518 2919 3722 2964 utram-

2134 3018 2237 3071 que
2263 3000 2696 3070 dispositionem,
2723 3001 2840 3054 aliis
2867 2998 3012 3056 ferus
3043 3010 3098 3055 ut
3118 3000 3303 3071 judex,
3335 3002 3456 3056 aliis
3481 3017 3730 3058 mansue-

2138 3102 2225 3149 tus
2251 3104 2308 3148 ut
2333 3093 2603 3147 salvator:
2636 3093 2710 3164 (Ι)
2751 3093 2902 3163 cujus
2943 3108 3144 3147 cornua
3184 3101 3367 3148 essent
3394 3094 3568 3149 crucis
3594 3096 3733 3151 exil-

422 3187 952 3247 censzlietribuebtmt
970 3189 1094 3243 mihi
1112 3190 1245 3244 mata
1266 3204 1358 3259 pro
1376 3186 2023 3259 bonis(Ps.XXXIV,I:?.),
2054 3178 2099 3241 C
2135 3204 2219 3244 ma
2249 3204 2262 3242 :
2298 3204 2418 3242 nam
2445 3195 2505 3243 et
2533 3186 2610 3259 (g)
2655 3188 2707 3242 in
2751 3197 2980 3243 autenna
3011 3187 3194 3254 navis,
3230 3203 3349 3260 qua:
3388 3188 3563 3245 erttcis
3603 3203 3726 3260 pars

1667 3304 2047 3364 LECTIONES
2079 3302 2491 3364 VARIANTES.

488 3428 563 3499 tu
589 3428 681 3499 ρειί
702 3423 855 3499 nam
893 3427 1054 3479 ουενιο
1126 3479 1143 3499 .

515 3487 559 3553 2)
589 3491 682 3541 Ista
704 3487 808 3541 alii.

2193 3420 2267 3486 (5)
2291 3420 2596 3471 Praedicator
2620 3417 2767 3473 Rhen.
2796 3418 2957 3472 Obert.

1801 3589 2356 3648 COMMENTARIUS.

501 3714 588 3784 (ει)
621 3712 701 3767 Es
737 3725 881 3784 nono
913 3709 1071 3784 hujus
1100 3709 1219 3765 libri
1247 3708 1421 3780 capite
1467 3706 1835 3784 primamsihi
1882 3708 2027 3784 visus

427 3777 818 3840 est'Semlcrus
860 3777 1129 3837 invenisse
1177 3777 1422 3836 caussam
1470 3778 1744 3833 assercndi
1789 3777 1931 3833 hunc
1960 3779 2028 3832 li-

425 3858 585 3913 brum
615 3854 924 3910 'I‘crtulliani
960 3870 1063 3906 non
1091 3867 1233 3918 esse,
1262 3850 1355 3905 sed
1390 3866 1591 3904 meram
1623 3863 1742 3904 esse
1769 3850 2027 3917 compila-

429 3928 631 3982 tionem
680 3925 910 3980 hominis
954 3924 1117 3993 inepti
1159 3940 1223 3976 ex
1276 3921 1427 3976 libris
1471 3930 1646 3993 contra
1693 3919 2023 3993 Marcionem.

429 4001 595 4056 Suam
621 4011 754 4050 vero
779 3990 1140 4064 conjecturam
1167 3994 1426 4064 Semlerus
1451 3992 1690 4046 instituta
1724 3992 1878 4064 istius
1905 3990 2024 4045 libri

428 4071 674 4123 adversus
714 4061 925 4120 Iudaeos
964 4082 1084 4119 cum
1126 4065 1261 4119 libro
1304 4063 1461 4118 tertio
1498 4077 1674 4116 contra
1718 4061 2030 4116 Marcionem

432 4140 843 4209 comparatione
872 4138 1026 4209 unice
1056 4136 1408 4209 corroborare
1435 4143 1693 4199 conatur;
1729 4132 2027 4209 hacautcm

432 4203 716 4280 argutam“
751 4208 956 4264 ratione
995 4207 1186 4262 frustra
1221 4221 1351 4280 sane
1395 4206 1726 4280 istractatus
1754 4203 2029 4275 abjudica-

432 4276 524 4338 tur
552 4279 871 4336 Tcrtulliano
893 4320 907 4343 ,
932 4283 1041 4344 cui,
1078 4286 1271 4346 prauer
1302 4278 1362 4331 D.
1395 4276 1776 4347 Hieronymum
1800 4317 1812 4336 ,
1844 4285 2029 4347 aucto-

435 4370 551 4410 rem
586 4352 932 4417 Qutvstionum
981 4367 1008 4405 e
1038 4350 1308 4415 Scriptura
1352 4346 1638 4417 petitarum,
1672 4346 1771 4398 sub
1818 4346 2033 4400 nomine

434 4416 721 4495 Augustini
750 4423 1076 4495 cvulgatum,
1095 4430 1159 4495 et
1175 4420 1512 4495 Vincentium
1532 4416 1892 4483 Lirincnsctn,
1916 4432 2032 4468 0m-

434 4480 646 4551 ncsuviri
664 4495 807 4549 docti
829 4480 903 4548 ad
924 4480 1345 4547 novaiurieutt-m
1367 4489 1665 4544 Semlerum
1690 4504 1861 4557 usque
1880 4480 2030 4542 eum-
2055 4480 2109 4540 D

439 4565 1015 4645 detn_ad_scripseruut.
1043 4563 1107 4645 1:3}
1135 4564 1223 4645 qui
1245 4561 1567 4645 lli-eri'p'otuit
1602 4570 1657 4613 ut
1687 4558 1812 4645 (iber
1841 4560 2023 4641 adver-

442 4654 532 4693 sas
551 4630 874 4691 Judu'os'sit
899 4630 1206 4704 eompilalio
1238 4632 1352 4687 libri
1380 4630 1451 4687 III
1480 4630 2024 4704 contrdtllurciouem,

443 4710 489 4762 si
521 4708 566 4763 is
607 4708 749 4776 prior
779 4714 869 4761 aut
900 4702 1140 4776 tempore
1180 4706 1369 4759 saltem
1401 4703 1619 4776 arquth
1652 4702 1813 4755 fuerit
1852 4710 2028 4755 contra

444 4774 761 4834 Marcionem
802 4774 1270 4831 lihris?"I‘andcut
1310 4774 1615 4842 paradoxnn
1657 4783 1747 4826 attt
1785 4782 2026 4825 monstro

441 4850 619 4908 simile
645 4850 716 4905 sit
747 4849 876 4903 illttd
913 4863 1016 4905 non
1048 4848 1235 4911 video,
1267 4846 1310 4899 si
1345 4845 1483 4899 idem
1515 4858 1699 4898 auctor
1723 4843 1908 4898 eadem
1938 4858 2027 4895 ar-

442 4932 690 4992 gumenta
713 4962 729 4985 ,
779 4915 1382 4992 easdemqueloquendi
1415 4915 1674 4992 formulas
1706 4915 1756 4967 in
1802 4914 2029 4992 diuersis

444 4985 512 5047 Ξιι
543 4991 769 5048 diversa:
795 4998 956 5045 sccttc
984 4985 1229 5044 homines
1259 4988 1471 5056 scriptis
1502 4985 1713 5056 quidem
1746 4985 2018 5056 operibus,

453 5063 549 5117 sed
595 5065 647 5117 in
684 5063 890 5117 ratione
930 5060 1127 5130 objecti
1166 5067 1219 5113 ct
1260 5055 1529 5130 materiie,
1584 5056 1649 5110 de
1680 5072 1780 5130 qua
1813 5055 2029 5110 disserit

454 5136 763 5203 neutiquam
795 5126 1047 5203 diversis,
1079 5130 1404 5203 adhibuerit.
1438 5128 1551 5203 Enn
1606 5142 1668 5182 ex
1700 5126 1938 5203 Laurea,

516 5200 670 5259 CAP.
696 5202 919 5273 X.-—-(b)
935 5201 1131 5273 Quique
1157 5217 1352 5256 omnem
1376 5200 1683 5273 ittstitianret
1702 5200 2034 5273 humilitatem

446 5269 1062 5342 exbibuitAbjegEtiOnerri
1079 5285 1425 5342 sponzancam
1442 5270 1637 5326 Christi
1654 5269 1861 5342 Domini
1877 5284 2032 5342 quam

448 5351 648 5419 Optime
675 5335 902 5412 extollit,
932 5344 1071 5419 unde
1096 5335 1197 5419 ipsi
1223 5344 1439 5397 Christo
1466 5342 1714 5395 tribuitur
1739 5335 2037 5419 humilitatis

449 5415 502 5473 ei
525 5418 815 5486 abjertionis
844 5415 1158 5483 magnitudo,
1189 5420 1380 5486 μέγιοος
1405 5420 1792 5486 συνκσεεθϐἐτιως
1833 5415 1913 5486 2:2
1950 5426 2037 5465 rd!-

412 5528 435 5549 ι
453 5481 725 5551 πιινέᾷσεως.
743 5488 795 5541 in
830 5481 1046 5557 prolego
1074 5481 1229 5541 cour.
1253 5481 1833 5557 ’I‘rulliani.Gregorius
1862 5481 2039 5557 Thau-

453 5574 726 5629 lnazttrgus
757 5553 855 5627 ipsi
886 5553 1005 5629 Deo.
1018 5568 1295 5614 ταπείνωσιν
1320 5564 1493 5621 aue»,
1513 5571 1762 5610 summam
1790 5553 2040 5607 humilita-

454 5643 553 5687 tem
591 5627 847 5685 attribuit.
878 5627 954 5683 LE
986 5629 1079 5684 Pa.

529 5703 605 5774 (c)
636 5699 1115 5774 rlixterrrpiuaverunt
1136 5715 1316 5754 manus
1341 5697 1554 5774 meas._E
1564 5696 1763 5774 x_Psa|.
1784 5694 1932 5774 XXI._
1955 5694 2042 5748 ubi

454 5767 778 5831 alt'lieltrmo
805 5769 1073 5840 discrepat
1110 5773 1225 5825 huic
1266 5772 1461 5825 vcrsio.
1498 5770 1551 5824 In
1601 5769 1813 5840 hebraeo
1847 5767 2044 5840 quippe

366 5892 379 5899 -
456 5859 535 5902 cst
565 5846 692 5900 sicut
721 5842 799 5896 leo
824 5844 955 5895 tam
971 5838 1085 5896 cum
1115 5842 1311 5896 deberet
1337 5858 1442 5896 esse
1468 5847 1598 5896 Ὃκ)
1621 5882 1635 5909 ,
1666 5839 1766 5895 hoc
1793 5849 1870 5893 est
1902 5838 2044 5906 fode-

2136 3705 2458 3781 runt,_quod
2489 3707 2690 3781 notavit
2712 3707 2845 3781 olim
2868 3708 3080 3781 Masnra
3106 3728 3120 3767 :
3148 3711 3332 3781 sicque
3357 3712 3638 3768 ohturalur
3665 3729 3729 3768 os

2136 3778 2337 3852 Iudaeis
2364 3778 2452 3846 qui
2484 3778 2551 3833 de
2584 3778 2832 3848 passione
2865 3780 3137 3836 Dominica
3171 3778 3287 3839 lucc
3313 3784 3479 3852 accipi
3509 3795 3727 3852 gravate

2142 3850 2435 3923 patiuntur.
2471 3851 2601 3923 ρης
2633 3866 2759 3904 vero
2785 3866 2977 3906 sensus
3004 3868 3126 3909 esse
3157 3854 3352 3923 poterit
3380 3850 3725 3911 si‘scrihatur

2090 3918 2097 3927 '
2127 3920 2416 3994 ,sicutleofl
2444 3921 2543 3994 nisi
2565 3935 2910 3994 recurramus
2935 3923 3000 3977 ad
3029 3918 3523 3994 interpretationem
3547 3925 3612 3979 R.
3635 3927 3729 3980 Da-

2139 3991 2224 4044 vid
2249 3990 2456 4065 Kimehi
2485 4032 2500 4054 ,
2538 3991 2612 4065 de
2640 3993 2795 4065 leone
2822 3994 3055 4065 praedam
3085 3990 3402 4065 insequente
3426 4014 3438 4049 :
3471 4011 3605 4065 quas
3633 4013 3731 4052 uu-

2137 4075 2235 4131 gas
2262 4062 2354 4131 qui
2388 4062 2606 4138 legerit,
2650 4063 2748 4117 nisi
2772 4062 2938 4138 plane
2968 4063 3174 4121 l'erreus
3204 4062 3274 4120 sit
3303 4076 3354 4122 et
3384 4062 3556 4122 stoico
3585 4068 3731 4138 plus-

2135 4148 2297 4205 quam
2328 4132 2648 4205 supercilio,
2675 4149 2703 4187 a
2736 4132 2845 4189 risu
2876 4146 3178 4204 temperare
3219 4138 3319 4192 sibi
3363 4154 3467 4192 non
3504 4132 3720 4205 poterit.

2135 4201 2326 4257 Melius
2373 4204 2530 4280 igitur
2556 4219 2738 4280 graeca
2778 4201 3179 4280 versio,_quam
3207 4207 3429 4280 Vulgata
3461 4201 3722 4280 sequitur,

2138 4280 2321 4344 ὥρυξ”·ν
2345 4317 2357 4337 .
2389 4274 2648 4345 foderunt.
2691 4275 2881 4331 Moneo
2926 4274 3138 4334 interim
3170 4274 3342 4333 locum
3376 4280 3515 4335 hunc
3542 4274 3729 4336 Domi-

2140 4349 2275 4421 nica}
2326 4345 2810 4421 passiouimptinte
2861 4350 3251 4421 accommodari
3301 4360 3354 4405 et
3399 4351 3650 4421 explicari
3692 4369 3724 4409 a

2137 4414 2529 4486 Justinoiitlart.
2553 4414 2704 4486 Apol.
2733 4417 2796 4482 II,
2827 4419 2966 4474 circa
2992 4421 3244 4475 ntcdium.
3279 4421 3352 4475 Le
3377 4414 3473 4479 Pa.

2207 4487 2286 4560 (d)
2320 4485 2457 4541 Nam
2476 4496 2523 4540 et
2544 4485 2855 4560 benedicitur
2879 4490 2932 4543 in
2951 4492 3058 4544 lucc
3083 4492 3230 4545 verba
3252 4491 3464 4560 Joseph.
3498 4492 3725 4549 Prmter-

2137 4559 2411 4634 misimus:
2429 4575 2461 4610 α
2486 4559 2844 4634 patre_Neque
2866 4561 3148 4634 enimth
3164 4564 3327 4631 patris
3339 4559 3501 4634 super
3520 4564 3721 4634 Ioseph

2134 4629 2456 4703 benedictio.
2489 4629 2582 4703 s_c_tl
2611 4629 2797 4703 Moysi,
2831 4633 2981 4686 Deut.
3011 4629 3177 4697 XXX,
3203 4649 3307 4703 qua
3334 4629 3607 4689 benedixit
3637 4629 3725 4691 tri-

2132 4701 2236 4755 bus
2261 4700 2482 4776 .Ittseph.
2515 4699 2812 4776 Transtulit
2836 4714 3013 4757 autem
3045 4699 3299 4759 renttlabit
3319 4747 3333 4771 ,
3367 4720 3461 4774 pro
3491 4713 3718 4776 κιρττιεῖ,

2132 4772 2271 4840 quod
2305 4772 2473 4847 magis
2502 4774 2716 4842 proprie
2742 4776 2901 4828 vertit
2940 4776 3136 4847 l:tt_iutts
3188 4772 3551 4847 Septuaginta
3578 4772 3727 4832 viroé-

2136 4858 2282 4913 rum,
2317 4843 2600 4913 interpres,
2631 4860 2787 4897 cornu
2818 4854 2966 4913 petet.
2996 4845 3132 4901 PAM.

2207 4912 2282 4983 (θ)
2319 4912 2628 4967 ΙέΙιίιιοιτενοδ
2657 4912 2934 4972 nnirornis.
2971 4917 3043 4972 De
3072 4919 3172 4972 hoc
3201 4918 3270 4972 ita
3297 4918 3433 4973 Plin.
3457 4917 3584 4973 Nat.
3605 4920 3726 4974 hist.

2134 4984 2226 5060 lib.
2252 4984 2383 5049 VIII,
2410 4984 2571 5060 c.2(l:
2592 4985 2782 5060 Iisdem
2808 4988 2963 5052 (uilis,
2990 5003 3180 5059 nempe
3206 4989 3444 5060 Pompeii
3470 4989 3727 5060 M:tgni,et

2134 5056 2424 5131 rhinoceros
2462 5055 2683 5131 naiasin
2705 5075 2830 5131 nare
2846 5068 3025 5124 cornu,
3058 5055 3223 5131 qualis
3243 5055 3378 5129 δαέρέ
3402 5055 3724 5114 υἱειιεῘΑΙιεν

2137 5126 2244 5201 ΙιὶίςΔ
2258 5128 2456 5201 genitus
2495 5127 2999 5201 Itastis_eleplnutto,
3043 5126 3384 5199 longitudo-ei
3418 5149 3543 5201 par,
3575 5147 3727 5187 crura
3770 5164 3777 5170 -

2138 5198 2570 5270 multobreviora,
2599 5197 2740 5250 color
2765 5199 2974 5252 baxeas.
3004 5202 3112 5270 Ego
3132 5197 3262 5257 vero
3286 5197 3427 5256 hune
3446 5213 3722 5257 auctorem

2137 5266 2410 5344 citandum
2443 5266 2565 5320 duxi
2588 5308 2602 5329 ,
2631 5277 2819 5344 contra
2855 5266 3376 5339 eortnn'opinioneut
3417 5275 3504 5344 qui
3538 5282 3726 5342 putant

2142 5339 2534 5411 rhinocerotem
2558 5339 2758 5411 ,uunieo
2779 5355 2943 5392 cornu
2973 5357 3231 5411 nusquam
3257 5346 3307 5398 itt
3332 5339 3510 5399 rerum
3532 5339 3725 5399 natura

2141 5409 2323 5465 fuisse.
2371 5408 2500 5460 Cum
2528 5407 2730 5472 aliquot
2757 5424 2942 5463 eorum
2983 5407 3180 5467 cornua
3226 5416 3456 5469 existant
3500 5417 3727 5473 insignia

2140 5480 2281 5557 apud
2376 5478 2590 5557 Dionys.
2613 5478 2761 5547 juxta
2782 5478 3029 5557 Parisios_
3045 5484 3093 5534 in
3119 5484 3380 5557 thesauris
3393 5487 3571 5557 regiis.
3588 5485 3727 5540 Ριιιι.

2215 5550 2289 5623 (l)
2317 5550 2471 5619 Cujus
2497 5550 2878 5623 cornuacrucis
2927 5552 3133 5623 exlium.
3188 5556 3260 5608 lle
3302 5550 3518 5623 ﬁguris,
3565 5557 3730 5610 immo

2144 5636 2197 5678 et
2225 5619 2464 5690 imagine
2502 5619 2788 5692 crucishic
2818 5619 3068 5692 loquitur.
3117 5626 3273 5692 Atqui
3306 5619 3598 5692 partim’er
3629 5626 3728 5680 Ms.

2148 5704 2254 5748 tum
2288 5693 2391 5753 hic,
2425 5701 2534 5744 tum
2567 5690 2657 5745 lib.
2691 5690 2755 5744 III
2782 5691 2980 5745 advers.
3015 5691 3175 5744 Marc.
3206 5690 3397 5762 partim
3424 5711 3490 5750 cx
3521 5699 3736 5752 excusis

2146 5762 2520 5833 castigavitnus
2548 5764 2710 5816 crucis
2738 5762 2926 5833 extima
2955 5762 3068 5815 sive
3094 5772 3335 5815 extrema.
3364 5764 3500 5820 Pan.

2227 5831 2308 5905 (gf
2347 5831 2409 5887 In
2451 5841 2668 5887 (attenna
2709 5832 2851 5887 navis
2890 5848 3078 5885 cornua
3106 5836 3440 5887 extremitates
3469 5847 3738 5891 vocantur.
