4062 6288
413 267 519 324 629

1728 267 2088 328 ADVERSUS
2123 268 2420 328 JUD.'EOS.

3606 279 3712 337 650

411 400 598 455 regum
629 383 838 456 insigne
862 385 1140 454 potestatis
1159 398 1270 440 Sine
1297 383 1524 440 humero
1553 382 1788 456 pra:t‘ert,
1815 394 1869 440 et
1885 378 2001 440 'non
2031 387 2081 447 Α
2109 382 2190 455 (6)
2212 426 2226 446 ,
2276 386 2377 441 nisi
2410 401 2504 456 per
2528 388 2980 446 resurrectionem
3007 389 3124 462 ejus
3153 357 3258 467 l7).
3311 390 3554 464 Denique
3579 395 3706 449 sub-

411 489 502 532 ant
535 480 710 548 capite
737 477 984 534 diadema
1004 519 1019 543 ,
1051 487 1142 532 aut
1173 478 1224 532 in
1255 493 1414 532 manu
1446 485 1717 547 sceptrum
1743 518 1759 542 ,
1791 486 1881 531 attt
1909 477 2002 530 ali~

410 569 628 639 quando
661 569 890 639 propriai
933 569 1096 624 vestis
1146 579 1322 622 notam
1353 567 1452 641 (l).
1482 566 1587 622 Sed
1643 568 1792 624 solus
1838 585 2006 622 novus

411 677 505 718 rex
538 664 863 717 saeculorum
893 661 1142 718 Christus
1171 661 1347 727 Jesus,
1384 678 1532 716 nova:
1579 661 1764 732 gloria:
1820 660 1898 733 (εὶ)
1955 671 2008 717 et

413 763 730 826 potestatem
764 765 814 808 et
855 755 1230 809 sublimitatem
1261 771 1412 808 sitam
1445 756 1496 808 in
1529 753 1752 808 lnnnero
1782 754 2004 820 extulit,

411 836 627 904 crucem
661 849 906 913 scilicet,
943 859 998 902 ut
1051 849 1341 902 secundum
1397 849 1724 919 superiorem
1759 849 1836 920 (5)
1879 865 2006 920 ιιι-(ιο

414 942 650 1011 phetiam
685 941 880 996 exinde
913 941 1165 994 Dominus
1192 950 1434 1010 regnaret
1463 959 1489 993 ιι
1520 940 1662 1010 ligno
1686 939 1772 1012 (ι).
1807 939 1881 996 De
1911 940 2012 996 hoc

411 1033 554 1088 enim
590 1033 734 1102 ligno
762 1032 924 1084 etiam
957 1031 1104 1086 Deus
1137 1032 1371 1085 insinuat
1400 1047 1492 1100 per
1515 1031 1836 1086 Hieremiam
1869 1030 2008 1104 quod

410 1127 601 1182 essetis
623 1124 820 1180 dicturi
843 1143 855 1178 :
894 1124 1087 1187 Venite,
1108 1130 1364 1178 mittamus
1385 1125 1439 1179 in
1463 1140 1643 1194 panem
1665 1125 1772 1188 eius
1795 1123 2009 1194 lignum,

411 1227 458 1275 et
483 1227 807 1272 conteramus
830 1233 944 1270 eum
965 1234 996 1270 a
1025 1226 1158 1271 terra
1182 1217 1430 1283 vivorum,
1463 1224 1510 1270 et
1538 1233 1717 1269 nomen
1748 1216 1885 1270 illius
1913 1233 2014 1270 non

411 1310 776 1365 memorabitur
801 1309 1022 1380 amplius
1063 1306 1196 1377 (Jer.
1221 1306 1322 1371 XI,
1357 1308 1471 1379 I9).
1513 1307 1705 1380 Utique
1732 1309 1782 1362 itt
1813 1323 2012 1375 corpus

409 1405 527 1476 ejus
563 1403 760 1473 lignum
807 1403 1027 1456 missum
1069 1410 1170 1456 est.
1208 1400 1297 1456 Sic
1333 1401 1478 1455 enim
1513 1400 1760 1456 Christus
1802 1399 2012 1454 revela-

273 1489 374 1547 -/
409 1499 502 1565 vit,
527 1497 603 1570 (a)
629 1513 820 1568 panem
857 1512 1051 1566 corpus
1084 1512 1236 1550 suum
1261 1495 1556 1565 appellans,
1588 1495 1662 1566 (b)
1693 1496 1845 1563 cujus
1871 1503 2015 1550 retro

409 1603 606 1660 corpus
651 1591 702 1644 in
738 1605 929 1658 panem
968 1587 1253 1658 prophetes
1307 1587 1551 1656 liguravit
1599 1587 1697 1660 (4).
1732 1587 1784 1643 Si
1841 1585 2016 1643 adhuc

411 1695 624 1752 qmeres
656 1681 949 1736 Dentinica:
993 1681 1170 1735 crucis
1215 1680 1686 1752 praedicationem,
1737 1681 1868 1736 Satis
1905 1681 2014 1752 jam

2105 478 2278 558 jungit
2317 495 2329 531 :
2365 477 2646 550 Propterea
2693 481 2802 550 ipse
2842 471 3030 537 inultos
3071 483 3127 538 in
3165 484 3514 540 [nereditatem
3553 485 3709 540 hahe-

2109 567 2198 632 bit,
2231 581 2275 624 et
2305 570 2579 624 multorum
2608 572 2796 626 dividet
2837 574 3001 644 spolia
3037 572 3194 646 (lea.
3233 575 3341 630 LIII
3365 619 3379 640 ,
3415 577 3526 649 12).
3579 579 3709 646 Quis

2111 664 2254 717 enim
2290 665 2425 718 alius
2449 705 2463 729 ,
2497 665 2595 720 nisi
2619 668 2706 735 qui
2739 674 2892 722 natus
2919 676 3004 722 est
3027 710 3040 733 ,
3073 674 3130 722 ut
3158 684 3316 738 supra
3348 669 3708 731 ostendimus.

2115 769 2212 822 pro
2267 769 2330 808 eo
2379 754 2520 824 quod
2573 755 2766 810 tradita
2815 767 2900 812 est
2951 759 3003 812 in
3058 768 3284 814 mortem
3335 762 3511 814 anima
3563 761 3712 831 ejus?

2112 846 2335 901 Ostensa
2369 848 2511 903 enim
2547 863 2735 904 caussa
2777 851 2960 920 gratia:
3011 852 3146 920 ejus,
3181 869 3274 923 pro
3324 855 3513 923 injuria
3565 855 3712 910 scili—

2069 1019 2076 1028 .
2114 949 2199 994 eet
2258 941 2443 995 mortis
2495 941 2868 1011 repensandze,
2903 945 3101 1014 pariter
3145 956 3418 1002 ostensum
3466 959 3550 1003 est
3597 947 3712 1003 lure

2116 1033 2261 1086 illum
2304 1045 2520 1103 propter
2563 1045 2784 1090 mortem
2815 1049 3265 1104 consecuturum;
3315 1052 3433 1110 post
3483 1054 3710 1098 mortem

2119 1127 2300 1196 utique
2363 1127 2442 1200 (8)
2533 1131 2984 1183 resurrectiOuetn
3063 1143 3499 1188 eonscmtturum.
3579 1135 3710 1190 Nam

2115 1220 2256 1290 quod
2303 1220 2353 1274 in
2397 1220 2646 1289 passione
2685 1220 2800 1292 ejus
2840 1209 3160 1289 accidit,'ut
3199 1225 3369 1282 media
3405 1227 3522 1282 dies
3560 1239 3713 1283 tene-

2119 1301 2430 1375 bresceret,
2485 1314 2649 1368 Amos
2702 1313 2958 1383 propheta
3013 1316 3324 1384 adnuntiat,
3377 1319 3592 1375 dicens:
3646 1319 3715 1374 Et

2117 1407 2240 1470 erit,
2295 1405 2498 1476 inquit,
2547 1405 2600 1460 in
2651 1407 2732 1460 die
2781 1397 2902 1476 illa,
2953 1410 3075 1464 dicit
3132 1411 3414 1477 Dominus,
3459 1412 3530 1488 (e)
3577 1417 3714 1469 occi-

2119 1499 2200 1552 det
2274 1499 2351 1554 sol
2411 1498 2578 1554 media
2639 1498 2758 1566 die,
2836 1511 2882 1554 et
2944 1501 3244 1572 lenebrescet
3307 1522 3460 1574 super
3527 1515 3714 1559 terram

2120 1590 2227 1645 dies
2257 1592 2478 1655 luminis,
2506 1601 2552 1645 et
2573 1602 2860 1646 convertam
2888 1593 2996 1649 dies
3026 1597 3180 1666 festos
3212 1607 3398 1650 vestros
3425 1598 3476 1651 in
3499 1598 3712 1662 luctum,

2120 1694 2167 1739 et
2195 1685 2365 1739 omnia
2392 1685 2590 1738 cantica
2619 1695 2781 1740 reslra
2822 1687 2873 1739 in
2907 1686 3345 1751 lamentationem,
3381 1699 3428 1742 et
3458 1690 3715 1759 imponam

414 1773 610 1844 poterit
645 1775 738 1827 tibi
782 1775 958 1828 facere
988 1773 1274 1828 vicesimus
1305 1773 1510 1842 primus
1537 1773 1812 1838 Psalmns,
1850 1781 2014 1827 totam

2123 1779 2498 1850 super-lumbos
2529 1790 2716 1834 vestros
2739 1796 2941 1833 saccum
2958 1823 2974 1846 ,
3001 1791 3046 1834 ct
3076 1798 3227 1852 super
3253 1797 3399 1834 omne
3427 1794 3579 1852 caput
3602 1783 3716 1837 cal-

411 1866 608 1924 Christi
637 1869 926 1922 continens
958 1867 1298 1936 passionem,
1332 1867 1575 1920 canentis
1601 1867 1708 1934 jam
1743 1877 1866 1920 tunc
1895 1865 2011 1936 glo-

412 1961 544 2015 riam
575 1975 761 2014 suaat:
797 1958 1092 2025 lt'oderunt,
1125 1961 1324 2030 inquit,
1358 1976 1539 2015 manus
1589 1977 1724 2015 meas
1765 1971 1812 2015 et
1856 1959 2010 2030 pedes

413 2051 533 2124 (Ps.
561 2051 704 2118 XXI,
723 2053 744 2106 l
760 2050 833 2126 ῖ).
851 2054 980 2120 Qua:
996 2052 1207 2123 prOpria
1232 2063 1311 2106 est
1335 2054 1588 2108 atrocitas
1609 2053 1804 2108 crucis.
1825 2053 1887 2106 Et
1903 2068 2013 2106 rur-

412 2159 525 2206 sus,
555 2160 674 2198 cutu
697 2145 954 2198 auxilium
981 2145 1156 2199 l'atrls
1185 2144 1492 2214 imploraret
1519 2160 1531 2197 :
1565 2145 1778 2200 Salvum
1801 2161 1880 2199 me
1904 2145 2006 2214 (ac,

413 2231 608 2306 inquit,
639 2253 700 2290 ex
725 2253 813 2290 ore
837 2236 1019 2300 leonis,
1045 2237 1226 2306 utique
1257 2237 1462 2300 mut-tis,
1493 2247 1536 2290 et
1564 2236 1626 2290 de
1645 2237 1879 2291 cornibus
1900 2239 2012 2292 uni-

413 2345 713 2382 t'ornuorum
761 2330 1098 2382 humilitatem
1143 2346 1302 2382 meant
1331 2330 1447 2399 (i’s.
1474 2329 1618 2392 XXI,
1669 2328 1794 2399 2'2);
1826 2331 1898 2398 (ο)
1945 2329 2014 2386 de

415 2422 652 2490 apicibus
692 2422 896 2477 sedit-et
935 2423 1133 2486 erucis,
1165 2433 1222 2477 ut
1259 2439 1417 2492 supra
1449 2421 1815 2476 o.~tendimus:
1851 2439 2011 2494 quam

417 2499 626 2570 crucem
664 2529 762 2568 nec
797 2516 910 2584 ip~e
943 2513 1106 2569 David
1154 2531 1344 2584 passus
1371 2524 1449 2568 est
1473 2557 1486 2577 ,
1529 2530 1627 2570 nec
1659 2515 1798 2570 ullus
1828 2531 2012 2586 regum

421 2605 728 2661 Jutla‘ortnn
758 2647 772 2662 .
822 2622 890 2660 ne
939 2607 1136 2677 putetis
1183 2607 1404 2661 alterius
1440 2607 1666 2677 alicujus
1706 2608 2013 2678 prophetari

420 2701 724 2777 p:is.~io::etn
747 2742 762 2765 ,
792 2717 948 2770 quam
983 2701 1099 2770 ejus
1125 2701 1215 2770 qui
1247 2702 1394 2754 solus
1423 2717 1452 2753 a
1486 2701 1683 2772 pepulo
1712 2709 1816 2755 tam
1847 2702 2012 2772 insig-

421 2783 559 2852 niter
601 2795 896 2850 crucilixus
925 2803 1027 2849 est.
1060 2793 1242 2860 Nunc,-
1265 2795 1364 2850 etsi
1395 2809 1582 2850 omnes
1611 2794 2014 2866 interpretatio-

421 2873 516 2944 nes
547 2887 674 2942 istas
706 2887 972 2956 respuerit
1027 2895 1082 2942 et
1126 2885 1364 2942 inriserit
1393 2886 1589 2940 duritia
1620 2887 1796 2942 cordis
1829 2887 2013 2954 vestri,

423 2979 764 3051 probavimus
789 2977 1038 3032 sul't'icere
1067 2992 1223 3048 posse
1250 2987 1479 3033 mortem
1507 2978 1701 3032 Christi
1731 2977 2018 3049 pmpheta-

420 3083 525 3128 lant
549 3115 563 3138 ,
601 3083 655 3126 ut
700 3087 766 3127 ex
801 3071 902 3126 hoc
931 3070 1070 3142 quod
1117 3087 1220 3126 n0n
1261 3079 1410 3126 esset.
1445 3070 1584 3125 edita
1615 3071 1843 3142 qualitas
1870 3087 2016 3127 utor-

2116 1871 2325 1935 vitium,
2378 1879 2424 1923 et
2469 1887 2656 1939 ponam
2709 1887 2825 1924 eum
2871 1872 3016 1935 quasi
3071 1871 3257 1926 luctum
3311 1871 3634 1942 dilecti-(9),
3668 1885 3714 1926 ct

2115 1975 2200 2014 eos
2226 1959 2312 2030 qui
2333 1975 2446 2012 cum
2467 1959 2556 2013 illo
2575 1960 2720 2029 quasi
2736 1959 2869 2014 diem
2891 1962 3116 2015 uicerat-is
3141 1960 3336 2033 (Amos,
3369 1961 3500 2026 Vill,
3521 1962 3576 2028 9,
3605 1963 3712 2034 l0).

2119 2050 2232 2107 Iloe
2281 2051 2422 2106 enim
2468 2062 2524 2107 et
2565 2051 2774 2124 Moyses
2820 2053 2972 2108 initio
3010 2055 3162 2124 primi
3211 2056 3412 2109 tnensis
3456 2071 3713 2112 novorum

2117 2139 2356 2200 facturos
2385 2159 2478 2198 vos
2506 2145 2879 2215 prophetarit,
2923 2161 3044 2200 enin
3083 2161 3242 2202 omne
3275 2147 3462 2219 vulgus
3488 2149 3715 2204 tiliorum

2118 2236 2278 2292 Israel
2322 2236 2388 2292 ad
2422 2252 2698 2309 vesperam
2741 2254 2934 2310 agnum
2972 2251 3114 2296 esset
3155 2241 3527 2299 immolaturus
3555 2245 3712 2316 (t0):

2119 2338 2175 2384 et
2204 2328 2340 2384 hanc
2367 2328 2760 2385 solemnitatem
2791 2331 2895 2386 diei
2929 2331 3104 2402 lmjus,
3142 2331 3194 2387 id
3225 2344 3308 2388 est
3339 2335 3556 2406 Paselne
3583 2354 3708 2410 azy-

2121 2435 2354 2485 morum,
2383 2434 2503 2474 eum
2526 2420 2886 2477 amaritudine
2908 2422 3326 2481 manducaturos
3353 2429 3719 2496 prmcattcltal:

2121 2521 2174 2566 et
2205 2510 2420 2581 adjecit,
2467 2509 2673 2566 Pascha
2716 2527 2837 2566 esse
2881 2512 3088 2569 Domini
3115 2513 3135 2590 (
3161 2515 3350 2583 Exod”
3378 2516 3533 2588 XII),
3566 2520 3614 2572 id
3643 2531 3726 2573 est

2124 2605 2428 2676 passionem
2458 2602 2680 2662 Christi.
2711 2605 2863 2672 Quod
2895 2607 2962 2662 ita
2988 2624 3202 2680 quoque
3229 2610 3576 2679 adimpletum
3602 2625 3679 2666 est
3707 2655 3720 2676 ,

2125 2707 2181 2752 ut
2237 2703 2401 2768 prima
2471 2699 2561 2754 die
2629 2715 2939 2772 azymorum
3013 2702 3384 2758 interliceretis
3450 2705 3721 2760 Christum

2123 2789 2367 2862 (Matth.,
2406 2789 2624 2862 XXVI),
2661 2802 2714 2846 et
2741 2800 2798 2846 ut
2820 2792 3112 2862 prophetia:
3132 2794 3574 2866 atlimplerentur,
3603 2811 3720 2865 pro-

2124 2884 2328 2954 peravit
2359 2883 2459 2954 (ll
2490 2881 2510 2955 )
2556 2883 2671 2938 dies
2701 2900 2979 2956 vesperam
3013 2887 3216 2950 facere,
3266 2887 3318 2942 id
3361 2897 3441 2942 est
3475 2890 3722 2943 tenebras

2124 2977 2376 3043 efﬁcere;
2422 2993 2540 3048 qua:
2567 2976 2738 3033 media
2781 2977 2866 3032 die
2896 2977 3052 3032 facta:
3097 2989 3221 3032 sunt
3250 2997 3262 3034 :
3318 2991 3478 3046 atque
3509 2981 3574 3035 ita
3607 2981 3725 3036 dies

2124 3069 2296 3126 festos
2329 3078 2538 3126 vestros
2565 3070 2826 3125 convertit
2861 3069 3001 3124 Deus
3044 3071 3094 3124 in
3139 3071 3339 3124 luctum
3362 3113 3376 3137 ,
3425 3081 3479 3126 et
3518 3059 3722 3127 ramum

421 3163 487 3216 tis
515 3162 593 3234 (ὃ)
617 3205 630 3228 ,
679 3161 1004 3231 intelligatur
1056 3177 1148 3231 per
1193 3177 1406 3217 crucem
1457 3162 1738 3228 evenisse,
1791 3171 1890 3218 nec
1929 3163 2016 3217 alii
2046 3174 2090 3238 (ς
2127 3163 2378 3218 restrain
2406 3161 2862 3216 lamentationem.
2887 3159 3012 3216 Post
3037 3163 3337 3228 passionem
3361 3163 3500 3217 enim
3527 3162 3724 3216 (Ibi-isti

419 3253 779 3334 deputandum
831 3255 995 3309 fuisse
1042 3255 1344 3324 passionem
1395 3256 1604 3319 erucis,
1653 3271 1812 3326 quam
1865 3255 2019 3325 cujus

424 3363 570 3402 mors
599 3347 1010 3418 przedicabatnr.
1054 3348 1184 3402 Nam
1219 3359 1446 3403 mortem
1478 3347 1596 3416 ejus
1624 3356 1677 3402 et
1711 3348 2016 3419 passionem

421 3453 476 3500 et
501 3443 829 3514 sepulturam
864 3459 963 3498 una
992 3457 1122 3498 voce
1153 3441 1330 3496 Esaia:
1361 3441 1482 3496 volo
1509 3441 1825 3498 ostendere:
1861 3441 1905 3494 Α
1930 3441 2015 3511 [α-

419 3536 699 3599 cinoribus,
731 3535 924 3606 inquit,
953 3535 1130 3608 populi
1158 3535 1256 3588 mei
1287 3534 1559 3604 perductus
1586 3543 1658 3588 est
1686 3535 1756 3590 ad
1784 3543 2015 3598 mortem,

422 3638 468 3682 et
499 3627 626 3681 dabo
655 3627 814 3681 malos
843 3643 938 3698 pro
965 3626 1231 3696 sepultura
1257 3626 1366 3697 ejus
1392 3667 1406 3690 ,
1439 3634 1486 3680 et
1511 3625 1688 3680 divites
1727 3643 1820 3697 pro
1861 3633 2019 3680 morte

423 3719 570 3790 ejus;
600 3721 720 3791 quia
744 3719 908 3774 scelus
935 3735 1035 3773 non
1060 3718 1198 3788 fecit,
1232 3735 1320 3772 nec
1345 3719 1492 3772 dolus
1519 3719 1570 3772 in
1597 3734 1684 3773 ore
1705 3719 1818 3791 ejus
1845 3720 2019 3774 inven-

423 3798 505 3866 tus
534 3825 623 3878 est,
654 3811 732 3881 (ιι)
755 3822 800 3866 et
826 3810 962 3866 Deus
987 3810 1142 3864 voluit
1167 3810 1384 3864 eximere
1403 3828 1433 3864 (ι
1456 3819 1614 3865 morte
1641 3811 1864 3864 animum
1906 3814 2018 3873 eius

421 3902 558 3977 (Isa.
584 3902 712 3966 LIII,
738 3902 792 3965 8.
815 3901 870 3967 9,
895 3899 1008 3972 10),
1037 3897 1142 3956 etc.
1170 3900 1310 3956 Dicit
1337 3901 1496 3954 etiam
1516 3898 1717 3956 adhuc:
1737 3902 2016 3972 Sepultum

421 3998 531 4070 ejus
561 3995 758 4050 sublata
787 4003 860 4049 est
887 4010 914 4048 e
936 3993 1100 4048 medio
1120 3990 1332 4066 (lbid.).
1359 3991 1466 4047 Nec
1494 3995 1736 4064 srpultus
1763 3995 1906 4050 enim
1935 4005 2017 4052 est

421 4089 523 4146 nisi
551 4101 826 4152 imirtuus,
863 4103 959 4142 nec
987 4087 1261 4159 sepultura
1292 4086 1408 4156 ejus
1435 4086 1640 4141 sublata
1669 4097 1750 4143 est
1777 4104 1806 4143 e
1835 4089 2014 4145 medio

2125 3255 2285 3310 etiam
2315 3253 2598 3324 captivitas
2617 3253 2768 3308 vobis
2795 3262 2850 3308 et
2875 3252 3139 3324 dispersio
3165 3253 3404 3321 obvenit,
3437 3255 3725 3324 praedicata

2125 3364 2221 3420 per
2244 3349 2498 3420 Spiritum
2531 3355 2793 3402 sanctum.
2993 3345 3006 3355 '

2689 3437 2922 3494 CAPUT
2947 3437 3042 3492 XI.

2195 3532 2325 3588 Nam
2377 3540 2430 3588 et
2467 3543 2566 3605 pro
2611 3531 2729 3586 istis
2769 3530 2977 3586 meritis
3003 3529 3220 3598 vestris,
3249 3527 3460 3584 cladem
3488 3538 3717 3583 vestram

2127 3625 2358 3682 futuram
2402 3625 2652 3682 Ezechiel
2681 3625 2890 3680 nuntiat
2915 3643 2929 3680 :
2974 3633 3032 3680 et
3062 3638 3168 3679 non
3197 3622 3368 3678 solum
3398 3622 3450 3678 in
3483 3624 3582 3677 isto
3612 3641 3718 3677 sw-

2121 3721 2244 3778 eulo
2264 3764 2278 3788 ,
2309 3735 2428 3792 qua:
2449 3720 2559 3791 jam
2592 3719 2776 3776 evenit
2802 3762 2818 3785 ,
2848 3717 2944 3774 sed
2975 3718 3027 3773 in
3067 3717 3155 3774 die
3194 3717 3578 3782 retributioni<,
3603 3733 3721 3788 qua:

2059 3855 2072 3864 .
2120 3813 2495 3884 ειιΙιεριιιιιηιιιιν.
2540 3809 2652 3886 Qua
2702 3810 2854 3864 clade
2897 3825 3057 3864 nemo
3101 3807 3448 3874 liberabitur,
3494 3809 3595 3862 nisi
3626 3809 3716 3878 qui

2121 3905 2369 3976 passione
2395 3901 2622 3967 Christi,
2653 3915 2812 3972 quem
2851 3900 3138 3971 respuitis,
3175 3897 3333 3953 fuerit
3379 3899 3714 3968 obsignatas.

2120 3997 2210 4052 Sic
2239 3995 2380 4051 enim
2411 3994 2665 4064 scriptmn
2697 4001 2780 4047 est
2806 4011 2818 4046 :
2855 3991 2918 4046 Et
2947 3992 3074 4046 dixit
3104 3990 3354 4044 Dominus
3379 3991 3447 4044 ad
3474 4006 3588 4044 me:
3615 3989 3720 4044 Fili

2121 4089 2340 4144 hominis
2364 4130 2378 4151 ,
2419 4085 2588 4141 vidisti
2627 4100 2742 4156 qua:
2768 4085 2989 4140 seniores
3023 4081 3191 4138 Israel
3218 4083 3415 4155 faciunt
3441 4083 3687 4152 ttttttsquis
3714 4119 3718 4123 -

1671 4201 2048 4262 LECTIONES
2081 4199 2497 4300 YARIANTES.

485 4318 558 4385 tl)
583 4318 625 4385 Α
629 4317 755 4381 liqua
780 4317 1224 4385 proprietateuws
1245 4326 1369 4364 nova
1408 4309 1558 4365 Rhen.
1587 4311 1748 4366 Obert.

585 4375 764 4454 Novam
781 4375 992 4448 'glo'riam
1016 4375 1192 4428 Iidem.

542 4449 558 4500 )
585 4443 801 4492 Priorem
823 4439 1002 4490 Iidem.

507 4439 558 4503 3)
585 4439 804 4492 Priorem
823 4439 1002 4490 Iidem.

493 4501 561 4566 μ’)
585 4505 830 4555 Nuntiavit
859 4503 1022 4554 Obert.
1047 4501 1198 4566 Serui.

511 4567 562 4632 5)
581 4568 747 4632 Edita,
757 4567 922 4632 qualis
939 4578 1070 4632 mors
1085 4561 1236 4632 Rhea.
1275 4563 1435 4632 Ober}.

509 4624 618 4694 (3)15
637 4624 818 4679 medio.
847 4627 1098 4688 Quomodo
1121 4628 1230 4688 nisi,
1253 4635 1348 4676 etc.
1376 4624 1538 4676 Obert.
1569 4624 1720 4678 Seml.

2043 4321 2096 4380 ι)
2183 4315 2256 4380 (7)
2280 4313 2398 4380 Ejus
2415 4313 2544 4380 abest
2575 4325 2610 4380 τε
2625 4310 2958 4380 _Parn._nhen.
2994 4311 3158 4362 Obert.

2208 4373 2258 4449 ξ)
2279 4373 2394 4449 iter.
2413 4373 2553 4449 944i!
2576 4375 2740 4449 OW-
2773 4373 2922 4449 ξενηιε

2211 4435 2261 4489 9⁷)
2286 4438 2464 4488 Delieti
2487 4437 2650 4489 Obert.
2679 4435 2828 4488 Seml.

2217 4447 2271 4551 υἱ)
2286 4447 2464 4488 Delicti
2487 4447 2650 4489 overt.
2679 4447 2828 4488 δεηιι.

2217 4505 2231 4551 ι
2276 4501 2292 4566 )
2319 4499 2680 4550 Inuuolaturum
2705 4503 2844 4550 Pam.
2869 4497 3021 4552 Rhea.
3055 4497 3221 4549 Obert.

2217 4566 2288 4615 ιιι
2322 4563 2642 4615 Pronhetablt
2679 4560 2828 4614 Seml.

2275 4581 2288 4630 Ι
2322 4577 2642 4626 ι’νοιιιιυῑίιοιι
2679 4577 2828 4614 δαηι.

1791 4709 2362 4772 COMMENTARIUS.

501 4827 577 4902 (a)
611 4826 1198 4902 Panemjorpushsuum
1224 4825 1512 4902 appellans.
1533 4823 1758 4902 Yidetur
1777 4824 2015 4902 alludere

430 4897 496 4954 ad
514 4895 676 4955 verba
703 4900 787 4954 illa
803 4895 1260 4968 Evangelistarum
1285 4907 1338 4951 et
1362 4895 1422 4951 Β.
1440 4895 1593 4951 Pauli
1616 4916 1627 4950 :
1648 4895 2017 4968 Accepitlesus

433 4986 642 5040 partem,
675 4981 812 5033 ete.,
847 4980 900 5022 et
928 4974 1000 5022 ait
1033 4986 1045 5021 :
1081 4968 1333 5036 Accipite,
1389 4978 1436 5021 et
1487 4968 1765 5040 contedite;
1803 4969 1896 5022 hoc
1945 4979 2015 5040 est

432 5038 614 5110 corpus
643 5058 826 5096 nteant.
861 5043 1040 5105 Quare
1069 5041 1235 5108 magis
1267 5055 1388 5094 vera
1421 5050 1563 5094 esset
1593 5039 1901 5108 marginalis
1925 5038 2017 5094 ad-

433 5115 634 5167 uotatio
665 5113 792 5167 ista:
825 5127 1181 5183 panemsuum
1212 5127 1395 5183 corpus
1424 5110 1682 5183 appellat,
1711 5126 1870 5180 quam
1899 5127 2019 5182 qua:

435 5184 618 5238 nescio
649 5199 678 5238 a
706 5181 1076 5252 quo’irrepsit,
1109 5197 1292 5247 corpus
1318 5181 1372 5234 in
1401 5199 1605 5250 panem.
1634 5181 1772 5236 Pan.

507 5253 584 5326 (b)
599 5255 765 5326 Cujus
793 5263 926 5326 retro
952 5268 1136 5326 corpus
1160 5252 1214 5306 in
1243 5267 1425 5326 panem
1465 5253 1733 5324 prophetes
1760 5253 2019 5322 ﬁguravit.

507 5270 584 5326 tn)
609 5270 765 5325 (Alth
793 5270 926 5307 retro
952 5270 1136 5376 coapus
1160 5270 1214 5306 ιη
1243 5270 1425 5320 panem
1465 5270 1733 5324 propnetes
1760 5270 2019 5322 figuravit.

437 5321 552 5379 Lib.
578 5325 645 5380 de
681 5325 966 5387 Oratione,
1060 5339 1144 5393 um
1179 5323 1314 5393 quod
1355 5332 1404 5377 et
1439 5341 1622 5393 corpus
1656 5339 1764 5393 ejus
1800 5325 1852 5377 in
1897 5339 2026 5392 pane

439 5406 680 5452 censetur.
717 5395 864 5451 Idem
901 5410 1024 5447 vero
1056 5391 1339 5464 meremur:
1379 5391 1538 5449 locus
1564 5391 1836 5464 aliquanto
1864 5391 2027 5450 etiam

439 5467 750 5538 ettplieatius
794 5473 1051 5522 tractatur
1110 5466 1246 5519 libro
1299 5463 1366 5519 Ill
1403 5463 1666 5520 adversus,
1696 5464 2032 5591 ,νιιὲἓοιιειιι⁸

1841 5552 1910 5591 te.

1841 5552 1910 5593 IG.

512 5609 585 5682 (e)
620 5609 954 5736 Depapicibus
973 5606 1156 5662 crucis.
1183 5606 1380 5676 Apices
1399 5606 1548 5673 dicit,
1577 5622 1696 5679 qua:
1716 5622 1877 5678 supra
1901 5606 2039 5662 dixit

512 5696 656 5736 rnua.
715 5696 816 5736 \IG.

441 5693 656 5738 cornua.
695 5693 816 5736 litt}.

514 5749 592 5822 (tl)
625 5751 688 5806 Et
711 5748 1033 5822 Deusvoluit
1055 5749 1292 5810 eximere,
1312 5758 1404 5804 etc.
1433 5748 1578 5805 Istud
1604 5749 2038 5822 paraphrasticlis

446 5820 715 5885 transtulit
758 5836 828 5877 ex
859 5820 920 5874 iis
951 5833 1069 5892 qua:
1097 5828 1430 5892 sequuntur;
1461 5837 1582 5876 naut
1613 5823 1842 5892 primum
1871 5821 2038 5876 habe-

2119 4838 2414 4902 tyrgrrece
2466 4839 2522 4886 et
2561 4831 2720 4886 latine
2766 4831 2912 4902 apud
2969 4829 3310 4902 Septuaginta
3363 4828 3714 4902 interpretes:

2111 4899 2187 4954 Et
2213 4897 2460 4956 Dominus
2482 4903 2587 4956 vult
2614 4897 2862 4957 mundare
2887 4917 3002 4956 eum
3030 4897 3060 4954 ἀ
3087 4897 3238 4971 plaga
3257 4897 3284 4966 ξ
3302 4901 3545 4971 etpaqu
3577 4909 3716 4966 post,

2121 4982 2168 5026 et
2197 4973 2308 5045 vult
2332 4972 2580 5045 Dominus
2614 4975 2667 5027 in
2689 4975 3002 5045 manusejus
3031 4969 3258 5039 conferre
3283 4969 3509 5045 dolorem
3536 4971 3722 5024 anima:

2120 5044 2515 5169 ejus.PP|agatn
2554 5044 2730 5115 itaque
2768 5055 2822 5099 et
2861 5043 3103 5099 dolorem
3149 5053 3360 5097 mortem
3406 5043 3726 5110 interpreta-

2124 5123 2228 5169 tur.
2306 5131 2401 5169 Αιι.

2124 5123 2228 5170 tur.
2265 5123 2376 5169 ΡΑιι
2389 5154 2401 5167 .

2200 5207 2274 5279 (e)
2309 5207 2512 5260 Occidet
2542 5206 2836 5280 solutediaA
2855 5208 2958 5262 die.
2991 5208 3276 5280 Propheta:
3306 5206 3472 5280 Amos
3492 5219 3620 5280 cap.
3639 5205 3724 5261 ἸΧ

2129 5277 2435 5334 vaticinium
2461 5278 2706 5345 attingit;
2749 5277 2906 5347 hujus
2934 5277 3116 5334 anteni
3149 5277 3536 5334 obscurationis
3571 5293 3725 5347 men-

2129 5350 2328 5406 tionem
2355 5348 2478 5418 tecit
2497 5362 2615 5418 cap.
2639 5347 2702 5403 2|
2730 5346 2975 5418 Apolog.,
3003 5350 3229 5417 loquens
3251 5351 3315 5403 de
3339 5360 3509 5418 uuirte
3527 5346 3730 5401 (Ilii-isti

2142 5421 2377 5476 Domini:
2423 5417 2614 5472 Eodem
2645 5417 2917 5483 momento,
2937 5419 3060 5483 dies,
3093 5419 3311 5472 medium
3339 5417 3472 5473 orbis
3498 5419 3730 5486 signos-1c

2137 5492 2264 5555 sole,
2292 5489 2537 5544 subducta
2562 5496 2654 5542 est.
2684 5487 2974 5557 Deliquium
3003 5490 3188 5558 utique,
3222 5499 3316 5543 etc.
3345 5491 3460 5555 Quo
3491 5487 3729 5542 testimo-

2142 5564 2230 5618 nio
2261 5563 2340 5616 usi
2367 5575 2552 5624 sumus
2582 5558 2964 5629 aliquandoﬂut
2991 5560 3090 5613 sub
3119 5559 3335 5629 Eusebii
3369 5560 3593 5629 ttmnani
3628 5575 3732 5612 no-

2142 5633 2317 5694 mine,
2351 5633 2402 5684 in
2431 5628 2984 5701 animadv’ersionihus
3015 5628 3244 5701 nostris.
3279 5628 3572 5701 probarem
3592 5643 3732 5701 nrze.

2143 5703 2390 5758 adamitis
2420 5709 2531 5756 toto
2557 5699 2688 5754 orbe
2715 5698 3003 5768 contigisse
3029 5698 3321 5768 deliquium
3349 5714 3443 5752 seu
3476 5699 3608 5753 solis
3633 5698 3703 5751 ob
3732 5726 3736 5731 -

2141 5773 2522 5833 senrationem.
2557 5770 2636 5826 La
2667 5769 2763 5826 Pu.
