4062 6288
316 281 417 339 651

1738 280 2197 341 TERTULIJANI

3514 294 3622 350 63%

326 416 422 470 que
465 415 639 454 eorum
684 399 738 454 in
785 398 1018 466 tenebris,
1052 399 1391 469 unusquisque
1441 399 1491 453 in
1539 399 1770 453 cubiculo
1826 400 1911 452 ab-
1944 400 1993 456 A
2027 403 2191 471 Hujus
2222 411 2397 459 autem
2429 404 2563 475 signi
2594 417 2989 463 sacramentum
3014 409 3175 464 variis
3203 408 3378 465 modis
3411 412 3616 479 praui-

333 509 547 556 sconso;
595 494 834 563 quoniam
863 495 1102 547 dixerunt
1129 509 1147 547 :
1196 492 1315 548 Non
1344 494 1475 547 videt
1505 510 1595 547 uas
1631 492 1916 555 Dominus;

328 586 590 654 dereliquit
635 585 886 638 Dominus
927 594 1130 638 terram.
1182 583 1249 638 Et
1294 585 1425 639 dixit
1466 584 1537 638 ad
1573 601 1692 638 me:
1739 585 1924 639 Adhuc

330 678 597 733 conversus
646 677 833 731 ridebis
865 677 1097 747 facinora
1125 678 1326 745 majora
1352 694 1466 747 quae
1494 679 1575 733 isti
1604 680 1821 750 faciunt.
1857 676 1922 731 Et

327 770 609 824 introduxit
661 787 740 825 me
784 771 852 823 ad
896 770 1075 824 limina
1112 772 1294 838 jauute
1338 770 1520 825 domus
1568 770 1774 825 Domini
1810 786 1925 842 quae

328 864 514 934 aspicit
546 864 614 916 ad
636 864 942 932 aquilonem,
969 873 1014 917 et
1042 879 1154 919 ecce
1179 864 1286 919 illic
1309 864 1546 919 mulieres
1570 869 1797 919 sedentes
1816 862 1920 934 (τι),

330 967 376 1010 et
424 956 718 1028 plangentes
762 955 1085 1021 Thammuz;
1135 966 1183 1010 et
1227 957 1359 1011 dixit
1405 941 1648 1012 Dominus
1687 957 1757 1011 ad
1799 973 1919 1011 tne:

335 1048 440 1104 Fili
470 1050 708 1115 hominis,
740 1049 949 1104 uidisti?
1007 1048 1271 1121 Numquid
1308 1049 1509 1105 modica
1548 1052 1723 1105 domui
1756 1050 1919 1118 Juda,

332 1154 387 1196 ut
420 1143 611 1212 faciant
642 1142 873 1211 facinora
898 1158 1013 1210 qua:
1059 1145 1288 1214 fecerunt
1311 1160 1329 1197 :
1375 1153 1420 1197 et
1449 1144 1618 1197 adhuc
1646 1144 1842 1198 visurus
1871 1160 1923 1198 es

330 1235 641 1303 adfectiones
679 1236 899 1307 majores
926 1250 1116 1290 eorum.
1150 1235 1216 1290 Et
1245 1235 1527 1291 introduxit
1556 1252 1636 1289 me
1672 1237 1724 1290 in
1763 1237 1925 1291 cedem

334 1327 515 1380 domus
570 1326 780 1381 Domini
822 1328 1132 1391 interiorem,
1184 1344 1296 1383 ecce
1341 1329 1395 1381 in
1439 1327 1700 1382 liminibus
1749 1326 1926 1399 templi

335 1419 575 1484 Domini,
622 1419 753 1472 inter
800 1419 1021 1472 medium
1062 1420 1267 1475 clamet
1293 1421 1423 1474 inter
1450 1419 1673 1474 medium
1708 1420 1921 1486 altaris,

331 1511 477 1577 quasi
508 1512 684 1583 viginti
726 1513 945 1581 quinque
977 1512 1056 1583 (I)
1107 1515 1202 1568 riri
1238 1515 1519 1586 posteriora
1563 1531 1657 1568 sua
1680 1514 1927 1570 dederunt

331 1607 400 1658 ad
430 1607 673 1675 templum
706 1605 935 1669 Domini,
969 1617 1015 1660 et
1047 1608 1203 1679 facies
1227 1625 1345 1662 suas
1366 1617 1540 1663 contra
1568 1607 1844 1673 Orientem,
1873 1608 1927 1662 hi

333 1697 618 1752 adorabunt
647 1684 844 1761 solem;
875 1708 919 1753 et
948 1698 1076 1752 dixit
1101 1700 1169 1752 ad
1195 1716 1274 1753 me
1297 1715 1316 1754 :
1357 1699 1524 1766 Vides,
1560 1701 1639 1769 fili
1668 1700 1927 1754 hominis?

2029 506 2206 549 catum
2239 506 2322 550 est
2343 541 2355 562 ,
2392 500 2442 551 in
2473 515 2578 568 quo
2607 499 2711 553 vita
2751 501 3059 557 hominilms
3085 502 3622 574 prmslruebaturﬁn

2028 602 2132 656 quo
2160 586 2330 642 .Iud.ei
2373 606 2476 643 non
2527 599 2712 645 essent
2755 591 3057 658 credituri;
3110 593 3178 663 (e)
3221 593 3359 646 sicut
3408 593 3621 664 Moyses

2029 687 2152 734 ante
2181 680 2459 735 nuntiabat
2489 681 2540 735 in
2582 682 2769 737 Exodo
2807 683 3030 738 dicens:
3080 683 3368 755 Ejiciemiui
3395 685 3460 738 de
3487 694 3622 740 terra

2028 771 2080 824 in
2105 788 2256 841 quam
2285 772 2575 837 introibitis,
2621 782 2669 828 et
2710 776 2765 828 in
2811 776 3102 830 nationibus
3137 774 3241 831 illis
3273 793 3376 830 non
3402 776 3542 830 eritis
3568 776 3625 830 in
3672 806 3675 811 ν

2026 864 2273 931 requiem.
2300 862 2366 917 Et
2386 880 2487 918 non
2513 866 2608 919 erit
2632 865 2884 920 stabilitas
2908 866 3111 938 vestigio
3129 864 3273 936 pedis
3298 867 3393 931 tui,
3416 876 3465 920 et
3484 865 3627 920 dabit

2029 955 2116 1009 tibi
2145 954 2283 1010 Deus
2309 971 2396 1010 cor
2422 956 2660 1023 twdians,
2687 967 2732 1011 et
2749 957 3083 1012 tabescentem
3104 959 3350 1025 animant,
3381 967 3427 1012 et
3448 958 3625 1014 oculos

2029 1046 2338 1117 deficientes,
2368 1057 2423 1102 ut
2450 1065 2551 1103 non
2580 1049 2781 1104 uideant
2797 1064 2817 1114 ;
2846 1058 2891 1103 et
2930 1051 3026 1105 erit
3065 1050 3166 1105 vita
3205 1060 3293 1104 tua
3321 1050 3544 1121 pendens
3569 1051 3626 1104 in

2029 1138 2167 1209 ligno
2188 1148 2304 1194 ante
2332 1141 2506 1195 oculos
2535 1151 2687 1207 tuos;
2727 1151 2774 1196 et
2810 1158 2909 1197 non
2936 1143 3110 1197 credes
3150 1143 3264 1197 vita:
3289 1152 3391 1197 tua:
3417 1141 3623 1212 (Deut.,

2029 1232 2269 1302 XXVIII,
2297 1234 2366 1291 64
2389 1277 2404 1301 ,
2437 1235 2555 1307 65).
2588 1237 2768 1305 Itaque
2792 1278 2809 1304 ,
2854 1238 3106 1309 quoniam
3148 1239 3365 1308 impleta
3394 1247 3477 1293 est
3503 1254 3629 1309 pro;

2032 1327 2208 1397 phetia
2240 1343 2337 1399 per
2361 1328 2646 1384 adventum
2693 1329 2812 1399 ejus
2836 1371 2851 1396 ,
2905 1330 2957 1385 id
3008 1338 3093 1386 est
3138 1346 3233 1400 per
3262 1332 3623 1396 nativitatem,

2029 1434 2188 1489 quam
2216 1435 2374 1489 supra
2408 1422 2855 1488 memoravimus,
2887 1431 2942 1478 et
2964 1423 3289 1492 passionem,
3317 1439 3477 1494 quam
3508 1423 3627 1477 evi-
3718 1482 3725 1489 ,

2030 1513 2218 1569 denter
2236 1513 2527 1578 ediximus,
2558 1524 2840 1586 prepterea
2860 1524 2911 1570 et
2935 1515 3116 1571 Daniel
3141 1516 3341 1586 signari
3366 1516 3628 1571 visionem

2031 1614 2085 1660 et
2117 1608 2429 1675 prophetam
2460 1606 2728 1672 dit-ebant,
2761 1607 3015 1675 quoniam
3044 1606 3288 1683 Christus
3327 1618 3410 1662 est
3436 1609 3622 1677 signa-

2034 1698 2214 1766 culum
2242 1699 2481 1752 omnimn
2512 1698 2895 1768 prophetarum
2918 1741 2932 1763 ,
2974 1699 3274 1769 adimplcns
3302 1700 3480 1754 omnia
3508 1715 3629 1770 quas

335 1789 603 1869 Numquid
631 1792 818 1857 pusilla
848 1790 1024 1845 domui
1051 1789 1227 1859 Iuda,
1260 1801 1313 1845 ut
1339 1793 1532 1864 faciant
1560 1793 1791 1863 facinora
1815 1807 1928 1862 qua:
1958 1791 2005 1850 Β
2034 1801 2179 1847 retro
2208 1801 2362 1847 erant
2388 1791 2456 1848 de
2478 1807 2542 1847 co
2564 1793 2804 1847 nuntiata
2834 1810 2847 1847 :
2884 1802 3003 1862 post
3029 1793 3172 1847 enim
3195 1792 3483 1860 adventum
3512 1794 3630 1861 ejus

333 1889 558 1956 fecerunt
609 1883 690 1937 hic
751 1883 898 1957 (2).
955 1883 1209 1950 Quoniam
1260 1886 1591 1955 impleuerunt
1646 1887 1928 1956 impietates

341 1992 485 2041 suas,
517 1984 563 2030 et
590 1992 703 2030 ecce
728 1977 827 2046 ipsi
853 1976 1002 2048 quasi
1028 1978 1415 2033 subsannantes.
1462 1977 1572 2049 Ego
1603 1979 1792 2051 faciam
1813 1996 1929 2033 cum

332 2067 683 2139 indignatione
729 2084 840 2122 mea
860 2110 875 2132 ,
921 2084 1020 2123 non
1050 2078 1221 2139 parcet
1246 2071 1424 2125 oculus
1449 2087 1608 2136 meus,
1642 2088 1803 2141 neque
1828 2072 1926 2125 tui-

335 2160 560 2215 sercbor.
595 2158 968 2235 Exclamabant
1013 2161 1082 2214 ad
1115 2177 1264 2216 aures
1306 2178 1443 2215 meas
1481 2178 1599 2215 voce
1629 2177 1814 2233 magna
1834 2203 1848 2225 ,
1882 2172 1929 2217 et

330 2269 432 2307 non
461 2252 735 2308 exaudiam
759 2270 875 2322 eos,
903 2253 992 2308 sed
1019 2270 1177 2327 neque
1205 2255 1474 2331 miserebor
1516 2253 1753 2325 (Exeo/1.,
1783 2255 1925 2323 VIII,

297 2346 533 2418 σιξ-18)
594 2345 691 2419 (b).
744 2345 809 2399 Et
852 2347 1088 2401 clamavit
1121 2347 1175 2401 in
1215 2364 1363 2402 aures
1404 2364 1539 2403 meas
1582 2364 1698 2402 roce
1744 2365 1931 2419 magna

337 2440 512 2495 dicens
541 2457 558 2494 :
590 2441 978 2510 Adproximavit
1008 2439 1228 2494 uindicta
1257 2440 1471 2495 civitatis
1499 2441 1673 2509 huius,
1696 2449 1744 2494 et
1772 2457 1929 2496 unus-

340 2531 551 2599 quisque
581 2529 757 2584 habuit
787 2547 908 2584 vasa
937 2530 1225 2585 exterminii
1255 2530 1310 2583 in
1351 2547 1505 2584 manu
1541 2547 1656 2584 sua.
1708 2529 1775 2584 Et
1818 2547 1932 2586 ecce

332 2638 425 2676 sea;
453 2622 546 2676 riri
575 2622 833 2677 veniebant
859 2622 928 2677 ad
955 2624 1088 2676 viam
1120 2631 1280 2694 portte
1317 2623 1454 2685 alae,
1483 2639 1597 2694 quae
1635 2624 1930 2693 respiciebat

331 2714 401 2767 ad
441 2716 765 2785 aquilonem,
808 2724 855 2769 et
893 2716 1286 2785 uniuscuiusque
1324 2717 1554 2787 bipennis
1600 2717 1930 2787 dispersionis

335 2809 518 2861 eratin
550 2824 705 2861 manu
732 2810 860 2877 ejus.
896 2807 961 2863 Et
988 2825 1120 2864 unus
1146 2810 1223 2864 vir
1249 2810 1302 2864 in
1329 2812 1493 2865 medio
1523 2827 1694 2865 eorum
1722 2813 1930 2866 indutus

335 2900 544 2971 pedere,
573 2911 621 2955 et
651 2918 782 2957 zona
807 2902 1005 2975 sap/tiri
1032 2903 1085 2958 in
1110 2902 1294 2958 Iuntbis
1327 2906 1456 2975 ejus.
1495 2905 1561 2959 Et
1599 2906 1925 2972 introierant,

335 3001 383 3045 et
423 3002 666 3048 steterunt
706 2995 758 3048 in
805 2995 1051 3064 proximis
1098 2996 1278 3051 altaris
1323 2996 1462 3061 a'rei,
1511 3007 1557 3051 et
1587 2996 1793 3051 rlaritas
1835 2996 1930 3052 Dei

332 3083 504 3141 Israel
548 3088 773 3141 ascendit
802 3104 832 3140 a
860 3086 1111 3142 Cherubin
1150 3104 1264 3155 qua:
1291 3090 1387 3161 fuit
1418 3086 1499 3161 (5)
1548 3106 1698 3155 super
1750 3107 1807 3143 ea
1854 3091 1929 3160 (e)

2033 1894 2088 1939 ct
2118 1885 2421 1954 passionem
2458 1884 2626 1953 ipsius
2653 1886 2762 1953 jam
2809 1900 2914 1939 non
2943 1884 3079 1939 visio
3113 1900 3289 1955 neque
3318 1885 3627 1954 prophetes.

2035 1974 2185 2031 Unde
2217 1976 2525 2031 ﬁrmissime
2566 1975 2693 2030 dicit
2720 1977 3011 2031 adventum
3054 1976 3170 2046 ejus
3206 1977 3420 2047 signare
3456 1979 3629 2032 visum

2034 2078 2086 2125 ct
2116 2068 2470 2140 prOphetiam.
2522 2068 2706 2139 Itaque
2754 2070 3103 2124 ostendentes
3138 2078 3193 2124 et
3218 2084 3499 2124 numerum
3529 2085 3633 2125 an-

2034 2177 2249 2225 norum,
2278 2172 2332 2216 et
2364 2164 2575 2233 tempus
2606 2160 2745 2216 LXII
2798 2170 2852 2215 et
2895 2160 3130 2216 dimidia:
3174 2160 3631 2218 hebdomadarum

2034 2252 2442 2325 adimpletarnm
2470 2295 2484 2319 ,
2528 2253 2876 2323 probavimus
2921 2263 3046 2307 tunc
3073 2254 3287 2307 venisse
3314 2251 3588 2308 Christum
3612 2295 3629 2320 ,

2035 2348 2085 2404 id
2113 2355 2195 2403 est
2220 2357 2399 2403 malum
2427 2365 2439 2401 :
2469 2347 2486 2418 (
2503 2346 2559 2418 f)
2588 2356 2641 2402 et
2661 2355 2869 2416 septem
2893 2344 3128 2400 dimidia:
3152 2343 3629 2411 hebdomadarum,

2032 2456 2150 2512 qua:
2180 2450 2304 2496 sunt
2332 2439 2619 2494 subdivisa:
2649 2440 2700 2493 in
2731 2438 3117 2494 abscissionem
3152 2438 3387 2506 priorum
3417 2436 3625 2491 hebdo-

2046 2533 2363 2598 madarum,
2414 2532 2552 2587 intra
2582 2547 2703 2602 qum
2748 2540 2987 2600 tempora
3036 2546 3253 2601 passum
3298 2527 3633 2584 ostendimus

2034 2625 2341 2690 Christum;
2385 2632 2546 2694 atque
2586 2623 2660 2679 ita
2690 2621 2837 2677 LXX
2867 2620 3294 2677 hebdomadibus
3322 2618 3592 2675 conclusis
3611 2661 3629 2687 ,

2006 2728 2088 2772 ~et
2115 2716 2330 2772 civitate
2356 2714 2710 2771 exterminata
2735 2757 2749 2781 ,
2795 2722 2850 2769 et
2890 2712 3214 2768 sacriﬁcium
3242 2722 3293 2767 et
3321 2711 3631 2766 unctionem

2032 2810 2229 2865 exinde
2272 2823 2509 2864 cessare.
2553 2806 2763 2863 Sufﬁcit
2802 2808 3078 2876 hucusque
3104 2804 3171 2860 de
3199 2804 3280 2858 his
3309 2803 3518 2858 interim
3543 2818 3632 2857 or-

2035 2903 2216 2959 dinem
2245 2902 2444 2957 Christi
2492 2902 2798 2957 decnrrisse
2820 2942 2834 2963 ,
2876 2914 2984 2970 quo
3026 2898 3145 2954 talis
3176 2897 3432 2969 probatur
3457 2897 3632 2967 qualis

2038 2995 2480 3060 adnuntiabatur,
2516 2994 2680 3048 etiam
2712 3007 2774 3047 ex
2811 2993 2909 3046 ista
2938 2991 3290 3046 consonantia
3318 2988 3631 3059 Scriptura-

2035 3106 2177 3158 t'um,
2204 3104 2335 3159 quas
2375 3087 2455 3161 (ὃ)
2482 3129 2496 3152 ,
2532 3102 2594 3141 cx
2637 3084 2949 3156 przrjudicio
2976 3082 3197 3152 majoris
3239 3082 3402 3152 partis
3440 3081 3633 3137 adver-

332 3178 389 3230 in
433 3178 670 3232 subdival
713 3179 914 3233 domus.
964 3179 1030 3234 Et
1076 3181 1266 3234 vocavit
1306 3181 1558 3236 hominem
1600 3183 1686 3253 qui
1720 3183 1929 3239 indutus
1956 3180 2000 3243 C
2036 3198 2154 3238 sum
2188 3180 2427 3244 Judteos,
2460 3179 2652 3234 elocuti
2684 3193 2891 3232 smnus.
2922 3174 3108 3246 Neque
3146 3174 3289 3230 enim
3321 3175 3371 3227 in
3401 3172 3625 3228 dubium

335 3277 441 3323 erat
476 3270 692 3339 pedere,
725 3271 810 3341 qui
839 3271 1017 3325 habuit
1044 3288 1197 3342 super
1228 3272 1428 3328 lumbos
1467 3291 1584 3330 suos
1625 3292 1810 3328 zonam
1836 3316 1850 3342 ,
1882 3285 1928 3330 et

335 3360 465 3415 dixit
487 3361 556 3415 ad
584 3378 697 3416 eum
732 3361 981 3419 Dominus
1010 3362 1091 3436 (ά)
1110 3380 1128 3417 :
1154 3362 1345 3418 Transi
1366 3380 1455 3434 per
1480 3365 1700 3420 mediant
1735 3366 1925 3421 Hieru-

334 3454 493 3507 salem
515 3496 529 3519 ,
562 3465 608 3508 et
638 3455 798 3509 scribe
826 3456 1043 3527 signant
1074 3465 1160 3511 tau
1202 3457 1255 3511 in
1298 3458 1549 3526 frontibus
1596 3459 1814 3514 virorum
1842 3463 1929 3531 qui

333 3557 538 3619 gemunt
583 3558 629 3603 et
670 3547 844 3603 dolent
883 3566 1036 3619 super
1072 3550 1250 3603 omnia
1291 3551 1525 3621 facinora
1560 3566 1674 3620 qua:
1711 3552 1854 3620 fiunt,
1870 3555 1926 3609 in

334 3639 503 3693 medio
544 3656 737 3694 eorum.
772 3639 841 3694 Et
882 3642 934 3695 in
979 3641 1058 3695 his
1087 3641 1219 3696 dixit
1244 3641 1313 3696 ed
1338 3642 1626 3697 audientem
1654 3660 1673 3699 :
1702 3642 1783 3699 Ite
1816 3657 1929 3715 post

333 3748 448 3785 eum
473 3731 527 3785 in
552 3732 823 3796 civitatem,
852 3742 900 3788 et
924 3732 1205 3794 concidite.
1249 3743 1296 3787 et
1338 3733 1494 3788 nolite
1533 3752 1742 3805 parcere
1769 3738 1929 3794 oculis

331 3823 527 3888 uestris,
563 3832 697 3876 etne
729 3824 1062 3877 misereamini
1083 3823 1313 3889 senioris,
1348 3835 1435 3878 aut
1458 3826 1707 3897 uirginis;
1735 3836 1782 3881 et
1808 3845 1928 3899 par-

332 3916 479 3971 rulos
529 3926 574 3971 et
617 3917 849 3971 mulieres
888 3917 1158 3987 interficite
1200 3934 1407 3981 omnes.
1452 3929 1504 3974 ut
1543 3921 1922 3993 perdeleantur.

337 4009 525 4063 Omnes
554 4019 719 4063 autem
747 4026 899 4078 super
922 4027 1048 4079 quos
1076 4020 1152 4066 est
1199 4019 1289 4065 tau
1339 4012 1575 4083 signum,
1606 4031 1669 4070 ne
1692 4032 1922 4071 accesse-

331 4099 465 4155 ritis.
516 4099 578 4155 lt‘t
625 4117 656 4153 a
700 4101 891 4155 sanctis
936 4102 1059 4156 meis
1102 4101 1313 4172 incipite
1357 4102 1598 4174 (Ezeclu,
1632 4105 1703 4162 IX
1729 4150 1742 4174 ,
1775 4109 1919 4183 1-6).

2034 3274 2303 3330 deducant
2335 3270 2417 3329 vel
2449 3279 2676 3341 negent,
2708 3285 2826 3340 qua:
2855 3267 3055 3336 scripta
3087 3265 3442 3335 proferimus:
3477 3273 3532 3319 nl
3560 3280 3629 3320 ex

2035 3367 2140 3422 hoc
2168 3380 2378 3436 quoque
2407 3364 2557 3433 paria
2596 3377 2719 3418 esse
2742 3360 3041 3431 Scripturis
3066 3358 3269 3413 divinis
3298 3373 3494 3427 negare
3521 3373 3630 3414 non

2036 3461 2279 3531 possint;
2313 3468 2369 3513 ut
2395 3473 2514 3527 qum.
2547 3464 2668 3526 post
2708 3453 2982 3509 Christum
3029 3451 3206 3506 futura
3250 3449 3631 3520 pra-canebano

2035 3564 2143 3620 tur,
2175 3551 2465 3621 adimpleta
2496 3556 2909 3620 cognoscantur.
2962 3544 3148 3615 Neque
3173 3544 3317 3599 enim
3346 3544 3631 3614 dispositio

2036 3653 2299 3716 expuncta
2357 3642 2687 3697 inueniretur
2731 3637 2903 3711 (6).
2950 3637 3049 3692 nisi
3093 3637 3183 3691 ille
3230 3637 3471 3691 venisset
3512 3644 3630 3706 post

2038 3754 2197 3809 quem
2229 3736 2493 3791 habebant
2512 3734 2743 3805 expungi
2767 3749 2887 3803 qna:
2912 3729 3313 3797 nuntiabantur,
3343 3745 3465 3801 qum
3488 3744 3629 3786 com-

2032 3832 2174 3903 pleta
2195 3828 2314 3887 esse
2344 3829 2426 3902 (7)
2456 3829 2615 3884 etiam
2642 3826 3017 3898 probarentur.

2639 3918 2865 3975 CAPUT
2903 3918 3020 3974 Ml.

2050 4021 2056 4026 ’
2106 4013 2338 4087 Adspice
2385 4013 2671 4069 universas
2721 4013 2988 4070 nationes.
3037 4008 3105 4064 de
3152 4008 3405 4079 voragine
3429 4010 3631 4066 erroris

2032 4108 2250 4165 humani
2278 4106 2473 4163 exinde
2501 4114 2837 4177 emergentes
2865 4102 2933 4159 ad
2962 4102 3255 4158 Dominum
3291 4102 3458 4159 Deum
3486 4117 3633 4160 crea-

1571 4223 1863 4284 LECTION
1870 4227 1951 4286 ES
1987 4224 2401 4286 VARIANTES.

488 4331 713 4395 Quinque
732 4330 864 4384 abest
879 4346 911 4383 a
933 4332 1082 4385 Rhen.
1109 4342 1154 4386 et
1177 4332 1337 4386 Obert.

417 4393 463 4447 23
489 4395 548 4446 Hi
572 4393 720 4447 Rhea.
745 4396 905 4446 obert.

414 4462 466 4521 5)
489 4457 710 4521 Fuerunt
732 4457 902 4511 Iidem.

448 4518 464 4587 )
489 4521 609 4572 Eam
635 4518 804 4574 tidem.

389 4335 406 4391 l

391 4400 409 4510 ἕ

390 4523 406 4583 (

416 4335 463 4455 a

414 4462 463 4568 ξε

1950 4345 2005 4406 Ι)
2090 4339 2142 4400 (5
2188 4338 2291 4399 Qua
2316 4340 2459 4388 Pam.
2488 4335 2640 4388 Rhea.
2669 4334 2828 4386 Obert.
2898 4360 2905 4367 -

2091 4342 2165 4516 (ϐξ
2186 4402 2362 4463 Neque
2392 4401 2524 4450 enim
2555 4398 2811 4462 dispositio
2838 4410 2902 4449 ex

2027 4469 2144 4516 Sem
2169 4504 2180 4516 .
2205 4470 2249 4515 et
2272 4461 2435 4514 Obert.

2091 4403 2165 4516 (6}
2186 4403 2362 4463 Neque
2392 4414 2435 4449 et

2027 4469 2144 4517 Sem
2169 4504 2180 4516 .
2205 4470 2249 4515 et
2272 4461 2435 4514 Obert.

2093 4528 2167 4592 (7)
2192 4526 2317 4577 Sunt
2338 4525 2504 4578 Obert.
2541 4520 2694 4576 Seml.

2186 4396 2362 4463 Neque
2392 4401 2524 4450 enim
2555 4398 2811 4462 dispositio
2838 4401 3082 4461 espuncta
3119 4396 3427 4463 inveniretur
3445 4396 3579 4449 abest
3598 4410 3630 4448 α

1696 4639 2255 4699 COMMENTARIUS.

399 4749 809 4825 CAP.Xl.-(a)
842 4750 1229 4825 Etplangentes
1259 4750 1556 4806 Thannnuz.
1588 4752 1660 4807 Ita
1679 4765 1728 4808 et
1750 4770 1925 4825 grmce

333 4833 439 4885 (τευ,
460 4838 555 4895 pro
583 4822 898 4895 quoiatth
916 4824 967 4877 in
994 4822 1145 4895 behr.
1171 4822 1488 4895 iteiterpretes
1504 4822 1927 4895 vulgatus'vertit

335 4894 654 4967 Attonidem;
688 4894 898 4967 videtur
929 4902 1105 4967 autem
1135 4893 1216 4967 bis
1244 4893 1467 4962 legisse,
1506 4893 1623 4950 eum
1655 4898 1705 4950 in
1736 4900 1924 4967 graecis

333 4964 491 5019 hodie
514 4966 912 5035 exemplaribus
938 4964 1102 5019 semel
1125 4963 1401 5019 dumtaxat
1425 4963 1926 5034 reperiatnrfllein-

329 5037 396 5089 de
456 5036 540 5090 hic
586 5045 637 5091 et
677 5036 833 5105 paulo
872 5047 1005 5103 post
1042 5036 1129 5090 ubi
1155 5036 1391 5106 (legitur,
1430 5035 1679 5105 Nunquid
1723 5041 1923 5094 modica

330 5107 446 5182 (seu
476 5117 532 5160 ut
564 5124 685 5162 mox
713 5108 973 5182 loquitur2
1006 5105 1428 5182 pusilla,graeee
1455 5121 1528 5177 μοῑη
1550 5112 1726 5182 μικρὰ)
1753 5111 1926 5165 domui

326 5178 520 5251 quam;
572 5192 906 5251 cum‘gra’ce
956 5178 1185 5249 legatur,
1228 5179 1390 5235 malui
1439 5184 1588 5251 sequi
1639 5178 1922 5237 lectionem

328 5248 426 5303 Ms.
439 5291 451 5310 .
481 5249 682 5304 domus.
714 5248 849 5304 Pint.

406 5321 488 5391 (lt)
533 5320 596 5374 Et
626 5320 860 5393 clamauit
884 5320 956 5393 in
994 5337 1164 5393 aures.
1212 5321 1556 5383 Continuatio
1585 5323 1796 5393 quidem
1842 5333 1926 5378 est

331 5393 618 5445 verborum
653 5390 946 5446 Ezechielis
974 5391 1284 5463 prOpItetze,
1315 5394 1407 5448 sed
1442 5397 1566 5449 ηυιιῑ
1598 5390 1787 5463 capitis
1819 5396 1923 5449 ini~

336 5464 489 5515 litim.
529 5463 952 5535 Iit-ctiusautem
987 5462 1306 5518 transfertur
1333 5467 1400 5519 ab
1430 5474 1648 5520 auctore
1670 5462 1924 5535 bipennis

332 5547 427 5600 pro
448 5542 616 5600 πέλυξ,
631 5532 733 5607 (sed
756 5532 1108 5607 ltmlie_gt'_a_‘pe
1130 5550 1235 5589 non
1267 5546 1438 5589 exuat
1459 5532 1808 5607 dispersionis,
1831 5537 1921 5590 Sed

329 5606 471 5667 quod
506 5605 665 5660 vertit
698 5604 893 5658 latinus
920 5604 1065 5659 LXX
1087 5606 1373 5673 interpres.
1398 5604 1849 5671 exterminationis,
1871 5617 1925 5663 et

328 5674 370 5720 ιε
417 5678 789 5748 Ilieronynms
815 5690 881 5748 ex
913 5675 1068 5732 behr.
1097 5678 1483 5748 interfectionis.
1524 5679 1656 5734 I’au.

404 5745 483 5816 (e)
521 5746 586 5801 lu
633 5745 863 5800 subdival
910 5748 1108 5803 domus.
1162 5745 1264 5803 I’ro
1292 5750 1582 5804 subdiuali:
1612 5759 1694 5805 est
1742 5758 1919 5804 autem

326 5814 468 5874 idem
500 5835 562 5875 ac
590 5816 884 5888 subdirum,
942 5834 1066 5877 nam
1095 5817 1304 5878 Glossa:
1330 5822 1613 5876 subdivum
1646 5827 1921 5889 ient/Upim,

2028 4754 2269 4810 subdival
2303 4759 2512 4826 εἴοριον,
2563 4764 2619 4808 at
2648 4767 2809 4809 voces
2850 4753 2955 4808 illae
2998 4767 3191 4822 graecae
3233 4750 3379 4826 Idem
3418 4748 3628 4826 signiti-

2027 4837 2183 4891 cant,
2220 4821 2469 4881 nimirum
2509 4826 2713 4880 clarum
2753 4835 2808 4878 et
2848 4821 3114 4895 apertum,
3166 4822 3452 4877 snbdivmn
3480 4821 3625 4875 enim

2028 4899 2222 4952 domus
2274 4908 2355 4950 est
2398 4897 2662 4951 serenitas
2710 4907 2860 4950 ostra
2932 4905 3161 4959 tectum,
3204 4902 3362 4966 αἶθρον
3408 4899 3498 4947 ὕπὸ
3544 4902 3626 4948 τὸν

2028 4973 2422 5040 dignumst-rei,
2448 4967 2521 5020 ait
2547 4966 2862 5040 Hesychius.
2888 4966 2963 5021 LF.
2993 4967 3087 5040 PR.

2102 5038 2181 5112 (tl)
2212 5034 2401 5093 Transi
2434 5056 2521 5112 per
2552 5034 2770 5112 mediam
2793 5036 3259 5112 Jerusalen_t.ACit:_t_t
3295 5034 3623 5112 etiattt_scri-
3668 5076 3671 5083 .

2028 5104 2239 5181 plorant
2271 5111 2411 5167 illam
2434 5104 2502 5165 de
2527 5111 2678 5181 signo
2710 5108 2819 5163 Tau
2869 5109 3026 5175 infra,
3058 5110 3152 5165 lib.
3184 5104 3622 5233 ll|,[ft:ti;nuat‘c.

3320 5194 3350 5233 Ε
3382 5194 3478 5231 t'n.

2104 5250 2181 5323 (e)
2224 5253 2370 5307 Sicut
2395 5252 2598 5323 Moyses
2619 5260 2735 5305 ante
2756 5251 3027 5323 nuntiabat
3034 5249 3330 5323 iniEixodo.
3358 5247 3488 5323 Cum
3515 5262 3623 5323 non

2032 5323 2082 5377 in
2114 5319 2326 5386 Exodo,
2351 5324 2442 5378 se-I
2472 5319 2884 5377 I'tentcroaomio
2905 5321 3120 5377 XXVIII
3156 5322 3416 5375 habentur
3440 5319 3624 5386 Scrip-

2033 5406 2164 5448 tura:
2194 5397 2351 5449 verba
2380 5410 2499 5464 qum
2534 5394 2661 5448 citat
2681 5437 2695 5457 ,
2734 5398 2895 5448 etiam
2927 5393 3012 5447 hic
3040 5393 3223 5462 lapsus
3252 5402 3335 5446 est
3361 5390 3621 5464 memoria

2030 5460 2420 5529 'l'ertullianus,
2454 5473 2547 5519 aut
2573 5465 2856 5533 legendum
2888 5472 3071 5519 contra
3098 5460 3347 5519 codicum
3375 5460 3619 5516 omnium

2029 5536 2186 5591 Iidem
2212 5556 2224 5589 :
2258 5538 2309 5590 in
2336 5536 2744 5590 Deuteronomio.
2781 5536 2856 5591 LE
2887 5535 2980 5590 Pu.

2101 5607 2174 5680 (l)
2201 5609 2287 5680 _l'.'t
2305 5619 2491 5678 septem
2516 5608 2745 5662 dimidia:
2768 5607 3221 5680 hebdomadarum.
3252 5603 3453 5672 Nempe
3483 5614 3614 5656 teme

2029 5678 2146 5749 pus.
2200 5678 2271 5732 Ita
2318 5695 2447 5733 vero
2474 5681 2777 5733 necessario
2808 5679 3236 5746 legendum,non
3272 5687 3318 5730 et
3363 5684 3613 5749 quatuor,

2028 5744 2183 5804 sicuti
2212 5750 2617 5818 corruptiuinue
2643 5744 2937 5820 legebatur,
2965 5750 3085 5816 plus
3112 5749 3243 5804 satis
3271 5744 3614 5802 manifestum

2029 5823 2089 5877 Iit
2115 5835 2297 5889 supra,
2326 5835 2444 5890 cap.
2476 5822 2530 5883 8,
2564 5834 2670 5876 non
2700 5820 2891 5875 semel.
2924 5820 3060 5875 Pan.
