4062 6288
390 326 496 384 653

1682 315 2039 401 oncnsus
2075 315 2379 373 JUDAEOS.

3585 315 3689 372 6'54

388 454 558 496 torem
591 440 673 514 (α)
710 447 765 495 et
801 439 868 494 ad
916 439 1083 494 Deum
1119 435 1196 507 (l)
1227 433 1496 490 Christum
1526 433 1679 503 ejus;
1721 443 1774 487 et
1818 431 1860 484 si
1893 446 1986 485 au-
2017 431 2059 489 A
2093 440 2196 483 trm
2225 432 2452 483 virtutes
2480 429 2531 483 in
2561 428 2723 498 gloria
2774 428 2862 484 Dei
2901 429 3064 497 patris
3086 470 3099 493 ,
3130 438 3176 482 et
3204 427 3338 483 oculi
3376 428 3524 482 vestri
3553 427 3688 480 rideo

388 540 501 597 des.
529 553 662 609 nega
693 536 773 609 (‘2)
802 537 1142 607 prophetam.
1166 531 1356 588 Statim
1386 529 1480 584 tibi
1506 528 1790 599 pron‘tissio
1822 525 1985 597 patris

389 633 626 686 occurrit
676 632 728 684 in
774 629 1004 684 Psalmis
1050 626 1275 683 dicens:
1326 622 1500 677 Filius
1529 638 1670 675 meus
1702 638 1753 675 es
1793 630 1866 683 tu,
1894 635 1986 689 ego

391 724 544 777 lic-die
591 722 743 794 genui
773 733 840 777 te.
868 720 994 775 Pete
1017 737 1049 774 a
1077 735 1156 773 me
1174 760 1189 785 ,
1218 728 1264 772 et
1295 716 1426 771 dabo
1454 715 1540 769 tibi
1562 724 1732 785 gentes
1760 711 1982 768 liceretli-

393 828 543 871 tatem
614 825 775 878 tuam,
822 824 871 868 et.
922 812 1287 880 possessionem
1341 820 1479 865 tuam
1534 809 1772 863 terminos
1841 818 1987 861 terra:

394 908 565 979 (I’sal.
599 908 661 974 ιι,
689 908 744 975 7,
774 906 851 979 8).
895 906 1006 961 Nec
1057 905 1256 975 poteris
1298 919 1419 959 cum
1474 903 1642 973 magis
1697 899 1776 974 (5)
1818 899 1986 956 David

395 1004 559 1058 lilium
604 1003 787 1057 dicere
807 1043 821 1066 ,
856 1015 1013 1070 quam
1056 998 1323 1055 Christum
1352 1013 1366 1061 ;
1413 1005 1504 1051 aut
1536 996 1797 1051 terminos
1829 1003 1991 1061 terra:

402 1095 564 1149 David
600 1094 779 1163 potius‘
817 1093 1134 1163 promissos,
1170 1092 1260 1161 qui
1304 1078 1439 1145 inira
1482 1090 1699 1153 unicam
1745 1087 1988 1144 Judxam

407 1186 668 1257 regnavit,
692 1200 850 1254 quam
877 1185 1112 1250 Christo,
1151 1184 1239 1253 qui
1269 1192 1437 1238 totum
1457 1182 1567 1252 jam
1596 1181 1786 1236 orbem
1813 1182 1988 1236 Evan-

396 1279 518 1349 gelii
561 1280 642 1333 sui
687 1278 791 1333 lldc
834 1277 998 1348 cepit,
1046 1278 1185 1331 sicut
1228 1291 1322 1346 per
1360 1274 1589 1337 Esaiam
1626 1272 1801 1328 dicit:
1854 1270 1991 1326 Ecce

398 1370 513 1423 dedi
543 1380 588 1424 te
616 1371 669 1423 in
697 1369 1078 1438 dispositionem
1106 1367 1304 1439 generis
1332 1367 1432 1421 mei
1460 1367 1514 1419 in
1542 1366 1706 1420 lucem
1737 1362 1985 1434 gentium,

398 1462 595 1529 aperire
616 1461 791 1516 oculos
818 1476 1086 1524 ca'coram,
1107 1461 1289 1529 utique
1313 1458 1632 1522 errantium,
1657 1455 1912 1511 exsolvere
1927 1455 1991 1508 de

398 1555 610 1608 vinculis
634 1554 845 1617 vinctos,
877 1552 927 1606 id
950 1561 1033 1607 est
1057 1551 1126 1606 de
1154 1550 1365 1606 delictis
1393 1551 1654 1630 liberare:
1681 1558 1727 1603 et
1752 1548 1816 1603 de
1840 1547 1991 1600 domo

399 1649 649 1712 carceris,
695 1646 747 1701 id
790 1655 872 1701 est
921 1646 1146 1707 mortis,
1216 1646 1443 1699 sedentes
1488 1646 1541 1698 in
1586 1644 1805 1698 tenebris
1844 1643 1986 1717 (Is.,

404 1740 558 1804 XLII,
587 1739 641 1806 6,
671 1740 748 1811 7),
780 1740 1093 1812 ignorantia:
1114 1739 1340 1794 scilicet.
1368 1736 1499 1806 Qua:
1520 1736 1566 1792 si
1595 1751 1691 1806 per
1714 1736 1988 1792 Christum

2092 520 2214 575 bunt
2254 530 2439 576 terram
2485 521 2548 575 de
2597 522 2869 591 longinquo
2913 519 3040 593 (Is.,
3087 518 3254 574 XXIII
3282 560 3298 585 ,
3341 518 3433 591 I7)
3469 537 3483 572 :
3544 518 3687 589 quod

2093 613 2247 667 vobis
2272 628 2366 683 pro
2388 613 2592 677 meritis
2616 613 2809 667 vestris
2835 623 2953 682 post
2975 613 3423 683 expugnationem
3445 610 3691 665 Hierusa-

2092 706 2218 771 lem,
2253 705 2534 774 prohibitis
2563 705 2767 775 ingredi
2793 705 2844 759 in
2875 716 3074 760 terram
3104 714 3364 771 vestram,
3394 703 3459 759 de
3481 704 3688 775 longiu-

2093 814 2199 869 quo
2225 812 2343 852 eam
2374 798 2544 852 oculis
2572 808 2774 851 tantum
2805 797 2987 853 videre
3005 797 3324 867 permissum
3352 806 3453 851 est.
3480 796 3686 862 Anima,

2094 890 2284 959 inquit,
2314 900 2476 944 vestra
2501 889 2827 944 meditabitur
2851 890 3080 943 timorem
3112 886 3303 961 (lbid.,
3336 887 3451 957 I3).
3483 887 3689 943 scilicet

2092 999 2198 1053 quo
2229 992 2469 1052 tempore
2495 982 2762 1037 excidium
2803 980 2884 1035 sui
2923 981 3067 1050 passi
3097 986 3238 1036 Sunt.
3277 978 3557 1046 Quomodo
3588 978 3686 1048 igi-

2095 1085 2180 1130 tur
2208 1086 2462 1131 nascetur
2494 1074 2603 1129 dux
2632 1074 2701 1130 de
2730 1073 2913 1129 Juda-a
2933 1117 2946 1138 ,
2976 1084 3028 1128 et
3051 1082 3316 1144 quatenus
3344 1071 3594 1143 procedet
3621 1072 3691 1127 de

2094 1167 2435 1236 Bethlehcm,
2467 1168 2606 1224 sicut
2634 1168 2813 1223 divina
2840 1167 3222 1238 prophetarum
3253 1167 3522 1222 volumina
3554 1184 3692 1222 nuu-

2096 1261 2249 1325 tiaut,
2279 1276 2400 1316 cum
2433 1262 2614 1317 nullus
2639 1262 2862 1323 onmino
2901 1262 2971 1317 sit
3008 1261 3114 1316 illic
3143 1262 3196 1317 iu
3237 1261 3554 1317 hodiernum
3595 1261 3692 1317 dc-

2095 1354 2314 1410 relictns
2350 1371 2413 1410 ex
2454 1355 2620 1410 Israel
2642 1398 2657 1424 ,
2687 1354 2840 1426 cujus
2869 1370 2934 1410 ex
2967 1355 3137 1425 srirpe
3162 1357 3333 1425 possit
3358 1358 3502 1411 nasci
3530 1353 3689 1411 Clu-i-

2053 1447 2250 1503 ‘stus?
2306 1447 2364 1502 Si
2420 1448 2604 1513 enim,
2682 1447 2978 1502 secundum
3032 1446 3288 1514 Judasos,
3351 1446 3527 1503 adhuc
3583 1462 3690 1503 non

2094 1543 2234 1598 venit
2266 1541 2380 1615 (5),
2412 1556 2532 1597 cum
2591 1542 2778 1598 venire
2832 1542 3088 1612 cmperit,
3122 1542 3263 1597 unde
3305 1544 3579 1614 augetur?
3612 1544 3687 1618 (c)

2096 1635 2204 1691 Lex
2229 1639 2371 1692 enim
2390 1637 2663 1707 praecepit,
2681 1637 2734 1690 in
2747 1638 3053 1707 captivitate
3071 1651 3175 1691 non
3198 1636 3361 1693 licere
3382 1638 3690 1693 unctionem

2095 1727 2403 1784 chrismatis
2443 1729 2638 1800 regalis
2686 1730 2900 1784 contici.
2948 1730 3002 1785 Si
3048 1738 3227 1783 autem
3263 1732 3373 1800 jam
3416 1745 3516 1785 nec
3556 1745 3686 1785 unc.

399 1833 682 1899 eveniunt,
711 1848 816 1888 non
848 1832 901 1887 in
942 1832 1107 1886 alium
1137 1840 1292 1885 erunt
1331 1828 1644 1901 prophetata
1664 1869 1679 1896 ,
1708 1843 1866 1899 quam
1897 1845 1992 1901 per
2023 1825 2069 1886 Β
2098 1821 2169 1874 tio
2202 1820 2281 1893 (li)
2313 1832 2397 1878 cst
2447 1822 2552 1876 illis
2576 1864 2590 1888 ,
2621 1834 2674 1876 ut
2711 1822 2892 1876 Daniel
2923 1821 3265 1894 prophetavit
3293 1838 3307 1888 ;
3341 1822 3471 1876 dicit
3501 1823 3643 1878 enim
3675 1839 3691 1880 :

398 1942 554 1999 quem
585 1908 664 2000 (l)
692 1941 753 1982 ex
764 1934 958 1998 puncta
986 1923 1431 1995 consideramus.

959 2057 1184 2116 CAPUT
1231 2056 1370 2114 XIII.

468 2197 663 2269 Igitur,
715 2197 967 2269 quoniam
1021 2196 1113 2251 lilii
1159 2195 1322 2252 Israel
1367 2193 1638 2252 afﬁrmant
1680 2213 1779 2253 nos
1810 2214 1992 2255 errare

400 2288 714 2359 recipiendo
740 2287 1049 2355 Christum,
1097 2289 1185 2359 qui
1215 2287 1324 2358 jam
1368 2288 1560 2354 venit,
1582 2290 1992 2358 praescribamus

396 2382 477 2434 eis
495 2397 560 2435 ex
590 2381 720 2451 ipsis
745 2380 1044 2451 Scripturis
1066 2380 1177 2451 jam
1202 2380 1413 2436 venisse
1443 2379 1713 2436 Christum
1742 2382 1830 2451 qui
1859 2397 1994 2453 prm-

395 2474 710 2539 dicabatar;
759 2477 1007 2545 quamvis
1046 2490 1110 2529 ex
1157 2473 1488 2545 temporibus
1537 2473 1771 2530 Danielis
1802 2474 1993 2544 [διδαξάίη

395 2566 570 2621 cautis
596 2566 1004 2637 probaverimus
1021 2566 1131 2637 jam
1164 2567 1379 2622 venisse
1409 2565 1703 2633 Christum,
1735 2568 1825 2638 qui
1850 2584 1991 2623 nuu-

395 2658 645 2715 tiabatur.
712 2658 870 2714 Nasci
919 2659 1064 2719 enim
1119 2673 1241 2713 eum
1293 2659 1528 2728 oportuit
1578 2659 1629 2713 in
1677 2658 1989 2717 Bethlcbem

394 2748 579 2816 ludar;
628 2751 707 2807 sic
733 2750 875 2806 enim
920 2751 1178 2819 scriptum
1208 2760 1289 2804 est
1338 2752 1389 2802 in
1420 2748 1677 2818 propheta
1703 2749 1806 2822 (b):
1842 2751 1908 2804 Et
1936 2762 1990 2805 tu

398 2840 713 2907 Bethleltem,
738 2860 840 2897 non
870 2843 1080 2897 miniata
1108 2859 1162 2897 es
1187 2843 1238 2896 in
1268 2842 1480 2896 ducibus
1506 2840 1649 2895 Iuda
1666 2861 1683 2897 :
1700 2833 1764 2897 ea:
1792 2855 1838 2896 te
1859 2846 1990 2899 enim

391 2936 525 2990 exiet
550 2936 659 2989 dua:
683 2936 770 3006 qui
799 2946 978 3007 pascat
1005 2936 1252 3007 populant
1280 2951 1446 2989 meum
1475 2933 1645 2989 Israel
1677 2935 1889 3009 (Mida,
1926 2938 1987 3002 V,

392 3025 473 3095 I).
502 3026 554 3081 Si
578 3035 759 3082 autem
786 3025 960 3080 adhuc
983 3035 1140 3080 natus
1165 3041 1272 3079 non
1301 3034 1380 3081 est
1400 3026 1489 3097 qui
1514 3041 1864 3096 processurus
1881 3029 1987 3084 dux

390 3122 459 3174 de
506 3119 650 3174 tribu
696 3119 833 3175 Juda
875 3136 940 3174 ex
990 3118 1310 3175 Bcthlehem
1353 3120 1727 3188 nuntiabatur,
1779 3132 1991 3193 oportet

2098 1913 2536 1970 Exterminabitur
2560 1918 2730 1970 unctio
2767 1915 2966 1989 (Dan.,
3001 1916 3093 1981 IX,
3120 1915 3249 1988 27):
3291 1931 3420 1987 ergo
3444 1916 3555 1986 jam
3584 1932 3691 1972 non

2098 2016 2180 2062 est
2206 2007 2314 2062 illic
2341 2008 2539 2074 unctio,
2570 2009 2693 2081 quia
2719 2010 2800 2083 (d)
2836 2026 2934 2065 nec
2962 2010 3219 2079 templum
3251 2011 3338 2064 ubi
3371 2019 3492 2066 erat
3521 2026 3693 2068 cornu

2096 2101 2165 2158 de
2196 2118 2304 2172 quo
2346 2118 2501 2173 reges
2534 2104 2895 2174 ungehantur.
2941 2106 2995 2162 Si
3035 2120 3164 2176 ergo
3211 2117 3440 2169 nonest
3485 2109 3690 2177 unctio,

2098 2196 2239 2254 unde
2278 2206 2508 2268 ungetur
2547 2196 2655 2250 dux
2686 2198 2774 2267 qui
2806 2207 3061 2253 nascetur
3106 2198 3158 2253 in
3200 2184 3564 2254 Bethlehem?
3595 2208 3690 2255 aut

2095 2290 2364 2360 quomodo
2392 2289 2646 2360 procedet
2664 2291 2731 2346 de
2755 2290 3094 2356 Bethlehem,
3117 2308 3237 2347 cum
3262 2292 3331 2347 de
3355 2293 3690 2366 germiuc(7)

2094 2384 2255 2440 Israel
2286 2385 2462 2440 nullus
2490 2385 2711 2440 omnino
2741 2385 2812 2439 sit
2835 2384 2889 2439 in
2919 2384 3266 2441 Bethlehcm?
3317 2384 3512 2441 Iteratu
3533 2385 3688 2440 deni-

2095 2493 2200 2548 que
2226 2478 2596 2543 08teudanius,
2628 2488 2683 2533 ct
2705 2477 2815 2549 jam
2845 2477 3119 2533 Christum
3152 2478 3446 2533 secundum
3471 2479 3696 2549 prophe—

2096 2577 2197 2635 tas,
2231 2582 2284 2624 et
2315 2585 2531 2641 passum
2554 2612 2568 2637 ,
2616 2579 2671 2625 et
2708 2570 2760 2626 in
2793 2570 2948 2625 curiis
2990 2570 3100 2639 jam
3135 2581 3441 2642 receptum,
3489 2579 3541 2625 et
3572 2571 3694 2627 inde

2093 2674 2381 2718 venturum
2448 2662 2744 2719 secundum
2819 2662 3232 2734 praedicationes
3285 2665 3688 2733 prophetarum.

2045 2769 2064 2787 '
2094 2754 2226 2810 Nam
2258 2764 2378 2825 post
2403 2754 2693 2811 adventum
2719 2755 2854 2824 ejus,
2886 2756 3183 2810 secundum
3217 2755 3515 2822 Danielem,
3547 2756 3691 2826 quod

2095 2847 2206 2917 ipsa
2238 2848 2427 2901 civitas
2452 2848 2799 2902 exterminari
2837 2847 3059 2903 haberet
3087 2849 3313 2918 legimus
3333 2890 3347 2913 ,
3398 2858 3452 2904 ct
3481 2850 3549 2904 ita
3585 2849 3693 2905 lac-

2096 2948 2205 2994 tum
2235 2941 2690 3010 recognoscimus.
2718 2940 2856 2995 Dicit
2883 2941 3028 2995 cutim
3057 2939 3333 3009 Scriptura
3363 2958 3375 2994 :
3425 2940 3515 2995 Sic
3538 2950 3585 2995 et
3607 2944 3655 2995 ci
3672 2973 3688 2984 -

2095 3031 2297 3093 vitalem
2325 3041 2370 3086 et
2392 3042 2622 3085 simctum
2645 3031 2800 3091 simitl
2820 3030 3152 3085 exterminari
3174 3047 3289 3084 cum
3318 3031 3447 3086 duce
3473 3030 3686 3104 (Ibid.),

2094 3125 2418 3191 indubitate,
2466 3124 2554 3195 qni
2586 3124 2655 3180 de
2682 3124 2999 3179 Bethlehem
3037 3131 3095 3179 ct
3120 3126 3188 3179 de
3214 3124 3355 3179 tribu
3383 3124 3518 3181 Juda
3544 3135 3692 3183 chet

389 3212 538 3267 enim
566 3227 689 3266 eum
717 3210 787 3266 de
815 3210 954 3267 tribu
983 3211 1120 3267 Juda
1152 3221 1207 3267 et
1233 3227 1262 3265 a
1296 3211 1607 3267 Bethlehem
1656 3216 1980 3285 procedere;
2012 3219 2057 3279 C
2097 3232 2467 3289 processurus.
2522 3216 2672 3275 Unde
2710 3227 2763 3272 et
2802 3215 3145 3272 manifestum
3176 3226 3277 3272 'est
3318 3217 3458 3287 quod
3502 3218 3691 3274 civitas

302 3326 348 3365 ν
386 3304 869 3360 animadvertimus
925 3315 1103 3360 autem
1160 3320 1303 3360 nunc
1347 3306 1615 3360 netnincm
1673 3307 1740 3363 de
1788 3324 1986 3380 genere

386 3396 552 3452 Israel
602 3396 653 3450 in
691 3396 907 3463 civitate
950 3395 1269 3451 Bethlebem
1321 3397 1677 3463 remansisse,
1709 3410 1764 3454 ct
1791 3403 1985 3459 exinde

381 3487 529 3558 quod
576 3488 920 3543 interdictum
966 3497 1048 3544 est
1079 3503 1147 3542 ne
1188 3488 1240 3542 in
1284 3487 1520 3544 conﬁnio
1557 3489 1724 3561 ipsius
1752 3494 1983 3564 regionis

380 3581 701 3636 demoretur
727 3581 1008 3650 quisquam
1035 3579 1365 3647 Judzcornm,
1399 3590 1454 3637 ut
1479 3582 1580 3638 hoc
1601 3599 1815 3655 quoque
1840 3595 1987 3642 esset

378 3672 732 3743 adimpletum
762 3688 857 3743 per
878 3672 1193 3743 prOpbctam
1225 3690 1237 3726 :
1279 3672 1441 3728 Terra
1466 3687 1632 3731 vestra
1656 3676 1876 3743 deserta,
1899 3679 1981 3732 ἐξ.

377 3768 565 3822 vitates
592 3775 769 3820 vestra:
786 3767 895 3836 igni
917 3776 1126 3829 exusta,
1153 3765 1204 3820 id
1226 3775 1309 3820 est
1330 3766 1471 3835 quod
1494 3767 1617 3822 belli
1644 3777 1884 3839 tempore
1902 3772 1983 3826 eis

376 3859 656 3926 evenerit;
699 3861 953 3930 regionem
988 3869 1201 3914 vestram
1243 3861 1295 3913 in
1340 3870 1610 3931 conspectu
1639 3874 1803 3918 vestro
1826 3866 1983 3920 exteri

375 3953 674 4019 comedent,
706 3963 752 4009 et
779 3955 981 4009 deserta.
1003 3961 1050 4008 et
1075 3953 1311 4008 subversa
1336 3956 1443 4009 .erit
1480 3972 1512 4008 (ι
1555 3955 1760 4026 populis
1800 3958 1982 4015 alienis

377 4046 510 4119 (Is.,
541 4047 584 4112 I,
618 4045 694 4117 7).
744 4045 814 4100 Et
850 4045 956 4101 alio
986 4051 1107 4101 loco
1141 4046 1220 4101 sic
1247 4061 1344 4117 per
1388 4047 1702 4118 prophetam
1749 4050 1976 4111 dicitur:

378 4142 577 4215 Regem
602 4158 719 4197 cum
743 4141 976 4196 claritate
998 4139 1248 4209 videbitis,
1278 4141 1329 4195 id
1360 4150 1444 4197 est
1468 4140 1740 4199 Christum
1773 4141 1976 4200 facien-

2090 3313 2248 3367 simul
2277 3327 2344 3367 eo
2374 3321 2617 3382 tempore
2645 3311 2993 3367 exterminari
3020 3310 3279 3377 deberet,
3312 3326 3434 3365 cum
3464 3311 3691 3368 ducatur

2089 3405 2206 3475 ejus
2249 3406 2301 3459 in
2351 3420 2410 3458 ea
2459 3405 2564 3476 pati
2620 3404 2881 3471 haberet,
2927 3402 2998 3476 (ε)
3062 3403 3355 3460 secundum
3394 3405 3692 3475 scripturas

2089 3497 2498 3568 prophetarum,
2526 3498 2817 3552 dicentium
2846 3516 2861 3552 :
2908 3497 3151 3567 Expandi
3200 3514 3382 3552 manus
3418 3514 3554 3552 meas
3580 3507 3687 3555 tota

2089 3590 2171 3643 die
2196 3590 2263 3643 ad
2288 3588 2534 3660 populant
2562 3599 2909 3644 contumacem
2932 3589 3360 3644 contradicente»:
3398 3590 3525 3643 ntihi
3541 3631 3556 3656 ,
3602 3591 3690 3661 qui

2088 3682 2352 3757 ambulant
2414 3682 2546 3735 viam
2593 3698 2695 3735 non
2748 3680 2969 3743 bonam,
3026 3682 3115 3736 sed
3164 3691 3276 3751 post
3328 3692 3539 3753 peccata
3592 3700 3688 3738 sua

2091 3776 2221 3850 (Is.,
2269 3773 2446 3843 LXV,
2491 3774 2587 3845 9).
2633 3776 2696 3831 Et
2746 3776 2796 3829 iu
2843 3775 3073 3831 Psalmis
3117 3776 3293 3832 dicit:
3364 3773 3692 3830 Exterminu-

2086 3878 2262 3924 verunt
2303 3884 2484 3921 manus
2527 3883 2665 3922 meas
2708 3878 2754 3920 et
2798 3866 2985 3937 pedes,
3030 3867 3480 3921 dinunterarerunt
3518 3868 3691 3920 omnia

2087 3976 2201 4014 ossa
2243 3975 2370 4013 mea.
2398 3957 2509 4027 Ipsi
2535 3967 2699 4011 autem
2729 3957 3055 4026 contemplati
3088 3966 3205 4010 sunt
3230 3967 3277 4010 et
3306 3956 3536 4011 viderunt
3561 3973 3640 4011 me
3671 3973 3690 4012 :

2085 4063 2157 4119 et,
2194 4053 2382 4121 In_siti
2432 4068 2543 4107 nica
2587 4060 2882 4121 potaverunt
2929 4067 3008 4105 me
3055 4060 3193 4104 aceto
3226 4049 3394 4120 (Psal.
3424 4048 3564 4117 XXI,
3590 4050 3686 4117 69,

2087 4148 2202 4220 22).
2234 4147 2356 4202 llaec
2398 4144 2559 4201 David
2590 4159 2778 4216 passus
2805 4158 2910 4200 non
2942 4152 3045 4212 est,
3079 4153 3136 4199 ut
3163 4142 3229 4200 de
3256 4157 3316 4199 se
3358 4142 3553 4199 merito
3602 4143 3690 4198 di-

1616 4255 1999 4318 LECTIONES
2040 4256 2448 4320 VARIANTES.

440 4371 514 4433 (l)
534 4373 695 4424 Deum
716 4372 847 4425 abest
868 4387 901 4424 a
918 4371 1069 4424 Seml.
1093 4370 1139 4422 et
1157 4370 1321 4422 Obert.

440 4433 516 4501 (‘3)
536 4436 737 4501 Negare
752 4435 920 4501 (Obert.
947 4433 1098 4501 S_eml.

447 4494 518 4563 l5)
540 4494 696 4563 Magis
711 4500 841 4551 abest
864 4511 897 4548 a
921 4497 1073 4563 (then.
1090 4502 1136 4549 et
1158 4494 1320 4549 Obert.

442 4559 517 4627 (ι)
545 4559 775 4629 Aliquem
811 4559 963 4614 Seml.

2001 4537 2055 4601 D

2148 4377 2221 4491 (εἰ)
2258 4378 2493 4431 Christus.
2516 4379 2797 4429 Secundum
2816 4378 3070 4429 Iudaeos...
3108 4379 3331 4442 cmperit.
3358 4379 3502 4429 Unde
3524 4378 3687 4450 Qbert.

2148 4456 2198 4491 m
2225 4480 2235 4491 .
2262 4469 2322 4479 -——
2347 4443 2510 4491 Possit
2534 4440 2704 4491 nasci?
2746 4442 2967 4491 Christus
2999 4441 3287 4491 secundum.
3314 4451 3411 4491 etc.
3440 4444 3593 4491 Latin.

2084 4440 2235 4505 Seml.
2262 4469 2322 4479 --
2347 4443 2510 4505 Possit
2534 4440 2704 4505 nasci?
2746 4442 2967 4493 Christus
2999 4440 3287 4505 secundum,
3314 4451 3411 4494 etc.
3440 4440 3593 4494 Latin.

2146 4503 2218 4575 (ei
2241 4504 2346 4575 Ijon
2370 4502 2510 4575 addit
2534 4501 2701 4575 Serul,
2728 4518 2823 4556 nec
2842 4517 2937 4556 non
2956 4504 3187 4557 amittens.

2145 4564 2218 4631 (7)
2241 4566 2318 4621 De
2336 4567 2530 4619 semine
2552 4564 2656 4617 alii.

1713 4663 2282 4730 COMMENTARIUS.

450 4783 602 4867 CAP.
633 4782 906 4909 XII.—(a?
954 4780 1021 4837 Et
1048 4783 1117 4837 ad
1151 4781 1313 4867 Deum
1340 4782 1599 4838 Christum
1638 4781 1767 4851 ejus.
1797 4781 1885 4838 Sic
1915 4798 1983 4841 ex

450 4871 522 4909 ne
545 4855 687 4909 ZIICIO
718 4856 806 4909 hb.
833 4855 878 4909 II
906 4896 921 4909 .
954 4855 1072 4909 adv.
1101 4854 1379 4909 Marciam.
1413 4869 1506 4909 nro
1548 4868 1652 4909 uno
1681 4862 1798 4908 erat
1824 4855 1983 4909 dum-

373 4871 522 4923 δανιιο
545 4855 687 4911 dicto
718 4856 806 4911 lib.
833 4854 921 4921 IIl,
954 4855 1072 4909 adv.
1101 4854 1379 4919 Marciam,

375 4938 525 4981 taxat
548 4937 622 4982 :et
650 4925 904 4982 Christum
925 4927 1054 4998 ejus.
1086 4925 1360 4998 Porrode
1394 4924 1608 4998 Christo
1647 4924 1787 4995 quod
1842 4925 1983 4981 Deus

372 4998 680 5062 Interit,aut
735 4998 843 5053 illic
892 4995 984 5052 aut
1057 4996 1179 5050 alibi
1242 4995 1455 5050 dabitur
1510 4996 1667 5050 latius
1720 4998 1979 5053 tractandi

373 5069 592 5124 occasio
616 5079 797 5122 contra
821 5067 1079 5139 quosdam
1107 5076 1303 5139 nostra:
1329 5066 1664 5135 tempestatis
1692 5068 1974 5139 scctarios,

374 5140 469 5211 qui
500 5140 549 5194 id
581 5154 776 5211 negare
804 5136 910 5211 non
939 5136 1375 5211 verentursPsu.

448 5211 602 5283 CAP.
625 5208 920 5283 Xlll.—(b)
953 5209 1016 5283 Et
1036 5218 1088 5263 tu
1101 5208 1405 5283 ﬂet/debent
1426 5226 1527 5264 non
1550 5209 1760 5283 minima
1786 5226 1856 5263 es.
1882 5208 1972 5265 Sic

370 5296 440 5337 cx
468 5282 563 5336 ils.
585 5292 638 5337 et
658 5278 936 5352 grzecis'B.
969 5280 1155 5335 Matth.
1181 5279 1414 5334 fontibus
1441 5297 1536 5350 pro
1564 5278 1721 5334 Judrc
1741 5296 1762 5346 ,-
1786 5295 1973 5350 quem-

369 5352 661 5408 admodum
683 5352 843 5409 etiam
870 5362 1048 5423 pascat
1076 5366 1172 5421 pro
1191 5360 1379 5418 pascet,
1402 5367 1575 5420 grtece
1595 5352 1737 5405 enim
1760 5361 1842 5406 est
1861 5377 1972 5407 qm-

367 5431 532 5495 μαγεῖ.
563 5425 717 5491 Quod
745 5438 866 5479 cum
898 5431 1069 5478 vertat
1087 5423 1302 5495 (latinus
1329 5433 1479 5495 vetus
1521 5423 1782 5495 interpres
1808 5432 1970 5495 regat,

369 5489 481 5551 illic
508 5505 561 5551 et
587 5489 833 5552 eamdem
863 5509 1046 5549 vocem
1084 5494 1222 5547 idem
1237 5492 1457 5548 Joannis
1485 5489 1693 5558 ultimo,
1717 5489 1871 5547 sicuti
1890 5489 1974 5550 hic

366 5577 590 5632 auctor;
626 5575 773 5637 patet
820 5566 1117 5637 antiquitus
1141 5574 1416 5637 acceptam
1444 5579 1472 5617 a
1498 5563 1738 5636 patribus
1769 5580 1977 5631 pascere

370 5654 472 5709 pro
517 5635 706 5711 regere.
763 5636 916 5711 Quod
954 5635 1209 5691 adnotata
1248 5635 1473 5711 d_ign_um_
1510 5644 1843 5711 contra__eos_
1881 5638 1971 5709 qui

370 5705 591 5780 innocui
639 5708 859 5780 regendi
896 5716 1214 5780 potestatem
1244 5705 1336 5780 alr
1356 5706 1590 5780 Ecclesia
1620 5705 1732 5780 tolli
1761 5705 1965 5780 volunt.

376 5779 608 5836 Videtur
631 5776 811 5836 aufem
839 5776 989 5834 ineo
1018 5777 1160 5849 quod
1190 5777 1434 5849 sequitur
1456 5776 1812 5849 hyperbaton.
1844 5776 1974 5832 Sive

1447 4869 1506 4908 ro
1548 4868 1652 4922 quo
1681 4862 1798 4908 erat
1824 4855 1983 4911 dnm-
2037 4881 2044 4887 -

2091 4797 2148 4844 ut
2176 4788 2299 4852 Ms.,
2334 4789 2555 4859 perinde
2579 4800 2693 4854 est;
2723 4805 2884 4859 supra
2911 4790 3051 4845 enim
3084 4791 3241 4846 vertit
3266 4791 3440 4846 alieni.
3478 4790 3613 4847 Ρλιι.

2161 4858 2236 4933 (ν)
2277 4858 2387 4916 Lex
2410 4864 2544 4916 enim
2570 4864 2829 4933 pracepit,
2858 4870 2963 4917 etc.
2997 4861 3189 4933 Nescio
3218 4861 3284 4917 ad
3313 4878 3473 4932 quem
3503 4864 3679 4920 locum

2085 4931 2309 5003 allndat.
2341 4934 2441 4988 nisi
2480 4931 2618 4988 forte
2651 4932 2716 4988 ad
2742 4949 2862 5002 cap.
2900 4931 3135 4988 XXVIII.
3169 4931 3410 4997 Denter”
3448 4943 3502 4988 ut
3529 4950 3687 5003 para~

2086 5002 2478 5075 phrasticusev
2506 5005 2709 5075 aliquot
2757 5006 3040 5075 coniuratis
3084 5005 3222 5075 hanc
3250 5005 3569 5059 sententiam
3617 5006 3685 5062 de

2086 5089 2239 5129 more
2263 5089 2361 5129 suo
2378 5074 2731 5144 decerpserit,
2753 5085 2846 5129 aut
2874 5074 3115 5129 fortassis
3143 5074 3245 5128 alia
3269 5077 3429 5129 etiam
3451 5075 3686 5132 editione

2082 5157 2172 5199 aut
2203 5146 2426 5214 Aquilm,
2453 5156 2544 5200 aut
2565 5145 2947 5200 'I‘heodotiouis
2968 5145 3037 5217 sit
3060 5159 3216 5217 usus,
3243 5160 3496 5215 quocasu
3524 5160 3686 5217 opor-

2079 5224 2215 5272 teret
2234 5218 2399 5286 accipi
2428 5218 2667 5287 prrccepit
2700 5232 2794 5283 pro
2820 5216 3076 5287 prtedixit.
3113 5216 3248 5270 Pan.

2153 5305 2388 5381 (d)_N_ec
2408 5306 2651 5381 templum
2671 5307 2773 5381 (ubi
2810 5318 3117 5381 eratcornu.
3142 5307 3344 5381 Alludit
3366 5307 3432 5363 ad
3458 5308 3586 5364 illud
3614 5310 3680 5366 III

2080 5376 2220 5449 Reg.
2244 5377 2282 5442 I,
2318 5378 2388 5433 '59
2417 5396 2429 5432 :
2470 5378 2799 5449 Sumpsitque
2827 5376 3004 5449 δικιοΚ
3031 5379 3270 5449 sacerdos
3297 5394 3458 5432 cornu
3491 5381 3595 5435 olei
3615 5383 3679 5436 de

2081 5446 2425 5522 tabernaculo,
2463 5457 2508 5502 et
2553 5446 2703 5522 unxit
2738 5446 3097 5522 Salonronem;
3148 5448 3289 5503 unde
3318 5450 3593 5522 colligitur
3622 5453 3675 5508 in

2083 5521 2285 5590 templo
2313 5520 2655 5575 observatum
2684 5519 2867 5573 luisse.
2900 5518 3037 5574 Pan.

2153 5630 2229 5705 (ιθ)
2278 5629 2576 5705 Secundum
2637 5629 2939 5705 Scripturas
2990 5629 3377 5705 praphetarnm.
3440 5633 3678 5705 Rursum

2079 5701 2385 5776 scripturas
2411 5701 2606 5776 adfert,
2650 5703 2843 5776 quibus
2873 5703 3359 5776 prmdictt_im__est__(
3376 5704 3447 5776 uti
3482 5706 3542 5776 ll.
3568 5702 3679 5776 Cy-

2079 5771 2296 5845 prianus
2315 5773 2456 5828 hunc
2476 5774 2665 5845 locum,
2683 5771 2938 5845 imitatus.
2962 5771 3148 5845 scribit
3173 5771 3265 5826 lib.
3285 5771 3484 5845 II,‘adv.
3512 5771 3672 5841 Jud.,

370 5861 556 5909 autem
581 5852 742 5909 exteri
770 5851 915 5922 legas
954 5843 1113 5921 paulo
1142 5843 1284 5920 post,
1311 5858 1368 5905 ut
1397 5843 1610 5917 esc'usi,
1639 5848 1754 5906 sive
1778 5850 1983 5921 eaterui
2076 5843 2197 5917 cap.
2227 5844 2325 5915 20)
2355 5844 2497 5915 quod
2523 5843 2671 5901 cruci
2711 5844 2859 5899 illum
2886 5843 3041 5900 tixuri
3068 5850 3250 5899 essent
3279 5844 3472 5901 διιιιιυὶ.
3528 5845 3668 5902 Pu.
