4062 6288
328 256 433 316 635

1711 259 2169 329 TERTULHANI

3519 261 3629 318 656

329 373 471 428 xissc
520 371 779 441 videatur,
811 373 894 449 (a)
921 373 1011 429 sed
1054 373 1298 430 Christus
1342 375 1429 446 qui
1479 375 1766 431 cruciﬁvus
1814 384 1916 429 est.
1949 373 2001 433 Λ
2034 373 2120 428 Eis
2146 384 2315 428 autem
2354 375 2440 446 qui
2474 374 2696 430 serviunt
2728 374 2886 440 milii,
2931 389 3111 429 nomen
3161 374 3504 431 nominabitur
3534 391 3630 425 no-

329 462 514 519 Manus
545 475 722 520 autem
755 477 807 519 et
837 465 998 535 pedes
1029 482 1133 519 non
1177 467 1623 530 exlermiuantur,
1660 468 1760 521 nisi
1809 467 1924 536 ejus

335 556 423 627 qui
465 573 490 607 a
528 557 669 627 ligno
699 557 1064 628 suspenditur.
1095 556 1247 613 Unde
1277 568 1330 613 et
1374 558 1486 628 ipse
1521 559 1685 614 David
1731 574 1923 629 regna-

334 657 506 702 turum
540 665 602 702 ex
636 649 781 719 ligno
829 651 1109 704 Dominum
1140 651 1349 706 dicebat
1383 651 1551 724 (l’sal.
1585 650 1743 715 XCV,
1788 654 1877 722 III)
1911 671 1924 707 :

333 755 455 793 nam
498 749 549 793 et
576 739 701 794 alibi
731 741 989 812 propheta
1017 742 1156 814 ligni
1204 743 1359 810 huius
1406 745 1631 797 l‘ructutn
1676 745 1928 815 prrcdieat

332 830 518 888 dicens
539 850 553 887 :
576 831 736 887 ΤειῪο
757 835 895 888 dedit
916 835 1278 890 benedictiones
1302 853 1422 890 suas
1447 836 1620 909 (Psal.
1645 836 1827 891 LXVI.
1849 837 1926 908 7).

336 922 529 995 Utique
552 924 639 979 illa
671 933 812 980 terra
840 926 987 996 virgo
1011 926 1088 1000 (b)
1123 927 1354 982 nondum
1385 928 1579 1000 pluviis
1611 931 1801 999 rigata,
1833 945 1931 986 nec

337 1015 599 1071 imbribus
643 1016 968 1085 fmcundata,
1023 1034 1088 1074 ex
1138 1036 1239 1090 qua
1292 1021 1452 1075 homo
1490 1032 1615 1076 tunc
1647 1023 1929 1093 plurimttm

339 1110 631 1181 plasmatus
659 1121 759 1174 est,
792 1127 855 1166 ex
885 1128 986 1183 qua
1038 1129 1177 1167 nunc
1204 1113 1451 1169 Christus
1477 1115 1767 1169 secundum
1816 1130 1931 1171 car-

339 1220 460 1259 nem
489 1220 553 1259 ex
584 1206 788 1277 virgine
819 1216 971 1259 natus
1022 1217 1123 1261 est.
1157 1206 1224 1261 Et
1270 1207 1486 1279 tignum,
1528 1210 1717 1281 inquit,
1747 1210 1933 1266 adtulit

342 1297 566 1368 fructum
624 1315 770 1351 suum
825 1297 985 1370 (Joel.
1041 1298 1101 1363 II,
1151 1299 1271 1371 22).
1303 1301 1416 1355 Non
1468 1301 1595 1355 illttd
1642 1303 1838 1373 lignum
1882 1303 1934 1357 in

342 1388 608 1461 paradiso,
663 1390 805 1461 quod
858 1402 1084 1447 mortem
1126 1393 1273 1448 dedit
1325 1395 1683 1464 protoplastis,
1735 1395 1828 1449 sed
1874 1395 1938 1450 li-

343 1498 504 1554 gnum
536 1482 799 1553 passionis
828 1484 1046 1549 Christi,
1078 1485 1217 1540 unde
1246 1487 1344 1539 vita
1372 1488 1641 1555 pendensa
1662 1488 1798 1542 vobis
1827 1505 1937 1542 cre-

343 1579 598 1632 ditauton
652 1587 724 1633 est
765 1578 940 1649 (Deut.
969 1577 1203 1646 XXVIII,
1233 1578 1345 1653 66).
1387 1581 1498 1637 ΙΙορ
1540 1582 1681 1637 enim
1742 1582 1938 1654 lignum

346 1680 473 1726 tunc
498 1672 548 1726 iu
581 1682 918 1727 sacramento
946 1685 1094 1739 erat,
1125 1691 1230 1745 quo
1261 1676 1469 1747 Moyses
1489 1692 1679 1746 aquam
1703 1692 1942 1732 amarunt

2028 483 2163 532 vum,
2194 469 2330 538 quod
2382 468 2703 524 benedicatur
2745 470 2799 522 in
2838 469 2984 523 terris
3034 467 3157 541 (1s.
3204 467 3367 534 LXV,
3416 467 3628 540 15-15).

2030 559 2218 613 Adhuc
2250 559 2409 630 hujus
2440 559 2567 628 ligni
2597 567 2991 614 sacramentum
3023 557 3106 631 (5)
3139 559 3190 614 in
3224 558 3532 628 Regnorum
3564 558 3639 613 Ic-

2028 654 2202 721 giinus
2230 654 2576 707 celebratum.
2606 652 2738 708 Nam
2769 668 2890 708 cum
2934 652 3024 706 lilii
3060 652 3441 722 prephetarum
3471 668 3637 720 super

2031 744 2229 799 llitineu
2276 745 2565 800 Jordanem
2595 744 2794 817 lignum
2825 745 3104 800 securibus
3141 745 3434 809 canderent,
3464 744 3639 801 exiliit

2032 834 2256 901 ferrum,
2285 845 2341 890 et
2371 850 2604 890 mersum
2633 845 2717 890 est
2746 836 2799 890 in
2841 835 3090 899 llumine,
3123 845 3282 906 atque
3325 836 3395 889 ita
3425 834 3639 891 Ileliseo

2035 925 2295 998 propheta
2324 926 2742 995 superveniente
2763 968 2777 991 ,
2810 935 3002 997 petunt
3025 925 3093 980 ab
3129 941 3196 980 eo
3223 926 3313 981 lilii
3346 925 3637 995 propinata-

2036 1036 2151 1075 rnm
2186 1021 2260 1074 uti
2294 1019 2489 1075 ferrum
2518 1019 2721 1074 ﬂumini
2744 1017 2887 1090 quod
2916 1017 3456 1092 (4)mersunrl'uerat
3480 1035 3638 1075 erue-

2037 1126 2138 1170 ret.
2173 1116 2344 1185 Atque
2384 1115 2456 1169 ita
2513 1114 2761 1170 Heliseus
2804 1125 3025 1186 accepto
3062 1114 3227 1185 ligno,
3277 1123 3333 1169 et
3377 1114 3541 1170 misso
3588 1116 3641 1169 in

2036 1226 2158 1266 cum
2207 1210 2381 1264 locum
2437 1209 2523 1264 ubi
2570 1209 2909 1264 submersum
2960 1206 3131 1263 fuerat
3183 1207 3423 1272 ferrum,
3456 1208 3640 1263 statim

2039 1302 2423 1372 supernatavit.
2452 1310 2505 1356 et
2530 1302 2728 1370 lignum
2759 1316 2992 1357 mersum
3021 1310 3123 1366 est,
3155 1300 3296 1371 quod
3324 1307 3647 1372 receperunt

2043 1396 2133 1450 lilii
2176 1394 2558 1466 prophetarum
2586 1394 2679 1468 (ΙΙΙ
2712 1394 2842 1465 Reg.
2873 1395 2960 1461 VI,
2994 1394 3139 1464 4-7).
3173 1394 3246 1449 Ex
3290 1408 3395 1465 quo
3437 1393 3622 1450 ittlellc

2043 1502 2235 1547 xerunt
2261 1491 2402 1557 quod
2431 1490 2598 1546 Heliae
2625 1490 2846 1559 spiritus
2872 1489 2923 1543 in
2955 1504 3079 1543 eum
3101 1488 3169 1542 sit
3200 1496 3643 1556 reprmsenlalns.

2044 1583 2180 1651 Quid
2209 1582 2541 1637 manifestius
2571 1582 2726 1652 hujus
2771 1581 2895 1652 ligni
2937 1581 3309 1636 sacramento?
3331 1579 3472 1650 quod
3502 1581 3649 1636 duri-

2048 1678 2116 1731 tia
2141 1675 2298 1744 hujus
2325 1675 2502 1730 saeculi
2555 1690 2728 1730 mersa
2761 1674 2814 1729 in
2859 1673 3125 1744 profundo
3178 1674 3399 1735 erroris,
3430 1682 3484 1728 et
3510 1690 3539 1725 a
3588 1673 3652 1727 li-

346 1750 674 1828 induleavit;
712 1763 851 1818 unde
881 1767 1125 1835 populus,
1159 1766 1251 1837 qui
1282 1770 1366 1822 siti
1407 1768 1610 1838 peribat
1644 1770 1691 1822 iu
1724 1786 1940 1835 eremo,
1972 1765 2021 1824 Β
2049 1788 2153 1844 gno
2180 1772 2401 1837 Christi,
2436 1772 2486 1827 id
2531 1781 2611 1827 est
2646 1771 2911 1842 passionis
2951 1770 3069 1839 ejus
3090 1811 3105 1835 ,
3136 1769 3188 1824 iu
3216 1768 3484 1839 baptismo
3511 1768 3650 1823 libe-

348 1854 581 1909 bibendo
623 1856 816 1909 revixit
854 1855 1050 1929 (Exod.
1082 1857 1207 1925 XV,
1237 1858 1437 1930 25-26)
1477 1879 1489 1913 :
1519 1861 1672 1915 sicuti
1723 1878 1822 1917 nos
1852 1865 1941 1933 qui

349 1944 416 2000 de
441 1947 622 2001 Steculi
652 1946 1042 2002 calamitatibus
1070 1951 1294 2005 exn'acti
1317 1994 1329 2016 ,
1357 1952 1406 2005 in
1440 1967 1547 2022 quo
1576 1955 1946 2020 commoraba-

352 2048 500 2103 tunr,
549 2039 635 2093 siti
684 2049 1002 2109 pereuntes,
1051 2041 1102 2096 id
1148 2053 1228 2097 est
1274 2043 1419 2098 verbi
1474 2044 1642 2099 divini
1685 2057 1808 2115 potu
1842 2049 1949 2117 pri-

350 2130 456 2183 vati
507 2129 612 2203 (Ι),
646 2130 791 2200 ligno
842 2133 1105 2201 passionis
1151 2134 1350 2190 Christi
1405 2152 1597 2208 aquam
1646 2138 1944 2195 edulcatam

351 2220 686 2291 baptismatis
735 2234 1009 2294 potantes,
1038 2228 1150 2281 sive
1194 2244 1311 2298 quae
1354 2231 1519 2284 estin
1568 2247 1727 2298 eum,
1758 2233 1949 2288 revixi-

353 2330 506 2381 mus;
552 2332 581 2369 a
638 2333 741 2386 qua
812 2317 914 2374 lide
963 2319 1121 2374 Israel
1189 2322 1419 2386 excidit,
1478 2326 1771 2380 secundum
1829 2327 1952 2382 Hie-

352 2409 575 2461 remiam
623 2408 889 2465 dicentem
948 2427 962 2464 :
1022 2411 1223 2477 Mittite,
1273 2424 1316 2468 et
1372 2414 1680 2488 interrogate
1720 2420 1868 2473 nimis
1908 2420 1953 2473 si

355 2501 493 2571 facta
524 2512 640 2555 sunt
683 2504 805 2557 (alia
839 2521 857 2559 :
904 2504 966 2560 Si
1006 2508 1269 2561 mutabttnt
1297 2520 1466 2579 gentes
1495 2511 1614 2579 deos
1636 2529 1775 2579 suos,
1799 2524 1843 2567 et
1870 2515 1955 2568 isti

356 2608 459 2647 non
510 2604 627 2647 sunt
669 2596 759 2648 dii.
789 2594 1023 2667 Populus
1071 2609 1238 2652 autem
1290 2618 1428 2656 meus
1472 2605 1680 2657 mutavit
1740 2605 1955 2676 gloriam

357 2700 528 2753 suum,
554 2703 618 2742 ea:
645 2705 743 2759 quo
782 2689 913 2743 nihil
957 2691 1182 2759 proderit
1216 2694 1307 2747 eis.
1343 2692 1562 2766 Expavit
1592 2696 1773 2751 caelum
1806 2715 1957 2767 super

358 2777 456 2832 isto
493 2776 646 2851 (λεν.
680 2778 746 2841 ΙΙ,
772 2780 875 2847 10,
905 2781 1018 2853 ii).
1057 2783 1124 2837 Et
1158 2786 1429 2855 quomodo
1458 2798 1508 2841 et
1548 2789 1761 2859 quando
1791 2805 1955 2860 expa-

360 2872 474 2926 vit?
505 2872 801 2930 lndubitate
839 2875 1052 2947 quando
1079 2893 1266 2949 passus
1294 2890 1373 2934 est
1404 2880 1650 2937 Christus
1686 2903 1697 2939 :
1734 2882 1797 2936 Et
1835 2884 1957 2939 ltor-

361 2966 484 3028 ruit,
518 2964 703 3038 inquit.
726 2968 1001 3037 plurimum
1030 2970 1200 3036 nimis,
1221 2981 1265 3024 et
1291 2974 1369 3027 sol
1392 2974 1555 3028 media
1584 2976 1664 3030 die
1694 2976 1961 3032 teuebrica-

366 3056 650 3131 uit(Aiuos.
675 3059 819 3124 VIII,
851 3061 929 3131 9).
959 3061 1027 3117 Et
1067 3065 1281 3134 quando
1316 3065 1520 3122 horruit
1554 3069 1735 3135 nimis,
1772 3070 1873 3125 nisi
1908 3072 1957 3125 in

2048 1876 2215 1930 ratur,
2245 1876 2300 1920 ut
2327 1865 2466 1936 quod
2500 1865 2735 1935 perierat
2759 1864 2888 1918 olim
2934 1878 3030 1933 per
3062 1861 3261 1932 lignum
3290 1863 3340 1915 in
3373 1861 3565 1924 Adam,
3600 1861 3650 1915 id

2048 1960 2422 2014 restitueretur
2478 1972 2571 2027 per
2634 1956 2834 2025 lignum
2879 1954 3100 2009 Christi.
3154 1944 3316 2008 Nobis
3362 1952 3519 2024 igitur
3567 1953 3648 2023 (5)

2049 2051 2138 2121 qui
2171 2050 2522 2106 successimus
2553 2050 2603 2103 in
2651 2049 2769 2103 loco
2801 2046 3203 2118 prophetarum,
3242 2061 3304 2100 ea
3333 2046 3647 2101 sustinenti-

2052 2144 2153 2205 bus
2175 2143 2335 2198 hodie
2362 2143 2413 2196 in
2440 2141 2660 2207 saeculo,
2691 2155 2811 2210 quae
2842 2154 3053 2210 semper
3084 2138 3225 2209 passi
3255 2147 3380 2191 sunt
3424 2136 3655 2207 praphc-

2055 2246 2120 2294 tae
2149 2245 2369 2309 propter
2398 2236 2638 2290 divinam
2689 2234 3023 2303 religionem.
3058 2231 3206 2286 Alios
3253 2230 3398 2286 enim
3452 2229 3657 2299 lapida-

2055 2339 2264 2394 verunt,
2296 2330 2427 2383 alios
2476 2326 2814 2396 fugaverunt,
2852 2324 3030 2395 plures
3058 2337 3187 2378 vero
3229 2322 3296 2377 ad
3340 2321 3527 2377 mortis
3560 2338 3655 2376 ne-

2056 2437 2171 2478 cem
2203 2420 2570 2484 tradideruut,
2603 2417 2746 2489 quod
2783 2431 2978 2487 negare
3020 2430 3128 2471 non
3173 2404 3418 2485 possunt.
3451 2413 3563 2469 lloc
3593 2411 3656 2466 li-

2057 2530 2218 2586 gnum
2246 2513 2344 2567 sibi
2376 2524 2428 2567 et
2454 2512 2600 2567 Isaae
2642 2510 2779 2564 Illius
2818 2508 3048 2563 Abrahae
3075 2505 3140 2560 ad
3169 2505 3491 2561 sacriﬁcium
3541 2504 3657 2573 ipse

2061 2606 2325 2679 portabat,
2356 2620 2478 2660 eum
2509 2603 2609 2658 sibi
2636 2616 2757 2658 eum
2786 2601 2926 2655 Deus
2956 2599 3185 2655 hostiam
3220 2598 3335 2653 lieri
3364 2596 3658 2667 praecepis-

1985 2738 2005 2757 .
2060 2710 2141 2757 set
2172 2698 2321 2770 (Gen.
2346 2694 2508 2763 XXII,
2535 2696 2613 2769 6).
2639 2696 2746 2752 Sed
2785 2694 3038 2766 quoniam
3066 2693 3185 2748 haec
3225 2691 3431 2748 fuerant
3470 2706 3657 2747 sacra-

2062 2802 2276 2859 menta,
2322 2806 2443 2861 qua!
2489 2788 2819 2859 temporibus
2861 2786 3058 2842 Christi
3112 2784 3430 2865 perﬁcienda
3477 2798 3661 2840 serv-:2-

2062 2887 2286 2948 bantur;
2333 2895 2388 2939 et
2434 2883 2581 2938 Isaac
2620 2896 2740 2937 cum
2789 2881 2937 2951 ligno
2994 2889 3301 2936 reservatus
3348 2887 3451 2945 est,
3489 2879 3662 2933 ariete

2064 2978 2244 3033 oblato
2283 2977 2338 3031 in
2380 2990 2544 3046 vepre
2582 2974 2836 3030 cornibus
2884 2974 3123 3029 haerente
3150 2982 3205 3029 et
3255 2972 3499 3027 Christus
3547 2973 3663 3026 suis

2070 3068 2401 3140 temporibus
2447 3067 2646 3137 lignum
2694 3065 2930 3120 humeris
2969 3064 3080 3118 suis
3108 3064 3356 3134 portavit,
3395 3061 3666 3118 inhrereus

364 3152 613 3223 passione
645 3152 875 3229 Christi,
900 3172 1019 3210 cutn
1054 3166 1187 3211 terra
1200 3152 1418 3230 quoque
1445 3162 1764 3230 contremuit,
1794 3172 1840 3218 et
1870 3178 1955 3218 ve-
1983 3152 2029 3216 C
2063 3162 2318 3217 cornibus
2344 3159 2537 3226 erucis,
2570 3172 2766 3215 corona
2793 3156 2976 3227 spinea
2999 3155 3050 3210 iu
3080 3156 3255 3226 capite
3282 3155 3398 3225 ejus
3436 3154 3668 3209 circum-

365 3246 475 3301 lum
528 3246 704 3316 templi
755 3248 966 3301 scissum
1015 3259 1127 3317 est,
1177 3262 1501 3306 monumenta
1560 3254 1767 3324 dirupta
1846 3268 1961 3310 sunt

368 3337 577 3411 (Matth.
610 3338 821 3406 XXVII,
851 3341 986 3413 5i)?
1010 3340 1272 3410 Quoniam
1307 3345 1408 3399 duo
1430 3347 1537 3401 lucc
1559 3348 1693 3401 mala
1721 3349 1838 3417 fecit
1865 3365 1959 3419 po-

368 3432 519 3502 pulus
554 3449 694 3488 meus
725 3450 743 3487 :
770 3451 866 3499 me,
916 3434 1125 3509 inquit,
1181 3438 1551 3508 dereliquerunt
1599 3443 1787 3512 fontem
1821 3459 1965 3513 aqua:

367 3526 503 3590 vitta,
534 3536 580 3581 et
607 3528 843 3598 foderunt
872 3528 967 3584 sibi
995 3530 1137 3585 lacus
1175 3534 1417 3587 contritas
1438 3577 1452 3602 ,
1480 3536 1567 3607 qui
1600 3551 1700 3589 non
1732 3546 1964 3606 poterunt

369 3636 555 3691 aquam
600 3624 854 3677 continere
881 3623 899 3693 (
924 3622 1037 3678 Jer.
1084 3625 1149 3693 ΙΙ,
1182 3626 1310 3698 15).
1357 3628 1654 3686 Indnbitate
1682 3648 1788 3687 non
1825 3635 1963 3690 reci-

372 3712 569 3782 piendo
595 3712 894 3780 Christum,
928 3715 1127 3771 fontem
1156 3734 1309 3790 aqua:
1335 3721 1457 3776 vitae
1488 3741 1499 3776 :
1530 3722 1680 3779 lacus
1707 3727 1969 3782 contritos

371 3814 653 3874 coeperunt
694 3805 915 3874 habere,
959 3809 1008 3863 id
1042 3818 1123 3865 est
1153 3825 1451 3884 synagogas
1500 3815 1551 3870 in
1602 3814 1969 3887 dispersioues

371 3900 631 3970 gentium,
662 3900 711 3956 in
750 3902 941 3970 quibus
970 3905 1080 3974 jam
1121 3903 1350 3976 Spiritus
1380 3919 1598 3965 sanctus
1643 3927 1748 3966 non
1780 3912 1971 3967 immo-

374 4001 544 4059 ratur,
570 4004 627 4047 ut
658 3996 708 4049 in
741 3997 1066 4063 praeteritum
1100 3999 1150 4052 in
1186 4001 1387 4072 templo
1415 4005 1851 4061 commorabatur
1874 4021 1972 4061 an-

377 4094 428 4140 te
458 4085 744 4142 adventum
793 4088 1014 4154 Christi,
1040 4093 1128 4162 qui
1177 4103 1260 4147 est
1307 4110 1492 4150 verum
1550 4097 1641 4150 Dei
1688 4100 1967 4168 templum.

374 4174 507 4230 Nam
539 4188 592 4232 et
619 4178 773 4232 istam
802 4181 944 4235 sitim
991 4182 1153 4236 divini
1188 4184 1417 4253 Spiritus
1457 4202 1549 4241 eos
1594 4203 1847 4258 passuros
1893 4192 1973 4246 di-

375 4277 529 4323 xerat
566 4270 822 4339 propheta
856 4271 1060 4341 Esaias,
1099 4275 1321 4331 dicens:
1360 4277 1492 4332 Ecce
1516 4281 1602 4350 qui
1630 4283 1852 4338 serviunt
1880 4287 1974 4339 mi.

379 4361 452 4426 lti,
476 4360 885 4431 manducabunt;
916 4382 1002 4419 vos
1033 4375 1204 4421 autem
1231 4370 1462 4424 esurietis
1493 4386 1511 4424 :
1541 4374 1806 4430 servientes
1849 4377 1975 4431 milii

379 4452 688 4523 palabantur
707 4496 720 4518 ,
767 4471 851 4510 vos
890 4467 1054 4511 autem
1079 4457 1273 4525 sitietis,
1302 4469 1348 4513 et
1387 4480 1419 4515 a
1444 4463 1864 4522 contribulatione
1891 4470 1970 4541 (2)

2065 3255 2211 3310 data.
2254 3252 2408 3307 lluuc
2448 3252 2590 3305 enim
2650 3248 2935 3320 oportebat
2982 3262 3081 3318 pro
3123 3247 3372 3302 omnibus
3421 3244 3670 3315 gentibus

2069 3348 2182 3409 ﬁeri
2209 3344 2550 3411 sacriﬁcium,
2575 3343 2664 3410 qui
2697 3352 2953 3413 tamquam
2981 3341 3088 3396 ovis
3115 3340 3183 3394 ad
3211 3341 3463 3395 victimam
3486 3337 3670 3392 ductus

2067 3450 2158 3505 est,
2189 3448 2233 3492 et
2278 3437 2413 3493 velut
2463 3452 2625 3507 agnus
2671 3450 2845 3490 coram
2891 3437 3127 3487 tondente
3156 3448 3209 3487 se
3256 3432 3367 3486 sine
3405 3447 3544 3497 voce,
3598 3431 3675 3483 sic

2069 3550 2171 3588 non
2206 3528 2405 3602 aperuit
2428 3545 2485 3584 os
2538 3544 2683 3584 suum
2723 3526 2840 3599 (ls.
2871 3525 2982 3581 LIII
3005 3567 3020 3592 ,
3070 3525 3148 3595 7).
3181 3525 3277 3580 Ilic
3315 3524 3459 3580 enim
3498 3523 3675 3579 Pilato

2070 3625 2433 3694 interrogante
2461 3620 2596 3675 nihil
2649 3619 2862 3675 locutus
2898 3627 2982 3673 est
3006 3615 3157 3694 (Jolt.
3184 3615 3330 3680 XIX,
3364 3616 3420 3688 9)
3453 3635 3467 3672 :
3497 3617 3552 3671 iu
3580 3617 3678 3671 lut-

2071 3691 2299 3771 militate-
2313 3716 2447 3770 enim
2468 3714 2724 3785 judicium
2753 3713 2862 3783 ejus
2893 3691 3149 3766 sublatum
3177 3717 3270 3766 est.
3305 3708 3380 3781 (ο)
3411 3708 3670 3764 Nativita-

2074 3821 2170 3866 tem
2210 3818 2378 3863 autent
2405 3809 2515 3874 eius
2534 3806 2647 3877 quis
2673 3803 2926 3859 enarrabit
2960 3800 3075 3874 (Is.
3109 3799 3239 3868 LIII,
3271 3800 3364 3873 8)?
3394 3801 3517 3872 quia
3547 3802 3671 3856 nul-

2074 3902 2155 3958 lus
2181 3902 2400 3957 omnino
2425 3899 2701 3956 hominum
2758 3894 3047 3951 nativitatis
3070 3891 3269 3959 Christi
3313 3891 3408 3946 fuit
3432 3892 3681 3949 conscius

2075 3997 2127 4051 in
2164 4005 2460 4064 conceptu,
2489 4007 2610 4047 cum
2653 3990 2805 4060 virgo
2842 3987 3004 4042 Maria
3048 3986 3215 4041 verbo
3260 3984 3353 4039 Dei
3391 3998 3683 4057 praegnans

2076 4091 2422 4149 inveniretur.
2463 4088 2524 4143 Et
2550 4087 2668 4159 quia
2693 4084 2953 4140 tolleretur
2977 4099 3009 4136 a
3044 4092 3178 4137 terra
3199 4080 3301 4135 vita
3319 4080 3426 4150 ejus
3452 4077 3683 4153 (Ibid.);

2076 4200 2196 4239 cum
2250 4182 2433 4253 utique
2486 4186 2607 4250 post
2650 4174 3105 4231 resurrectionem
3157 4171 3275 4242 ejus
3327 4187 3355 4223 a
3412 4167 3677 4229 mortuis,

2077 4296 2196 4349 qua:
2224 4277 2307 4352 (6)
2344 4275 2432 4331 die
2477 4273 2631 4328 tertia
2673 4268 2862 4325 ell'ecta
2890 4276 2994 4334 est,
3024 4266 3146 4343 coeli
3175 4278 3298 4319 eum
3337 4271 3680 4332 receperunt,

2079 4371 2369 4428 scentulum
2415 4364 2759 4439 prophetiam
2802 4360 2942 4416 Osee
2997 4359 3253 4435 emissam
3313 4352 3617 4425 huiusmodi
3667 4371 3680 4407 :

2080 4466 2207 4520 Ante
2237 4464 2398 4519 lucem
2425 4467 2629 4529 surgent
2655 4455 2722 4509 ad
2738 4470 2830 4517 ,me
2855 4454 3072 4507 dicentes
3102 4466 3121 4505 :
3153 4447 3343 4503 Eamus
3371 4458 3416 4502 et
3457 4456 3685 4501 reverta-

378 4548 585 4617 spiritus
615 4548 892 4604 ululabilis.
924 4550 1211 4607 Remittetis
1249 4553 1382 4609 enint
1433 4573 1615 4612 nomen
1658 4538 1957 4631 vestrum,ii

2084 4575 2197 4612 mur
2216 4556 2283 4610 nd
2339 4553 2611 4607 Dominum
2660 4547 2845 4609 Deum,
2875 4544 3114 4616 quoniam
3141 4540 3251 4611 ipse
3286 4539 3462 4608 eripiet
3485 4548 3531 4592 et
3561 4538 3688 4592 Iibe-

382 4641 667 4694 societatent
712 4643 877 4698 electis
914 4645 1069 4710 meis;
1090 4660 1177 4699 vos
1202 4656 1372 4702 autem
1400 4650 1666 4719 inter/iciet
1701 4651 1974 4713 Dominus.

2086 4653 2216 4711 rabit
2258 4664 2372 4713 nos,
2407 4656 2519 4717 post
2567 4640 2775 4698 biduum
2815 4640 2897 4694 die
2949 4637 3094 4695 tertia
3133 4633 3383 4707 (0se.Vl,
3409 4631 3527 4705 1-5)
3562 4631 3642 4705 (tl)
3672 4674 3688 4698 ,

1607 4767 1982 4831 LECTIONES
2024 4761 2443 4831 VARIAN'I‘ES.

447 4876 465 4942 (

468 4879 521 4974 il
546 4876 1346 4974 Υςνέξξτ.ε¹.ἑεῐὲ.ξιιίξ,ιίιῑεεῖῑξῆξιξξέέτι
1370 4881 1520 4934 δειναί·

470 4941 518 5003 Ξ)
543 4942 619 4990 Ad
638 4941 1092 4993 contribulationem
1109 4941 1274 4995 iidem.

470 5004 523 5063 5)
545 5003 704 5055 Etiam
724 5002 865 5056 addit
888 5004 1039 5057 Seml.

2171 4884 2221 4948 4)
2248 4880 2354 4948 Quo
2379 4873 2465 4948 alii
2474 4913 2484 4924 .

2173 4934 2224 5011 δ)
2248 4934 2347 5011 sos
2374 4941 2549 5011 “1‘9"?
2578 4934 2824 5011 tresve-

2171 4995 2222 5071 6)
2250 5006 2368 5068 Quia
2395 4995 2561 5054 Obert.
2589 4995 2737 5048 Seml.

1778 5110 2337 5175 COMMENTARIUS.

442 5227 541 5301 .(a)
572 5229 679 5285 Sed
707 5228 937 5284 Christus
960 5230 1048 5299 qui
1073 5230 1347 5297 cruciﬁxus
1379 5241 1472 5286 est.
1510 5230 1740 5287 Barbara
1782 5233 1867 5287 illa
1894 5233 1984 5288 Ju—

390 5299 625 5355 dzeoruin
655 5302 798 5355 natio
823 5301 1093 5356 Christum
1133 5302 1413 5356 Dominum
1443 5304 1681 5358 violentia
1708 5303 1986 5372 suffragio-

391 5388 506 5424 rum
543 5374 598 5447 in
623 5373 980 5447 crucem_de_di
1027 5376 1344 5447 postulavit.
1374 5383 1579 5447 ut_eap.
1626 5374 1689 5429 21
1735 5375 1987 5447 Apolog.;

391 5457 551 5511 quam
588 5444 641 5497 in
680 5458 792 5497 rem
819 5444 1047 5515 Cyrillus
1079 5445 1231 5499 Alex.
1268 5444 1411 5500 hom.
1439 5445 1526 5504 IV.
1558 5446 1624 5515 de.
1656 5448 1753 5503 fer.
1781 5444 1987 5501 'Pascb.

393 5531 579 5583 cr‘l'upfa
619 5522 977 5584 προσηλὼκνσιν
1028 5525 1068 5570 οἱ
1115 5522 1379 5586 natural/nat
1441 5534 1531 5574 τῶν
1598 5508 1820 5573 Ιουδαίων
1860 5520 1991 5585 λαοὶ,

394 5595 481 5638 κἰὶ
502 5594 599 5639 πᾶν
630 5592 748 5648 tida;
776 5589 1291 5656 ἕτνντφχόντνςίκθκίθς
1319 5614 1367 5646 τε
1397 5596 1516 5658 ὁμοῦ
1544 5594 1625 5645 x‘i
1653 5596 1873 5658 ἀτιμίας,
1903 5594 1996 5641 θα.-

395 5660 524 5724 νεὶτῳ
557 5661 960 5727 παραδεδώκασιν.
992 5660 1336 5725 Αιιίιαείεεὶιηίι
1366 5659 1663 5715 .Intlteorum
1687 5662 1824 5716 natio
1861 5660 1999 5714 cruci

362 5727 620 5805 sufﬁxit,
651 5737 697 5780 et
737 5732 873 5782 omni
894 5731 1144 5805 supplicii
1174 5740 1323 5805 atque
1363 5732 1655 5804 ignominia:
1693 5748 1872 5804 genere
1913 5735 1998 5805 af-

392 5796 587 5874 fectum
613 5808 771 5854 morte
797 5796 1074 5860 mulctauit.
1108 5803 1185 5859 Le
1212 5796 1308 5861 Pa.

2162 5227 2240 5298 (b)
2281 5223 2390 5298 Illa
2424 5229 2557 5275 terra
2590 5216 2748 5288 virgo.
2781 5228 2841 5283 νῆ
2865 5214 3094 5285 «optivo;
3114 5229 3127 5266 ε
3151 5208 3309 5266 etiam
3341 5206 3577 5265 Irentetts
3618 5208 3696 5263 sic

2091 5296 2450 5371 dieingens:
2717 5368 2725 5371 _
2871 5357 2883 5369 .
3049 5355 3060 5366 .
3149 5370 3155 5371 ί

2276 5349 2607 5443 [Vativitatem
2641 5368 2807 5443 autem
2835 5357 2945 5439 ejus
2977 5355 3087 5437 quis
3113 5350 3425 5443 ,ωηιξηᾳρἱᾶ
3454 5350 3568 5407 Non
3599 5349 3697 5443 dit:

2095 5422 2240 5497 bidui
2286 5439 2411 5510 quin
2453 5435 2522 5490 ita
2550 5422 3161 5510 legendum'sit,'justa
3200 5422 3699 5510 editionesomues

2302 5493 2407 5564 non
2449 5493 2631 5560 autem
2655 5499 2926 5576 enarrayit,
2961 5498 3338 5576 maxitnencum
3373 5493 3496 5547 illud
3528 5493 3690 5576 etiam

2100 5562 2329 5648 usus:
2378 5572 2826 5648 Cypria_uns_,_lib._
2845 5570 2910 5637 ιι,
2938 5568 3054 5648 αιιε.
3095 5565 3327 5648 Judatos,
3358 5580 3476 5648 cap.
3527 5562 3700 5625 15,et

2102 5637 2236 5711 iit-Ira
2269 5652 2363 5707 lib.
2396 5637 2484 5714 III,
2514 5646 2630 5700 adv.
2662 5642 2973 5718 Marcionem
2994 5637 3382 5718 Iertulliauus.
3415 5637 3552 5693 Plut.

2177 5706 2254 5797 (d)
2286 5721 2408 5777 Post
2428 5706 2658 5797 biduum,
2691 5714 2772 5797 die
2799 5716 2963 5797 tertia.
2992 5710 3082 5767 Sic
3102 5706 3695 5797 ettt_ettdavint'tt5jmttt:

2108 5779 2362 5857 tationem
2407 5806 2470 5848 ex
2520 5787 2761 5861 Vulgata:
2817 5782 3064 5851 lectione,
3103 5780 3226 5836 licet
3270 5779 3451 5839 excusi
3509 5787 3701 5837 omnes
