4062 6288
440 237 543 296 657

1747 237 2106 302 ADVERSUS
2145 240 2449 299 .IUD/EOS.

3635 247 3741 306 δῖε

439 367 556 424 qua:
585 355 1034 447 cstgesurrectio
1067 353 1184 424 ejus
1222 353 1476 424 gloriosa,
1509 352 1576 407 de
1609 361 1746 408 terra
1779 354 1830 408 in
1869 353 2037 409 eteius
2063 355 2110 414 Λ
2143 357 2347 414 xissent
2373 359 2640 416 Christum
2697 361 2748 418 in
2800 370 3038 434 tempore
3080 378 3191 420 sure
3240 361 3560 421 visitationis
3590 365 3740 420 inve-

439 460 558 498 eum
594 444 816 513 recepit,
853 444 991 500 unde
1016 454 1070 500 et
1115 455 1330 499 venerat
1385 445 1495 515 ipse
1543 444 1760 516 Spiritus
1787 446 1849 498 ad
1879 446 2040 516 virgi—

439 551 596 600 nem;
627 537 781 605 cujus
829 553 998 606 neque
1037 535 1390 602 nativitatem,
1425 552 1594 612 neque
1626 537 1925 608 passionem
1951 537 2042 592 .ln-

439 629 538 690 da'i
579 640 930 702 agnoverunt.
981 630 1162 700 Igitur,
1193 630 1442 701 quoniam
1493 627 1666 685 adhuc
1713 632 2040 686 contendunt

435 720 602 778 Judaei
637 722 863 778 necdum
896 725 1103 780 venisse
1128 721 1396 779 Christum
1437 740 1618 778 cormn
1649 724 1728 796 (I)
1757 740 1912 796 quem
1963 735 2040 780 tot

440 815 612 872 modis
633 815 1044 885 adprobavimus
1071 814 1306 884 venisse,
1335 827 1718 888 recognoscant
1737 815 1903 872 Iudaei
1927 817 2038 872 exi-

441 917 547 966 tum
591 925 764 974 suum,
808 926 964 981 quem
1015 918 1132 982 post
1161 909 1444 966 adventum
1473 911 1670 966 Christi
1721 910 1935 966 relaturi
1960 909 2036 984 (a)

438 1001 864 1074 prtecinebantur
889 1003 957 1059 ob
986 1003 1333 1072 impietatem,
1381 1019 1482 1074 qua
1525 1017 1648 1058 cum
1689 1013 1740 1058 et
1769 1003 2034 1071 deSpexe-

439 1092 557 1149 runt
583 1102 636 1150 et
667 1094 1068 1150 interfecerunt.
1101 1093 1280 1150 Primo
1314 1096 1455 1150 enim
1483 1111 1546 1150 ex
1583 1111 1682 1166 qua
1708 1095 1816 1162 die,
1843 1109 2035 1150 secun-

437 1186 560 1241 dum
611 1186 740 1240 illud
781 1187 980 1242 dictum
1015 1187 1204 1254 Esaim,
1234 1188 1446 1258 projecil
1477 1187 1626 1242 homo
1655 1187 2035 1243 abominatum-

439 1289 491 1334 ta
519 1297 610 1334 sua
636 1296 794 1334 aurea
825 1289 869 1334 et
901 1283 1278 1350 argenteaque:
1306 1281 1530 1351 fecerunt
1573 1281 1850 1335 aderandis
1891 1283 2034 1336 vatus

377 1403 382 1408 -
435 1381 480 1426 et
509 1372 700 1426 noctuis
733 1370 832 1442 (Is.
863 1371 942 1438 II,
987 1370 1080 1442 20)
1115 1388 1128 1426 :
1161 1371 1209 1426 id
1261 1382 1339 1427 cst
1364 1414 1378 1439 ,
1428 1389 1492 1427 ex
1535 1388 1640 1444 quo
1673 1381 1880 1443 gentes,
1907 1357 2029 1440 nos,

433 1463 714 1518 dilucidata
763 1479 858 1534 per
885 1461 1150 1517 Christum
1189 1465 1410 1519 veritate
1439 1463 1538 1532 (Ξ),
1575 1465 1894 1535 projecimus
1927 1465 2036 1521 ido-

431 1557 480 1614 la
513 1556 746 1626 (rideant
789 1555 984 1627 Iud-.ei)
1015 1557 1114 1628 (5),
1142 1568 1194 1612 et
1221 1558 1361 1629 quod
1401 1560 1641 1630 sequitur
1663 1602 1678 1626 ,
1708 1570 2030 1630 expunctum

431 1661 534 1708 est.
565 1649 702 1704 Tulit
732 1653 872 1706 enim
901 1648 1149 1705 Dominus
1178 1651 1390 1705 sabaoth
1415 1669 1446 1705 a
1465 1651 1664 1706 Judwis
1689 1663 1734 1706 et
1765 1653 1826 1707 ab
1848 1652 2034 1708 Hieru-

2148 455 2423 519 niendum,
2453 459 2586 528 facta
2608 465 2677 512 est
2709 469 2846 512 terra
2870 473 3045 511 eorum
3089 459 3306 526 deserta,
3333 467 3382 514 et
3408 458 3631 514 civitates
3661 475 3742 514 eo-

2145 565 2257 602 rum
2289 549 2394 618 igni
2416 559 2605 603 exusta:
2633 565 2651 603 :
2681 549 2934 620 regionem
2961 550 3183 619 ipsorum
3205 552 3255 604 in
3276 561 3548 620 conspectu
3569 567 3740 606 eorum

2142 625 2370 698 extranei
2389 645 2689 699 devorantes
2725 659 2742 698 :
2779 643 3018 698 derelicta
3051 652 3123 698 est
3168 643 3278 710 lilia
3327 643 3457 698 Sion
3486 654 3742 714 (numnum

2142 739 2346 807 specula
2368 739 2420 792 in
2463 721 2627 803 vinea,
2660 737 2735 790 rel
2759 748 2813 790 ut
2857 737 2910 790 in
2950 737 3294 790 cucumerario
3345 737 3520 792 casula
3564 735 3661 802 (Is.
3699 737 3738 804 I,

2142 832 2196 897 7,
2227 828 2282 900 8)
2309 847 2323 896 ;
2349 847 2411 884 ex
2444 847 2550 900 quo
2599 829 2800 884 scilicet
2847 827 3014 884 Israel
3045 829 3314 884 Dominum
3361 847 3462 884 non
3487 831 3738 900 cognorit,

2141 933 2186 977 et
2210 921 2426 992 populus
2446 938 2560 976 eum
2587 939 2687 976 non
2734 921 3002 986 intellexit,
3030 921 3122 976 sed
3168 921 3433 992 dereliquit
3482 921 3669 992 magis,
3695 932 3742 976 et

2139 1019 2206 1070 ad
2231 1016 2629 1086 indignationem
2648 1016 2936 1084 provocavit
2959 1024 3185 1068 sanctum
3209 1013 3378 1068 Israel
3397 1013 3446 1086 (1
3455 1014 3558 1068 bid.
3586 1015 3640 1077 5,
3661 1011 3738 1085 4).

2138 1107 2226 1164 Sic
2247 1119 2297 1162 et
2323 1105 2438 1178 (II)
2463 1107 2742 1164 machatru:
2788 1106 3542 1178 conditionaliscomminatio,
3561 1103 3620 1160 Si
3647 1122 3741 1159 no-

2137 1177 2354 1264 lueritis,
2385 1177 2474 1253 nec
2487 1198 2834 1264 obaudieritis,
2867 1199 3068 1269 gladius
3093 1177 3179 1252 vos
3193 1197 3419 1252 comedet
3437 1196 3487 1266 (Ι
3497 1198 3599 1252 bid.
3616 1197 3708 1266 20)
3721 1238 3735 1265 ,

2139 1293 2380 1363 probavit
2403 1292 2674 1346 Christum
2705 1288 2818 1362 (I2)
2841 1291 3002 1346 fuisse
3028 1306 3186 1360 quem
3216 1306 3320 1344 non
3347 1289 3613 1346 audiendo
3647 1305 3736 1360 pe-

2137 1385 2378 1448 rierunt;
2411 1384 2500 1454 qui
2531 1394 2583 1437 et
2615 1384 2664 1438 in
2707 1382 2920 1436 Ps:ilmo
2943 1381 3021 1455 ((1)
3052 1381 3442 1451 dispersionem
3481 1383 3601 1452 ejus
3643 1398 3736 1452 po-

2137 1478 2300 1534 stulat
2339 1493 2366 1532 τι
2402 1478 2578 1542 Patre,
2634 1476 2816 1532 dicens
2847 1493 2859 1530 :
2898 1475 3142 1546 Disperge
3178 1475 3294 1530 illos
3336 1479 3390 1529 in
3427 1477 3606 1530 virtute
3651 1489 3738 1531 tua

2139 1569 2310 1642 (Psal.
2335 1569 2518 1634 LVIII,
2550 1569 2675 1641 1‘2);
2705 1568 2792 1640 qui
2825 1577 2876 1623 et
2905 1584 3112 1623 rursum
3147 1583 3240 1638 per
3267 1569 3476 1622 Esaiam
3501 1572 3738 1623 exustio-

2140 1679 2257 1718 nem
2291 1677 2478 1717 eorum
2505 1671 2624 1718 orat
2653 1680 2666 1714 :
2705 1661 2922 1731 I’ropter
2965 1677 3064 1725 me,
3095 1661 3284 1728 inquit,
3315 1660 3423 1714 hcce
3451 1663 3588 1732 facta
3617 1669 3736 1715 stmt

429 1738 606 1806 salem,
633 1745 770 1798 Inter
795 1751 1006 1807 Caetera,
1041 1751 1086 1796 et
1132 1743 1409 1812 sapientem
1454 1745 1781 1799 architectum
1808 1745 1910 1816 (Is.
1945 1746 2030 1814 III,
2062 1749 2111 1809 B
2140 1755 2294 1820 vobis,
2327 1756 2380 1809 in
2413 1755 2669 1808 anxietate
2711 1753 2970 1820 ἀωηιιὶειὶδ
3016 1751 3117 1824 (Is.
3149 1751 3214 1816 L,
3245 1753 3356 1824 II).
3407 1752 3532 1808 Ilaec
3580 1752 3737 1823 igitur

429 1835 483 1902 I,
511 1835 588 1904 5),
619 1835 704 1906 qui
735 1835 962 1890 arditicat
992 1834 1282 1891 Ecclesium
1317 1835 1406 1890 Dei
1459 1837 1736 1906 templum,
1761 1846 1812 1894 et
1843 1839 2028 1892 civita-

431 1937 532 1984 tem
557 1937 816 1996 sanctam,
847 1937 898 1983 et
937 1928 1152 1982 domum
1184 1929 1411 1982 Domini.
1447 1926 1523 1998 (b)
1553 1929 1684 1984 Nam
1712 1930 1904 1984 eximie
1932 1931 2028 1986 de-

427 2021 560 2076 stitit
580 2021 715 2092 apud
745 2009 862 2075 illos
887 2021 984 2076 Dei
1008 2021 1196 2094 gratia.
1217 2019 1280 2074 Et
1304 2021 1600 2076 nutndatnm
1622 2034 1693 2076 est
1722 2022 1936 2077 nubibus
1965 2041 2027 2078 ne

427 2114 654 2188 pluerent
675 2112 884 2192 imbrem
911 2131 1059 2184 super
1082 2115 1276 2168 vineam
1306 2115 1499 2170 Sorech
1532 2114 1632 2186 (Is.
1657 2115 1724 2180 V,
1752 2114 1829 2189 6),
1865 2117 1913 2172 id
1946 2127 2028 2171 est

427 2209 732 2265 ccelestibus
776 2209 1085 2274 beneticiis,
1117 2226 1182 2266 ne
1234 2211 1574 2284 provenirent
1615 2212 1794 2268 domui
1839 2214 2022 2270 Israel.

427 2285 641 2358 Fecerat
685 2302 828 2356 enim
875 2305 1050 2372 spinas
1098 2301 1259 2375 (Ibid.
1287 2303 1368 2374 4),
1399 2321 1465 2359 ex
1517 2307 1709 2376 quibus
1756 2307 2024 2363 Christum

425 2381 814 2454 coronaverat:
843 2405 886 2450 et
914 2414 1012 2450 non
1030 2397 1308 2468 justitiam,
1341 2398 1430 2452 sed
1448 2399 1718 2475 clamorem
1751 2399 1914 2466 (Ibid.
1941 2401 2022 2472 8),

425 2505 532 2563 quo
555 2491 606 2546 in
633 2503 852 2544 erucem
875 2503 996 2542 cum
1027 2497 1328 2544 extorserat
1358 2508 1371 2544 :
1407 2498 1460 2544 ct
1481 2490 1549 2544 ita
1590 2490 1872 2546 subtractis
1895 2493 2025 2545 cha-

425 2585 662 2644 rismatis
691 2585 768 2658 (4)
797 2582 1086 2654 prioribus,
1110 2584 1192 2638 lex
1216 2593 1263 2637 et
1302 2585 1564 2654 propheta:
1584 2601 1741 2656 usque
1769 2585 1838 2639 ad
1861 2583 2026 2640 Joan-

427 2697 542 2736 nem
585 2678 735 2753 (Lue.
781 2678 922 2744 XVI,
967 2679 1053 2748 16)
1094 2677 1338 2744 fuerunt;
1386 2686 1442 2735 et
1489 2679 1688 2750 piscina
1741 2680 2026 2736 Bethsaitla

425 2773 606 2846 (Joan.
643 2771 700 2837 V,
733 2771 891 2845 ‘2)(5)
917 2783 1083 2840 uSque
1119 2771 1186 2826 ad
1213 2771 1498 2827 adventum
1542 2769 1762 2838 Christi,
1790 2773 2028 2828 curando
2059 2755 2076 2773 ’

425 2865 818 2924 invaletudines
851 2863 932 2938 (6)
959 2865 1026 2920 ab
1053 2864 1234 2929 Israel,
1263 2863 1420 2920 desiit
1457 2881 1485 2919 a
1533 2865 1807 2922 benetieiis
1832 2867 2028 2924 deinde

426 2958 532 3032 (7),
575 2975 694 3013 cum
719 2974 784 3014 ex
813 2956 890 3030 (8)
925 2959 1321 3028 perseverantia
1355 2957 1548 3014 furoris
1581 2959 1663 3014 sui
1696 2976 1890 3016 nomen
1922 2962 2028 3016 Do-

423 3053 554 3110 mini
597 3069 694 3126 per
737 3054 878 3124 ipsos
911 3053 1404 3123 blaSphemaretur;
1437 3053 1576 3109 sicut
1613 3057 1868 3126 scriptum
1900 3066 1980 3112 est
2011 3075 2024 3112 ε

2131 1866 2251 1906 cum
2307 1851 2412 1918 pati
2463 1848 2816 1919 [tl‘tltdicellllll‘
2863 1847 3031 1902 Judaei
3081 1856 3298 1917 propter
3346 1845 3737 1908 Cbristum,ct

2131 1958 2318 2014 passos
2341 1957 2434 1998 eos
2461 1957 2580 1997 esse
2625 1942 2980 2006 inveniamus,
3012 1950 3068 1997 et
3114 1941 3165 1996 in
3210 1940 3598 2010 dispersiouem
3643 1939 3735 1994 de-

2133 2037 2328 2092 morari
2356 2051 2640 2092 cernamus
2661 2076 2677 2102 ,
2707 2035 3046 2089 manifestum
3096 2042 3178 2088 est
3219 2043 3438 2104 propter
3461 2033 3734 2088 Christum

2129 2131 2326 2188 .Iudzris
2349 2132 2448 2187 ista
2471 2130 2748 2195 accidisse,
2779 2127 3122 2198 conspirante
3148 2141 3307 2182 sensu
3329 2125 3728 2196 Scripturarum

2131 2241 2252 2282 cum
2283 2227 2426 2282 exitu
2476 2240 2652 2279 rertun
2701 2232 2756 2278 et
2804 2221 3006 2276 ordinis
3052 2221 3166 2294 (15)
3201 2229 3523 2290 temporum.
3555 2223 3658 2275 Aut
3687 2221 3734 2275 si

2131 2320 2368 2376 nondum
2415 2317 2559 2372 venit
2599 2315 2861 2378 Christus,
2893 2323 3112 2386 pmpler
3158 2328 3318 2384 quem
3364 2313 3480 2369 haec
3525 2312 3732 2382 passuri

2134 2411 2582 2485 prmdicabautur,
2607 2425 2727 2464 cum
2784 2408 2990 2464 venerit
3035 2422 3162 2477 ergo
3213 2405 3501 2474 patientur.
3535 2406 3602 2460 Et.
3643 2405 3733 2458 ubi

2135 2515 2258 2560 tunc
2280 2503 2382 2558 lilia
2413 2502 2540 2558 Sion
2567 2499 2938 2572 reliutptenda,
2968 2514 3086 2568 (pne
3113 2499 3257 2554 nulla
3285 2497 3398 2570 (14)
3427 2497 3584 2552 hodie
3613 2498 3733 2551 est?

2133 2597 2219 2653 ubi
2247 2596 2492 2652 civitates
2517 2593 2828 2660 cxureudae,
2861 2607 2981 2663 quae
3003 2591 3110 2662 jam
3154 2594 3206 2646 in
3251 2591 3470 2646 tumulis
3523 2597 3734 2644 exusta:

2132 2691 2293 2747 sunt?
2318 2691 2403 2745 ubi
2426 2689 2690 2758 dispersio
2729 2688 2924 2758 gentis,
2945 2702 3064 2757 qun
3105 2685 3216 2754 jam
3255 2683 3525 2740 extorris?
3546 2682 3734 2738 Redde

2131 2795 2327 2842 statum
2357 2784 2540 2842 Judeze
2566 2798 2722 2855 quem
2750 2781 2996 2838 Christus
3023 2779 3294 2842 inveniat,
3323 2787 3378 2834 et
3415 2778 3576 2832 alium
3603 2792 3732 2833 own-

2133 2879 2291 2936 tende
2317 2879 2519 2934 venire.
2933 2907 2936 2910 -

2718 2965 2946 3024 CAPUT
2983 2965 3126 3021 XIV.

2207 3067 2402 3124 Discite
2426 3079 2569 3120 nunc
2595 3079 2664 3121 ex
2689 3061 3010 3118 abundantia
3039 3057 3236 3114 erroris
3264 3056 3425 3112 vestri
3453 3054 3728 3110 duratum.

429 3145 651 3211 Propter
675 3161 762 3199 vos
807 3163 987 3200 nomen
1015 3144 1110 3200 Dei
1155 3145 1535 3216 blasphematur
1559 3148 1610 3202 in
1659 3148 1888 3220 gentibus
1923 3148 2022 3222 (Is.

2134 3162 2275 3217 Duos
2303 3159 2530 3215 dicimus
2550 3154 2752 3212 Christi
2785 3152 2994 3207 habitus
3028 3165 3062 3204 .a
3093 3147 3367 3220 prOphctis
3393 3147 3731 3202 demonstra-

423 3237 538 3302 LII,
563 3238 624 3303 5;
655 3235 1053 3301 Ezcclt.XXVI,
1081 3235 1196 3309 23-).
1220 3235 1290 3311 (c)
1327 3239 1407 3293 Ab
1435 3238 1538 3296 illis
1565 3241 1705 3296 enim
1737 3241 1918 3313 incipit
1941 3243 2021 3316 (9)

426 3331 661 3399 infamia,
687 3343 741 3386 et
769 3341 978 3402 tempus
1009 3331 1241 3388 ntedium
1278 3349 1306 3386 a
1336 3333 1550 3390 Tiberio
1581 3351 1745 3406 usque
1783 3337 1848 3390 ad
1897 3337 2026 3393 Ves-

423 3426 724 3502 pasianum.
743 3425 872 3497 Quae
890 3425 1005 3498 (I0)
1019 3440 1141 3482 cum
1167 3427 1236 3482 ita
1263 3428 1676 3495 commisissent,
1699 3445 1798 3486 nec
1820 3431 2027 3488 intelle-

2129 3265 2231 3323 tos,
2263 3253 2480 3310 totidem
2509 3249 2768 3305 adventus
2791 3245 2907 3316 ejus
2935 3251 3262 3313 pra'n'itasse
3290 3241 3408 3311 (I5)
3438 3255 3453 3295 :
3479 3253 3642 3292 unum
3677 3237 3729 3292 in

2130 3349 2450 3410 humilitate,
2503 3345 2681 3412 utique
2731 3340 3000 3412 primum,
3033 3353 3153 3392 cum
3207 3344 3464 3405 tamquam
3511 3333 3618 3386 ovis
3659 3333 3729 3386 ad

2127 3445 2380 3500 victimam
2409 3443 2524 3497 duci
2545 3437 2794 3501 habebat,
2819 3444 2874 3491 ct
2903 3433 2974 3507 (e)
3001 3441 3256 3502 tamquam
3281 3444 3444 3500 agnus
3469 3436 3585 3481 ante
3611 3436 3725 3481 ton-

1654 3571 1949 3632 LECTION
1957 3577 2037 3635 ES
2071 3571 2378 3636 VARIAN'I‘
2388 3568 2488 3624 ES.

488 3685 561 3751 (1)
581 3685 760 3751 Eorum
779 3685 910 3751 abest
933 3697 964 3734 a
984 3684 1136 3736 Rhea.
1161 3692 1206 3738 et
1231 3685 1394 3751 Obert.

487 3749 877 3812 (2)1)elucidata
917 3756 1146 3808 pectore,
1193 3749 1502 3812 per‘Christi
1548 3757 1806 3808 veritatem
1855 3756 2016 3810 Obert.

422 3809 575 3866 Sami.
601 3839 660 3849 --
681 3810 973 3863 Delucidato
996 3809 1205 3870 pectore
1221 3809 1332 3862 cod.
1371 3813 1518 3866 Fuld.

485 3873 558 3941 (ξ)
590 3875 737 3941 ldoia,
765 3875 977 3926 Videant
995 3873 1173 3941 Judaei,
1198 3883 1302 3941 etc,
1327 3875 1490 3929 Obert.
1525 3879 1674 3930 Seml.

487 3934 562 4001 (4)
585 3938 938 3989 Cbarismatum
970 3937 1164 3988 roribus
1189 3934 1343 3990 Paris.

485 4000 560 4058 (5')
583 4001 835 4051 Bethesda
856 4002 976 4052 Jun.

484 4059 559 4122 (6)
584 4062 902 4114 Valetudines
940 4061 1100 4114 Obert.
1127 4059 1279 4113 Seml.

487 4124 562 4185 (7)
582 4124 622 4173 Α
654 4125 923 4176 beneﬁciis.
953 4125 1148 4174 Deinde
1181 4125 1302 4175 Jun.

486 4188 560 4254 t8)
591 4187 664 4238 Ex
690 4187 824 4238 abest
843 4203 875 4240 a
899 4187 1046 4238 Rhea.
1071 4193 1116 4238 et
1141 4185 1303 4240 Obert.

2191 3693 2443 3758 (prompti
2461 3685 2615 3758 Datin.

2216 3751 2292 3818 an
2319 3751 2410 3815 ora
2435 3751 2538 3818 alii,

2219 3809 2294 3882 II)
2319 3809 2458 3882 Sicut
2477 3809 2836 3882 mten.__0bert.
2966 3870 2978 3882 _
3179 3881 3200 3882 νγ
3253 3867 3283 3882 ί,
3477 3863 3586 3882 ηιμ-ε

2221 3863 2296 3946 Iit)
2315 3863 2584 3946 fugacia.
2617 3875 2698 3946 _Ex
2741 3886 2840 3936 quo
2880 3870 3139 3935 probamus
3161 3867 3454 3920 machaeram
3477 3863 3722 3916 Christum

2121 3937 2460 3996 fuisse'Obert.
2495 3937 2644 3990 Seml.

2220 4008 2294 4070 I72)
2319 4004 2503 4070 Ordiee
2538 4002 2660 4070 ἐξιη-

2321 4065 2504 4134 l_nvidia
2535 4061 2695 4134 Obert:
2714 4059 2882 4134 .Semt.
2920 4074 2926 4081 '

2188 4123 2294 4197 (15)
2321 4130 2622 4180 Przeuotatos
2654 4123 2817 4176 iidem.

1795 4300 2351 4361 COMMENTARIUS.

425 4413 658 4485 phrasim
689 4413 848 4467 aliam
877 4411 1133 4483 incipiant
1169 4411 1234 4466 ah
1263 4411 1343 4468 his
1365 4413 1538 4469 verbis
1569 4428 1580 4465 :
1614 4412 1744 4485 Post
1772 4416 2018 4483 biduum,-
2048 4421 2096 4482 D
2125 4416 2357 4472 universi
2401 4413 2817 4485 Redemptorem
2861 4413 2939 4468 usi
2971 4421 3116 4485 sunt.
3171 4412 3302 4467 Dieti
3334 4419 3478 4485 sunt
3503 4411 3588 4485 ab_
3620 4411 3723 4466 hoe

423 4481 573 4556 ἐπειθεί
605 4485 690 4538 die
722 4485 868 4556 tertia
913 4481 1160 4556 inictelos
1187 4494 1414 4549 receptus
1455 4493 1580 4538 esset
1611 4481 1840 4540 Christus
1861 4529 1876 4552 ,
1909 4481 2014 4544 non

424 4554 602 4611 autem
625 4555 815 4611 diebus
844 4554 1194 4624 quadraginta
1242 4556 1476 4623 peractis
1518 4567 1634 4624 post
1675 4559 1792 4623 epis
1835 4574 2016 4614 resur-

425 4627 720 4684 rectionem
751 4623 885 4688 (Act.
920 4628 966 4680 I.
997 4627 1050 4687 3.
1080 4623 1158 4697 9).
1206 4625 1290 4697 Ad
1332 4625 1468 4697 hanc
1491 4623 1880 4682 correctionem
1921 4648 2018 4686 nos

379 4763 388 4768 _
427 4707 602 4768 movet
629 4711 817 4768 sensus
843 4697 1096 4756 auctoris.
1116 4695 1214 4766 'qui
1242 4695 1379 4750 hanc
1397 4695 1534 4751 Osee
1557 4698 1888 4766 praphetiam
1917 4702 2015 4756 atl-

424 4767 572 4825 hibet
609 4779 667 4823 ut
695 4767 895 4824 Christi
951 4769 1401 4822 resarrecriouem
1451 4768 1783 4824 deIIIOIISIrCI
1824 4769 2014 4827 laetam

425 4839 808 4917 post‘ttjduu‘m
838 4855 866 4917 ξι
897 4849 1068 4892 morte
1097 4838 1230 4917 ejus.
1275 4837 1403 4917 Iino.

493 4909 570 4994 (a)
598 4908 1016 4993 Prtecincbantur
1057 4905 1132 4994 ob
1160 4905 1485 4994 ἱιιερὶιξαιεηι.
1536 4907 1652 4994 lion
1699 4912 1865 4994 semel
1917 4913 2016 4994 hoc

422 4979 662 5052 epitheto
685 4983 868 5047 utitur,
901 4979 1156 5052 natn_lib.
1188 4981 1250 5032 de
1273 4979 1630 5052 (Spectaculis.
1663 4997 1780 5047 cap.
1821 4985 1856 5040 5
1888 5003 1901 5037 :
1953 4984 2018 5041 Si

421 5049 553 5109 enim
581 5052 822 5122 pauculos
861 5062 978 5106 tunc
1015 5049 1224 5105 .Indteos
1265 5051 1534 5122 impiorum
1570 5053 1839 5122 concilium
1867 5071 2017 5108 voca-

419 5125 508 5189 vit,
537 5121 640 5180 etc.
690 5124 890 5180 Eodem
935 5123 1078 5190 impii
1120 5122 1294 5193 elogio
1335 5137 1457 5192 erga
1503 5121 1718 5178 Iudaeos
1763 5126 1926 5180 utitur
1951 5127 2010 5182 Β.

420 5196 761 5268 Attg._Epist.
787 5194 878 5268 547,
910 5194 970 5268 B.
994 5193 1150 5250 Joan.
1171 5192 1583 5264 Chrysostomus
1606 5195 1668 5247 iis
1689 5199 1896 5268 ἀτξοραν
1923 5199 2016 5252 tri-

423 5267 534 5322 Imit
551 5266 696 5324 Orat.
720 5266 785 5327 II.
805 5267 925 5321 adv.
958 5266 1122 5334 ipsos,
1147 5273 1201 5320 et
1227 5269 1503 5335 ττσράνὸμον
1531 5275 1789 5329 πολιτιίαν,
1810 5266 2016 5324 vivendi

417 5339 570 5394 ritum
601 5355 857 5394 enormem
888 5353 906 5392 :
939 5347 992 5409 gl
1023 5346 1232 5409 veteres
1259 5338 1366 5390 l'cre
1399 5351 1598 5409 omnes
1615 5347 1790 5409 patres
1809 5381 1824 5404 ,
1853 5353 2013 5409 atque

419 5409 579 5474 etiam
617 5410 904 5466 concilium
937 5406 1271 5474 Trullauum,
1297 5421 1414 5474 cap.
1459 5409 1480 5460 I
1509 5448 1522 5468 ,
1552 5407 1637 5461 ubi
1669 5407 1736 5462 dc
1765 5406 2013 5465 Nestorio

421 5472 812 5550 1οψιὶῑιιι⁸2καὶ
871 5490 958 5535 τὶν
999 5470 1249 5533 1ουδσιίκῧν
1291 5481 1589 5539 ἀνανεοῦντος
1635 5483 1934 5549 δυσσξϐειᾱν,
1967 5493 2014 5537 et

418 5549 689 5606 Judaicam
709 5561 988 5606 renovaate
1016 5552 1340 5616 impietatem.
1375 5550 1448 5604 LE
1479 5551 1572 5604 I’n.

493 5619 572 5694 (h)
601 5621 737 5694 Nam
772 5621 958 5694 exinde
995 5619 1183 5694 destitit
1225 5619 1365 5690 apud
1393 5619 1508 5694 illos
1558 5618 1671 5694 Dei
1697 5623 1885 5694 gratia.
1921 5622 2013 5679 Iu-

419 5680 566 5762 dte‘us
589 5693 822 5751 dilectus
847 5691 978 5746 olim
1013 5691 1234 5762 populus
1261 5680 1301 5744 ἐι
1347 5693 1514 5762 gratia
1559 5680 1756 5746 excidit
1798 5697 2029 5762 prOpter'

419 5757 749 5852 pervicacem
779 5757 1106 5837 impietatem
1137 5767 1194 5818 et
1219 5757 1552 5818 atrocitatem
1573 5803 1586 5829 ,
1622 5777 1724 5840 qua
1769 5757 1819 5820 in
1865 5757 2011 5847 orbis

2123 4499 2365 4553 ant-tore,
2393 4485 2555 4556 Apol.
2579 4483 2772 4549 XVIII,
2813 4501 2934 4556 gens
2987 4483 3082 4538 Dei
3131 4483 3524 4556 domesticauiAt
3578 4483 3722 4556 insiti

2125 4559 2340 4615 fuerunt
2363 4555 2652 4612 Christiani
2686 4559 2736 4611 in
2761 4557 2860 4611 hac
2892 4556 3086 4626 agresti
3125 4557 3423 4680 armi-mpm
3445 4555 3718 4610 inocul-tti.

2784 4673 2793 4680 .
3284 4641 3315 4680 ε
3381 4641 3432 4680 n.

2784 4673 2793 4682 .
3237 4641 3315 4680 LE
3340 4641 3432 4680 γη.

2195 4701 2268 4770 (c)
2296 4701 2368 4753 Ab
2397 4700 2502 4754 illis
2540 4700 2673 4753 cnim
2708 4697 2882 4768 incipit
2906 4697 3143 4770 infamia.
3170 4697 3277 4770 Sic;
3298 4697 3392 4770 Iih.
3423 4695 3574 4770 Lati
3607 4695 3720 4770 Na-

2121 4767 2300 4837 tiones,
2331 4772 2544 4840 cap.I/t,
2575 4771 2661 4826 ubi
2693 4771 2852 4824 etiam
2881 4771 2948 4824 de
2983 4769 3182 4824 Iuda-is
3207 4787 3218 4820 :
3244 4767 3394 4835 Quod
3420 4768 3551 4822 enim
3577 4769 3722 4822 aliud

2121 4860 2278 4916 genus
2299 4844 2624 4916 seminarium
2653 4851 2726 4895 est
2754 4841 2980 4916 infamia:
3001 4841 3220 4916 nostrae?
3253 4840 3367 4916 llic.

2194 4914 2272 4984 (d)
2307 4912 2686 4980 Dispersionem
2731 4914 2842 4984 ejus
2879 4913 3134 4980 postulat,
3165 4911 3452 4984 et_¢._Quin
3487 4908 3714 4984 dispersi

2119 4979 2316 5040 fuerint
2347 4979 2561 5054 promer
2583 4979 3038 5037 abominatimrem
3071 4980 3314 5054 supplicii
3347 4989 3399 5054 et
3422 4979 3714 5054 infamiam

2119 5071 2276 5128 quam
2299 5049 2764 5128 Christoliomiuo
2794 5054 3118 5123 irrogarunt,
3143 5049 3322 5106 nullus
3345 5050 3568 5128 dubitat.
3600 5049 3714 5128 Non

2119 5121 2280 5182 modo
2307 5126 2532 5194 dispersi
2561 5135 2611 5178 et
2643 5121 3118 5182 errantesfvernm
3147 5133 3305 5176 etiam
3339 5121 3512 5194 exosi
3535 5123 3714 5176 omni-

2121 5197 2239 5266 bus,
2288 5197 2422 5252 adeo
2491 5205 2546 5249 ut
2613 5195 2917 5266 concinitur
2965 5194 3129 5266 modo
3171 5208 3199 5266 a
3265 5193 3418 5266 mittis
3465 5193 3710 5266 citatum,

2119 5261 2241 5326 ean'.
2273 5266 2367 5332 XI,
2399 5266 2678 5335 prohibeat
2719 5281 2732 5316 :
2789 5261 2979 5317 Nullus
3025 5263 3344 5335 ecclesiastici
3384 5261 3604 5335 ordinis,
3637 5263 3715 5318 vel

2119 5343 2278 5395 laicus
2307 5333 2486 5406 rtzgpna
2523 5335 2663 5406 apud
2691 5335 2899 5388 Jndwos
2921 5334 3167 5406 comedat.
3197 5341 3284 5384 aut
3322 5348 3433 5406 cum
3463 5333 3524 5406 iis
3546 5347 3714 5406 verse-

2118 5422 2220 5476 tnr,
2252 5411 2328 5462 rel
2361 5403 2412 5460 in
2450 5403 2634 5460 morbis
2677 5406 2902 5465 advocet,
2935 5404 3333 5476 medicinamque
3380 5404 3444 5476 ab
3478 5403 3541 5455 iis
3579 5403 3715 5476 acci-

2117 5472 2245 5552 piai,
2276 5490 2488 5532 autcum
2533 5478 2728 5552 iisdem
2747 5479 2804 5552 in
2826 5477 3003 5552 balneo
3029 5476 3237 5526 lavetur.
3266 5472 3328 5526 Si
3339 5473 3471 5552 alitis
3503 5490 3618 5552 vero
3658 5475 3714 5528 id

2117 5544 2285 5626 facere
2305 5559 2594 5626 prtesumat,
2619 5548 2663 5600 si
2682 5548 2922 5626 clericus,
2947 5548 3232 5614 deponatur
3256 5561 3275 5598 :
3305 5545 3348 5597 si
3383 5557 3497 5596 vero
3523 5544 3705 5622 laicus,

2117 5617 2466 5678 romntunione
2493 5621 2731 5688 privetur.
2766 5617 2844 5671 LF.
2867 5618 2960 5671 Pu.

2189 5694 2266 5765 (e)
2292 5691 2355 5765 Et
2379 5682 2631 5765 tantqnam
2652 5705 2814 5765 agnus
2839 5685 3282 5765 ante_tondentem.
3312 5682 3494 5765 Miritic
3516 5693 3710 5739 (textu.

2119 5755 2294 5822 lerunt
2333 5762 2470 5819 hanc
2496 5755 2756 5837 loquendi
2783 5757 3065 5817 formulam
3097 5765 3327 5822 veteres,
3361 5755 3484 5817 ovis,
3528 5771 3703 5824 rem“.
