4062 6288
410 325 508 385 641

1761 330 1964 387 LIBER
2003 331 2090 387 DE
2128 330 2292 390 AN“!
2301 333 2337 387 Α
2352 371 2365 387 .

3599 335 3706 392 642

409 444 768 502 visceratione
793 443 1019 517 quadam
1044 444 1364 511 fruerentur,
1403 443 1479 517 (a)
1520 444 1885 517 jejunantibus
1909 460 2014 501 cm-
2037 452 2091 513 Α
2120 463 2224 503 non
2253 448 2460 505 audetis
2485 464 2711 522 negare;
2741 450 2886 522 quia,
2911 452 3010 507 etsi
3035 452 3323 524 negaretis,
3351 452 3527 507 statim
3552 452 3708 507 vobis

411 541 818 597 terisasalute.
869 542 1057 613 igitur,
1105 542 1354 613 quoniam
1385 542 1590 614 primus
1644 542 1902 599 adventus
1957 551 2012 598 et

411 634 654 705 plurimis
697 634 880 706 iignris
916 637 1250 704 ohscuratus,
1284 635 1356 709 (b)
1390 644 1445 692 ct
1485 637 1631 692 omni
1675 636 2012 693 inltonestate

412 736 738 797 prostratus,
770 729 1082 793 cauebatur,
1135 730 1404 786 secundus
1439 744 1567 784 vero
1615 739 1670 785 et
1699 729 2012 784 manifestus

410 830 468 877 ct
495 822 609 877 Deo
649 823 980 894 condignus;
1021 824 1222 881 idcirco
1250 841 1408 897 quem
1439 824 1596 881 facile
1632 835 1686 881 et
1716 825 2013 895 intelligere

411 923 465 970 et
513 914 741 971 credere
772 926 1084 987 potuerunt,
1130 933 1253 973 eum
1286 917 1460 973 solum
1511 919 1801 982 intuentes,
1828 916 1879 970 id
1929 924 2014 971 est

359 1048 363 1054 .
411 1008 730 1075 secundum,
759 1009 851 1079 qui
885 1018 968 1064 est
992 1010 1044 1064 in
1076 1010 1279 1066 honore
1300 1021 1353 1066 et
1380 1010 1570 1083 gloria,
1603 1026 1708 1065 non
1740 1009 2014 1065 immerito

411 1099 618 1170 decepti
646 1108 776 1155 sunt
794 1102 936 1156 circa
960 1101 1344 1174 indigniorem,
1368 1114 1515 1157 certe
1544 1102 1934 1168 obscurior-cm,
1961 1100 2013 1156 id

413 1202 496 1248 est
527 1194 777 1259 primum.
814 1197 987 1266 Atque
1014 1196 1083 1250 ita
1116 1198 1165 1251 in
1218 1197 1537 1252 hodiernum
1580 1206 1776 1269 negant
1805 1196 2016 1251 venisse

415 1284 684 1341 Christum
712 1302 890 1351 suum,
910 1290 1034 1359 quia
1064 1304 1170 1345 non
1201 1289 1253 1344 in
1270 1290 1604 1346 sublimitate
1634 1291 1858 1358 venerit,
1888 1289 2013 1345 dum

421 1376 669 1447 ignorant
698 1378 750 1432 in
775 1378 1074 1434 humilitate
1104 1381 1279 1451 primo
1309 1380 1470 1437 fuisse
1498 1391 1805 1437 venturum.
1854 1382 2016 1437 Suili—

417 1475 489 1525 cit
505 1470 793 1542 hucusque
812 1471 878 1527 de
902 1471 983 1526 his
1002 1473 1213 1528 interim
1231 1473 1474 1529 ordinem
1490 1474 1689 1530 Christi
1712 1475 2017 1531 deem-risse

418 1576 525 1633 quo
575 1562 695 1619 talis
746 1564 1000 1633 probatur
1037 1566 1178 1636 quali
1234 1566 1668 1632 adnuntiahatm',
1708 1577 1765 1622 ut
1789 1567 1900 1638 jam
1950 1584 2017 1624 ex

421 1654 521 1708 ista
542 1656 889 1711 consonantia
903 1657 1295 1727 Scripturarum
1313 1656 1612 1714 divinarum
1637 1659 2018 1731 intelligamus,

427 1756 483 1803 et
507 1763 628 1818 qua:
655 1759 775 1819 post
802 1750 1073 1805 Christum
1107 1750 1279 1806 futura
1312 1752 1762 1823 p'mdicabantur,
1809 1769 1874 1809 ex
1906 1754 2018 1809 dis-

2116 540 2167 596 in
2200 540 2444 607 Psalmis,
2471 543 2625 598 sicuti
2644 542 2754 614 jam
2780 544 3057 615 pra'locuti
3083 560 3269 600 sumus
3293 544 3577 614 promissio
3607 544 3708 598 Pn-
3776 544 3801 567 ‘

2119 638 2211 693 tris
2233 648 2559 705 occurreret,
2584 640 2811 695 dicentis
2845 658 2857 693 :
2886 639 3035 694 Elius
3065 655 3203 693 meus
3232 655 3283 695 es
3312 649 3383 704 tu,
3437 654 3528 709 ego
3558 638 3710 692 hodie

2116 731 2265 804 genui
2293 742 2371 797 te;
2401 742 2512 805 pete
2548 749 2579 786 a
2606 748 2703 799 me,
2744 741 2790 786 et
2829 731 2960 786 dabo
3010 731 3096 786 tibi
3146 742 3315 803 gentes
3363 730 3708 785 ha’reditatcm

2119 835 2275 889 tuam,
2326 836 2370 879 et
2399 825 2763 897 possessionem
2794 835 2931 877 tuam
2961 824 3203 877 terminos
3231 834 3378 878 tetra:
3409 821 3525 893 (Ps.
3557 822 3619 887 ll,
3654 822 3707 887 7,

2119 916 2210 988 8);
2245 917 2343 972 nec
2359 918 2602 987 poteritis
2630 921 2680 973 in
2706 917 2860 971 istam
2891 915 3322 987 pra'diCationcm
3346 915 3514 985 magis
3549 914 3710 968 Dthld

2121 1011 2288 1066 lilimn
2321 1012 2662 1068 Salomonem
2693 1010 2998 1077 vindicare,
3027 1025 3186 1081 quam
3225 1010 3498 1065 Christum
3529 1009 3618 1064 Dei
3653 1008 3714 1063 li—

2119 1105 2250 1161 lium
2297 1104 2478 1161 dicere
2526 1104 2547 1177 (
2573 1106 2606 1161 5
2635 1106 2682 1175 );
2735 1120 2834 1160 nec
2887 1103 3145 1160 terminos
3185 1111 3343 1159 teme
3395 1100 3560 1157 David
3606 1101 3717 1157 lilio

2121 1199 2438 1269 promiSSns,
2464 1200 2554 1269 qni
2586 1184 2722 1252 intra
2758 1197 2967 1253 unicam
2996 1195 3235 1251 Juda-am
3269 1194 3532 1267 regnarit.
3555 1210 3713 1265 quam

2121 1291 2337 1348 Christo
2362 1291 2473 1346 lilio
2514 1291 2629 1358 Dei,
2665 1287 2737 1363 (ε)
2771 1290 2858 1361 qui
2893 1298 3060 1344 totum
3084 1288 3195 1360 jam
3225 1288 3410 1343 orbem
3442 1287 3717 1358 Evangelii

2121 1385 2202 1441 sui
2239 1383 2403 1439 radiis
2433 1383 2794 1439 inluminavit.
2832 1381 3071 1453 Denique
3100 1392 3154 1437 et
3178 1381 3400 1436 thronus
3445 1380 3497 1434 in
3544 1394 3715 1434 awuttt

2124 1478 2293 1548 magis
2308 1475 2523 1531 Christo
2547 1474 2637 1530 Dei
2655 1475 2764 1528 lilio
2783 1474 3058 1544 competit,
3088 1488 3245 1543 quam
3268 1471 3564 1532 Salomoni.
3585 1484 3723 1526 teut-

2127 1570 2291 1643 por-ali
2319 1569 2521 1624 scilicet
2545 1568 2689 1639 regi,
2714 1567 2801 1639 qui
2833 1567 2935 1622 soli
2967 1566 3131 1622 Israel
3174 1562 3716 1638 regnavit.Christum

2125 1664 2266 1719 enim
2296 1661 2454 1716 hodie
2473 1660 2721 1715 invocant
2743 1658 2985 1714 nationes
3029 1673 3149 1729 qua:
3173 1674 3295 1713 cum
3327 1674 3431 1712 non
3457 1657 3716 1719 sciebant,
3742 1659 3746 1663 ’

2120 1738 2180 1812 ct
2202 1755 2380 1827 populi
2414 1753 2572 1808 hodie
2604 1752 2671 1807 ad
2701 1752 2969 1808 Christum
2999 1750 3332 1822 confugiunt,
3375 1765 3533 1821 quem
3578 1760 3722 1805 retro

427 1840 696 1911 positione
738 1840 914 1895 divina
941 1843 1531 1914 credantur‘cxpuncta.
1586 1846 1699 1901 Nisi
1741 1847 1887 1902 enim
1925 1846 2015 1902 ille
2046 1855 2092 1916 Β
2122 1849 2455 1921 ignorabant.
2482 1845 2595 1901 Non
2623 1853 2776 1916 potes
2805 1844 3038 1899 futurum
3065 1843 3419 1910 contendere,
3464 1842 3606 1912 quod
3635 1842 3739 1919 κίε

417 1933 658 1989 venisset
702 1942 825 2003 post
868 1950 1026 2004 quem
1075 1936 1344 1992 habebant
1380 1938 1633 2008 expungi,
1677 1937 1826 1992 nullo
1861 1938 2020 1994 modo

416 2025 728 2082 creuissent
756 2023 833 2097 (1)
863 2042 980 2097 qua:
1028 2028 1078 2082 in
1126 2029 1411 2085 adventum
1459 2031 1577 2100 ejus
1609 2030 1779 2085 futura
1829 2030 2022 2100 praedi-

420 2115 761 2173 dicabantur.
792 2118 957 2189 Igitur
994 2121 1039 2175 si
1073 2122 1350 2178 universas
1378 2124 1625 2179 nationes
1644 2123 1713 2179 de
1756 2122 2019 2193 profundo

409 2210 613 2265 erroris
642 2209 860 2265 humani
908 2212 1104 2268 exinde
1146 2222 1485 2284 emergentes
1538 2213 1604 2269 ad
1654 2214 1820 2270 Deum
1873 2229 2024 2270 crea-

412 2310 588 2359 torem
640 2312 695 2358 et
742 2302 1011 2361 Christum
1064 2305 1180 2378 ejus
1224 2307 1443 2363 cernitis
1474 2305 1585 2380 (2),
1640 2308 2017 2378 prophetatum

2124 1945 2219 2000 des
2247 1941 2383 1997 fieri.
2435 1940 2559 1994 ιιωε
2580 1947 2668 1993 aut
2709 1938 3023 2007 protihetata
3054 1952 3219 2007 nega,
3270 1952 3391 1990 cum
3441 1949 3621 1991 coram
3649 1938 3725 1987 ri-

2123 2043 2354 2107 dentur;
2383 2047 2476 2094 ant
2501 2036 2788 2106 adimplcta
2817 2051 2938 2091 cum
2969 2034 3215 2103 leguntur
3243 2049 3256 2087 :
3289 2042 3379 2087 aut
3416 2031 3460 2087 si
3492 2046 3598 2086 non
3631 2048 3727 2085 ue-

2124 2150 2218 2207 gas
2253 2144 2559 2205 utrmnqne,
2583 2130 2635 2184 in
2666 2145 2731 2185 eo
2759 2138 2918 2184 erunt
2953 2126 3241 2197 adimpleta
3288 2126 3340 2181 in
3386 2139 3545 2196 quem
3601 2133 3728 2178 sunt

2125 2230 2465 2305 prophetale.
3311 2280 3327 2300 ι
3415 2276 3781 2356 usque,

1632 2419 2013 2479 LECTIONES
2051 2409 2464 2476 VARIANTES.

481 2536 557 2591 (1)
579 2533 845 2584 Venissent
867 2530 1022 2585 Seml.
1046 2534 1205 2588 Obert.

481 2537 526 2591 (1
579 2537 845 2584 Venissent
867 2537 1022 2585 Seml.
1046 2537 1205 2588 Obert.

479 2537 557 2661 (2i
576 2597 715 2657 Quod
732 2596 854 2648 add.
876 2598 1032 2648 Serui.
1059 2596 1219 2651 Obert.

420 2833 565 2876 mus.
593 2817 898 2874 distributio
928 2827 1043 2874 erat
1067 2819 1263 2883 carnis,
1297 2833 1416 2888 qua:
1443 2818 1558 2874 fieri
1581 2818 1814 2886 solebat,
1843 2818 1925 2874 vel
1972 2819 2023 2873 in

418 2891 650 2946 Solemni
681 2888 980 2956 sacrificio,
1017 2891 1099 2946 vel
1137 2891 1190 2945 in
1215 2889 1402 2947 funere
1422 2891 1738 3017 excellcnltis
1769 2889 2024 2959 alicuius.

1706 2977 1799 3016 au.

1706 2977 1799 3016 AM.

422 3092 433 3103 θ
496 3028 573 3103 (a)
609 3030 968 3104 Jejunantibus
1009 3031 1200 3087 ueteris
1224 3049 1255 3086 a
1302 3033 1488 3088 salute.
1542 3032 1745 3104 Nempe
1774 3031 2021 3095 ethnicis,

420 3104 747 3163 inlideltlms.
784 3103 904 3160 lita.

500 3172 659 3245 (b)Et
688 3175 827 3247 omni
849 3176 1178 3247 inhonestate.
1210 3173 1607 3247 lnltoncstatcm
1654 3172 1872 3247 (inquit,
1914 3183 2023 3227 tum

2201 2530 2275 2590 (3)
2297 2526 2482 2578 Dicere
2504 2522 2633 2575 abes!
2655 2518 2784 2574 aliis.

1782 2699 2338 2762 COMMENTARIUS.

2211 2812 2284 2886 (ς)
2324 2812 2425 2879 Qui
2445 2819 2600 2886 totum
2623 2810 2734 2886 jam
2751 2810 2939 2886 orbem,
2966 2815 3070 2886 etc.
3104 2807 3211 2862 Etsi
3246 2805 3735 2886 iuprituoadt'en-

2133 2895 2187 2941 ttt
2219 2878 2523 2954 spernendo
2551 2878 2696 2936 cultu
2728 2883 2873 2935 visus
2902 2881 3080 2945 fuerit,
3124 2882 3359 2954 secundo
3389 2878 3735 2954 nihilominus

2131 2961 2226 3014 rex
2253 2950 2564 3025 apparebit;
2600 2966 2860 3025 regesque
2881 2966 3075 3025 onincs
3105 2960 3159 3004 et
3178 2950 3421 3019 dynasta:
3454 2963 3519 3025 ac
3560 2951 3735 3025 impe-

2135 3021 2346 3083 ratores
2374 3040 2609 3087 crucetn,
2641 3037 2760 3093 qua:
2816 3021 3047 3093 infamia}
3090 3032 3212 3074 nota
3259 3031 3399 3093 erat,
3434 3021 3738 3093 adoralmnt

2131 3098 2393 3167 Quoniam
2411 3098 2517 3167 ipse
2528 3106 2600 3167 est
2623 3090 2713 3147 rex
2728 3109 2905 3164 regunt
2934 3102 2981 3145 et
3008 3091 3241 3144 dominus
3264 3090 3657 3167 dominantium,
3683 3102 3737 3167 et

2131 3163 2237 3227 alio
2265 3170 2316 3223 in
2342 3163 2481 3233 loco,
2516 3166 2738 3220 Adorent
2762 3163 2879 3218 eum
2904 3179 3075 3216 omnes
3103 3172 3291 3232 gentes,
3325 3172 3429 3216 etc.
3463 3163 3733 3228 Quemad-

424 3234 533 3319 ltit::,
566 3234 674 3299 tum
709 3244 849 3319 inira
873 3246 965 3319 lib.
999 3244 1063 3299 Ill
1089 3247 1205 3319 adv.
1239 3246 1431 3319 alarm,
1477 3234 1677 3319 lihen.)
1707 3234 1901 3315 accipit
1932 3260 2025 3314 pro
2052 3236 2097 3299 C
2132 3242 2350 3297 modum
2381 3250 2560 3294 autem
2588 3236 2897 3319 prapdictum
2926 3238 3100 3319 luerat
3121 3237 3301 3319 ipsum
3324 3242 3628 3319 rentnrt'unl,
3654 3234 3725 3287 ita

422 3317 786 3388 deformitate,
808 3316 963 3372 sicuti
992 3318 1150 3388 paulo
1182 3314 1331 3388 prius
1362 3321 1602 3372 honestas
1637 3314 1732 3387 pro
1778 3314 2025 3387 formoso.

422 3387 596 3456 Supra
624 3397 805 3442 autem
849 3388 941 3442 lib.
972 3387 1042 3441 ad
1069 3387 1369 3456 Scapulam,
1395 3404 1516 3443 cum
1545 3390 1698 3452 dixit,
1729 3388 1905 3457 quanti
1924 3388 2032 3457 Vlto-

424 3460 704 3586 uesticilqi,
757 3456 1049 3516 honoratos
1092 3461 1237 3516 viros
1267 3460 1486 3531 intelligi
1513 3460 1711 3516 ibidem
1744 3456 1823 3514 ibi
1868 3456 2036 3514 adno-

427 3540 578 3586 tavu.
654 3546 752 3587 Alt.

1086 3694 3102 3740 ἑπτα-ΞΜ

451 3709 1169 3745 mp;

866 3883 1257 3972 QUINTI
1307 3882 1807 3956 SEPTIMII
1873 3875 2492 3955 FLOBENTIS
2548 3869 3302 3946 TERTULLIANI

1224 4114 1823 4262 LIBER
1917 4112 2189 4256 DE
2268 4106 2528 4253 AN
2547 4102 2976 4248 IMA.

1760 4397 2411 4428 ...ψ-ξ.-

442 4576 732 4649 Seripserat
756 4572 1126 4637 Tertullianus,
1159 4577 1214 4623 ut
1239 4569 1348 4641 ipse
1361 4567 1455 4633 ait,
1481 4575 1657 4621 contra
1692 4561 2054 4633 Hermogenem
2078 4561 2132 4622 D
2158 4568 2232 4612 rct
2263 4574 2397 4613 :nee
2426 4567 2587 4613 essent
2623 4565 2730 4611 tum
2774 4556 2867 4611 illa
2911 4555 3091 4627 quibus
3119 4572 3151 4609 a
3180 4555 3504 4626 philosOphia
3529 4557 3751 4612 licerelici

516 4667 700 4723 librum
729 4666 796 4721 de
823 4682 975 4719 censu
1001 4679 1089 4718 seu
1125 4661 1320 4733 origine
1348 4659 1570 4722 animat;
1610 4655 1694 4729 qui
1727 4654 1870 4717 liber,
1903 4652 2052 4707 hodie

517 4760 853 4825 desideratus,
884 4766 1133 4827 quantum
1158 4753 1330 4819 datur,
1361 4751 1667 4806 mentionem
1690 4747 1837 4803 habet
1868 4746 1920 4801 in
1944 4762 2052 4800 sec-

519 4855 655 4909 tione
678 4852 902 4923 sequenti
925 4865 942 4904 :
965 4864 1098 4904 nunc
1133 4856 1303 4901 autem
1333 4850 1386 4899 in
1421 4847 1517 4899 hoc
1544 4850 1760 4896 tractatu
1785 4883 1800 4907 ,
1833 4840 2045 4906 Auctor,

511 4952 626 5023 jam
657 4949 996 5015 moutanista,
1025 4946 1088 5001 de
1115 4944 1302 5001 anima;
1350 4950 1485 4998 statu
1525 4949 1571 4995 et
1597 4938 1805 5007 reliquis
1843 4937 1912 4990 ad
1942 4951 2053 4990 eam

529 5042 892 5115 pertinentibus
916 5040 1300 5113 qmestionibus,
1333 5036 1576 5090 adversus
1605 5030 1937 5102 philosophos
1967 5029 2050 5081 rli-

527 5140 704 5204 micat,
732 5138 815 5191 cui
839 5146 1007 5190 tamen
1031 5134 1167 5205 falsa
1203 5129 1445 5200 iuspersit
1484 5124 1762 5200 principia,
1787 5123 2055 5192 uariosque

526 5246 724 5287 errores
748 5230 857 5302 ipse
884 5227 1236 5283 Tertullianus
1259 5222 1496 5278 inseruit.

527 5326 571 5381 1.
605 5324 672 5379 In
704 5323 880 5395 primis
900 5330 1066 5376 autem
1093 5320 1235 5374 docet
1258 5333 1360 5373 non
1381 5333 1415 5371 a
1438 5315 1655 5372 Socrate
1688 5307 2053 5368 immortalita-

458 5428 559 5475 tem
580 5417 785 5483 aninue,
817 5414 906 5471 sed
934 5430 967 5467 α
1000 5411 1103 5467 Deo
1128 5400 1469 5466 discendam.

532 5510 600 5566 11.
646 5508 760 5566 Etsi
806 5508 941 5564 enim
979 5523 1013 5563 a
1050 5516 1237 5562 natura
1283 5504 1522 5577 pleraque
1562 5506 1921 5573 suggerantur,
1968 5503 2059 5549 aut

459 5605 616 5662 etiam
639 5618 702 5657 ea;
729 5599 992 5673 prophetis
1040 5599 1229 5653 hausta
1268 5600 1495 5669 fuerunt,
1554 5602 1723 5651 tamen
1764 5585 2060 5662 philosophi

454 5694 630 5753 multa
648 5695 811 5749 mixta
833 5692 992 5750 uersis
1019 5691 1156 5764 falsa
1179 5688 1521 5745 tradiderunt.

534 5784 621 5841 ΙΙΙ.
656 5783 885 5850 Utinam,
915 5782 1060 5837 nulla
1081 5774 1267 5837 haeresi
1284 5780 1552 5844 eminente,
1571 5774 1703 5831 nihil
1717 5771 1925 5830 omriino
1946 5785 2061 5824 eum

460 5877 782 5954 philowphis
800 5917 816 5946 ,
846 5872 1154 5949 patriarchis
1184 5872 1539 5928 hereticorum
1562 5911 1577 5939 ,
1604 5864 1966 5941 experiendum
1987 5865 2067 5935 fo-

2137 3323 2192 3368 et
2223 3302 2604 3381 regnatnrtnni
2634 3308 2676 3381 si
2712 3310 2908 3381 itaque,
2953 3314 3009 3359 nt
3046 3303 3235 3381 probat
3281 3318 3467 3381 contra
3520 3302 3738 3381 Judaros

2142 3375 2317 3452 (quod
2364 3379 2684 3436 Christianis
2719 3378 2968 3433 omnibus
3014 3375 3421 3452 certi_SSintnm),
3470 3377 3634 3439 seuit,
3683 3385 3739 3429 ut

2145 3446 2501 3524 adimpleatur
2530 3446 3273 3524 prophetarumvaticinium,
3309 3453 3498 3516 regnat
3523 3460 3736 3516 quoque

2145 3517 2308 3598 super
2333 3517 2879 3580 orbem'universum.
2913 3517 2989 3573 Ls
3014 3519 3108 3583 Pa.

3105 3691 3671 3724 ἀπαιτεῖ-ἐπει

3849 3803 3954 4065 δέ

3804 4016 3945 4157 iii

3965 3941 4024 4047 ii

3968 4047 4024 4150 ἒξ

3801 4198 3854 4310 ξ,

3840 4120 3893 4292 ἓ

3916 4165 3964 4324 ἓ

3894 4540 3964 4703 δῖ

3929 4938 3961 5002 ἓ

3932 4192 4024 4229 υ.-

3932 4217 4024 4364 iii

3932 4364 4024 4439 κδέ

3932 4432 4024 4549 ξεί

3932 4540 3979 4581 ιῒ

3932 4594 4015 4708 ἐξ

3932 4703 4024 4828 se

3932 4846 3998 4929 .15

3932 4929 4023 5021 Mf

3932 5006 4020 5074 ἑκ

2156 4651 2448 4720 capiuntur,
2478 4649 2804 4712 destruenda,
2838 4658 2954 4702 tunc
2983 4648 3091 4703 hate
3113 4648 3295 4721 quibus
3321 4648 3500 4718 ﬁdeles
3545 4649 3609 4704 ab
3641 4652 3748 4705 ha:-

2156 4745 2255 4798 resi
2277 4744 2649 4809 concutiuntur,
2676 4742 3013 4798 retundendo.

3754 4761 3761 4766 .

3808 4741 3836 4767 λ

3861 4704 3902 4792 Ξ.

2229 4854 2317 4912 IV.
2352 4855 2545 4911 Deinde
2575 4858 2642 4910 ad
2672 4857 2957 4911 institutum
2987 4854 3264 4922 accedens,
3299 4856 3520 4926 primum
3565 4859 3750 4912 mlver-
3818 4866 3874 4959 θ

2156 4964 2241 5004 sus
2284 4947 2552 5003 Platonem
2588 4948 2813 5003 animam
2858 4957 3029 5002 natam
3076 4957 3122 5001 et
3165 4951 3358 5019 {actam
3396 4948 3552 5017 dicit,
3582 4959 3754 5019 utpote

2156 5058 2219 5096 ea:
2249 5041 2341 5096 Dei
2371 5043 2524 5112 ﬂatu.
3933 5033 4006 5116 ἒξ

2229 5151 2297 5209 ν.
2330 5152 2515 5208 Plures
2545 5152 2695 5208 etiam
2721 5151 3072 5223 philosophos,
3107 5152 3198 5206 etsi
3237 5150 3506 5206 Aristotele
3551 5161 3597 5205 et
3619 5150 3750 5207 Pla-
3930 5130 4007 5231 θές

2162 5260 2279 5306 tone
2326 5247 2696 5319 corpulentiam
2739 5247 2786 5301 ei
2825 5245 3185 5317 auferentibus,
3214 5261 3399 5316 corpus
3427 5246 3612 5301 eniture
3640 5247 3755 5302 viu-
3826 5230 3891 5365 ἔ

2168 5344 2357 5365 μω,
3878 5330 3885 5345 »η

2161 5344 2376 5399 dicasse.
2422 5318 2427 5319 γ
3906 5320 3959 5430 ἲς
3974 5318 4013 5438 ἒ

2235 5454 2324 5511 VI.
2354 5452 2504 5522 Quod
2532 5450 2829 5523 paradoxon
2859 5451 3010 5505 etiam
3043 5450 3229 5505 Auctor
3257 5449 3338 5503 hic
3364 5456 3585 5516 secutus,
3616 5449 3754 5505 Pla-
3824 5426 3882 5543 :4"

2251 5494 2324 5511 η.
2355 5494 2501 5522 κων..
2532 5494 2829 5523 puum“-..
3043 5494 3214 5505 .---.-.
3257 5494 3333 5503 ...-
3364 5494 3585 5516 --η-...η
3616 5494 3634 5503 -
3739 5494 3751 5496 ἡ
3985 5494 4002 5508 .

2163 5549 2447 5606 tonicorum
2495 5554 2811 5617 argumenta.
2859 5542 3040 5613 quibus
3092 5542 3465 5612 incorporalem
3527 5560 3756 5598 anmtant

2341 5639 2353 5650 Δ
2588 5640 2599 5650 ι
2661 5642 2678 5650 Α
2708 5637 2720 5649 ο
2791 5639 2803 5650 ι
2918 5640 2936 5650 Δ
2967 5637 3039 5650 ιιι-
3838 5630 3861 5650 \
3983 5645 3994 5650 -

2164 5639 2474 5709 asserebant,
2500 5640 2625 5695 satis
2650 5637 2832 5711 [rivale
2853 5637 3061 5706 refellit.
3832 5630 3884 5726 ἃ
3932 5612 4003 5745 ’ἐξ

2240 5761 2350 5817 VII.
2378 5759 2496 5814 lmo
2542 5754 2954 5825 corporalitatem
2998 5750 3184 5806 anima:
3208 5765 3273 5805 ea:
3299 5747 3587 5818 Evangelia
3636 5763 3758 5821 per-
3936 5730 3968 5832 ξ

3827 5840 3956 5874 .“ἑ

2170 5871 2344 5929 peram
2366 5852 2577 5927 probare
2606 5848 2799 5904 nititur.

3936 5716 4024 5800 aa

3935 5804 4024 5888 23’

3901 5868 4016 6072 ii

3812 6102 3867 6135 [ν
