4062 6288
370 331 478 389 645

1788 330 2172 391 TERTULLIA
2182 333 2249 389 NI

3561 340 3667 397 6M

445 447 579 505 VIII.
612 449 694 503 Ad
741 450 845 504 alia
889 450 1069 503 iterum
1109 446 1496 503 Platonicorum
1539 459 1835 519 argumenta
1864 466 1963 504 res-
1997 448 2053 509 A
2150 448 2311 503 XXII.
2353 447 2607 515 Quocirca
2642 451 2866 505 animam
2894 450 3099 521 deﬁniri
3130 472 3142 505 :
3182 449 3272 506 Dei
3301 452 3427 522 ﬂatu
3459 463 3665 522 natam,

379 543 627 615 pandens.

455 636 547 691 IX.
580 636 754 701 Quid?
780 638 913 706 quod
935 637 1143 707 efﬁgiem
1180 654 1375 706 quoque
1403 653 1503 691 non
1536 647 1763 691 vereatur
1788 638 1974 691 anima:

382 731 705 803 quantumvis
734 730 1008 783 immortali
1037 730 1294 801 effingere,
1322 747 1534 798 eamque
1555 730 1741 785 coloris
1770 733 1906 784 aerei
1928 740 1974 785 et

382 824 558 879 lucidi.

428 962 431 965 γ
456 917 525 974 X.
566 918 772 974 Rectius
801 917 1037 987 deinceps
1069 933 1223 970 unum
1249 934 1356 971 esse
1380 917 1523 972 docet
1549 918 1773 973 animam
1797 928 1844 972 et
1864 920 1973 990 spi-

380 1013 559 1079 ritum,
589 1013 749 1066 vivere
774 1020 821 1064 et
849 1012 1067 1079 spirare,
1099 1011 1174 1064 vel
1194 1026 1257 1064 ea:
1276 1027 1333 1065 eo
1364 1012 1501 1081 quod
1539 1012 1606 1064 ad
1632 1021 1821 1066 statum
1851 1013 1974 1081 ﬁdei

381 1105 638 1175 pertinet,
689 1102 969 1173 simplicem
1020 1102 1249 1157 animam
1303 1102 1644 1158 determinare
1698 1106 1974 1160 secundum

379 1198 674 1255 Platonem.

450 1291 543 1345 XI.
574 1289 660 1346 Ita
691 1301 856 1345 tamen
885 1291 1119 1361 spiritum
1146 1292 1371 1345 animam
1417 1292 1517 1346 dici
1545 1332 1560 1359 ,
1592 1302 1645 1345 ut
1674 1308 1832 1359 neque
1876 1288 1975 1344 Dei

376 1386 586 1455 spiritus
614 1386 697 1451 sit,
726 1386 865 1456 quod
906 1386 1168 1439 videbatur
1200 1383 1539 1457 Hermogenes
1584 1378 1786 1454 sentire,
1816 1402 1975 1457 neque

374 1481 607 1550 spiritale
654 1482 824 1536 nescio
868 1480 1008 1552 q'uod
1048 1497 1218 1534 semen
1262 1479 1735 1535 Valentinianorum
1786 1480 1975 1534 anima:

374 1574 619 1628 collatum
650 1576 733 1628 sit.

449 1665 560 1720 XII.
593 1650 831 1719 Animum
856 1666 977 1720 item
1004 1665 1066 1719 ab
1089 1666 1265 1719 anima
1286 1681 1386 1719 non
1412 1666 1667 1735 separari,
1692 1674 1866 1734 utpote
1886 1663 1972 1736 qui

375 1759 475 1814 non
505 1761 651 1815 aliud
691 1776 844 1830 quam
880 1769 1164 1830 suggestus,
1195 1759 1297 1813 sive
1318 1769 1527 1812 ornatus
1562 1758 1627 1811 sit
1664 1758 1850 1812 animle
1873 1773 1972 1828 quo

2076 543 2432 609 immortalem,
2468 547 2781 613 corporalem
2810 543 2895 617 (en
2921 546 3100 599 iterum
3143 547 3447 617 paradoxon
3480 546 3667 601 Aucto-

2074 635 2168 705 ris)
2197 635 2490 706 e/ﬁgiatam,
2514 637 2795 690 substantia
2823 637 3123 708 simplicem,
3148 639 3210 692 de
3238 656 3330 694 suo
3370 640 3664 709 patientem,

2075 728 2213 781 varie
2265 730 2648 799 procedentem,
2702 729 2910 784 liberam
2960 732 3198 798 arbitrii,
3241 732 3532 788 accidentiis
3581 733 3673 787 ob-

2077 824 2303 887 noxiam,
2339 840 2427 893 per
2456 824 2659 895 ingenia
2690 824 3013 891 mutabilem,
3043 826 3385 894 rationalem,
3435 826 3671 881 domina-

2078 919 2272 982 tricem,
2300 917 2669 971 divinatricem.

2149 1008 2340 1064 XXIII.
2376 1008 2512 1063 Dum
2554 1011 2793 1079 deinceps
2814 1011 3060 1081 quteritur
3102 1013 3236 1068 unde
3270 1014 3476 1082 anima,
3507 1015 3671 1071 luere—

2076 1105 2201 1159 ticos
2248 1103 2494 1173 quosdam
2544 1121 2646 1159 non
2685 1114 2817 1158 recte
2861 1122 2970 1160 eam
3023 1125 3051 1162 e
3094 1109 3232 1163 cmlis
3264 1110 3489 1181 deferre,
3519 1122 3672 1177 atque

2076 1196 2251 1251 eodem
2290 1197 2574 1252 indubitate
2622 1198 2901 1252 redituram
2928 1216 3173 1270 asserere,
3201 1220 3415 1273 quorum
3446 1205 3673 1259 omnium

2076 1290 2534 1344 condimentarium
2568 1288 2742 1347 Plato.

2149 1383 2340 1439 XXIV.
2377 1383 2581 1438 Novum
2609 1386 2778 1456 itaque
2807 1384 3045 1442 Platonis
3089 1400 3445 1460 argumentum
3489 1391 3671 1451 elidit:

2077 1477 2348 1534 discentias
2375 1478 2772 1533 reminiscentias
2803 1496 2932 1544 esse,
2962 1482 3058 1535 hoc
3095 1492 3190 1548 est,
3217 1484 3468 1537 venientes
3493 1502 3520 1538 e
3544 1484 3673 1540 caelo

2076 1574 2276 1627 animas
2303 1573 2527 1627 oblivisci
2551 1591 2726 1630 eorum
2767 1576 2820 1629 in
2864 1575 3044 1646 quibus
3074 1579 3266 1649 fuerint
3287 1578 3452 1649 prius,
3482 1580 3670 1634 dehinc

2077 1681 2142 1719 ex
2172 1665 2251 1719 his
2272 1666 2550 1720 visibilibus
2576 1668 2836 1722 recordari
2857 1669 3166 1723 earumdem.

2151 1754 2318 1811 XXV.
2354 1757 2471 1829 Agit
2502 1757 2685 1813 deinde
2709 1758 2952 1814 adversus
2984 1760 3207 1828 Stoicos,
3237 1771 3281 1816 et
3312 1764 3479 1833 ipsum
3513 1764 3673 1819 inter-

375 1854 508 1923 sapit
538 1869 556 1906 :
586 1852 735 1922 idque
759 1863 934 1906 contra
951 1852 1312 1923 Anaxagoram
1331 1860 1375 1904 et
1397 1851 1733 1915 Aristotelem,
1759 1867 1973 1922 quarunt
2002 1845 2051 1906 B
2080 1848 2201 1901 dum
2235 1848 2523 1915 Platonem,
2548 1851 2635 1921 qui
2665 1861 2775 1919 post
2807 1862 3009 1922 partum
3039 1855 3241 1925 corpori
3267 1856 3489 1909 animam
3519 1856 3676 1912 indu-

376 1946 463 1999 ille
483 1944 914 2009 commiscibilem,
946 1944 1040 1997 iste
1061 1944 1351 2014 passibilem
1374 1944 1606 1996 animum
1628 1944 1862 2014 negabat.

450 2035 588 2090 XIII.
625 2036 775 2104 Quod
800 2037 953 2090 etiam
1001 2035 1120 2088 inde
1170 2035 1392 2113 probat,
1437 2037 1573 2106 quod
1617 2034 1974 2105 principalitas

374 2128 582 2191 animat,
607 2145 708 2181 non
735 2129 906 2181 animo
932 2128 1179 2181 tribuatur
1202 2144 1221 2193 ;
1245 2129 1399 2181 etiam
1427 2127 1655 2181 animum
1679 2126 1816 2181 Deus
1844 2143 1973 2182 sem-

377 2241 467 2294 per
491 2222 805 2291 alloqaatnr,
834 2239 935 2275 non
957 2222 1202 2275 animum.
1542 2292 1585 2317 ο

450 2315 586 2372 XIV.
613 2314 738 2371 Cum
758 2327 926 2370 autem
948 2317 1193 2369 diriditur
1214 2317 1385 2371 anima
1412 2318 1463 2370 in
1496 2313 1664 2386 pa'rtes
1691 2333 1720 2369 a
1751 2313 1975 2369 Platone

346 2416 349 2420 '
375 2420 463 2462 aut
484 2410 597 2463 aliis
623 2452 637 2475 ,
662 2409 792 2463 vires
830 2420 877 2463 et
919 2408 1167 2478 e/Iicacias
1199 2418 1243 2462 et
1269 2427 1451 2478 apertis
1477 2411 1705 2464 diversas
1737 2407 1971 2478 intelligi,

374 2504 524 2555 sicuti
550 2501 613 2554 de
650 2500 954 2571 quibusdam
981 2502 1139 2554 etiam
1186 2501 1429 2555 Aristoles
1476 2501 1750 2567 indicavit,
1801 2511 1975 2573 utpote

376 2595 526 2647 etiam
554 2593 661 2662 ipse
689 2593 949 2677 cum/aliis
980 2593 1234 2663 plerisque
1278 2595 1523 2647 unitatem
1570 2595 1757 2648 anima:
1785 2610 1972 2666 agnos-

375 2701 511 2739 cens.

448 2774 565 2829 XV.
604 2775 976 2848 llegemonicon
1008 2778 1211 2833 interim
1234 2820 1247 2843 ,
1285 2781 1338 2834 id
1373 2791 1468 2846 est,
1499 2797 1748 2834 summum
1775 2780 1827 2834 in
1855 2780 1973 2834 ani-

376 2886 459 2921 ma
484 2869 701 2939 gradunt
733 2870 1107 2941 sapientialem,
1140 2882 1468 2943 contraquam
1492 2874 1772 2926 sentiebant
1801 2872 1976 2927 Ascle-

375 2961 553 3033 piades
582 2972 630 3016 et
660 2960 1009 3029 Dicwarchus,
1039 2980 1153 3016 cum
1178 2963 1396 3019 Platone
1418 2976 1462 3018 et
1487 2966 1755 3020 Aristotele
1769 2965 1977 3037 agnosci

373 3054 530 3108 etiam
559 3071 590 3108 a
616 3052 941 3123 Christianis,
973 3057 1125 3128 idque
1149 3058 1200 3111 in
1229 3075 1426 3111 recessu
1451 3059 1638 3112 cordis.

449 3147 583 3203 XVI.
617 3148 699 3201 Ad
722 3149 875 3218 ﬁdem
917 3166 1115 3220 quoque
1140 3152 1411 3219 pertinere,
1442 3152 1578 3220 quod
1613 3151 1763 3205 Plato
1807 3150 1975 3220 parti-

2077 1949 2216 2001 cunt,
2250 1956 2312 1994 ex
2339 1941 2470 1994 aeris
2504 1942 2679 2011 frigidi
2700 1944 2871 2014 pulsu,
2895 1954 2983 1998 aut
3013 1946 3180 2014 prima
3204 1948 3503 2017 spiratione.

2150 2031 2339 2085 XXVI.
2384 2031 2580 2087 Eorum
2608 2037 2943 2103 sententiam,
2973 2038 3127 2091 etiam
3172 2056 3237 2093 ex
3280 2039 3678 2111 Scripturarum

2077 2124 2471 2197 christianarum
2497 2125 2850 2195 fundamento,
2882 2129 3206 2202 impugnans.

2149 2213 2360 2269 XXVII.
2410 2214 2673 2286 Deﬁniens
2723 2220 2875 2273 simul
2904 2219 3079 2275 ambas
3119 2223 3306 2277 auiam:
3346 2224 3678 2296 corporisque

2080 2309 2413 2376 substantias,
2442 2320 2487 2364 et
2508 2313 2729 2382 concipi,
2761 2322 2806 2367 et
2834 2314 3036 2384 conﬁci,
3062 2325 3109 2369 et
3130 2316 3329 2386 perﬁci.

2150 2403 2385 2460 XXVIII.
2422 2403 2585 2460 Porro
2612 2407 2762 2460 etiam
2792 2406 3029 2463 Platonis
3078 2410 3355 2464 secundum
3405 2410 3677 2483 Pythago-

2077 2516 2187 2551 ram
2220 2500 2539 2552 temerarium
2571 2502 2889 2555 mendacium
2914 2510 3276 2573 μιτεμφύχωσιν
3301 2506 3587 2577 impugnat,
3619 2506 3677 2560 id

2077 2601 2170 2656 est,
2197 2591 2525 2645 recitlivalunt
2545 2593 2853 2659 animarum,
2874 2595 3196 2651 revolubilem
3222 2614 3286 2652 ex
3308 2599 3506 2653 alterna
3535 2616 3674 2656 inor-

2077 2691 2276 2737 tuorum
2303 2694 2349 2737 et
2371 2686 2595 2739 vivorum
2621 2685 2935 2754 su/fectione.

2150 2776 2342 2831 XXIX.
2373 2776 2488 2831 Etsi
2518 2780 2650 2833 enim
2677 2796 2739 2834 ex
2767 2781 2887 2836 vivis
2916 2781 3044 2852 ﬁant
3089 2786 3305 2852 mortui,
3353 2803 3455 2842 non
3501 2797 3675 2844 tamen

2077 2866 2192 2921 ideo
2220 2885 2283 2922 ea:
2308 2871 2517 2923 mortuis
2554 2872 2729 2927 vivos.‘

2151 2958 2325 3013 XXX.
2355 2959 2508 3027 Dein,
2539 2964 2582 3017 si
2605 2980 2666 3017 ea:
2686 2964 2897 3019 mortuis
2916 2982 3116 3039 semper
3140 2969 3256 3036 vivi,
3287 2986 3442 3024 unum
3468 2972 3677 3027 omnino

2078 3059 2125 3106 et
2154 3052 2383 3106 eumdem
2413 3064 2646 3125 aportere
2689 3057 2846 3128 fuisse
2874 3057 3149 3114 hominum
3178 3078 3479 3130 numerum;
3507 3080 3622 3119 cum
3650 3081 3682 3121 e

2078 3147 2334 3202 contrario
2358 3147 2677 3204 inveniamus
2700 3150 2951 3221 paulatim
2985 3153 3267 3208 humanum
3292 3172 3450 3227 genus
3487 3154 3678 3212 exube-

375 3252 458 3295 tur
495 3241 719 3295 animam
749 3260 837 3313 per
865 3245 1168 3297 rationalem
1197 3254 1243 3297 et
1271 3245 1658 3311 irrationalem;
1696 3247 1770 3305 ita
1798 3256 1968 3300 tamen
1998 3232 2044 3296 C
2078 3255 2233 3296 t‘asse.

375 3342 432 3387 ut
480 3343 676 3388 natura:
732 3334 987 3405 primwrte
1036 3335 1305 3404 deputetur
1354 3337 1625 3403 rationale,
1683 3337 1977 3392 irrationale

374 3443 491 3482 vero
541 3427 976 3499 transgressioni;
1026 3445 1124 3482 non
1186 3440 1352 3483 tamen
1404 3430 1603 3496 placere
1663 3431 1977 3486 irrationalis

375 3522 748 3576 distinctionem
799 3522 850 3575 in
900 3522 1272 3594 indignutivum
1329 3534 1376 3577 et
1436 3525 1925 3595 concupiscentivum
1958 3567 1974 3593 ,

377 3614 515 3686 quod
572 3624 840 3686 utrumque
896 3617 1047 3670 etiam
1103 3615 1304 3670 Christo
1363 3628 1410 3671 et
1482 3618 1724 3673 rationali
1793 3620 1980 3674 anima:

375 3716 647 3777 competat.

450 3797 615 3852 XVII.
651 3797 823 3852 Etiam
852 3799 905 3852 in
934 3799 1029 3853 hoc
1060 3817 1161 3854 non
1190 3801 1395 3872 probari
1418 3799 1689 3857 Platonem
1718 3812 1764 3857 et
1787 3804 1977 3859 Acade-

388 3893 587 3971 micos,’
615 3894 754 3963 quod
801 3893 1179 3948 sensualitatem
1226 3895 1446 3966 quinque
1493 3911 1731 3950 sensuum
1778 3897 1981 3952 irratio-

388 3988 554 4062 nalegn
601 3988 966 4057 pronuntient:
995 4004 1152 4060 neque
1195 3989 1327 4044 enim
1369 3989 1516 4046 licere
1559 4008 1733 4046 sensus
1764 3992 1891 4046 istos
1930 3992 1982 4047 in

394 4081 599 4134 dubium
642 4096 897 4148 revocare,
931 4099 993 4137 ne
1022 4093 1067 4137 et
1098 4085 1151 4137 in
1189 4082 1391 4139 Christo
1423 4085 1486 4139 de
1510 4086 1613 4154 ﬁde
1640 4102 1819 4141 eorum
1846 4084 1981 4141 deli-

393 4171 609 4226 beretur.

464 4262 647 4319 XVIII.
686 4262 864 4334 Neque
910 4264 1193 4319 audiendas
1241 4268 1520 4336 hcereticos,
1574 4271 1671 4340 qui
1700 4288 1799 4324 non
1838 4271 1984 4326 aliter

391 4376 543 4430 quam
571 4376 688 4414 suas
714 4357 864 4413 Plato
893 4356 1084 4426 Idwas,
1110 4361 1479 4417 intellectualia
1504 4365 1696 4434 faciunt
1727 4366 1980 4433 veritates,

392 4453 649 4508 sensualia
687 4468 801 4506 vero
850 4453 1095 4523 imagines
1124 4455 1345 4507 veritatis
1393 4455 1678 4520 dumtaxat,
1729 4459 1817 4511 sed
1864 4475 1983 4528 per-

390 4546 511 4601 inde
557 4547 780 4600 aninunn
828 4563 916 4617 per
962 4562 1146 4617 corpus
1175 4549 1463 4617 corporalia
1489 4551 1673 4605 sentire
1697 4592 1712 4619 ,
1740 4552 1984 4620 quemad-

2154 3332 2346 3389 XXXI.
2395 3333 2611 3391 Etiamsi
2662 3336 2733 3390 ita
2782 3338 2869 3406 sit,
2900 3337 3128 3410 singulas
3157 3340 3355 3395 animas
3394 3341 3447 3396 in
3472 3342 3682 3414 singula

2080 3442 2298 3497 corpora
2325 3429 2506 3482 reverti
2535 3440 2800 3500 oportere;
2824 3432 3001 3486 eadem
3030 3432 3179 3487 aetate
3197 3475 3212 3500 ,
3241 3434 3431 3489 eisdem
3473 3435 3685 3490 institu-

2082 3521 2167 3588 tis,
2196 3522 2428 3592 ingeniis,
2463 3521 2674 3586 artibus,
2699 3533 2744 3577 et
2775 3541 2837 3579 ea:
2865 3524 3001 3578 omni
3017 3535 3184 3595 gente,
3220 3543 3365 3593 sexu,
3390 3526 3677 3600 dignitate;

2081 3612 2218 3681 quod
2241 3623 2407 3666 tamen
2437 3614 2546 3684 ipse
2570 3612 2899 3686 Pythagoras
2930 3633 3030 3671 non
3060 3618 3290 3673 admisit.

2154 3702 2370 3759 XXXII.
2402 3702 2637 3760 Delirare
2656 3721 2769 3762 vero
2797 3712 2956 3781 magis
2987 3709 3368 3781 Empedoclem,
3395 3712 3480 3781 qui
3511 3736 3682 3781 μετεν-

2082 3803 2365 3866 σωμάτωσιν
2395 3797 2682 3863 induxerit,
2717 3801 2898 3857 bestias
2924 3818 2985 3856 ex
3014 3803 3298 3858 hominibus
3318 3846 3333 3872 ,
3367 3815 3417 3860 et
3448 3806 3683 3863 homines

2084 3907 2146 3947 ea:
2170 3890 2338 3946 bestiis
2359 3893 2709 3947 revolventem.

2157 3980 2393 4037 XXXIII.
2427 3982 2604 4056 Neque
2642 4003 2756 4041 vero
2784 3988 2934 4041 etiam
2975 3988 3168 4059 judicii
3199 3992 3400 4047 nomine
3431 3993 3684 4049 vindicari

2086 4079 2182 4131 hoc
2213 4078 2434 4149 dogma;
2480 4081 2713 4135 evacuari
2744 4082 2898 4147 enim,
2948 4083 2993 4137 si
3020 4084 3237 4138 crimina
3263 4102 3365 4140 non
3404 4086 3555 4141 aliter
3582 4104 3684 4158 pu-

2085 4170 2311 4235 niantur,
2346 4180 2431 4225 aut
2460 4189 2647 4228 merces
2673 4190 2774 4228 non
2804 4174 2908 4229 alia
2936 4174 3080 4231 bonis
3106 4176 3275 4242 detur,
3303 4195 3456 4249 quam
3484 4179 3537 4234 in
3563 4182 3683 4235 ani-

2088 4263 2245 4315 malia
2265 4264 2536 4319 restitutio.

2160 4357 2403 4413 XXXIV.
2444 4358 2640 4414 Eadem
2686 4363 3064 4432 rcpercussione
3093 4363 3243 4431 (cedi,
3272 4366 3423 4418 etiam
3451 4364 3684 4420 Simonis

2088 4452 2343 4505 samarin
2390 4450 2610 4505 haeretici
2638 4454 2849 4506 similem
2883 4455 3175 4524 Opinionem
3229 4457 3293 4510 de
3333 4474 3425 4510 sua
3453 4454 3679 4521 Helena,

2089 4560 2242 4612 quam
2270 4561 2359 4613 per
2387 4545 2517 4598 alios
2540 4556 2687 4613 atque
2708 4546 2837 4601 alios
2864 4546 3067 4601 habitus
3092 4550 3353 4617 fwmineos
3379 4547 3679 4615 uolutatam,

390 4640 597 4694 modum
626 4656 715 4709 per
744 4641 973 4693 animum
1001 4640 1349 4709 incorporalia
1380 4640 1651 4712 intelligit;
1704 4645 1777 4697 sic
1815 4653 1981 4699 lmnen
2007 4626 2062 4687 Ι)
2090 4638 2241 4691 etiam
2270 4638 2411 4691 illaut
2439 4639 2598 4708 fuisse
2616 4640 2780 4694 aiebat
2810 4640 3017 4695 Priamo
3050 4644 3544 4713 perniciosissimam.

386 4745 439 4785 ut
470 4732 619 4786 etiam
647 4735 852 4797 sentiat,
883 4748 997 4785 cum
1024 4730 1281 4800 intelligit.

459 4823 601 4880 XIX.
630 4825 796 4895 Atque
823 4825 952 4879 adeo
982 4826 1291 4879 intellectum
1335 4842 1532 4895 semper
1573 4827 1761 4882 animle
1798 4829 1979 4896 inesse,

385 4922 461 4972 uti
487 4918 639 4973 etiam
668 4919 863 4986 reliqua
885 4920 1071 4974 anima:
1100 4919 1374 4972 naturalia.

459 5011 577 5071 XX.
612 5009 725 5066 Etsi
749 5021 917 5067 autem
963 5014 1232 5085 uniformis
1256 5015 1426 5067 anima
1455 5055 1469 5079 ,
1503 5018 1625 5087 fll’lll
1653 5025 1817 5071 tamen
1844 5019 1983 5089 inge-

388 5110 586 5161 niorum
637 5105 1019 5175 multiformem,
1054 5124 1146 5177 pro
1186 5109 1472 5162 conditione
1500 5109 1612 5164 caeli
1651 5120 1694 5163 et
1725 5113 1841 5173 sali,
1892 5130 1982 5181 pro

388 5202 585 5254 ratione
609 5197 775 5269 operis
802 5209 846 5253 et
877 5216 1041 5264 curto,
1068 5218 1160 5270 pro
1191 5212 1467 5272 temporum
1497 5218 1691 5271 eventu,
1718 5223 1808 5275 pro
1831 5206 1987 5260 licen-

389 5297 459 5347 tia
508 5309 739 5352 casuum.
796 5303 840 5347 et
885 5297 1113 5358 corporis
1154 5296 1302 5350 etiam
1357 5290 1677 5362 valetudine,
1726 5311 1776 5353 ut
1818 5318 1879 5354 ne
1926 5302 1987 5356 de

350 5382 361 5387 ’
389 5386 485 5453 [uti
529 5384 822 5439 necessitate
859 5385 981 5447 quid
1024 5387 1242 5452 dicatur,
1289 5389 1353 5443 de
1391 5407 1491 5461 qua
1518 5407 1608 5445 suo
1638 5392 1785 5445 titulo
1828 5394 1987 5448 disse-

389 5496 449 5531 ru
456 5479 546 5532 erit
556 5517 568 5529 .

464 5573 609 5629 XXI.
647 5574 873 5628 Proinde
901 5576 1050 5629 etiam
1077 5579 1335 5645 animam,
1377 5591 1705 5652 contraquam
1759 5584 1986 5636 sentiunt

403 5663 789 5731 Valentiniani,
824 5670 1191 5724 convertibilem
1222 5671 1377 5741 fuisse
1402 5672 1549 5727 liberi
1574 5672 1774 5726 arbitrii
1817 5684 1987 5743 potes-

391 5768 513 5827 tate,
551 5759 711 5831 juxta
754 5757 889 5829 quod
941 5758 1195 5819 Marciani
1228 5765 1344 5836 jam
1390 5774 1437 5822 et
1478 5763 1790 5839 Hermogeni
1818 5773 1988 5822 osten-

390 5851 536 5911 derit.

2160 4730 2379 4785 XXXV.
2411 4730 2525 4787 lino
2576 4734 2724 4787 etiam
2759 4733 3086 4805 Carpocratis
3122 4738 3408 4790 animarum
3446 4754 3688 4807 recorpo-

2091 4827 2358 4889 rationem,
2395 4844 2496 4897 qua
2541 4830 2685 4883 toties
2714 4829 2908 4882 volebat
2937 4832 3159 4884 annnam
3189 4832 3244 4885 in
3281 4848 3496 4901 corpora
3538 4847 3688 4886 revoo

2092 4919 2220 4984 cari,
2253 4920 2443 4990 quoties
2470 4920 2637 4975 minus
2667 4922 2730 4976 de
2773 4921 2969 4976 delictis
3016 4924 3378 4994 satisfecisset;
3405 4924 3489 4991 qui
3526 4924 3686 4980 etiam

2092 5010 2261 5066 lleliw
2282 5012 2500 5066 reditum
2529 5017 2719 5084 frustra
2742 5031 2833 5084 pro
2855 5030 2908 5067 se
2927 5015 3283 5086 interpretatus
3311 5017 3395 5070 sit.

2152 5104 2404 5175 XXXVI.
2458 5105 2710 5161 Reversus
2757 5108 2877 5161 inde
2904 5107 2971 5161 ad
3003 5111 3145 5178 prius
3174 5110 3498 5178 institutum,
3530 5112 3691 5167 etiam

2089 5215 2268 5253 sexum
2293 5199 2480 5253 anima:
2504 5209 2549 5253 et
2590 5200 2822 5271 corporis
2851 5202 3008 5255 simul
3031 5204 3154 5255 oriri
3175 5204 3350 5257 tradit.

2162 5289 2428 5345 XXXVII.
2474 5291 2688 5346 Omnem
2731 5302 2901 5347 autem
2928 5294 3147 5349 hominis
3174 5305 3467 5363 paraturam
3509 5295 3692 5368 aliqua

2091 5393 2339 5453 potestate
2365 5385 2550 5439 divina:
2574 5386 2849 5441 voluntatis
2879 5387 3110 5442 ministra
3141 5386 3161 5461 (
3189 5388 3252 5441 ab
3293 5390 3475 5459 angelo
3506 5406 3691 5460 nempe

2092 5476 2284 5548 aliqua)
2314 5477 2604 5542 modulari;
2634 5478 2789 5532 simul
2838 5481 2990 5533 etiam
3038 5496 3260 5536 crescere
3307 5492 3351 5534 et
3397 5482 3685 5552 proﬁcere,

2091 5570 2314 5623 animam
2346 5570 2547 5641 ingenio
2570 5579 2615 5625 et
2642 5587 2811 5636 sensu,
2840 5588 3024 5645 corpus
3054 5572 3262 5627 modulo
3288 5581 3333 5627 et
3360 5573 3553 5628 habitu.

2166 5666 2451 5722 XXXVIII.
2491 5667 2817 5723 Pubertatem
2847 5685 3060 5740 quoque,
3090 5670 3163 5723 uti
3188 5670 3239 5723 in
3269 5685 3503 5739 corpore,
3534 5671 3609 5723 ita
3638 5678 3688 5725 et

2096 5762 2265 5814 anima
2291 5801 2306 5827 ,
2356 5763 2508 5816 simul
2554 5778 2822 5834 exsurgere
2872 5775 3109 5836 suggestu
3152 5777 3428 5828 sensuum;
3459 5774 3505 5819 et
3534 5762 3687 5817 etiam

2099 5852 2323 5910 ciborum
2350 5855 2805 5930 concupiscentiam
2835 5871 2941 5913 esse
2966 5856 3015 5911 in
3042 5855 3244 5925 animo,
3272 5855 3361 5912 sed
3393 5854 3691 5915 necessitate
