4062 6288
373 293 477 351 645

1719 293 1921 350 LIBER
1957 288 2046 350 DE
2082 292 2316 352 ΑΝΙΜΑ.

3565 284 3670 354 sit;

375 409 626 482 corporis,
670 425 772 464 non
811 407 894 464 sui
922 407 1228 480 proprietate
1252 448 1265 473 ,
1296 423 1358 462 ne
1385 408 1496 478 quis
1541 395 1660 462 hinc
1701 409 1968 464 mortalem
1993 409 2045 468 A
2074 411 2326 480 pertinere
2353 417 2518 482 neget,
2543 409 2684 481 apud
2709 425 2856 480 quem
2896 426 2986 464 nec
3025 395 3118 480 pro
3148 410 3257 466 Deo
3297 411 3428 466 mori
3457 411 3540 466 lex
3561 421 3668 480 est;

381 501 572 558 credat.

451 591 644 648 XXIX.
699 591 834 648 Item
861 593 1056 648 nullam
1101 593 1259 663 [erute
1302 592 1525 647 animam
1567 594 1674 648 sine
1721 591 1972 648 daemonio

379 701 500 747 esse,
532 683 716 762 saltem
744 686 798 738 in
829 684 1062 747 ethnicis,
1089 685 1246 738 donec
1271 685 1325 738 in
1346 683 1548 741 Christo
1579 695 1871 739 nascantur.

448 775 560 831 XL.
589 774 794 830 Tandiu
841 777 974 831 enim
1027 777 1248 830 animant
1293 794 1356 832 ea:
1409 777 1576 830 carnis
1631 778 1866 831 societate
1919 777 1972 832 in

379 872 541 926 Adam
570 861 888 925 immundam
911 871 1140 938 censeri;
1172 880 1218 926 et
1247 871 1576 940 peccatricem
1593 881 1698 925 tam
1724 864 1970 938 animum,

377 979 526 1034 quant
554 978 761 1017 carnem
792 961 914 1016 dici.

447 1055 582 1111 XLI.
602 1054 767 1127 Atque
787 1055 936 1120 adeo,
959 1056 1150 1109 malum
1171 1055 1356 1108 anima:
1377 1072 1477 1110 non
1498 1054 1662 1109 solum
1681 1071 1746 1110 ea:
1763 1055 1976 1110 obventu

377 1150 587 1220 spiritus
617 1165 834 1220 nequam
877 1149 1178 1216 superstrui,
1209 1147 1298 1201 sed
1327 1157 1373 1202 et
1401 1163 1465 1202 ea:
1509 1149 1738 1217 origine;
1767 1165 1866 1220 quo
1888 1147 1976 1202 ob-

377 1226 614 1312 [uscatnr
643 1241 832 1296 bonum
879 1243 989 1314 ejus
1036 1242 1178 1312 prius
1198 1281 1212 1307 ,
1267 1241 1428 1296 donec
1455 1245 1756 1315 reformetur
1784 1259 1873 1312 per
1897 1259 1973 1298 se-

377 1336 594 1391 cundum
641 1336 752 1406 ejus
791 1335 1103 1390 nativitatem
1153 1351 1216 1389 ea:
1241 1350 1372 1406 aqua
1403 1344 1450 1389 et
1477 1352 1699 1406 superna
1741 1334 1974 1406 Spiritus

377 1428 558 1484 Sancti
602 1429 785 1482 uirtute
811 1444 830 1482 :
871 1445 902 1482 a
931 1443 1030 1500 quo
1058 1427 1128 1482 ibi
1169 1428 1443 1498 excipitur,
1471 1427 1622 1482 sicuti
1669 1445 1702 1482 ιι
1755 1423 1972 1500 profano

374 1521 555 1594 spiritu
581 1522 634 1576 in
665 1522 904 1593 pristina.

449 1611 606 1668 XLII.
641 1613 826 1685 Atquin
852 1613 1028 1667 mortis
1072 1627 1272 1683 quoque
1299 1621 1571 1666 tractatum
1599 1613 1668 1666 ad
1695 1629 1785 1667 nos
1817 1613 1975 1683 perti-

375 1721 494 1760 nere
517 1707 680 1776 (secus
716 1721 868 1776 quam
914 1703 1172 1776 Epicurus
1207 1705 1380 1776 sentit)
1422 1706 1474 1758 iu
1515 1719 1615 1774 qua
1641 1707 1819 1760 anima
1849 1721 1971 1760 con-

373 1807 614 1852 summat.
1453 1803 1457 1812 '

448 1888 627 1944 XLIII.
679 1887 904 1944 Proinde
946 1890 1101 1945 etiam
1149 1907 1383 1944 sonmum
1435 1892 1611 1946 mortis
1657 1892 1972 1962 speculum;

373 1999 524 2055 quem
552 1995 651 2036 nan
695 1984 1135 2053 supernaturalem
1161 2025 1174 2046 ,
1220 1983 1310 2038 sed
1354 1985 1641 2038 naturalem
1691 2001 1835 2054 esse,
1869 1995 1974 2038 tum

374 2079 494 2132 aliis
521 2077 822 2146 rationibus,
849 2089 952 2132 tum
983 2077 1267 2148 Scripturis
1295 2078 1455 2132 sacris
1480 2078 1680 2148 probat.
1939 2149 1944 2154 _

451 2169 636 2225 XLIV.
679 2169 820 2224 Nam
861 2171 996 2240 quod
1025 2171 1088 2224 de
1136 2168 1448 2224 Hermotimo
1494 2172 1718 2225 scribunt
1741 2211 1759 2238 ,
1800 2171 1972 2225 anima

371 2264 523 2320 illum
546 2265 596 2318 in
623 2281 798 2320 somno
824 2267 1068 2333 caruisse,
1114 2265 1168 2320 id
1210 2266 1577 2332 subornatum;
1609 2269 1682 2322 uti
1727 2284 1934 2322 somnus
1954 2310 1970 2333 ,

376 2371 482 2410 non
505 2358 658 2412 otium
687 2360 894 2426 animle,
922 2359 1010 2414 sed
1037 2360 1257 2415 secessio
1282 2363 1588 2414 crederetur.

451 2449 614 2508 XLV.
662 2451 741 2506 De
787 2454 997 2508 somniis
1039 2469 1254 2524 quoque,
1301 2466 1344 2510 et
1395 2451 1739 2508 accidentibus
1765 2453 1968 2518 somni,

373 2553 626 2614 quatenus
654 2545 716 2598 ab
747 2547 909 2600 extasi
935 2545 1201 2613 cli/ferunt,
1227 2547 1532 2612 dicendum;
1571 2545 1749 2615 quibus
1776 2545 1973 2616 signi/i-

374 2649 529 2690 catur
551 2637 724 2691 anima
747 2647 987 2709 perpetuo
1011 2640 1290 2708 negotiosa,
1317 2640 1454 2709 quod
1478 2639 1880 2693 iunnortalitatis
1901 2646 1974 2691 est

374 2730 552 2796 ratio;
582 2732 632 2785 in
654 2733 836 2802 quibus
862 2733 1064 2786 interim
1101 2751 1202 2786 non
1231 2733 1392 2804 magis
1419 2733 1479 2786 ob
1517 2732 1687 2804 stupri
1731 2731 1972 2787 uisionem

375 2825 758 2892 damnabimur,
781 2843 933 2897 quam
959 2827 1020 2880 ob
1049 2827 1281 2896 martyrii
1311 2826 1688 2880 coronabimur.

453 2915 640 2974 XLVI.
676 2917 855 2990 Neque
887 2921 1018 2972 enim
1049 2936 1178 2973 vana
1211 2935 1318 2972 esse
1343 2919 1394 2972 in
1423 2927 1583 2972 totum
1625 2917 1827 2972 somnia
1863 2915 1976 2984 (uti

365 3011 639 3086 judicabat
671 3011 950 3085 Epicurus)
977 3011 1149 3066 multis
1177 3013 1424 3080 exemplis
1449 3011 1686 3082 probari;
1719 3020 1766 3064 et
1809 3011 1976 3066 varios

373 3121 487 3160 esse
507 3113 940 3166 commentatores,
963 3120 1022 3158 ac
1050 3103 1103 3157 in
1131 3102 1262 3158 hanc
1284 3119 1386 3156 rem
1410 3103 1764 3173 alﬁrmatores.

2077 516 2196 554 nam
2249 501 2400 555 etiam
2443 499 2623 557 Enoch
2658 511 2704 555 et
2737 500 2946 556 Heliam
2975 503 3272 570 morituros,
3323 511 3372 556 et
3415 501 3672 558 Joannem

2067 591 2183 662 jam
2203 591 2402 647 abiisse.

2150 683 2232 740 LI.
2268 683 2413 758 Opus
2437 695 2602 742 autent
2629 687 2806 742 mortis
2829 703 2934 741 esse
2969 687 3340 756 separationem
3369 688 3596 758 corporis
3625 673 3672 743 el

2077 778 2296 841 animus;
2319 781 2640 852 quantumvis
2661 781 2868 850 quidam
2899 779 3190 850 philosophi
3209 780 3537 850 crediderint,
3559 771 3672 853 post

2078 882 2288 926 mortem
2312 872 2562 944 quasdant
2591 874 2792 927 animas
2823 871 3014 927 haerere
3039 873 3356 944 corporibus.

2150 965 2259 1022 LII.
2314 967 2478 1038 Atque
2534 959 2733 1022 omnem
2780 977 3012 1035 mortem,
3041 969 3143 1022 sit'e
3194 968 3526 1038 ordinarium,
3571 971 3674 1026 sive

2078 1063 2566 1129 extraordinariam,
2598 1079 2700 1118 non
2727 1079 2789 1117 ex
2819 1072 3005 1118 natura
3030 1079 3154 1131 esse,
3184 1063 3274 1116 sed
3295 1081 3357 1118 ex
3382 1064 3555 1136 culpa,
3583 1082 3672 1121 nec

2079 1156 2190 1226 ipsa
2217 1158 2463 1210 naturali.

2150 1247 2282 1304 LIII.
2314 1247 2571 1304 Excedere
2595 1266 2748 1321 porro
2773 1253 3022 1318 animum,
3055 1267 3155 1305 non
3178 1251 3411 1322 tle/icere,
3440 1251 3672 1309 dilaben-

2077 1341 2208 1396 tibus
2229 1344 2478 1414 paulatim
2501 1345 2731 1416 corporis
2753 1346 3120 1413 instrumentis,
3148 1347 3260 1418 jam
3287 1348 3555 1402 clariorem
3580 1349 3672 1404 ob-

2079 1447 2285 1506 tutu,ac
2303 1439 2346 1492 si
2375 1438 2436 1492 de
2455 1455 2632 1492 somno
2659 1451 2988 1512 emergentem
3013 1441 3231 1520 instante
3257 1452 3450 1506 morte;
3477 1451 3667 1512 utpote,

2076 1545 2190 1600 qua:
2217 1539 2321 1584 tum
2357 1530 2578 1586 exsultat
2600 1542 2688 1586 aut
2719 1531 2960 1601 trepidat,
2995 1541 3144 1602 prout
3171 1543 3470 1604 paraturam
3495 1531 3674 1587 dever-

2066 1605 2200 1676 lsorii
2225 1623 2304 1677 sui
2329 1623 2500 1691 sentit,
2537 1623 2599 1677 de
2627 1623 2791 1694 ipsius
2835 1621 3006 1695 angeli
3055 1623 3190 1695 [acie
3234 1624 3510 1679 evocatoris
3561 1624 3674 1678 ani-

2034 1760 2041 1763 ..
2075 1731 2276 1768 marum
2287 1757 2296 1768 .
3463 1769 3467 1774 .

2003 1800 2052 1860 Β
2151 1807 2284 1863 LIV.
2314 1809 2427 1877 Quo
2457 1819 2626 1864 autem
2657 1809 2976 1864 deducantur
3004 1810 3208 1875 anima',
3232 1810 3397 1864 varias
3426 1826 3531 1864 esse
3561 1809 3676 1880 phi-

2079 1901 2410 1972 los0phorum
2465 1903 2770 1966 sententias;
2821 1903 2950 1955 inter
2996 1919 3121 1972 quos
3158 1901 3318 1957 Stoici
3371 1901 3676 1973 prudentum

2079 1997 2276 2050 animas
2297 1996 2348 2050 in
2372 1997 2603 2068 supernis
2631 1996 2978 2050 mansionibus
3003 1995 3273 2062 collocant,
3299 1996 3520 2067 reliquas
3537 1996 3676 2067 apud

2077 2089 2308 2161 inferos;
2337 2105 2461 2156 quos
2483 2089 2674 2159 inferos
2696 2088 2973 2144 Christiani
3003 2105 3104 2142 non
3135 2089 3185 2142 in
3211 2089 3403 2160 gremio
3433 2099 3602 2156 terra,
3621 2097 3678 2146 ut

2081 2179 2252 2246 Plato,
2287 2181 2374 2235 sed
2395 2181 2449 2235 in
2478 2181 2670 2234 intimis
2691 2179 2961 2234 visceribus
2989 2181 3262 2234 collocant.

2149 2272 2258 2328 LV.
2293 2273 2455 2328 Suam
2484 2289 2599 2327 vero
2623 2289 2736 2326 eam
2766 2289 2873 2326 esse
2895 2273 3194 2326 sententiam
3223 2272 3358 2347 (qtae
3379 2273 3577 2328 interim
3610 2271 3672 2327 ab

2079 2363 2310 2418 Ecclesia
2337 2381 2438 2418 non
2469 2365 2740 2436 probatur)
2766 2363 2903 2434 quod
2929 2363 2980 2416 in
3013 2364 3183 2418 sinum
3217 2363 3436 2420 Abt-aha:
3469 2381 3556 2420 seu
3580 2381 3680 2435 pa-

2076 2458 2303 2512 radisum
2325 2457 2410 2530 (de
2435 2474 2532 2526 quo
2563 2456 2746 2511 librum
2770 2457 3008 2526 ediderit)
3033 2467 3317 2528 martyrum
3343 2459 3466 2513 sola:
3493 2457 3681 2512 auium:

2078 2553 2428 2623 commigrent,
2461 2553 2670 2622 reliqua:
2697 2539 2812 2606 vero
2840 2550 2908 2604 ad
2935 2551 3150 2622 inferos.

2151 2641 2282 2697 LVI.
2314 2643 2468 2715 Atqui
2495 2659 2651 2696 vanas
2700 2659 2786 2696 eas
2825 2659 2934 2696 esse
2981 2643 3284 2712 opiniones,
3319 2643 3498 2712 quibus
3525 2653 3679 2712 puta-

2078 2736 2198 2790 bant
2224 2779 2237 2802 ,
2289 2739 2534 2807 tantisper
2564 2736 2616 2790 in
2657 2736 2804 2790 terris
2835 2735 3036 2790 auintas
3064 2735 3282 2790 detineri
3305 2777 3320 2802 ,
3352 2738 3512 2792 donec
3529 2738 3679 2806 justa

2078 2831 2428 2902 perceperint;
2459 2839 2544 2882 aut
2591 2823 2869 2883 inmtatura
2901 2839 3059 2884 morte
3085 2839 3385 2899 prteventas,
3411 2831 3562 2884 isthic
3592 2848 3675 2886 va-

2079 2919 2211 2989 gari,
2243 2917 2402 2970 donec
2426 2915 2698 2983 reliquatio
2727 2913 3046 2984 compleatur
3071 2915 3258 2968 (etatis.

2149 3009 2308 3066 LVII.
2345 3008 2526 3078 Neque
2552 3025 2664 3062 vero
2687 3008 2751 3062 ub
2781 3006 2960 3077 inferis
3001 3007 3199 3061 animos
3239 3023 3303 3062 ex
3331 3008 3543 3078 imperio
3572 3007 3681 3062 da:-

2079 3119 2285 3159 mouttm
2307 3119 2396 3173 per
2411 3101 2656 3171 magicam
2681 3101 2850 3172 (cujus
2875 3099 3067 3170 species
3096 3101 3286 3171 aliquot
3321 3100 3562 3172 recenset)
3590 3111 3680 3156 aut

451 3197 1008 3253 XLVII.Christianam
1036 3213 1150 3252 vero
1178 3215 1290 3252 eam
1315 3214 1420 3252 esse
1445 3198 1740 3252 sententiain
1769 3215 1781 3250 :
1810 3214 1843 3251 a
1872 3197 1980 3252 dte-
2008 3193 2054 3256 C
2087 3215 2150 3254 ea:
2173 3198 2383 3251 arbitrio
2415 3197 2514 3249 huc
2545 3195 2730 3248 redire.

376 3289 566 3344 maniis
605 3290 877 3360 plurimum
906 3290 1066 3344 iucuti
1093 3289 1313 3356 somnia,
1343 3290 1496 3344 etiam
1527 3307 1643 3344 vera
1676 3289 1972 3356 interdum;

381 3383 491 3438 Deo
520 3383 720 3438 interim
765 3383 1078 3455 deputanda,
1118 3383 1160 3437 si
1202 3398 1316 3455 qua:
1345 3384 1586 3448 honesta',
1623 3392 1821 3445 sancta,
1850 3397 1972 3452 pro-

376 3476 604 3547 phetica,
639 3477 952 3542 ret'elatoria,
987 3475 1354 3546 trdiﬁcatoria,
1403 3477 1706 3538 vacatoria;
1737 3475 1975 3546 quaedam

375 3569 532 3623 etiam
561 3568 854 3640 sibimetipsi
885 3567 1110 3622 animum
1137 3567 1332 3639 [ingere
1359 3583 1422 3622 ex
1449 3566 1725 3622 intentione
1749 3566 1973 3640 circum-

373 3660 716 3724 stantiarum;
743 3659 935 3729 reliqua
957 3659 1168 3730 denique
1187 3659 1350 3713 extasi
1379 3657 1688 3732 separanda.
1822 3638 1834 3648 ’

452 3739 681 3809 XLVIII.
715 3753 879 3822 Atque
901 3761 1028 3808 adeo
1055 3770 1118 3808 ea;
1143 3753 1348 3825 ingenio
1377 3755 1538 3826 magis
1563 3770 1717 3820 quam
1737 3765 1976 3810 constan-

375 3847 472 3907 tia,
499 3846 697 3900 soumia
729 3861 760 3898 η
788 3843 1010 3898 Platone
1051 3843 1295 3899 wstitttari
1323 3887 1336 3909 ,
1376 3855 1620 3915 tanquam
1663 3846 1882 3900 certiora
1911 3847 1975 3902 ab

313 4005 319 4010 η
375 3937 571 3992 extimo
598 3937 777 4002 noctis,
809 3938 960 3993 certis
989 3938 1112 3990 anni
1141 3935 1472 4007 temporibus,
1503 3937 1684 4006 quietis
1709 3939 1810 3992 situ
1836 3981 1850 4005 ,
1881 3948 1973 3994 aut

375 4033 608 4086 ciborum
631 4031 974 4098 distinctione,
1004 4041 1088 4086 aut
1119 4031 1464 4104 derogatioue.

452 4121 642 4191 XLIX.
679 4121 749 4178 Et
781 4140 897 4179 vero
919 4125 1070 4178 etiam
1095 4125 1316 4196 infantes
1340 4141 1401 4178 ac
1428 4125 1650 4179 atlantes
1679 4127 1976 4195 somniare;

375 4232 499 4270 cum
537 4225 584 4270 et
627 4217 826 4271 somnia
855 4233 886 4269 ιι
918 4215 1028 4270 Deo
1057 4219 1180 4284 sint,
1212 4217 1454 4288 nullaque
1470 4218 1588 4288 jam
1616 4234 1738 4290 gens
1771 4217 1866 4272 Dei
1909 4221 1976 4275 sit

375 4319 645 4378 extranea,
670 4309 724 4364 in
745 4327 916 4365 omnes
938 4311 1179 4365 terminos
1200 4311 1334 4365 orbis
1354 4308 1638 4382 Evangelio
1653 4324 1972 4368 coruscantc.

454 4401 518 4459 L.
549 4401 704 4458 Nunc
741 4405 812 4458 ad
851 4415 1061 4459 mortem
1106 4401 1465 4476 quodattine’t,
1495 4404 1718 4459 debitum
1745 4423 1852 4462 esse
1873 4420 1976 4462 toto

375 4499 606 4553 humano
631 4499 804 4568 generi
829 4509 1028 4553 natura:
1049 4499 1224 4567 linem,
1255 4497 1596 4568 quamtunwis
1639 4497 1896 4570 Epicurus
1923 4502 1976 4556 id

2149 3289 2332 3346 LVIII.
2366 3289 2517 3359 Atqui
2545 3288 2651 3341 illic
2679 3329 2692 3353 ,
2745 3287 2946 3340 interim
2983 3286 3102 3340 dum
3134 3303 3318 3358 corpus
3347 3296 3677 3357 exspectant,

2077 3387 2276 3440 animus
2325 3382 2664 3437 innocentium
2713 3381 2937 3452 gaudere
2961 3421 2976 3447 ,
3011 3389 3056 3435 et
3086 3391 3354 3434 nocentum
3403 3379 3576 3434 dolere
3618 3398 3680 3436 ac

2081 3478 2290 3549 puniri;
2340 3475 2416 3530 vel
2455 3474 2516 3528 ob
2566 3473 2815 3544 cogitatus
2853 3473 3010 3538 solos,
3057 3488 3184 3544 quos
3241 3488 3456 3526 censura
3504 3472 3682 3528 diuina

2079 3571 2395 3644 persequitur
2418 3585 2438 3634 ;
2465 3568 2704 3633 maxime,
2733 3583 2852 3621 cum
2873 3567 3026 3620 etiam
3053 3566 3252 3620 modica
3279 3565 3464 3620 delicta
3491 3566 3558 3620 ad
3587 3583 3680 3621 no-

2079 3665 2338 3719 vissimum
2377 3677 2530 3732 usque
2559 3659 2898 3732 quadrantem
2923 3658 3030 3713 illic
3057 3657 3268 3724 luenda,
3303 3675 3365 3714 ex
3395 3655 3680 3730 Evangelia

2079 3757 2411 3826 intelligatur.

2557 3841 2788 3898 CAPUT
2814 3841 3078 3900 Pmnnn
3109 3844 3184 3916 tu)

2154 3939 2227 3994 De
2256 3938 2370 3993 solo
2388 3949 2552 3990 censu
2579 3935 2771 3988 anima:
2797 3948 3120 4004 congressus
3149 3933 3470 4002 IIcrtnogeni
3499 3947 3676 4004 ,‘qua.

2080 4043 2236 4090 tenus
2272 4043 2327 4087 et
2372 4032 2531 4086 istum
2572 4045 2640 4084 ex
2687 4029 2924 4084 materia:
2971 4028 3150 4100 potius
3189 4038 3482 4100 suggestu,
3515 4045 3676 4100 quam

2079 4145 2143 4184 ex
2193 4127 2283 4181 Dei
2314 4123 2771 4180 llatuconsntissc
2808 4123 3149 4192 praesumpsit
3185 4164 3198 4189 ,
3262 4139 3402 4178 mtnc
3450 4123 3514 4177 ad
3544 4124 3678 4179 reli-

2079 4235 2210 4293 quas
2239 4216 2882 4288 conversusquwstiones
2911 4258 2926 4278 ,
2970 4217 3258 4287 plurimum
3303 4217 3526 4274 videbor
3551 4233 3678 4276 eum

2082 4309 2439 4384 philosomiié'
2460 4311 2829 4366 dimicaturus.
2884 4309 3057 4364 Etiam
3091 4312 3142 4365 in
3174 4327 3392 4367 carcere
3438 4313 3678 4368 Socratis

2080 4407 2147 4462 de
2169 4408 2361 4460 auium:
2385 4414 2528 4461 statu
2559 4405 2832 4460 velitulum
2859 4412 2962 4458 cst.
2992 4401 3067 4476 (b)
3095 4402 3284 4459 Nescia
3299 4403 3407 4475 jam
3434 4405 3536 4460 hoc
3561 4405 3677 4474 pri-

2082 4516 2248 4562 tntnn.
2281 4515 2346 4553 an
2377 4510 2678 4570 npportuno
2711 4497 2763 4551 in
2793 4505 3037 4565 tempore
3065 4496 3305 4567 magistri
3338 4495 3444 4569 (Ι),
3469 4499 3566 4552 ctsi
3591 4497 3676 4552 ni-

377 4599 544 4660 negel,
575 4600 621 4646 et
653 4589 938 4646 Menander
965 4591 1228 4646 ha'relicus
1258 4590 1326 4646 ad
1350 4607 1440 4646 suo
1468 4590 1720 4660 baptismo
1745 4593 1972 4650 initiatos
1995 4593 2051 4654 D
2079 4595 2152 4650 hil
2200 4593 2268 4648 de
2314 4593 2434 4647 loco
2484 4593 2726 4647 interest.
2771 4587 2909 4658 Quid
2947 4589 3090 4644 enim
3120 4588 3320 4661 liquido
3347 4597 3560 4658 saperet
3597 4587 3674 4662 (c)

1581 4707 1873 4766 LECTION
1880 4713 1959 4770 ES
1997 4711 2302 4772 VARIAN'I‘
2309 4711 2411 4767 ES.

445 4826 520 4902 (ι)
537 4829 594 4881 In
615 4839 856 4895 tempore,
877 4829 1092 4894 Magistri
1115 4827 1310 4896 disting.
1337 4827 1448 4896 Rig.

1680 4935 2239 5000 COMMENTARIUS.

456 5057 536 5134 (ει)
566 5058 664 5134 llic
695 5057 832 5113 liber
860 5057 912 5134 in
939 5053 1230 5134 exemplari
1258 5051 1529 5134 βψω-ιζᾱί
1561 5050 1761 5134 passim
1791 5051 1980 5134 inseri-

380 5122 548 5198 mihi,
579 5129 657 5184 De
680 5145 831 5183 censu
854 5127 1054 5182 Anima:
1075 5122 1405 5198 ;’scd_l‘:_ilso_.
1437 5122 1568 5198 Nam
1595 5163 1610 5187 ,
1634 5131 1694 5198 _nt
1723 5137 1788 5198 ex
1823 5124 1974 5198 istius

291 5225 309 5240 -
377 5193 565 5274 operis
595 5199 858 5274 principio
889 5207 1074 5274 patet,
1123 5197 1168 5250 is
1217 5194 1546 5274 fuit_titt_dn‘s
1597 5193 1820 5248 alterius
1853 5194 1975 5250 lihri

376 5265 540 5346 quem
585 5265 842 5326 :Idvcrsns
889 5268 1276 5346 Hdl'tllogt'ltetll
1305 5265 1810 5346 Septimius-noster
1829 5282 1976 5320 com-

377 5336 656 5412 posuerat,
685 5351 745 5397 ut
771 5341 1084 5412 ostenderet
1105 5338 1231 5412 quid
1261 5337 1470 5392 censeri
1502 5337 1695 5412 anima
1727 5336 1968 5412 deberet.

379 5405 598 5474 Etenim
627 5423 860 5467 constare
887 5427 952 5465 ea:
973 5409 1070 5464 Dei
1094 5405 1246 5480 ﬂatu,
1274 5425 1397 5472 non,
1414 5418 1470 5459 nt
1501 5405 1868 5480 Heruteng
1897 5407 1970 5480 dif

374 5488 555 5547 cubat.
585 5501 646 5538 ea:
666 5485 892 5538 materiae
915 5477 1171 5552 suggestu,
1202 5480 1304 5536 huc
1335 5489 1538 5552 tantum
1565 5492 1632 5552 e9
1651 5477 1850 5543 libello,
1875 5479 1968 5548 qui

373 5559 539 5616 h-ulic
560 5556 918 5616 desideratur,
961 5548 1220 5607 adversus
1245 5551 1552 5606 It:l'l‘eIIClllll
1580 5548 1962 5617 disputaverat.

369 5633 529 5688 Nunc
555 5627 626 5682 de
651 5628 846 5681 animm.
875 5632 1036 5690 statu,
1058 5638 1120 5678 ac
1147 5623 1214 5676 dc
1237 5621 1621 5690 qun-stionibns
1650 5620 1868 5686 reliquis
1897 5619 1966 5674 ad

367 5720 492 5760 eant
526 5695 1350 5771 pertinentibus,agitudversns
1374 5691 1748 5771 philosophus.
1780 5690 1964 5760 Itaque

364 5762 807 5844 receptissimum
844 5769 961 5844 jam
997 5762 1234 5844 ivulgqtis
1259 5762 1584 5844 edi_tionibus
1613 5762 1825 5822 titulum
1855 5777 1954 5836 ge-

363 5835 614 5910 neralem
645 5837 724 5899 De
751 5835 942 5899 Anima
970 5835 1302 5898 retinuimus.
1331 5837 1450 5897 Βισ.

2159 5056 2238 5131 (1))
2263 5053 2718 5131 AlVesciojunrhoc
2735 5054 2966 5131 primum
2992 5069 3060 5131 an
3103 5063 3394 5131 Opportuna
3439 5053 3674 5131 intem-

2081 5124 2227 5199 pore,
2249 5127 2505 5195 Magistri.
2537 5125 2839 5199 Alloquitur
2868 5124 3179 5199 inagistrps.
3205 5125 3306 5178 hoc
3331 5131 3413 5177 est
3437 5125 3678 5199 philoso-

2083 5194 2218 5267 phos
2247 5218 2259 5252 :
2305 5194 2516 5256 Nescio,
2545 5197 2732 5265 inquit,
2759 5196 2869 5267 jam
2896 5194 2998 5267 huc
3025 5195 3276 5262 primum,
3312 5195 3571 5267 mugista-i,
3604 5214 3670 5254 an

2077 5265 2388 5338 upper-[uno
2439 5270 2486 5319 in
2519 5277 2756 5338 tempore
2791 5266 2868 5338 (de
2906 5265 3576 5338 illiilli“)ASl:Illlr\‘Clll:llttlll
3604 5271 3676 5324 sit

2077 5335 2126 5394 iii
2157 5335 2377 5396 carcere
2405 5337 2674 5399 Sacratis;
2701 5335 2805 5390 etsi
2846 5335 2973 5388 nihil
3015 5335 3082 5387 (lc
3123 5336 3240 5390 loco
3280 5337 3523 5395 interest.
3565 5347 3670 5395 etc.

2073 5413 2199 5466 Ilmc
2225 5413 2387 5482 igitur
2413 5406 2690 5482 scribenda
2725 5422 2786 5482 at;
2811 5407 3184 5482 distinguenda
3209 5415 3328 5459 sunt
3351 5404 3450 5482 [too
3474 5408 3630 5459 modo
3655 5429 3668 5464 ε

2077 5473 2330 5537 Ιξιὶαηινίη
2357 5496 2558 5536 carcere
2581 5479 2812 5533 Socratis
2833 5479 2896 5532 de
2932 5476 3118 5529 anima:
3137 5487 3269 5530 statu
3298 5473 3554 5528 velitatur»
3578 5491 3670 5534 est.

2072 5552 2264 5607 Nescio
2282 5555 2394 5622 jam
2424 5551 2522 5622 hoc
2544 5550 2762 5622 primum
2781 5565 2852 5622 an
2881 5558 3166 5622 0pp0!‘_ltttt0
3193 5549 3245 5600 in
3271 5557 3515 5612 tempore,
3549 5547 3597 5598 Μ
3606 5567 3664 5600 α.

2068 5627 2233 5696 gistri,
2269 5616 2363 5696 etsi
2395 5621 2524 5675 nihil
2549 5621 2612 5674 de
2636 5620 2746 5696 loco
2773 5619 2996 5696 interest.
3030 5616 3148 5672 lita.

2141 5684 2232 5768 (c)
2255 5695 2438 5747 Anima
2477 5701 2598 5746 tunc
2633 5689 2882 5744 Socratis.
2925 5689 3168 5768 Platonis
3206 5684 3514 5743 Phaedonem
3543 5688 3672 5768 sul)-

2065 5757 2263 5824 indioat
2294 5782 2309 5834 ;
2339 5765 2390 5822 in
2439 5779 2545 5836 quo
2573 5772 2884 5818 reccnsetur
2918 5759 3243 5832 disputatio,
3297 5769 3458 5830 «(nam
3505 5757 3672 5816 mori-
