4062 6288
404 260 508 317 647

1797 262 2263 323 TERTULLIANI

3586 267 3693 324 6&3

402 374 582 429 anima
611 383 737 433 tunc
770 376 1026 444 Socratis,
1047 376 1155 449 jam
1183 390 1338 433 sacro
1365 376 1578 449 navigio
1607 390 1876 449 regresso,
1913 377 1990 451 (η)
2019 386 2070 445 Α
2097 379 2526 451 sapientissimtts
2565 379 2817 438 Socrates
2841 380 3135 437 secundum
3165 380 3566 454 Pythiiquoque
3581 383 3689 437 da:-

400 465 511 537 jam
540 467 729 524 cicutis
758 469 1119 525 damnationis
1142 471 1420 526 exhaustis
1447 511 1461 535 ,
1502 469 1614 541 jam
1657 479 1834 525 morte
1862 487 1996 541 pra:-

403 570 579 625 sente,
609 561 790 632 utique
831 570 1174 618 consternata
1215 561 1281 616 ad
1308 562 1537 630 aliquem
1567 571 1770 617 motum
1797 576 1995 617 secun-

402 648 530 705 dum
557 662 823 722 naturam,
847 663 938 709 aut
963 662 1263 721 externata,
1294 655 1340 709 si
1372 668 1477 709 non
1505 653 1800 709 secundum
1834 663 1993 708 natu-

403 756 539 797 ram.
570 743 826 813 Quamvis
868 747 1011 801 enim
1042 746 1247 817 placida
1279 758 1439 818 atque
1466 745 1752 816 tranquilla
1780 787 1793 810 ,
1829 760 1994 814 quam

403 849 505 890 nec
530 836 796 907 conjugiis
824 836 982 894 ﬂetus
1010 839 1187 892 statim
1205 837 1518 903 vidum,nec
1548 837 1838 893 liberormu
1866 852 1997 892 eon-

402 935 619 998 spcctus
647 929 841 985 exinde
894 929 1237 1000 pupillorum,
1269 930 1405 1001 lege~
1422 930 1638 1010 pietatis
1692 928 1993 995 inﬂexerat,

402 1020 488 1074 vel
519 1021 570 1075 in
595 1020 696 1078 hoc
725 1033 899 1078 tamen
931 1033 1105 1089 mota,
1139 1039 1206 1079 ne
1228 1031 1538 1079 moveretur
1558 1065 1573 1090 ,
1607 1024 1721 1094 ipsa
1749 1032 1998 1078 constan-

2101 473 2276 528 monis
2288 472 2624 545 suffragium,
2641 475 3134 545 scilicetnegotium
3154 477 3397 532 navantis
3414 476 3562 532 socio
3573 493 3693 539 suo,

2099 574 2300 635 quanto
2321 564 2531 635 dignior
2553 574 2712 636 atque
2733 568 3070 621 constantior
3084 564 3389 621 christiana:
3420 567 3699 637 sapientia:

2099 656 2346 722 assertio,
2375 656 2529 727 cujus
2568 656 2785 712 adllatui
2811 667 2918 711 tota
2951 658 3031 712 vis
3049 657 3354 713 daemonum
3373 658 3701 715 cedit?lltee

2099 748 2359 817 sapientia
2399 749 2467 804 de
2505 749 2686 804 schola
2727 750 2848 805 cmli
2876 750 3008 806 deos
3043 750 3259 821 quidem
3292 753 3479 807 smculi
3506 769 3702 822 negare

2100 840 2339 909 liberior,
2364 858 2484 912 qua:
2509 842 2580 914 (ε)
2606 842 2808 898 nulltttn
2833 841 3148 913 lEscnlapio
3176 842 3527 914 gallinaceum
3551 845 3701 900 reddi

2095 933 2292 1004 jubens
2319 937 2723 1006 praevaricetur,
2749 953 2850 993 nec
2877 953 3010 992 nova
3036 938 3269 996 inferens
3295 937 3330 995 d
3351 940 3586 1007 emouia,
3608 940 3702 995 sed

2099 1034 2282 1080 vetera
2326 1025 2644 1097 depellens;
2701 1044 2799 1082 nec
2851 1028 3268 1084 adolescentiam
3330 1029 3555 1097 vitians,
3608 1030 3702 1085 sed

404 1112 475 1166 tia
491 1128 752 1169 concussa
767 1124 847 1169 est
869 1115 1133 1171 adversus
1156 1114 1530 1171 inconstantia:
1559 1115 1993 1170 concussionem.

403 1205 541 1273 Quid
573 1217 746 1263 autem
776 1204 1166 1280 aliud'saperet
1197 1210 1276 1264 vir
1301 1208 1527 1280 quilibet
1554 1209 1745 1278 injuria
1776 1209 1997 1262 damna-

119 1326 385 1397 mw,
404 1310 489 1355 tus
509 1341 522 1366 ,
552 1311 748 1369 praeter
789 1301 997 1370 injuria:
1026 1301 1264 1356 solamen
1293 1343 1306 1367 ,
1360 1301 1556 1355 nedum
1605 1299 1958 1383 philosophus
1981 1340 1995 1365 ,

119 1385 377 1463 ἰιῖᾖῗ
403 1391 587 1463 gloria:
616 1394 811 1448 animal
839 1437 854 1460 ,
906 1395 989 1448 cui
1032 1408 1128 1448 nec
1157 1392 1484 1447 consolando
1516 1393 1731 1463 injuria,
1766 1385 1992 1463 δραίιῆ-

119 1454 325 1527 π’θὴ
404 1486 509 1541 tius
532 1487 871 1543 insultando?
894 1488 1153 1559 Denique,
1171 1497 1290 1558 post
1306 1488 1647 1554 sententiam,
1671 1487 1843 1542 obvia:
1866 1503 2000 1542 con-

2100 1117 2250 1173 onmi
2294 1117 2436 1174 bono
2481 1118 2701 1189 pudoris
2753 1118 3073 1186 informans,
3120 1120 3348 1191 ideoque
3394 1136 3501 1176 non
3547 1123 3814 1177 unius"-

2102 1211 2269 1279 urbis,
2303 1211 2397 1268 sed
2445 1214 2680 1269 universi
2716 1215 2864 1269 orbis
2905 1214 3141 1285 iniquam
3175 1217 3499 1271 sententiam
3539 1217 3703 1273 susti-

2102 1322 2236 1362 nens
2277 1321 2374 1376 pro
2406 1309 2621 1362 nomine
2653 1308 2930 1375 veritatis,
2982 1317 3130 1362 tanto
3159 1309 3367 1364 scilicet
3416 1310 3707 1379 perosioris

2101 1408 2303 1466 quanto
2344 1397 2616 1469 plenioris,
2653 1409 2711 1453 ut
2758 1408 2814 1455 et
2863 1408 3089 1454 mortem
3130 1415 3239 1455 non
3271 1399 3338 1455 de
3383 1402 3573 1471 poculo
3612 1416 3708 1473 per

2103 1490 2343 1546 habitum
2369 1490 2718 1562 jocunditatis
2764 1491 3070 1558 absorbeat,
3118 1493 3213 1548 sed
3265 1492 3333 1548 de
3378 1493 3616 1564 patibulo
3655 1503 3713 1551 et

399 1576 512 1648 jngi
543 1588 599 1633 et
635 1579 967 1635 muliebriter
998 1579 1305 1635 ittclatnanti
1334 1595 1349 1633 :
1383 1579 1580 1649 lnjustc
1610 1578 1894 1633 damnatus
1916 1594 1996 1646 cs,

406 1670 656 1727 Socrates
681 1687 695 1737 ;
725 1673 833 1743 jam
861 1672 1000 1729 etde
1027 1674 1385 1744 gratulatione
1413 1672 1799 1744 responderat:
1838 1672 1997 1727 Vole-

2103 1584 2490 1640 vivicomburio
2531 1600 2625 1654 per
2652 1600 2815 1641 omne
2839 1586 3111 1656 ingenium
3144 1586 3474 1644 crudelitatis
3501 1589 3708 1644 exhau-

2103 1678 2223 1742 riat,
2260 1677 2465 1732 interea
2495 1677 2547 1732 in
2591 1678 2694 1732 isto
2723 1678 3093 1734 tenebrosiore
3113 1693 3334 1735 carcere
3358 1680 3540 1736 smeuli
3571 1681 3713 1737 inter

406 1763 506 1819 bas
531 1774 711 1823 autem
755 1765 938 1835 juste?
986 1765 1127 1820 Nihil
1159 1766 1495 1831 mirandum,
1546 1767 1590 1821 si
1624 1776 1677 1821 et
1705 1767 1756 1821 in
1782 1781 1998 1822 carcere
2029 1781 2077 1841 Β
2105 1784 2231 1824 suos
2258 1766 2483 1824 Cebctas
2525 1777 2581 1825 et
2627 1785 2756 1826 suos
2784 1769 3104 1839 Plnedonas,
3153 1774 3198 1826 si
3242 1770 3372 1841 quid
3417 1772 3485 1827 de
3529 1773 3711 1827 anima

404 1853 743 1930 lemniscatas
791 1856 869 1930 (t)
912 1859 1073 1930 Anyti
1115 1869 1169 1915 et
1214 1859 1378 1915 Meliti
1427 1859 1630 1930 palmas
1656 1859 1892 1930 geSIiens
1920 1860 2000 1914 in-

405 1945 638 2018 fringere
669 1991 684 2016 ,
716 1950 829 2020 ipsa
860 1959 1032 2005 tnorte
1061 1965 1280 2015 coram,
1334 1950 1791 2005 immortalitatem
1822 1948 1995 2004 vindi-

405 2048 493 2095 cat
532 2038 612 2112 (ξ’.)
644 2042 835 2095 anima:
884 2043 1185 2098 necessaria
1219 2043 1639 2112 praesumptione
1689 2043 1755 2095 ad
1789 2040 1997 2113 injuria:

405 2132 828 2188 frustrationem.
864 2133 939 2207 (li)
972 2134 1120 2190 Adeo
1150 2135 1327 2189 omnis
1349 2134 1439 2189 illa
1473 2143 1599 2189 tunc
1616 2134 1875 2204 sapientia
1901 2131 2001 2188 Su-

411 2227 574 2282 cratis
602 2227 671 2282 de
703 2228 961 2284 industria
1011 2239 1231 2285 venerat
1257 2229 1517 2284 consulta:
1545 2228 1959 2299 mquanimitatis
1983 2270 1998 2295 ,

406 2334 513 2376 non
540 2320 607 2377 de
632 2321 823 2389 fiducia
855 2333 1147 2393 compertm
1172 2321 1437 2376 veritatis.
1488 2320 1586 2376 Cui
1630 2323 1773 2376 enim
1804 2322 2002 2377 veritas

409 2427 687 2485 comperta
711 2415 828 2470 sine
860 2417 969 2469 Deo
998 2416 1021 2468 ?
1052 2416 1135 2469 cui
1166 2415 1307 2470 Dens
1332 2416 1578 2487 cognitus
1607 2416 1723 2471 sine
1748 2413 2002 2470 Christo?

2106 1860 2521 1916 examinandum
2582 1870 2698 1927 est,
2750 1860 2816 1916 ad
2871 1861 2966 1917 Dei
3017 1861 3230 1933 regulas
3283 1861 3497 1932 dirigat.
3548 1863 3711 1920 Certe

2107 1953 2309 2007 nultum
2331 1953 2494 2007 alium
2529 1952 2795 2023 potiorem
2823 1954 3016 2008 anima:
3036 1954 3520 2010 demonstratorem
3548 1970 3710 2024 quam

2085 2028 2377 2101 'auetorem
2414 2044 2681 2115 reperiet;
2710 2060 2740 2098 a
2773 2045 2880 2099 Deo
2910 2044 3083 2100 discat
3113 2044 3215 2117 (Δ),
3247 2045 3390 2116 quod
3418 2060 3450 2100 a
3479 2046 3588 2101 Deo
3615 2044 3712 2099 ba-

2103 2134 2228 2193 beat
2251 2135 2371 2209 15);
2418 2146 2513 2191 aut
2552 2151 2652 2193 nec
2678 2136 2746 2192 ab
2774 2138 2901 2201 alio.
2948 2139 2994 2192 si
3040 2153 3139 2194 nec
3168 2153 3197 2191 a
3245 2139 3371 2195 Deo.
3405 2139 3536 2206 Quis
3564 2139 3710 2195 enim

2104 2228 2367 2285 revelabit
2414 2228 2556 2299 quod
2602 2229 2744 2284 Dens
2778 2229 2945 2284 texit?
2992 2228 3124 2284 lude
3171 2229 3550 2285 sciscitandum
3603 2239 3708 2297 est,

2106 2320 2247 2378 unde
2276 2330 2331 2376 et
2361 2322 2606 2393 ignorare
2636 2321 2965 2375 tutissimum
2995 2331 3116 2378 est:
3152 2330 3368 2391 prtestat
3414 2337 3510 2406 p_er
3539 2322 3710 2378 Deum

2104 2415 2336 2485 nescire,
2385 2416 2506 2499 quia
2553 2430 2658 2470 non
2703 2415 3040 2482 revelavcrit,
3081 2430 3241 2506 quam
3289 2430 3387 2493 per
3422 2415 3709 2490 hominem

408 2506 494 2560 cui
523 2505 778 2561 Christus
807 2506 1118 2576 exploratus
1142 2506 1259 2561 sine
1285 2506 1486 2577 Spiritu
1511 2506 1709 2562 Sancto
1730 2505 1752 2560 ?
1772 2508 1857 2561 cui
1883 2505 2005 2575 Spi-
2105 2511 2267 2587 scireI
2298 2509 2422 2587 quia
2452 2508 2565 2587 ipse
2598 2505 3023 2587 praesumpserit;

407 2600 545 2654 ritus
575 2600 809 2656 Sanctus
840 2599 1285 2655 accommodatus
1325 2601 1444 2656 sine
1474 2600 1593 2655 fidei
1621 2610 1959 2655 sacramento
1979 2602 2005 2656 ?

408 2689 551 2747 Sane
580 2691 830 2748 Socrates
877 2693 1085 2748 facilius
1123 2691 1340 2749 diverso
1377 2693 1565 2763 spiritu
1606 2694 1880 2764 agebatur.
1914 2694 2003 2749 Si-

408 2784 623 2855 quidem
658 2787 806 2840 aiunt
837 2786 1169 2842 datmonium
1202 2786 1279 2842 illi
1305 2803 1333 2841 a
1361 2802 1529 2857 puero
1550 2786 1866 2853 adhaesisse,
1894 2802 2005 2857 pes.

409 2875 606 2930 simum
651 2891 839 2932 revera
897 2878 1247 2949 patdagogum
1280 2920 1295 2946 ,
1347 2879 1447 2933 etsi
1500 2888 1621 2949 post
1648 2878 1781 2934 deos
1807 2892 1860 2935 et
1882 2895 2003 2935 eum

408 2968 526 3023 deis
572 2969 835 3025 dientonia
882 2971 1205 3040 deputantur
1235 2986 1402 3042 penes
1447 2984 1636 3042 poetas
1680 2984 1734 3030 et
1766 2973 2004 3043 philoso-

2732 2597 2960 2656 CAI‘UT
3009 2598 3072 2655 ll.

2112 2743 2117 2749 .
2181 2693 2343 2749 Planc
2384 2708 2489 2747 non
2518 2691 2831 2764 negabimus
2865 2690 3157 2762 aliquando
3182 2690 3535 2763 phiIOSOphos
3555 2693 3711 2764 juxta

2109 2795 2291 2842 nostra
2355 2784 2628 2849 sensisse;
2687 2783 3057 2838 testimonium
3122 2793 3204 2838 est
3261 2785 3500 2838 veritatis
3547 2787 3711 2840 etiam

2111 2881 2355 2935 iuventus
2383 2876 2553 2948 ipsius
2582 2876 2686 2949 (6).
2719 2874 3112 2945 Nonnunquam
3143 2885 3198 2931 et
3227 2875 3279 2930 in
3312 2876 3544 2946 procella
3575 2890 3711 2930 con-

2110 2974 2241 3029 fusis
2276 2971 2513 3041 vestigiis
2541 2969 2666 3026 cudi
2715 2978 2770 3025 et
2808 2967 2926 3024 freti
2959 2969 3118 3039 aliqui
3169 2978 3354 3040 portus
3397 2968 3710 3035 offenditur,

332 3133 335 3135 ἓ
410 3061 569 3133 phus.
620 3061 866 3118 Nondum
889 3064 1032 3120 enim
1064 3064 1370 3120 christiana:
1397 3067 2021 3137 potestatisdoemnenta-
2110 3078 2371 3143 prospero
2400 3076 2621 3117 errore:
2658 3075 3038 3130 nonnunquam
3088 3070 3144 3114 et
3186 3060 3238 3113 in
3272 3058 3505 3116 tenebris
3532 3060 3713 3114 aditus

410 3165 800 3222 processerant,
826 3152 898 3228 (ε)
921 3170 1039 3226 qum
1057 3155 1163 3210 vim
1188 3157 1340 3211 istam
1357 3158 1882 3227 perniciosissimam,
1909 3169 2078 3233 necc
2111 3154 2324 3226 quidam
2370 3152 2640 3215 et,exitus
2684 3151 3177 3223 depreltenduntur,
3226 3165 3367 3206 ca:ca
3416 3149 3708 3216 felicitate;

411 3261 642 3316 unquam
668 3248 882 3314 bonam,
915 3248 1119 3320 antiqui
1145 3250 1351 3306 erroris
1381 3250 1461 3323 (5)
1493 3249 1779 3317 artificem,
1831 3252 2007 3307 ontnis

411 3340 651 3396 veritatis
673 3342 1031 3399 avocatriccnt
1062 3341 1142 3415 (tt)
1168 3343 1278 3399 sola
1300 3344 1553 3400 traducit.
1573 3343 1726 3412 Quod
1744 3345 1788 3400 si
1809 3345 2009 3401 idcirco

2111 3248 2205 3306 sed
2234 3258 2290 3305 et
2314 3257 2499 3302 natura
2528 3246 2783 3317 pleraque
2809 3253 3185 3315 suggeruntur,
3213 3244 3365 3314 quasi
3399 3243 3466 3299 de
3493 3243 3712 3326 publico

2113 3357 2296 3408 sensu,
2336 3355 2443 3411 quo
2471 3342 2703 3395 animam
2738 3339 2879 3395 Deus
2907 3338 3095 3395 dotare
3135 3337 3384 3408 dignatus
3421 3346 3520 3394 est.
3559 3337 3713 3392 Iluac

2058 3411 2341 3428 Μ

1629 3460 2008 3519 LECTIONES
2044 3456 2460 3517 VARIANTES.

474 3572 546 3648 (ι)
578 3574 839 3648 Indiscatas
860 3579 984 3627 Par.
1013 3580 1066 3626 et
1099 3574 1409 3627 lemniscatas
1446 3577 1547 3627 Lat.
1589 3573 1878 3638 minielatas,
1899 3575 2006 3639 vet,

410 3638 730 3688 nunticulatas
747 3647 861 3689 Jun.

477 3697 548 3770 (2)
571 3700 831 3770 Vindicans
867 3703 992 3770 ξαν.
1029 3698 1355 3759 immortalem
1382 3699 1630 3752 vindicans
1665 3703 1871 3750 animam
1901 3697 2005 3751 atii.

412 3763 515 3813 Lat.
533 3763 747 3813 'renosttt't
772 3764 994 3812 vindicat.

474 3821 549 3891 (3)
568 3821 764 3889 Antiqui
788 3825 995 3876 hominis
1014 3823 1214 3876 additur
1230 3827 1354 3876 Par.
1378 3825 1555 3876 bonam
1586 3825 1765 3876 homini
1786 3860 1800 3886 ,
1826 3826 2011 3889 antiqui

2111 3576 2312 3631 erroris.
2339 3578 2438 3624 etc.
2461 3579 2574 3624 Jun.
2612 3573 2627 3587 '

2201 3635 2251 3701 4)
2276 3638 2542 3701 Auctorem
2562 3648 2591 3686 a
2614 3634 2723 3701 Deo
2741 3634 2893 3701 discat
2917 3633 3070 3701 Stant,

2201 3695 2250 3763 5')
2269 3699 2407 3763 Quod
2434 3699 2594 3763 aipeo
2617 3698 2799 3748 habeat
2821 3698 2975 3749 Semt.
3003 3695 3197 3750 Obertlt.
3224 3697 3355 3762 quod
3374 3710 3402 3747 a
3426 3696 3537 3750 Deo
3559 3698 3695 3755 disca

2121 3759 2279 3813 Venet.
2305 3759 2415 3812 cod.
2450 3760 2634 3811 Wouw.
2932 3808 2941 3816 ,

2178 3824 2250 3890 (ϐ)
2275 3824 2496 3875 Eventus
2526 3832 2637 3874 Ven.
2660 3820 2767 3889 Rig.

1797 3932 2360 3991 COMMENTARIUS.

415 4057 587 4113 turns,
621 4049 808 4103 hausta
837 4047 1030 4114 cicuta,
1057 4048 1241 4102 habuit
1259 4047 1508 4105 Socrates
1529 4047 1598 4104 de
1622 4048 1815 4102 anima:
1842 4048 2006 4104 ratio-

414 4119 554 4176 Italis
581 4119 1001 4176 immortalitate.
1031 4119 1108 4174 LE
1136 4119 1230 4174 Pu.

488 4187 566 4261 (ιι)
594 4189 717 4243 Jam
760 4190 937 4261 cicutis
969 4190 1312 4244 damnationis
1342 4190 1619 4244 exhaustis.
1651 4187 1769 4261 Non
1796 4188 2003 4259 simpli-

415 4260 549 4341 citer
570 4263 772 4316 cicutas
788 4260 941 4341 dicit,
959 4276 1078 4330 qnte
1094 4276 1211 4341 non
1235 4261 1429 4341 intrita:
1442 4260 1776 4341 Βορνᾳιίδιίδί
1804 4263 1904 4317 sub
1920 4276 2009 4341 se:

414 4334 482 4388 lis
505 4347 754 4387 occasum
785 4331 934 4386 fuere
959 4373 975 4398 ,
1016 4331 1109 4384 sed
1137 4333 1340 4386 cicutas
1360 4331 1740 4397 damnationis,
1770 4347 1901 4401 quas
1930 4332 2004 4385 illi

415 4405 516 4459 sub
544 4405 676 4459 solis
713 4414 887 4457 ortutn
935 4402 1309 4457 nuntiaverant
1350 4400 1733 4458 Undecimviri.
1792 4401 2007 4457 Admis-

414 4476 492 4531 sis
517 4476 657 4529 enim
705 4473 933 4531 subinde
957 4474 1165 4540 amicis,
1200 4472 1395 4528 nobilis
1420 4473 1508 4527 ille
1533 4473 1600 4526 de
1623 4475 1798 4526 anima
1827 4487 2008 4529 sermo

416 4545 616 4601 habere
644 4556 900 4616 empcrat.
951 4545 1069 4601 Jam
1100 4545 1288 4600 cicutis
1314 4543 1672 4599 damnationis
1703 4545 2004 4609 exhaustis,

416 4617 521 4672 hoc
548 4628 652 4680 ρει,
673 4615 780 4684 jam
804 4617 982 4672 audita
1006 4615 1366 4672 damnationis
1395 4629 1505 4687 sua:
1536 4617 1822 4677 sententia,
1855 4618 2009 4687 quasi
2043 4646 2047 4651 ν

413 4689 483 4744 ab
509 4703 575 4745 eo
604 4690 858 4757 temporis
880 4698 1154 4742 momento
1180 4696 1404 4745 mortem
1433 4686 1681 4741 Socrates
1701 4686 1885 4741 bibere
1901 4703 2010 4743 creo

415 4760 606 4829 pisset,
637 4756 754 4813 cum
774 4758 921 4812 abeo
950 4758 1382 4830 quoqnejudices
1405 4759 1568 4811 vitam
1597 4756 1857 4812 custodiis
1883 4759 2012 4815 ade-

415 4832 583 4887 misse
619 4839 962 4896 censeantur,
998 4846 1064 4886 cx
1092 4845 1198 4901 quo
1237 4830 1425 4885 mortis
1452 4830 1773 4884 sententiam
1804 4831 2007 4885 dixere.

426 4903 550 4959 lito.

495 4972 575 5047 (il)
608 4972 745 5047 {ideo
792 4972 955 5028 omnis
997 4971 1091 5047 illa
1135 4980 1251 5026 tunc
1277 4971 1827 5047 sapientiasocratis.
1880 4970 2013 5026 Puto

421 5042 513 5101 hic
536 5042 683 5099 reddi
714 5061 932 5099 sensum
961 5045 1244 5097 verborum
1277 5042 1512 5097 Platonis
1551 5044 1602 5097 in
1637 5043 2011 5099 Phaedonem;

416 5127 501 5185 μὲν
526 5124 742 5189 τυγχάνει
767 5118 926 5176 ἀληθή
953 5123 1067 5171 εντα.
1095 5118 1125 5166 ἃ
1145 5121 1231 5181 ἑγὼ
1251 5122 1387 5185 Mysi,
1412 5122 1566 5189 καλῷς
1587 5118 1657 5189 έςὴ
1681 5122 1780 5180 εχει
1806 5123 1859 5171 τὸ
1877 5138 2015 5168 πεισ-

417 5184 555 5247 θί.νκι
581 5184 666 5241 ίήέὶ
691 5192 739 5241 δὲ
757 5192 903 5256 μηδέν
930 5193 1030 5241 ἐστι
1053 5184 1400 5250 ulcerique“,
1429 5186 1531 5241 ἀλλ’
1558 5184 1635 5239 οὖν
1655 5193 1818 5241 τοῦτὸν
1845 5209 1894 5255 γε
1938 5196 2016 5241 τὸν

419 5271 581 5330 χρόνον
601 5270 680 5317 τὸν
704 5268 798 5331 πρὸ
827 5266 910 5316 τοῦ
940 5265 1144 5314 Θανάτου
1165 5263 1305 5318 ἧττον
1325 5262 1424 5318 τοῖς
1449 5264 1653 5328 πειρῶσι
1682 5262 1745 5313 τὰ.
1772 5260 1888 5317 ἡδής
1915 5264 2016 5310 ἴσο-

418 5355 512 5397 μαι
540 5335 832 5402 ὀδυρόμενος·
859 5340 888 5391 ἡ
918 5334 966 5383 δὲ
986 5335 1152 5400 ἄνωᾶ
1184 5352 1267 5397 μοι
1292 5333 1416 5385 uin-vit
1449 5333 1502 5384 οὖ
1536 5332 1840 5402 συνδιιςιλεῖ,
1872 5337 2016 5382 anxir

420 5410 515 5472 γὰρ
554 5400 706 5465 ὄιν-ἧν
731 5446 744 5463 ,
776 5402 884 5457 ἀλλ’
918 5403 1075 5472 ὀλίγον
1118 5405 1322 5473 γῦστερονγ
1355 5402 1638 5473 ἀπολεῖται.
1670 5400 1730 5451 δέ
1757 5413 1874 5452 vero
1900 5407 2017 5452 sunt

421 5489 539 5541 qua:
564 5474 678 5527 dico
696 5514 713 5536 ,
740 5474 863 5531 bene
890 5482 963 5528 est
990 5472 1125 5543 quod
1149 5472 1473 5526 crediderim.
1507 5472 1568 5543 Si
1596 5486 1711 5523 vero
1738 5480 1848 5539 post
1879 5485 2013 5522 mor-

420 5552 522 5595 tem
571 5543 702 5598 nihil
749 5542 1007 5609 superest,
1044 5552 1207 5597 tamen
1250 5554 1446 5614 tempus
1485 5542 1615 5596 illud
1642 5542 1873 5614 quodest
1900 5548 2020 5593 ante

422 5627 657 5685 mortem.
687 5614 854 5668 minus
902 5615 1025 5667 nti/ti
1053 5616 1316 5669 molestum
1342 5611 1435 5669 erit
1461 5629 1479 5677 ;
1524 5611 1817 5685 ignorantia
1847 5620 2018 5685 autent

420 5684 517 5738 illa
554 5687 679 5740 mihi
722 5688 964 5739 diuturna
987 5701 1088 5739 non
1117 5695 1189 5738 est
1228 5686 1245 5755 (
1277 5686 1466 5740 malum
1486 5681 1674 5755 quippe
1698 5690 1828 5737 esset
1849 5681 2015 5752 quod-

422 5755 602 5831 dam),
632 5773 804 5831 verum
831 5757 987 5831 paulo
1011 5767 1119 5823 post
1142 5756 1492 5831 interib_it._Lt:
1524 5756 1620 5831 Pa.

417 5892 424 5898 ν
498 5824 574 5901 (c)
607 5830 732 5897 Qem'
762 5824 857 5884 rint
892 5829 1041 5883 istam
1064 5828 1557 5898 perniciosissimam.
1611 5826 1892 5881 Dictnonas
1917 5824 2017 5881 soli

2108 4046 2732 4121 Christianitradneunt.
2759 4046 2997 4121 abigunt,
3031 4049 3265 4120 migrare
3294 4057 3515 4121 cogunt,
3546 4062 3715 4104 escu-

2110 4121 2250 4175 tiunt
2290 4118 2359 4174 de
2407 4118 2715 4173 hominibus
2742 4160 2757 4183 ,
2804 4118 3385 4188 adjurandovsoilicet,
3418 4120 3559 4176 unde
3586 4136 3711 4174 vcr-

2112 4191 2236 4244 butn
2275 4191 2584 4255 exorcizare,
2604 4192 2765 4244 etiam
2797 4189 2933 4259 juris
2962 4191 3465 4247 civilisauctoribus
3479 4191 3720 4248 ethnicis

2110 4271 2316 4316 notutn.
2369 4262 2541 4331 litocce
2567 4272 2744 4315 autem
2773 4261 2955 4316 officio
2984 4263 3277 4317 Christiani
3307 4262 3675 4331 fungebantur
3695 4304 3714 4329 ,

2111 4349 2217 4388 non
2250 4347 2344 4402 per
2374 4330 2588 4387 fraudes
2618 4342 2709 4385 aut
2740 4332 3093 4403 imposturas,
3123 4333 3218 4388 sed
3248 4335 3482 4389 notuinis
3508 4332 3718 4388 Christi

2111 4412 2375 4473 potestate
2396 4445 2410 4467 ,
2438 4420 2539 4473 qtta
2573 4404 2831 4472 prmditus
2858 4413 2977 4457 erat
3016 4404 3240 4473 quilibet
3267 4404 3588 4459 Christianus
3609 4444 3622 4463 ,
3659 4415 3721 4458 ut

2032 4495 2085 4556 D
2111 4474 2405 4556 Septimius
2426 4476 2477 4528 in
2503 4474 2724 4556 Apolog.
2762 4483 3008 4556 testatur.
3038 4474 3246 4541 Iussus,
3271 4477 3460 4556 inquit,
3483 4491 3515 4527 lt
3540 4474 3717 4543 quoli-

2114 4548 2189 4600 bet
2212 4546 2505 4616 Acltristinno
2531 4545 2666 4616 loqui
2699 4545 2907 4614 spiritus
2935 4546 3048 4616 ille,
3070 4556 3252 4607 tantse
3270 4548 3545 4601 dwnwnem
3582 4561 3721 4600 cott-

2114 4614 2335 4688 ﬁtrbitur
2394 4617 2456 4669 de
2494 4614 2643 4682 vero,
2683 4633 2834 4688 quam
2869 4615 2993 4671 alibi
3029 4615 3197 4688 Deum
3237 4617 3301 4688 de
3347 4618 3499 4688 falso.
3532 4616 3723 4683 Itaque

2116 4686 2426 4744 tralatitium
2451 4697 2506 4742 ct
2524 4688 2739 4757 vulgare
2766 4687 2931 4743 fuisse
2956 4687 3094 4756 apud
3123 4686 3459 4743 Christianos
3480 4691 3720 4743 exorcis-

2116 4769 2288 4817 tarum
2322 4774 2516 4814 munus
2544 4759 2703 4829 etiam
2730 4758 2940 4829 Sulpitii
2966 4758 3152 4814 Severi
3181 4760 3400 4824 saeculo,
3427 4773 3495 4829 ex
3516 4774 3583 4829 eo
3608 4759 3726 4813 dis-

2115 4832 2309 4896 cimus,
2343 4830 2484 4900 quod
2517 4830 2585 4885 de
2612 4828 2837 4900 Martino
2867 4829 3053 4896 refert,
3086 4845 3246 4899 quem
3277 4828 3513 4884 Hilarius
3540 4828 3725 4884 Picto-

2118 4919 2243 4957 num
2271 4903 2578 4971 episcopus,
2617 4899 2858 4955 tentandi
2895 4899 3129 4955 hominis
3161 4902 3355 4971 gratia,
3384 4901 3720 4956 cxorcistant

2116 4988 2278 5043 agere
2311 4973 2565 5042 jusscrat.
2602 4971 2768 5038 Quam
2807 4971 2914 5035 ille,
2955 4971 3165 5041 inquit,
3213 4971 3603 5034 ordinationem,
3634 4990 3726 5043 ne

2118 5044 2406 5167 despaxisse
2424 5053 2663 5113 tanquam
2683 5042 3016 5098 ltuntitiorum
3039 5043 3312 5110 videretur,
3345 5059 3447 5097 non
3474 5042 3695 5111 repudia
3709 5075 3725 5085 -

2118 5125 2206 5167 ett.
2290 5130 2361 5167 ια.

2118 5116 2206 5170 rit.
2242 5116 2361 5170 llic.

2192 5184 2272 5258 (d)
2295 5185 2432 5258 _Sola
2448 5184 2688 5258 traducit.
2708 5185 2965 5242 Eamtlem
2991 5200 3117 5242 vero
3140 5192 3725 5258 potesthtem‘conceso

2119 5255 2447 5312 satirfuissc
2487 5255 2687 5312 Judzeis
2732 5258 2893 5312 etiam
2943 5272 3058 5314 tevo
3106 5270 3206 5310 suo
3248 5256 3412 5311 refert
3457 5255 3723 5317 tremens,

2121 5328 2214 5383 tib.
2239 5344 2297 5393 tt,
2325 5343 2445 5397 cap.
2474 5329 2529 5393 6,
2560 5328 2745 5395 credo,
2776 5330 2846 5383 ob
2872 5326 3189 5382 familiarem
3222 5327 3330 5380 illis
3358 5328 3473 5383 veri
3498 5326 3591 5381 Dei
3620 5344 3725 5381 no-

2122 5400 2315 5454 titiam.
2349 5396 2418 5454 Et
2447 5409 2651 5471 propter
2674 5401 2790 5465 hoc,
2821 5397 3014 5471 inquit,
3043 5396 3219 5471 ,Μάξιῐὶ
3251 5414 3411 5468 usque
3452 5414 3588 5453 nunc
3620 5399 3726 5453 hac

2119 5471 2233 5541 ipsa
2254 5468 2565 5526 invocatione
2591 5471 2843 5541 damtonia
2867 5468 3113 5541 eﬁ'ngant.
3146 5468 3267 5524 Βία.

2195 5542 2270 5614 (e)
2298 5541 2514 5597 Nullum
2535 5540 2842 5614 /Escutapio
2867 5539 3205 5614 gallinaceum
3218 5540 3360 5614 reddi
3373 5539 3562 5608 jubens
3585 5556 3726 5609 pra:-

2123 5610 2391 5684 uarieetnr.
2418 5615 2667 5669 Socrates
2689 5610 2819 5668 deos
2841 5610 2931 5684 qui
2948 5611 3115 5684 vulgo
3127 5610 3443 5684 colebantur
3468 5627 3574 5684 non
3594 5625 3726 5684 esse

2123 5683 2409 5749 docuerat,
2454 5694 2509 5738 et
2552 5694 2729 5740 tamen
2763 5680 2997 5739 moiiens
3038 5680 3391 5749 gallinaceum
3433 5694 3495 5735 se
3520 5680 3727 5735 debere

2126 5753 2435 5824 Aﬂsculapio
2462 5754 2616 5825 dixit.
2645 5757 2821 5822 Quare
2853 5751 3254 5825 prmvaricatnm
3275 5764 3408 5825 esse
3437 5751 3521 5825 ait
3541 5750 3728 5823 Septi-

2126 5827 2285 5895 mitts,
2317 5819 2407 5897 qui
2439 5826 2506 5883 de
2532 5819 2789 5883 doctrina:
2817 5819 2929 5882 sua:
2959 5833 3142 5879 tenore
3166 5819 3454 5877 exciderit.
3487 5820 3611 5878 ιίια.
